4002 6344
129 343 190 404 49
1125 345 1525 408 FRANCISCI
1566 344 1835 408 sconsr
1869 299 2289 407 PREFATIO.
3270 341 3344 406 50

128 451 237 507 inde
287 464 470 507 rursus
513 452 710 507 absunt
759 453 991 509 homillue
1038 454 1091 510 in
1143 471 1193 509 γι
1261 453 1451 510 Priora
1482 496 1498 522 ,
1550 471 1673 511 cum

127 543 404 611 fragmento
439 543 674 598 humilia:
709 544 761 598 iu
805 547 1118 613 septimum,
1150 561 1287 615 quas
1327 548 1415 602 hic
1451 549 1672 604 omnino

128 634 368 694 im'euias.
400 643 564 702 atque
603 651 712 690 uno
750 639 915 692 verbo
956 645 1164 692 caetera:
1201 639 1439 693 humilia:
1487 640 1667 703 variae,

127 737 395 790 earumque
426 722 755 793 fragiiieuta,
783 742 903 796 quae
935 727 1022 782 hic
1043 734 1411 786 continentur.
1441 734 1509 783 At
1532 734 1672 789 unde

128 820 328 865 mutuus
363 813 649 883 utriusque
701 817 924 871 codicis
954 817 1226 875 deiectus?
1273 819 1371 874 llic
1413 821 1670 877 nimirum

127 902 275 957 codex
317 905 384 960 33
433 909 714 962 memorati
766 908 969 964 codicis
1016 910 1082 965 l6
1111 927 1235 977 pars
1275 923 1388 979 est;
1441 914 1514 966 ita
1552 927 1670 967 esse

130 995 248 1050 nihil
278 999 538 1066 apertius,
581 999 717 1054 nihil
771 1000 1129 1058 manifestius.
1164 1003 1306 1059 Idem
1339 1006 1481 1059 enim
1534 1004 1670 1059 utri-

131 1103 218 1155 que
257 1090 461 1154 modus,
513 1091 700 1144 eadem
744 1095 1072 1148 membranae
1121 1097 1420 1160 crassities,
1471 1097 1673 1168 pariter

135 1180 319 1235 fumosa
361 1180 562 1254 facies;
597 1184 782 1238 eadem
820 1199 1030 1248 manus,
1059 1188 1249 1241 eadem
1280 1189 1512 1256 denique
1537 1189 1672 1244 scri-

137 1284 270 1340 ptura
324 1273 720 1330 vetustioribus
782 1275 976 1332 litteris
1035 1281 1210 1333 erasis
1269 1279 1669 1347 superinducta.

135 1365 263 1418 Adde
299 1363 642 1419 homiliarum
695 1376 879 1422 mutua
935 1369 1325 1438 supplementa,
1386 1371 1522 1425 adde
1562 1369 1674 1424 fra-

137 1465 440 1524 gineutorum
505 1457 839 1524 aptissimam
911 1463 1352 1529 copulatiouem,
1412 1471 1467 1517 et
1518 1462 1671 1530 quasi

140 1547 515 1602 commissuram
549 1566 564 1603 :
608 1549 765 1613 adeo,
803 1561 862 1606 ut
897 1567 1080 1620 parem
1122 1553 1257 1607 alter
1303 1554 1462 1608 alteri
1503 1555 1670 1608 codex

142 1651 268 1702 opem
308 1647 543 1708 praestet,
579 1641 888 1711 mutuisque
928 1643 1179 1698 adhibeat
1213 1643 1529 1700 vulneribus
1564 1658 1672 1698 me-

1780 456 1983 512 lumine
2038 457 2162 512 l‘olia
2198 458 2252 513 in
2290 456 2516 512 alterum
2556 458 2674 513 sine
2713 456 2824 512 ullo
2875 453 3196 512 detrimento
3255 455 3350 508 aut

1782 547 2160 603 imminutione
2185 547 2574 603 convenerint?
2597 556 2654 602 ut
2681 548 2939 601 distracta
2969 547 3125 598 unius
3151 559 3345 614 corpu.

1778 639 1852 692 ris
1893 637 2136 692 membra
2189 639 2552 706 cosgmentari
2598 637 2890 708 potuerint,
2944 646 3106 704 atque
3151 634 3342 686 iterum

1775 730 2110 787 coalescere!
2148 729 2336 786 Nonne
2380 730 2568 785 ambos
2607 728 2909 798 lmjusmodi
2958 727 3174 781 codices
3221 738 3343 778 cum

1780 824 1883 878 illis
1912 832 2148 878 veterum
2194 832 2494 890 temporum
2541 822 2732 876 chartis
2777 836 2869 890 per
2893 820 3226 891 alphabetum
3263 818 3348 871 di-

1778 917 1899 969 uisis
1954 915 2148 971 merito
2203 929 2502 984 compares,
2545 929 2663 984 quae
2705 913 2854 984 prius
2891 912 3110 974 decisae,
3150 920 3340 978 postea

1778 1004 2009 1060 admota:
2051 1003 2384 1073 collataque,
2435 1005 2657 1058 omnino
2705 1005 2843 1058 inter
2890 1016 2950 1057 se
3006 1000 3340 1056 cohaerentes

1781 1095 2229 1150 inveniebantur?
2273 1094 2441 1149 Tanta
2476 1094 2702 1148 duorum
2743 1093 3071 1151 voluminum
3115 1103 3343 1145 concor-

1779 1185 1890 1252 dia,
1926 1196 2031 1240 tam
2068 1186 2357 1255 singularis
2391 1186 2761 1256 miriticnsque
2785 1198 3096 1241 consensus.

1848 1276 2072 1342 Quando
2109 1290 2238 1330 vero
2279 1274 2516 1332 insolens
2549 1275 2857 1345 huiusmodi
2897 1273 3104 1329 avulsio
3146 1281 3199 1326 et
3233 1270 3342 1325 dis-

1778 1367 1972 1423 tractio
2026 1366 2330 1437 contigerit,
2387 1368 2510 1436 quis
2577 1381 2707 1422 vere
2760 1364 3039 1419 afﬁrmet?
3084 1362 3241 1417 Certe
3285 1359 3339 1413 in

1779 1461 2123 1515 homiliarum
2147 1458 2328 1514 indice
2351 1457 2530 1514 saeculi
2560 1475 2628 1514 xv
2664 1473 2824 1512 manu
2861 1464 3107 1520 exarato,
3129 1455 3219 1522 qui
3253 1465 3343 1505 su-

1779 1566 1878 1621 pra
1924 1551 2071 1606 dicto
2124 1549 2295 1606 codici
2348 1549 2414 1604 16
2458 1549 2825 1618 praemittitur,
2880 1547 3080 1602 eadem
3117 1555 3340 1613 prorsus

1781 1641 2016 1697 homilia:
2066 1651 2453 1704 memorantur,
2499 1653 2634 1709 quas
2664 1638 2751 1694 hic
2794 1636 2934 1693 forte
2969 1635 3180 1691 fortuna
3217 1646 3342 1686 con-

141 1726 365 1782 dicinain.
391 1728 637 1798 Quonam
675 1741 854 1787 autem
891 1736 1055 1789 sortis
1087 1735 1172 1789 vel
1213 1735 1446 1804 ingenio,
1480 1735 1559 1790 vel
1589 1735 1673 1790 di-

141 1817 326 1888 ligentia
355 1819 551 1898 factum
583 1836 705 1878 esse
730 1823 982 1890 dixerim,
1012 1834 1071 1880 ut
1105 1826 1292 1881 avulsa
1325 1841 1393 1882 ex
1440 1842 1549 1882 uno
1577 1841 1671 1882 vo-

760 2238 1810 2506 THEOPlllNlS
1961 2237 2691 2467 Cllllllllll

1412 2614 2054 2734 HOMILUE
2161 2762 2169 2769 .

134 2891 320 3068 IN
480 2788 1354 3072 EVANGE
1389 2885 1762 3068 LIA
1893 2884 3335 3073 DOMINICALIA

952 3199 1123 3291 ἘΤ
1197 3201 1550 3292 FESTA
1622 3198 2062 3294 TOTIUS
2133 3140 2470 3292 ANNI.

1780 1734 1914 1788 tinet
1936 1731 2106 1786 codex
2138 1747 2153 1786 :
2183 1732 2418 1786 maximo
2436 1745 2569 1786 sane
2599 1736 2935 1800 argumento,
2973 1742 3079 1782 non
3105 1724 3342 1788 aucore-

1779 1833 1989 1881 centem
2016 1836 2140 1881 esse
2170 1821 2334 1879 talem
2367 1822 2698 1880 svulsionem
2729 1819 3263 1887 distractioneinque.

147 2029 3300 2074 W

567 3541 1093 3607 PRIMORIBUS
1137 3543 1260 3605 ET
1301 3543 1628 3606 POPULO
1674 3538 2409 3603 TAUROMENITANO
2451 3534 2877 3600 UNIVERSO

1207 3671 1727 3754 FRANCISCUS
1763 3651 2022 3748 scons
2035 3686 2132 3747 US
2164 3685 2231 3745 s.

199 3815 342 3876 Cum
393 3810 591 3874 multa
635 3813 761 3876 sint
831 3823 1047 3875 vestrae
1111 3816 1386 3876 civitatis
1440 3814 1740 3895 insignia,
1800 3813 2027 3896 quibus
2087 3813 2219 3874 sine
2259 3811 2387 3874 ullo
2441 3812 2764 3892 jactantite
2822 3813 2998 3893 fastu
3064 3808 3340 3890 gloriari

134 3915 309 3988 tabis,
361 3924 416 3975 et
469 3914 634 3975 inter
659 3913 997 3992 primarius
1037 3915 1271 3978 Sicilia:
1311 3915 1494 3978 urbes
1524 3916 1926 3996 conspicuum
1962 3915 2176 3978 tollere
2226 3915 2518 3976 verticem
2573 3913 2734 3990 licet,
2826 3909 3341 3976 Tauromenitani

136 4019 294 4092 cives,
358 4019 471 4080 hoc
518 4027 680 4078 certe
732 4019 916 4080 decus
975 4039 1052 4081 ea:
1107 4021 1221 4082 hoc
1278 4039 1460 4100 opere
1516 4020 1690 4082 vobis
1747 4038 2101 4099 assurgens,
2160 4020 2328 4100 quod
2387 4029 2446 4081 et
2508 4029 2714 4082 vestro
2771 4021 3021 4082 nomine
3067 4019 3336 4084 simulet

137 4124 448 4184 cternitati
504 4135 931 4187 consecratum
971 4127 1189 4205 prodit
1250 4127 1317 4186 in
1383 4126 1599 4201 lucem,
1663 4138 1716 4188 et
1757 4126 2481 4202 honoriﬁcentissimam,
2533 4127 2590 4187 si
2639 4124 2807 4205 quod
2839 4125 3040 4199 aliud,
3106 4137 3164 4188 et
3201 4145 3338 4187 am-

133 4223 462 4300 plissimum
503 4233 616 4286 est.
679 4226 928 4287 Etenim
957 4239 1180 4288 uetera
1205 4247 1571 4309 magnarum
1629 4229 1881 4291 urbium
1907 4227 2130 4287 decora
2174 4236 2230 4289 et
2273 4238 2692 4300 monumenta,
2749 4245 2883 4307 qua
2916 4228 3002 4288 ad
3047 4231 3342 4306 potentia:

139 4323 563 4405 opulentiusque
628 4328 1108 4389 ostentationem
1163 4349 1383 4408 magno
1429 4329 1744 4390 molimine
1803 4346 2182 4408 operosaque
2235 4346 2424 4389 manu
2480 4326 2864 4405 exwdiﬁcata
2924 4335 3095 4402 sunt,
3158 4345 3343 4407 quam

137 4429 245 4489 sint
290 4429 566 4490 obnoxia
617 4426 751 4489 ccli
805 4448 877 4489 ac
923 4437 1351 4508 tempestatum
1397 4431 1680 4510 injuriis,
1711 4439 1768 4491 et
1831 4431 1885 4490 si
1923 4429 2013 4488 lace
2062 4429 2286 4501 desint,
2346 4446 2527 4508 quam
2581 4437 2889 4490 vetustate
2936 4430 3077 4507 ipsa
3124 4429 3339 4492 subsi-

138 4524 288 4589 dant.
361 4527 660 4607 fatiscant
731 4535 787 4588 et
842 4524 1297 4603 dissolvantur,
1351 4512 1458 4588 vos
1511 4528 1634 4606 ipsi
1686 4528 1830 4588 estis
1887 4526 2124 4588 oculati
2191 4536 2400 4588 testes.
2477 4525 2740 4589 Habetis
2822 4537 3042 4589 oestrte
3115 4529 3340 4590 veteris

138 4621 582 4699 amplitudinis,
637 4640 770 4702 quae
803 4622 896 4683 vel
925 4625 1260 4684 Romanam
1311 4626 1507 4702 ipsam
1533 4624 2022 4702 magnitudinem
2065 4617 2348 4685 famulari
2379 4622 2647 4688 voluisse
2706 4624 2839 4684 visa
2876 4631 3045 4698 sunt,
3075 4625 3345 4702 vestigia

138 4722 312 4784 adhuc
359 4723 494 4784 solo
541 4725 889 4795 exstantia,
922 4740 1030 4783 seu
1055 4725 1276 4800 potius
1307 4726 1546 4786 stantia
1585 4723 1785 4786 adhuc
1830 4726 2075 4804 integra
2095 4711 2488 4785 monumenta
2514 4746 2534 4786 :
2583 4743 2727 4783 nam
2769 4742 2880 4783 vos
2911 4725 3108 4799 magis
3157 4739 3346 4802 quam

141 4832 372 4885 ceteros
416 4827 691 4904 fortuna:
739 4823 1094 4903 petulantia
1141 4824 1393 4885 videtur
1443 4828 1752 4894 reverita;
1801 4847 1840 4886 α
1881 4827 2056 4886 vobis
2100 4826 2212 4904 jus
2259 4843 2437 4884 suum
2487 4824 2820 4899 avidosque
2883 4821 3091 4880 dentes
3146 4820 3346 4883 absti-

137 4919 322 4981 nuisse
380 4921 741 4996 Saturnus;
799 4931 865 4978 ut
904 4929 960 4979 et
1018 4921 1073 4978 si
1128 4937 1372 4979 morsus
1426 4921 1740 4999 inflixerit
1791 4921 2060 5001 aliquos,
2113 4931 2314 4981 tamen
2360 4920 2566 4978 omnia
2616 4934 2743 4976 non
2786 4914 3100 4995 afﬂixerit
3135 4934 3207 4978 ac
3233 4915 3339 4978 de-

139 5027 358 5087 oararit
387 5047 411 5088 .-
467 5025 798 5095 theatrum,
859 5023 1312 5097 naumachiam,
1377 5043 1680 5102 aquarum
1730 5025 1813 5087 ad
1863 5044 1990 5085 eam
2046 5024 2292 5092 ductus,
2343 5030 2395 5080 et
2426 5020 2818 5098 receptacula
2850 5017 3342 5084 substructionis

141 5120 386 5198 antiqua
435 5130 618 5200 atque
672 5120 1031 5198 magni/iace.
1100 5118 1219 5179 Sed
1266 5139 1332 5179 ea
1363 5140 1496 5200 qua:
1547 5131 1767 5199 suapte
1810 5125 2042 5177 natura
2103 5113 2340 5176 caduca
2393 5126 2539 5175 sunt
2585 5117 2823 5193 partim
2879 5117 3130 5182 subruit
3161 5128 3346 5196 atque

143 5216 398 5293 detrioit,
457 5230 529 5280 ut
571 5222 736 5295 dixi,
787 5232 1059 5281 vetustas
1109 5225 1288 5301 ipsa;
1337 5229 1575 5303 partim
1624 5226 1808 5284 etiam
1848 5240 1967 5300 pro
2024 5240 2140 5280 sua
2199 5221 2562 5282 conditione
2634 5221 2886 5301 delapsa
2931 5223 3177 5285 tandem
3217 5238 3337 5298 po-

143 5322 366 5383 ueritas
420 5323 798 5400 ingemiscet.
857 5325 1102 5384 σιειενίε
1155 5329 1343 5389 etiam
1402 5336 1620 5388 vestra
1690 5326 1966 5387 civitatis
2022 5327 2481 5404 praerogativae,
2545 5325 2944 5413 conditorum
3015 5324 3339 5396 nobilitas,

141 5419 465 5498 antiquitas
515 5437 652 5478 cum
679 5417 972 5480 vlurimis
1016 5419 1251 5482 Siciliae
1299 5421 1560 5483 urbibus
1598 5437 1798 5499 prope
1829 5440 2053 5498 coaeva,
2109 5423 2388 5498 libertas,
2420 5421 2628 5485 civilis
2656 5420 3148 5492 administratio,
3183 5419 3345 5498 jura

145 5515 408 5576 Romana:
466 5501 745 5591 colonia,
807 5533 1145 5596 catcraque
1206 5536 1337 5596 qua:
1393 5537 1428 5577 α
1478 5538 1568 5579 me
1623 5519 1706 5581 ad
1758 5521 2183 5582 suscitandam
2239 5523 2518 5584 civitatis
2574 5533 2790 5585 vestra
2820 5522 3091 5600 gloriam
3098 5519 3238 5597 jam
3268 5517 3338 5580 in

144 5611 433 5674 hominum
481 5617 705 5676 animis
763 5633 916 5695 pene
971 5619 1338 5678 exstinctam
1393 5618 1460 5677 in
1516 5619 1720 5696 primo
1780 5619 2096 5699 isagogieo
2135 5623 2432 5700 prooemio
2489 5622 2745 5702 longius
2814 5621 3129 5697 descripta
3168 5627 3340 5691 sunt,
3402 5636 3415 5654 ο

144 5730 468 5796 quanquam
535 5713 766 5778 litteris
816 5738 1052 5798 semper
1111 5721 1369 5782 victuris
1415 5722 1544 5782 sint
1603 5725 1969 5802 consignata
2002 5746 2021 5794 ;
2081 5735 2279 5788 tamen
2318 5727 2519 5790 nescio
2576 5745 2697 5806 quo
2754 5735 2939 5803 pacto
3015 5725 3349 5785 etiamnum
