4002 6344
623 301 688 370 51
1569 291 1571 293 ’
1638 303 2034 384 FRANCISCI
2075 305 2342 370 sconsr
2380 305 2798 370 PREFATIO.
3777 292 3850 355 εξ

617 418 1038 496 delitescunt,-
1097 432 1152 483 et
1200 422 1258 483 si
1282 423 1487 483 minus
1523 419 1598 482 ab
1633 420 1736 494 iis,
1792 430 1959 482 certe
2002 422 2078 485 ab
2143 423 2462 486 hominum
2515 418 2612 483 vel
2659 418 2947 492 scientia,
3003 415 3100 479 vel
3161 414 3454 478 memoria
3475 409 3845 482 obliterata,

621 524 935 605 multoque
987 527 1186 604 magis
1231 525 1308 588 ab
1366 543 1475 587 ore
1514 544 1588 586 ac
1651 541 1927 586 sermone
1987 527 2300 589 communi
2352 537 2612 598 remota,
2667 534 2725 587 et
2783 523 2841 585 si
2879 521 3278 603 paucissimis
3327 516 3711 598 antiquariis
3779 523 3840 575 et

621 631 992 692 interiorum
1043 631 1391 692 litterarum
1449 628 1754 692 studiosis
1805 639 1982 704 nota,
2020 630 2307 693 maxime:
2359 639 2522 692 certe
2567 630 2884 692 hominum
2928 627 3103 708 parti
3154 627 3370 703 ignota
3411 632 3584 682 sunt.
3616 620 3844 700 Atque,

621 739 691 790 ut
745 747 866 790 acu
912 732 1182 808 propius
1230 748 1361 791 rem
1440 730 1780 809 attingam,
1836 729 2325 809 quotusquisque
2373 731 2795 808 Theophanem
2838 739 3112 789 vestrum
3163 735 3424 801 veterem
3475 722 3848 790 antistitem,

621 823 1188 906 eloquentissimum
1247 824 1667 900 ecclesiasten,
1741 826 1912 888 omni
1975 824 2414 888 doctrinarum
2459 843 2680 906 genere
2734 826 3039 905 insignem
3083 825 3287 885 virum
3330 839 3523 903 usque
3575 821 3657 882 ad
3715 821 3843 884 ho-

623 927 900 989 diernam
964 929 1125 992 diem
1173 926 1272 990 vel
1328 928 1402 989 de
1440 927 1710 999 nomine,
1778 926 2004 989 nedum
2063 926 2138 988 de
2179 927 2346 1008 [acie
2402 928 2710 990 nov-erat?
2758 925 3008 988 Claruit
3053 921 3160 986 ille
3215 923 3460 1004 quidem
3518 939 3648 982 una
3701 937 3849 982 cum

616 1029 839 1094 aureis,
877 1037 1096 1088 vestra:
1148 1025 1510 1107 reipublicae
1552 1024 1845 1092 socculis:
1885 1026 1993 1088 sed
2035 1015 2148 1088 ubi
2199 1025 2634 1114 Agarenorum
2662 1025 3000 1105 imperium
3017 1015 3360 1112 decolorem
3405 1019 3662 1082 induerit
3695 1027 3851 1080 teta-

619 1140 758 1206 tem,
816 1151 888 1194 ac
922 1133 1209 1214 ferream,
1275 1131 1538 1192 eamdem
1593 1147 1794 1210 prope
1847 1149 1921 1191 ac
1971 1140 2190 1193 vestra
2239 1130 2519 1192 civitatis
2576 1127 2762 1191 decus
2815 1118 3137 1210 fortunam
3186 1123 3464 1198 subivit,
3519 1121 3852 1200 eademque

615 1238 809 1296 ruina
869 1252 1072 1316 prope
1103 1236 1464 1314 funeratum
1522 1233 1651 1316 ejus
1689 1249 1911 1295 nomen
1948 1242 2026 1295 et
2054 1220 2350 1295 obrutum
2393 1237 2504 1295 est.
2582 1231 3032 1301 Verumtamen,
3087 1225 3416 1308 quoniam,
3460 1231 3535 1286 ut
3562 1223 3655 1285 ait
3697 1219 3852 1285 Cal-

619 1332 919 1398 linutchus
952 1319 1058 1398 ille
1101 1337 1439 1406 Romanus,
1481 1335 1816 1413 quasitum
1844 1322 2092 1412 ingenio
2123 1329 2348 1395 nomen
2399 1330 2476 1393 ab
2527 1347 2654 1393 arvo
2681 1347 2813 1393 non
2844 1328 3113 1404 excidet,

1011 1437 1095 1498 Et
1131 1455 1270 1498 cum
1299 1449 1615 1498 consumat
1649 1435 1943 1515 lapidem,
1972 1438 2330 1517 ferrumque
2355 1444 2658 1508 vetustas,

618 1537 857 1614 scripta
905 1547 1108 1599 tamen
1142 1556 1343 1600 annos
1399 1539 1712 1609 evincunt,
2420 1553 2428 1560 '

1252 1635 1516 1714 Solaque
1539 1655 1667 1697 non
1696 1647 1936 1700 norunt
1978 1639 2105 1702 hoc
2133 1646 2528 1701 monumenta
2555 1639 2744 1712 mori,

615 1738 971 1816 perfugium
1014 1749 1236 1799 nactus
1295 1749 1408 1812 est,
1463 1737 1576 1800 ubi
1621 1737 1864 1801 diutius
1917 1738 2152 1802 durare
2190 1717 2261 1802 tr
2307 1741 2518 1803 vivere
2551 1750 2756 1822 posset
2793 1739 3190 1819 Theophanes
3246 1734 3448 1804 vester
3488 1732 3851 1800 'Cerameus

617 1842 687 1902 in
753 1839 1271 1902 bibliothecarum
1332 1841 1584 1919 asylis:
1641 1841 1711 1904 in
1772 1841 1997 1923 quibus
2054 1845 2193 1904 eum
2246 1841 2330 1905 ad
2389 1843 2551 1904 hunc
2574 1842 2736 1906 diem
2779 1842 3110 1904 abstrusus
3171 1839 3398 1920 fuerit,
3460 1856 3535 1900 en
3595 1832 3851 1900 tandem

614 1943 847 2020 aspicit
905 1938 1120 2014 lucem,
1175 1951 1230 2004 et
1267 1944 1335 2003 in
1386 1963 1500 2005 ora
1538 1943 1852 2006 hominum
1891 1941 2267 2023 linguasque
2301 1941 2663 2005 traducitur
2689 1962 2712 2002 :
2753 1961 2890 2004 cum
2937 1961 3059 2024 quo
3096 1941 3370 2023 equidem
3397 1941 3604 2000 omnia
3633 1947 3851 1999 vestra

615 2038 803 2101 simul
861 2037 1108 2114 decora,
1152 2060 1284 2121 qua:
1318 2043 1452 2121 jam
1503 2051 1810 2102 vetustate
1868 2040 2274 2103 inobscurata
2313 2049 2367 2103 et
2436 2039 2747 2104 oblivione
2798 2057 2997 2120 prope
3040 2031 3252 2103 deleta
3293 2041 3570 2122 fuerant,
3608 2035 3849 2098 revivi-

613 2157 785 2202 scere
835 2143 992 2204 mihi
1039 2143 1380 2210 cidenlur:
1437 2159 1568 2202 non
1604 2140 1804 2202 solum
1864 2141 2011 2219 quia
2052 2142 2123 2203 in
2177 2140 2362 2222 hujus
2419 2141 2625 2222 operis
2674 2131 2987 2219 protemiis
3037 2138 3371 2221 isagogicis
3408 2156 3476 2201 ea
3510 2135 3604 2197 vel
3628 2135 3707 2198 ab
3748 2133 3854 2198 ul-

619 2238 772 2301 tima
810 2242 1187 2322 antiquitate
1241 2239 1655 2319 repetita"‘vel
1694 2245 1767 2318 in,
1795 2241 2143 2301 meritoriam
2174 2241 2489 2303 hominum
2520 2258 2810 2306 revocare
2838 2241 2933 2304 vel
2959 2239 3028 2303 in
3067 2241 3483 2321 cognitionem
3509 2237 3848 2305 adducere.

615 2344 747 2397 tum
802 2340 893 2397 rei
951 2341 1153 2417 ipsius
1215 2340 1524 2419 dignitate
1577 2339 1925 2418 permotus,
1987 2349 2120 2401 tum
2174 2349 2381 2400 vestro
2436 2340 2648 2403 studio
2693 2343 2943 2404 omnino
3000 2343 3355 2420 compulsus
3394 2326 3693 2406 institui;
3738 2334 3856 2396 sed

620 2441 798 2500 etiam
823 2441 972 2519 quia
1001 2459 1138 2501 cum
1185 2440 1571 2518 Theophanis
1595 2441 2054 2519 archiepiscopi
2089 2449 2144 2500 et
2181 2441 2513 2522 scriptoris
2562 2441 2968 2505 ecclesiastici
3006 2461 3222 2504 nomen
3239 2461 3370 2504 non
3389 2441 3568 2504 modo
3601 2441 3850 2504 littera-

619 2549 852 2608 torum,
904 2540 1008 2601 sed
1063 2541 1251 2600 etiam
1290 2557 1609 2600 sacrorum
1660 2551 1982 2601 oratorum
2039 2541 2106 2601 in
2147 2559 2256 2603 ore
2293 2541 2671 2617 versabitur,
2740 2561 2879 2604 cum
2926 2523 3234 2623 referetur
3278 2543 3347 2604 in
3373 2542 3846 2616 commentaria,

618 2657 757 2700 cum
800 2639 1116 2700 resonabit
1149 2640 1214 2698 in
1235 2637 1478 2718 templis
1501 2640 1998 2721 populorumque
2023 2643 2654 2719 concionibus,simul
2679 2643 2864 2704 etiam
2891 2644 3286 2706 Tauromenii
3303 2642 3511 2724 gloria
3538 2643 3850 2721 decusque

619 2739 960 2798 resonabit.
1024 2738 1229 2813 Quare
1283 2743 1542 2815 vigescet
1605 2739 1728 2801 haec
1775 2741 2154 2820 Theophanis
2198 2744 2407 2811 vestri,
2444 2760 2688 2822 unaque
2721 2743 3234 2828 Tauromenitani
3267 2742 3537 2804 nominis
3588 2739 3796 2820 gloria
3828 2763 3851 2808 ,-

623 2848 676 2898 cl
731 2838 1014 2916 ﬂorescet
1068 2837 1349 2916 quotidie
1400 2841 1632 2916 magis:
1694 2847 1749 2900 et
1792 2849 2089 2917 quantum
2133 2842 2766 2922 vestris'manu/‘actis
2803 2842 3094 2920 operibus
3151 2843 3520 2920 decerptura
3576 2849 3666 2902 est
3719 2843 3844 2906 «ετί

621 2941 1074 3024 longinquitas,
1101 2950 1342 3002 tantum
1386 2951 1768 3022 arrogatum
1815 2941 2129 3004 laudibus.
2183 2945 2292 3006 Est
2344 2946 2502 3007 enim
2555 2947 2671 3007 hoc
2693 2964 2889 3006 meum
2930 2955 3409 3017 monumentum,
3471 2947 3639 3025 quod
3666 2966 3704 3007 a
3741 2965 3843 3007 me

621 3059 842 3120 magno
907 3060 1044 3102 cum
1078 3041 1312 3110 studio,
1370 3043 1439 3103 in
1497 3059 1716 3120 magna
1779 3026 1980 3104 tamen
2019 3046 2313 3123 temporis
2338 3046 2552 3123 inopia
2600 3046 2925 3110 subcisivis
2952 3047 3403 3125 propemodum
3459 3047 3633 3108 horis
3684 3066 3840 3108 con-

621 3141 822 3210 ditum
879 3150 932 3202 et
994 3140 1421 3202 (lucubratum
1474 3144 1723 3205 tandem
1774 3144 2073 3206 exsistit:
2105 3152 2215 3217 est,
2249 3145 2520 3225 inquam,
2573 3144 2737 3208 illud
2787 3148 3164 3225 hujusmodi,
3211 3155 3284 3207 ut
3333 3163 3450 3225 pro
3493 3147 3846 3209 immortali

619 3266 736 3306 sua
793 3247 1151 3305 conditione
1201 3245 1404 3306 vivere
1445 3249 1643 3325 possit
1705 3248 1999 3310 memoria
2055 3247 2425 3310 saeculorum
2477 3250 2773 3316 omnium,
2827 3251 2990 3327 quod
3038 3252 3373 3329 posteritas
3415 3263 3651 3328 semper
3703 3270 3849 3310 ana.

619 3350 970 3432 plectatur,
1026 3359 1079 3410 et
1134 3350 1271 3428 ipsa
1327 3354 1653 3414 intueatur
1706 3353 2050 3416 aternitas.
2106 3353 2226 3416 Sed
2279 3355 2444 3433 quod
2495 3371 2690 3414 meum
2739 3348 2904 3425 dixi;
2959 3357 3090 3436 jam
3149 3367 3318 3418 muto
3372 3355 3644 3424 dictum;
3689 3363 3747 3416 et
3804 3377 3851 3417 α

619 3472 708 3517 me
765 3455 944 3532 quasi
987 3455 1280 3532 mancupi
1339 3473 1469 3516 rem
1517 3453 1850 3523 abalieno;
1902 3464 2169 3516 vestrum
2227 3455 2547 3518 volueram
2615 3455 2819 3515 dicere
2864 3456 2976 3517 hoc
3036 3473 3209 3532 opus,
3265 3455 3488 3533 quoda
3541 3473 3635 3516 me
3659 3455 3848 3516 vobis

616 3573 733 3631 pro
786 3557 1001 3615 merito
1051 3563 1276 3625 vestro,
1326 3567 1396 3616 ‘ac
1429 3555 1635 3616 studio
1682 3555 1750 3616 in
1794 3555 2118 3618 alumnum
2141 3565 2322 3638 atque
2357 3565 2670 3636 pastorem
2709 3557 2954 3632 patrita,
3001 3553 3340 3634 collataque
3388 3557 3456 3614 in
3491 3557 3558 3616 id
3589 3558 3848 3616 exseri-

625 3651 887 3713 bendum
938 3672 1053 3715 cere
1107 3653 1354 3733 publica
1415 3655 1708 3716 donatum
1773 3675 1843 3716 ac
1913 3656 2262 3718 dedicatum
2311 3655 2474 3718 volo.
2558 3656 2775 3717 Vestro
2833 3655 2993 3715 enim
3065 3657 3503 3734 prtcscriptum
3570 3654 3848 3726 nomini,

621 3758 1091 3838 potrocinioque
1149 3757 1432 3819 devotum
1478 3757 1647 3822 haud
1708 3779 1944 3836 vereor,
1990 3771 2058 3823 ut
2123 3763 2189 3822 in
2221 3781 2342 3831 ora
2372 3781 2700 3842 manusque
2733 3770 2963 3823 vestras
2994 3769 3051 3820 et
3093 3761 3341 3840 gratius
3377 3768 3707 3823 venturum
3758 3762 3852 3821 sit

625 3865 680 3917 et
713 3862 934 3936 tutius,
967 3859 1318 3942 diutiusque
1351 3865 1418 3924 in
1449 3861 1687 3945 pluteis
1753 3863 2071 3927 doctorum
2096 3866 2407 3928 hominum
2445 3877 2858 3956 cenaturum.

823 4063 1154 4077 Μ

1398 4067 1660 4079 φ-Μρ-

1669 4068 1900 4081 Μ-υο
1917 4069 2212 4079 *.-_*.—
2226 4069 2793 4082 -—-.-——~—.—.—~.A‘
2805 4069 2816 4076 ι
2829 4070 2977 4082 ..-ς-νο
2986 4071 3429 4085 ’.φ-..Μ
3451 4056 3707 4086 ...ρέα-ῳ

1558 4227 1633 4313 Η
1656 4226 2101 4316 UMANIS
2175 4224 2910 4320 LECTORIBUS

1289 4417 2322 4555 FRANCISCUS
2460 4437 3182 4556 SCORSUS

1876 4613 2335 4726 scamnis
2381 4658 2587 4722 JESU.

709 4959 963 5019 Poetico
998 4973 1170 5019 more
1215 4949 1564 5030 etingenio
1595 4964 1754 5013 usus
1784 4949 2037 5012 videtur
2066 4951 2376 5013 Hebrmus
2411 4943 2583 5013 rates
2613 4957 2748 5013 tum
2778 4967 2945 5030 smpo
2969 4950 3149 5021 alias,
3175 4957 3309 5012 tum
3341 4964 3496 5013 vero
3526 4965 3670 5012 cum
3705 4941 3852 5015 ina-

629 5052 822 5112 nimis
853 5054 1042 5112 rebus
1087 5050 1360 5113 animum
1394 5046 1723 5125 aﬂingens,
1757 5046 1980 5108 omium
2011 5061 2304 5109 enarrare
2337 5046 2604 5125 gloriam
2637 5045 2776 5118 Dei,
2806 5053 2867 5106 et
2897 5045 3064 5107 diem
3091 5045 3220 5106 diei
3258 5046 3518 5107 verbum
3545 5054 3834 5110 cruciare

631 5146 862 5207 cecinit
893 5150 933 5206 ³.
969 5147 1272 5223 Perpetua
1299 5141 1541 5203 scilicet
1567 5147 1664 5202 eet
1704 5139 2007 5217 nullaque
2053 5150 2415 5219 temporum
2447 5137 2923 5220 intercapedine
2955 5139 3405 5202 obmutesceus
3439 5140 3654 5203 divina
3702 5142 3844 5206 laus

629 5259 818 5320 quam
857 5259 1062 5308 rerum
1097 5248 1445 5302 oreatarum
1474 5237 1864 5299 universitas
1904 5237 2034 5298 Deo
2068 5238 2142 5300 Ο.
2178 5239 2263 5299 Μ.
2296 5236 2638 5300 architecto
2667 5253 2790 5300 suo
2814 5235 3107 5316 quamvis
3143 5245 3316 5298 muta
3385 5237 3669 5299 decantat
3707 5254 3723 5297 :
3778 5246 3851 5302 et

630 5356 773 5399 cum
808 5355 878 5400 ea
912 5338 1104 5398 unius
1135 5333 1604 5410 dieiangustiis
1634 5333 2073 5396 circumscribi
2117 5349 2244 5395 non
2279 5331 2503 5411 possit,
2533 5331 2731 5395 vicem
2767 5345 2969 5405 suam,
3001 5339 3064 5393 et
3114 5333 3290 5393 velut
3348 5332 3631 5411 lampada
3685 5332 3851 5395 alter-

633 5434 812 5494 alteri
857 5433 1055 5493 tradat
1086 5447 1343 5492 necesse
1373 5436 1488 5490 est.
1522 5427 1704 5501 Quod
1735 5428 1791 5488 si
1814 5427 1934 5490 hoc
1958 5430 2292 5493 oraculum
2336 5427 2411 5489 ad
2443 5428 2786 5508 mysticum
2825 5444 3112 5498 sensum,
3147 5444 3339 5506 quem
3377 5430 3584 5501 multi,
3617 5436 3680 5489 et
3726 5445 3850 5503 οι)-

633 5529 804 5588 timm
836 5535 999 5588 uotae
1033 5525 1572 5598 indicantl’atrcs,
1604 5523 2069 5589 traducendum
2107 5527 2215 5599 sit,
2249 5525 2314 5589 id
2336 5525 2526 5590 etiam
2560 5527 2891 5589 commode
2914 5524 3077 5587 cadit
3105 5524 3166 5584 in
3195 5541 3332 5585 eam
3385 5525 3499 5586 Dei
3558 5525 3837 5593 laudem,

704 5664 719 5694 ¹
759 5663 911 5718 Parii;
937 5682 1084 5732 xvm,
1119 5662 1174 5730 ‘2,
1208 5663 1260 5717 5.
