4002 6344
193 262 256 327 tu
1178 264 1572 325 FRANCISCI
1616 249 1877 324 setius!
1920 260 2331 324 remane.
3302 262 3370 324 at

189 368 589 451 quam-sancti
626 369 918 436 doctores
950 370 1250 436 Ecclesim
1281 371 1571 435 doctrina
1598 370 1985 450 scriptisque
2019 364 2412 433 tradiderunt
2444 369 2605 433 suis.
2644 370 2892 433 Etenim
2928 377 3238 449 r’ierpetno
3263 369 3369 430 illa

186 462 489 529 curriculo
521 466 601 530 ab
631 465 839 546 ipsius
870 466 1169 531 Ecclesiae
1194 475 1418 530 exortu
1451 482 1789 546 progressa
1806 473 1867 527 et
1885 471 2220 545 pervagata
2243 473 2379 539 est;
2402 474 2459 528 et
2491 476 2683 547 quam
2700 472 3082 543 acceperunt
3104 483 3136 527 a
3161 466 3373 546 primo

185 563 434 625 Doctore
460 560 708 626 Christo
734 565 1030 644 apostoli,
1069 581 1203 628 eam
1238 582 1352 645 per
1371 565 1586 626 Patres
1620 563 1909 625 traditam
1944 570 2137 642 atque
2162 565 2601 626 transmissum
2633 578 2759 625 non
2786 559 3145 641 intercepto
3171 579 3366 622 cursu

185 677 471 742 excepere
509 666 743 729 sarcula
780 667 1261 747 consequentia.
1295 666 1475 729 Unde
1512 666 1577 728 ﬁt
1626 664 1716 727 uti
1749 682 1875 727 non
1912 665 2099 726 modo
2156 680 2408 745 semper
2465 667 2683 729 eadem
2719 665 2953 746 vigeat,
2993 667 3109 727 sed
3175 665 3368 727 etiam
3412 702 3415 705 -

185 768 470 838 augeatur
505 763 705 842 magis
738 765 1068 844 magisque
1097 764 1521 843 Splendescat,
1543 777 1686 823 cum
1718 777 1974 839 semper
2008 762 2085 823 ad
2140 762 2494 825 doctrinam
2542 758 2974 839 evangelicum
3034 761 3368 840 explican-

184 856 313 917 dam
342 848 955 939 illuminandamque
982 860 1148 923 alius
1180 859 1370 922 aliam
1425 857 1711 937 praeferat
1738 857 1977 933 facem;
2010 860 2358 939 praesertim
2398 878 2546 925 vero
2580 879 2724 924 cum
2770 861 2983 939 aliqua
3041 856 3371 920 hmresrou

184 950 376 1013 coorta
409 954 770 1033 tempestas,
802 970 949 1035 quos
979 954 1453 1018 candidissimis
1486 954 1768 1017 veritatis
1797 954 2156 1019 luminibus
2189 957 2448 1020 nebulis
2477 958 2615 1020 suis
2649 958 2973 1038 jolliceret;
3015 970 3175 1033 quas
3215 970 3371 1033 pro-

184 1045 334 1109 fecto
364 1043 516 1110 radii
569 1048 666 1112 illi
697 1051 982 1114 cmlestes
1003 1066 1074 1115 ac
1098 1050 1506 1130 prmvalentes
1540 1051 1627 1113 ita
1656 1058 2071 1129 penetrarunt
2098 1060 2292 1131 atque
2323 1055 2791 1128 discusserunt,
2837 1059 2904 1114 ut
2965 1050 3130 1113 nihil
3170 1048 3373 1128 magis

188 1143 567 1205 tenebrarum
612 1146 912 1225 princeps
941 1161 1018 1209 ex
1053 1143 1255 1209 oil‘usa
1284 1162 1398 1209 sua
1437 1143 1712 1226 caligine
1745 1144 2021 1223 lucratus
2048 1147 2154 1222 sit,
2181 1149 2275 1210 uti
2301 1148 2723 1227 TlieOpbanes
2756 1155 2968 1210 noster
3002 1148 3070 1209 in
3092 1144 3368 1225 quadam

188 1238 421 1302 homilia
448 1234 653 1316 docet,
681 1260 870 1323 quam
900 1247 968 1307 ut
1000 1240 1201 1323 magis
1232 1240 1530 1311 Ecclesiae
1559 1240 1865 1319 splendor
1893 1241 2292 1305 enitesceret.
2323 1244 2409 1306 Ha
2448 1244 2645 1323 igitur
2692 1250 2760 1305 ut
2804 1243 3171 1305 institutum
3235 1256 3375 1301 ora-

188 1335 357 1397 tionis
384 1335 600 1399 orbem
642 1334 1151 1417 conﬁciam,dies
1186 1337 1550 1418 praecedens
1583 1337 1834 1400 videtur
1858 1340 2086 1402 docere
2115 1347 2524 1420 sequentem;
2555 1339 2729 1419 quod
2792 1337 2980 1403 etiam
3029 1338 3369 1416 Mimogra-

189 1430 455 1510 phnsitlo
487 1426 808 1497 versiculo
841 1443 1111 1498 venuste
1139 1433 1453 1515 expressit
1491 1452 1507 1491 :
1820 1424 1823 1427 ’
2366 1468 2369 1473 .

712 1566 1010 1650 υῐξεῳιιιιιε
1027 1580 1111 1632 est
1135 1570 1331 1647 prioris
1362 1574 1631 1647 posterior
1658 1572 1794 1632 dies.

185 1723 379 1800 Neque
411 1741 562 1787 vero
586 1726 704 1789 hoe
732 1719 941 1790 solum
972 1729 1052 1792 de
1072 1723 1371 1792 Ecclesia)
1400 1726 1691 1790 Pati-ibus
1728 1726 1967 1792 dictum
2007 1729 2226 1803 velim,
2262 1747 2339 1791 eo
2368 1730 2539 1811 quod
2571 1731 2823 1793 nullum
2871 1729 3007 1792 fere
3052 1730 3364 1811 smculnm

184 1817 342 1879 ﬂuxit
371 1819 525 1899 quin
565 1821 847 1901 aliquem
882 1816 1241 1902 protulerit,
1272 1823 1383 1903 qui
1408 1819 1466 1885 ei
1492 1820 1994 1899 doetrinmrluoe,
2031 1826 2182 1887 dum
2214 1824 2476 1900 viveret,
2529 1826 2942 1906 prmluceret;
3000 1825 3112 1887 sed
3173 1825 3363 1887 etiam

182 1914 329 1991 quod
357 1931 573 1977 eorum
600 1933 791 1996 opera
818 1910 1016 1981 veluti
1048 1931 1189 1981 eum
1215 1914 1587 1982 earumdem
1622 1919 1747 1981 vita
1774 1918 2085 1999 deposita,
2111 1927 2343 1983 etcum
2380 1937 2642 2000 corpore
2656 1921 2789 2000 jam
2842 1921 3120 1999 sepulta,
3166 1924 3362 1983 adeo-

182 2024 291 2086 que
315 2016 432 2071 tam
468 2025 693 2091 magna
738 2014 843 2074 lux
877 2006 1068 2075 etiam
1095 2006 1519 2077 intermortua
1555 2010 1962 2093 postnliquot
1991 2012 2225 2077 deinde
2256 2012 2564 2078 revixerit
2591 2016 2844 2084 saecula,
2880 2025 3070 2093 atque
3092 2015 3172 2077 ab
3202 2015 3366 2077 obli-

182 2104 369 2167 vionis
408 2108 708 2184 sepulcro
739 2117 940 2183 eruta,
980 2110 1048 2173 in
1084 2106 1290 2173 lucem
1318 2111 1604 2173 evenerit
1638 2132 1653 2173 :
1692 2124 1823 2189 quo
1853 2124 2003 2173 casu
2028 2110 2369 2189 plerosque
2405 2116 2500 2177 vel
2538 2113 2805 2189 primos,
2850 2118 2911 2172 et
2942 2117 3229 2190 tempore
3298 2120 3361 2174 et

179 2199 456 2279 dignitate
479 2205 695 2266 Patres
719 2205 1055 2268 defunctos
1085 2224 1227 2269 esse
1259 2207 1573 2269 videmus.
1602 2202 1895 2278 Quantus
1952 2211 2013 2265 et
2064 2221 2255 2282 quam
2300 2206 2671 2268 luculentus
2722 2205 2945 2268 doctor
3001 2205 3359 2285 Dionysius

179 2296 554 2376 AreOpagita,
620 2301 730 2375 qui
786 2300 1089 2363 altissima
1153 2303 1231 2363 de
1285 2298 1524 2363 divinis
1589 2297 1984 2372 nominibus,
2044 2306 2235 2377 atque
2288 2298 2553 2375 omnino
2616 2301 2931 2362 caelestem
2983 2302 3061 2363 de
3124 2302 3359 2364 caelesti

179 2388 910 2473 hierarcbiatbeologiam
944 2388 1319 2483 propins‘ab
1368 2392 1802 2474 apostolorum
1833 2393 2032 2456 vfonte
2097 2392 2390 2456 haustam
2467 2411 2581 2483 per
2639 2395 2837 2456 libros
2891 2410 3046 2456 suos
3114 2395 3180 2457 in
3249 2412 3359 2474 po-

177 2490 356 2548 steros
382 2486 735 2550 derivavit?
760 2491 839 2552 Et
866 2474 1075 2552 tamen,
1105 2474 1243 2571 ejus
1274 2488 1425 2555 libri
1455 2497 1580 2554 tam
1616 2489 1902 2569 insignes
1932 2494 2266 2553 sexcentos
2305 2474 2500 2570 prope
2549 2505 2750 2554 annos
2799 2493 2868 2554 in
2925 2493 3177 2554 occulto
3221 2493 3365 2553 fue-

178 2584 325 2656 runt,
355 2594 500 2644 cum
527 2596 718 2648 nemo
742 2593 889 2648 ante
919 2586 1054 2649 divi
1083 2582 1376 2667 Gregorii
1413 2594 1695 2666 tempora
1726 2599 1948 2647 eorum
1982 2585 2355 2649 meminisse
2378 2586 2767 2665 reperiatur;
2823 2586 3008 2665 cujus
3060 2589 3154 2650 rei
3220 2603 3352 2650 non

174 2672 337 2737 aliam
387 2677 590 2760 fuisse
636 2694 891 2744 causam
940 2682 1191 2744 censuit
1251 2680 1589 2745 cardinalis
1648 2677 2093 2753 Bellarminus,
2154 2697 2344 2760 quam
2398 2682 2568 2761 quod
2630 2682 2867 2745 alicubi
2917 2683 3242 2758 latuerint,
3289 2692 3360 2745 ut

179 2771 353 2837 multa
380 2768 504 2837 alia
530 2789 694 2855 saepe
730 2776 918 2858 longo
950 2783 1237 2855 tempore
1265 2778 1672 2840 delitescunt.
1696 2777 1759 2839 S.
1786 2775 2081 2857 Gregorii
2099 2777 2373 2855 Nyssem
2399 2777 2596 2840 libros
2629 2776 2937 2840 adversus
2966 2777 3355 2841 Eunomium

176 2863 229 2929 8.
259 2866 684 2952 Hieronymus
712 2874 875 2937 libro
912 2874 994 2935 De
1022 2872 1178 2935 viris
1201 2871 1559 2937 illustribus
1590 2879 1900 2953 recenset,
1934 2886 2178 2951 eosque
2209 2870 2335 2934 sibi
2375 2870 2456 2934 ab
2504 2874 2727 2935 eodem
2783 2873 3094 2949 Gregorio
3154 2873 3350 2936 lectos

178 2968 455 3039 testatur;
484 2965 549 3029 bi
584 2983 735 3031 vero
766 2968 1004 3031 nostris
1032 2964 1208 3030 hisce
1235 2969 1631 3048 temporibus
1659 2984 1803 3031 cum
1838 2975 1924 3031 tot
1953 2976 2100 3031 ante
2124 2967 2376 3031 saeculis
2404 2967 2470 3031 in
2504 2969 2787 3033 tenebris
2808 2968 3183 3048 jacuissent,
3254 2988 3349 3032 as-

176 3074 384 3134 parere
421 3060 671 3135 lucem;
705 3077 869 3143 quos
900 3080 1041 3125 cum
1068 3062 1133 3124 P.
1167 3062 1441 3125 Jacohus
1464 3064 1825 3139 Gretserus,
1856 3066 1936 3127 de
1971 3064 2227 3139 litteris,
2266 3069 2329 3126 et
2351 3063 2525 3143 quod
2568 3070 2664 3127 est
2734 3063 2924 3145 longe
2959 3065 3349 3143 praeclarius,

174 3154 241 3217 de
263 3158 573 3222 Catholica
598 3160 877 3227 Ecclesia
897 3162 1136 3240 Optime
1167 3161 1459 3234 meritus,
1492 3177 1575 3222 ex
1603 3159 1896 3233 Bavarica
1920 3158 2310 3221 bibliotheca
2354 3166 2572 3222 erutos
2601 3152 3054 3239 praa’manibus
3095 3159 3351 3222 haberet

175 3254 228 3309 et
257 3254 587 3335 expoliret,
626 3264 692 3316 ut
725 3256 789 3318 in
819 3256 1023 3320 lucem
1052 3256 1522 3335 utilitatemque
1547 3272 1951 3318 communem
1983 3253 2263 3328 efferret,
2298 3254 2765 3334 prmoccupavit
2789 3255 2982 3319 edere
3007 3272 3083 3315 ex
3106 3254 3349 3316 Nieolai

175 3323 419 3409 Geloni,
450 3323 978 3431 interpretatione
1012 3354 1077 3414 P.
1108 3353 1388 3415 Joannes
1418 3323 1452 3415 a
1479 3353 1540 3415 S.
1565 3353 1926 3423 Francisco,
1961 3323 2683 3422 monachusFuliens'is,
2740 3348 3115 3426 interpretis
3156 3348 3351 3413 ﬁlius.

174 3447 532 3521 exstantque
592 3446 785 3509 hodie
824 3455 997 3511 tomo
1043 3448 1103 3509 ll
1142 3450 1428 3528 Opernm
1479 3448 1773 3524 Nysseni.
1830 3444 1976 3521 Ejus
2022 3457 2172 3502 vero
2198 3441 2409 3504 fratris
2430 3441 2648 3503 Basilii
2674 3441 2888 3520 Magni
2928 3450 3182 3503 centum
3212 3458 3352 3501 am-

173 3534 320 3613 plius
343 3539 631 3615 epistolas
673 3542 737 3603 in
779 3558 939 3605 nova
974 3542 1256 3605 editione
1294 3558 1562 3622 Opernm
1599 3541 1740 3618 ejus
1769 3536 1985 3597 Graece
2017 3532 2299 3597 simulet
2328 3535 2547 3596 Latine
2577 3534 2644 3595 in
2674 3535 2876 3595 lucem
2911 3532 3228 3613 prodiere.
3285 3534 3348 3596 S.

174 3633 368 3709 Cyrilli
401 3635 996 3699 Commentariosin
1027 3638 1368 3717 prephetas
1402 3637 1685 3697 minores
1725 3650 1928 3712 nuper
1963 3630 2245 3693 vidimus
2268 3647 2299 3691 a
2344 3631 2577 3693 Jacobo
2608 3632 2893 3692 Pontano
2933 3629 3293 3709 publicatos
3332 3655 3348 3692 :

174 3734 226 3787 et
252 3744 323 3789 ne
347 3746 419 3791 ex
445 3730 721 3809 singulis
756 3731 1113 3808 catalOgum
1157 3739 1382 3805 texam,
1420 3729 1771 3808 longiorem
1828 3745 1981 3789 sane
2014 3725 2299 3787 futurum
2352 3743 2541 3806 quam
2603 3726 2733 3787 inec
2776 3724 3059 3789 Patefatio
3125 3743 3352 3805 capere

176 3825 372 3897 possit,
405 3826 518 3903 qui
553 3833 913 3888 sanctorum
948 3832 1230 3889 veterum
1263 3828 1516 3889 Patrum
1550 3824 1900 3894 volumina,
1927 3823 2040 3902 qui
2079 3820 2492 3884 bibliothecas
2545 3830 2788 3885 veteres
2824 3837 3148 3901 novasque
3204 3841 3348 3905 ver-

174 3919 327 3992 sarit,
361 3938 552 4000 quam
583 3923 702 3985 hoc
737 3940 954 3985 verum
1005 3922 1112 3998 sit,
1147 3924 1319 4005 quod
1365 3924 1467 3985 hic
1529 3921 1949 4003 praponimus
2009 3918 2565 3991 considerandum,
2638 3919 3150 3982 animadvertat:
3204 3935 3348 3982 nam

172 4013 431 4089 profecto
456 4034 528 4078 ea
549 4034 692 4095 quae
720 4019 1000 4082 Coloniae
1023 4020 1193 4082 edita
1220 4028 1312 4083 est
1342 4037 1510 4083 anno
1533 4020 1685 4080 1618
1710 4013 2408 4093 etMagnaappellatur,
2440 4014 2582 4094 plus
2599 4023 2852 4077 centum
2874 4018 3125 4077 Patrum
3153 4032 3350 4095 opus-

172 4109 337 4185 culis,
368 4129 513 4188 qnm
548 4122 729 4175 antea
763 4114 1088 4193 incognita
1118 4125 1321 4189 erant,
1359 4125 1540 4178 aucta
1568 4112 2032 4188 etlocupletata
2058 4118 2178 4174 est.
2202 4109 2267 4170 ln
2316 4126 2445 4187 quo
2498 4126 2731 4186 genere
2792 4126 3012 4187 magna
3086 4110 3349 4189 quidem

173 4217 363 4281 operae
397 4206 599 4282 pretia
626 4206 829 4270 facere
847 4209 1145 4285 homines
1176 4218 1412 4271 nostrm
1439 4204 1794 4278 Societatis,
1838 4212 1900 4264 et
1954 4203 2243 4265 doctrina
2308 4194 2399 4264 et'
2430 4205 2760 4265 sanctitate
2818 4201 3181 4282 conspicui,
3218 4203 3349 4282 jam

175 4304 287 4361 tum
317 4300 395 4363 ab
418 4303 551 4381 ipsa
580 4305 830 4367 condita
865 4306 1177 4368 Societate
1203 4326 1220 4379 ;
1251 4303 1490 4385 quibus
1521 4318 1659 4364 eam
1686 4305 1988 4373 mentem,
2021 4314 2261 4377 eosque
2292 4314 2415 4359 non
2445 4297 2781 4373 humanos,
2812 4299 2923 4361 sed
2953 4299 3211 4361 divinos
3236 4299 3359 4360 im-

174 4392 403 4489 misisse
457 4397 728 4475 spiritus
781 4400 857 4462 ad
888 4399 1111 4480 gloriae
1134 4407 1197 4465 et
1230 4398 1529 4464 Ecclesim
1555 4414 1691 4459 sua;
1724 4394 2245 4474 prepagationem
2284 4394 2533 4455 videtur
2558 4396 2754 4466 Deus,
2780 4404 2851 4457 ut
2897 4396 2961 4456 in
3028 4394 3346 4474 pervesti-

174 4486 375 4566 gandis
405 4500 688 4556 veterum
721 4495 1001 4571 Patrum,
1029 4495 1384 4577 praesertim
1418 4511 1568 4559 vero
1600 4494 1991 4563 Grmcorum,
2026 4504 2102 4549 ex
2163 4487 2690 4550 bibliothecarum
2748 4486 3007 4568 angulis
3066 4489 3355 4552 latebris-

173 4600 279 4663 que
310 4588 877 4666 reconditioribus,
912 4592 1377 4663 monumentis,
1414 4591 1476 4651 in
1512 4590 1725 4668 iisque
1771 4584 2168 4648 illustrandis
2216 4583 2502 4647 studium
2567 4601 2785 4659 suum,
2846 4583 3349 4664 linguarumque

173 4679 464 4757 peritiam,
490 4701 680 4764 quam
718 4686 841 4749 sibi
876 4686 1351 4764 qumsivissent,
1379 4688 1540 4748 bene
1572 4682 1997 4756 collocarent;
2031 4688 2094 4743 et
2130 4699 2205 4741 ex
2243 4680 2581 4742 blattarum
2622 4698 2766 4744 esca
2801 4682 3226 4741 humanorum
3259 4681 3357 4742 in-

173 4776 486 4852 geniorum
522 4782 775 4856 pabula,
798 4791 857 4842 et
885 4781 1185 4844 Ecclesia
1215 4782 1652 4844 emolumenta
1679 4797 1757 4842 ex
1791 4778 2046 4838 illarum
2080 4777 2564 4837 oblectamentis
2596 4776 2938 4836 eﬂicerent.
2976 4775 3161 4847 Quod
3198 4793 3351 4838 cum

174 4868 631 4940 illistudiosius
664 4877 860 4937 multo
891 4876 1321 4957 cupidiusque
1350 4877 1675 4943 fecissent.
1701 4893 1891 4954 quam
1920 4874 2031 4953 qui
2082 4873 2377 4934 mortales
2436 4872 2701 4933 avaritia
2751 4870 3063 4934 stimulati
3122 4890 3350 4937 aurum

172 4980 236 5027 ex
262 4976 444 5032 terrae
471 4972 647 5034 venis
677 4979 865 5050 atque
895 4973 1249 5036 visceribus
1279 4980 1616 5045 aruerunt,
1644 4980 1780 5035 tum
1809 4974 2002 5036 etiam
2038 4973 2264 5033 utilius
2295 4987 2363 5032 ac
2397 4969 2743 5033 salutarius
2794 4968 3078 5035 humano
3129 4972 3351 5051 generi

174 5057 315 5139 iuit;
349 5082 496 5129 nam
520 5066 801 5146 profecto
832 5069 1269 5148 perniciosum
1304 5077 1399 5130 est
1444 5086 1670 5131 aurum
1792 5068 1797 5071 “

907 5206 1113 5274 Cogere
1140 5211 1400 5262 humanos
1441 5211 1492 5263 in
1535 5225 1682 5273 usus.

912 5295 1083 5349 Oumc
1116 5311 1329 5349 socrum
1357 5297 1594 5363 rapiente
1635 5299 1824 5353 dextra
1863 5340 1877 5353 .

176 5412 266 5462 con
275 5405 362 5465 ira
403 5418 549 5465 vero

882 5528 1074 5605 Pttrmn
1101 5528 1319 5595 sepultte
1346 5528 1505 5584 distat
1536 5527 1741 5584 inertia:

888 5618 1068 5673 Celata
1099 5618 1290 5672 virttis.
