4002 6344
574 320 648 383 55
1599 327 1993 388 FRANCISCI
2040 327 2297 391 SCOItSl
2343 332 2759 395 PBJEFATIO.
3592 354 3625 358 "
3740 336 3815 399 56

576 430 651 491 Et
682 429 761 489 de
796 445 864 491 ea
902 432 1135 494 melius
1160 434 1425 513 Sapiens
1470 439 1703 498 rmlrsti
1739 440 1978 516 Spiritu
2017 436 2268 499 amatus
2297 442 2735 515 pronuntiavit
2770 442 3137 521 :Sapientia
3172 442 3505 521 absconsa,
3567 452 3621 505 et
3664 445 3811 507 the-o

572 543 800 587 murus
831 529 1133 604 occultus,
1176 549 1305 609 quae
1339 532 1585 594 utilitas
1619 536 1682 595 in
1707 536 2029 614 utrisque’
2070 537 2096 594 ‘.’

648 632 896 693 Horum
952 629 1299 714 insignium
1364 637 1647 699 virorum
1719 642 2117 710 auctoritate,
2173 656 2313 699 cum
2382 640 2832 719 i.;tclligere:n,
2892 649 2956 703 et
3001 658 3195 721 quam
3260 649 3434 703 esset
3497 642 3612 703 hoc
3661 649 3807 702 stu-

573 725 751 789 dium
828 727 1155 791 Societatis
1207 743 1441 794 nostraa
1492 735 1847 811 proprium,
1908 745 1966 797 et
2021 744 2261 813 quanto
2346 739 2721 800 Christianae
2795 734 3186 818 Reipublicm
3268 742 3628 811 commodo,
3704 738 3812 799 his

578 822 926 900 praesertim
967 828 1384 906 temporibus,
1422 847 1563 891 cum
1609 838 1972 893 sanctorum
2010 837 2260 896 Patrum
2308 837 2675 908 auctoritas,
2726 837 2790 898 'et
2868 836 3154 899 doctrina
3188 838 3265 900 ab
3324 836 3639 899 haereticis
3702 837 3812 896 in-

578 922 961 999 terpretibus
994 922 1400 1002 depravatur,
1464 927 1563 988 vel
1602 930 2110 1007 parvipenditur,
2158 942 2486 1007 permotus
2532 932 2952 996 vehementer
3027 917 3222 1009 sum,
3260 938 3328 996 ut
3411 932 3462 993 si
3525 932 3678 1009 quid
3737 934 3809 993 in

572 1017 810 1078 Latinis
883 1026 940 1078 et
994 1020 1230 1082 Graecis
1299 1018 1528 1092 litteris
1592 1024 1953 1088 edisceulis
2011 1015 2515 1108 excolendisque
2605 1030 2804 1092 studii
2856 1045 3199 1109 Opemque
3256 1028 3656 1109 posuissem,
3733 1028 3807 1089 in

571 1111 691 1173 hoc
720 1128 884 1190 Opus
917 1130 1044 1175 non
1076 1116 1253 1193 parvi
1283 1119 1589 1181 momenti
1628 1120 2011 1194 conferrem,
2049 1124 2537 1205 symbolamque
2613 1143 2841 1203 meam,
2911 1134 3169 1189 tenuem
3236 1125 3534 1205 quamvis
3600 1123 3807 1195 illam.

572 1206 648 1269 ad
677 1214 796 1269 tam
830 1209 1073 1271 lautum
1109 1212 1475 1276 convivium
1513 1215 1771 1288 ferrem,
1806 1218 1867 1279 in
1910 1234 2117 1299 eoque
2153 1219 2325 1284 imus
2363 1225 2831 1286 accutnberem.
2858 1223 3061 1301 Igitur
3086 1222 3280 1285 simul
3318 1231 3510 1302 atque
3540 1222 3640 1303 ad
3705 1238 3811 1283 me

572 1304 797 1367 delatae
852 1312 1001 1367 sunt
1046 1306 1329 1372 homilize
1358 1311 1764 1392 Theophanis
1812 1312 2618 1399 Ceramei,archiepiscopi
2681 1319 3095 1383 Tauromenii
3153 1320 3218 1382 in
3289 1313 3805 1389 Siciliainostra,

574 1402 799 1464 deesse
834 1401 989 1464 mihi
1022 1411 1081 1467 et
1117 1406 1203 1467 rei
1241 1407 1566 1472 litterariae
1616 1409 1833 1485 nolui,
1876 1414 2035 1490 quin
2089 1412 2357 1477 oblatam
2397 1417 2794 1479 occasionem
2839 1416 3214 1495 arriperem,
3247 1422 3309 1477 et
3360 1421 3631 1493 spartam
3695 1429 3814 1474 na-

573 1504 745 1570 ctus,
785 1516 921 1561 eam
955 1514 1247 1563 ornarem
1277 1525 1292 1564 :
1318 1507 1390 1567 ad
1425 1501 1839 1585 quam'etiam
1875 1509 2025 1569 inilti
2064 1512 2341 1574 acriores
2388 1512 2631 1574 addidit
2682 1512 2982 1574 stimulos
3016 1509 3242 1575 natalis
3301 1507 3423 1593 soli
3475 1523 3679 1579 amor,
3740 1514 3809 1571 et

575 1593 863 1655 studium
894 1595 1294 1661 illustrandaa
1322 1600 1529 1678 gentis
1562 1611 1819 1678 nostrae,
1848 1622 1992 1665 cum
2027 1623 2153 1667 non
2183 1606 2368 1668 modo
2402 1609 2719 1671 universa;
2752 1607 3069 1679 Ecclesia,
3094 1604 3204 1670 sed
3228 1603 3543 1667 etSiciliaa
3566 1611 3806 1665 nostrae

575 1686 800 1766 gloriae
827 1692 1286 1773 splendorique
1326 1712 1425 1758 me
1448 1701 1785 1761 consulere
1815 1707 2006 1780 atque
2037 1703 2280 1767 servire
2314 1712 2695 1784 reputarem,
2729 1706 2781 1765 si
2842 1704 3218 1781 scriptorem
3262 1700 3431 1762 hunc
3495 1697 3805 1760 ecclesia-

577 1785 808 1881 sticum
843 1787 908 1850 in
937 1790 1145 1852 lucem
1177 1795 1544 1869 proderem;
1572 1813 1700 1876 quo
1733 1815 1861 1860 uno
1894 1806 2061 1863 certe
2087 1801 2287 1879 possit
2310 1801 2523 1863 Sicilia
2554 1800 2837 1881 gloriari,
2862 1818 3003 1867 cum
3031 1799 3227 1863 alium
3264 1797 3487 1858 habeat
3522 1794 3653 1855 fere
3686 1812 3805 1855 ne-

577 1882 843 1959 minem,
885 1887 1069 1968 cujus
1104 1895 1223 1949 tam
1263 1906 1561 1970 maguum
1587 1910 1750 1972 opus
1781 1895 1854 1957 ad
1886 1895 2049 1958 hanc
2083 1897 2493 1977 usquediem
2521 1896 2817 1961 traditum
2857 1898 3043 1960 nobis
3096 1896 3202 1958 sit.
3261 1892 3569 1969 Quamvis
3624 1889 3802 1952 enim

576 1980 1007 2045 Paschasinus
1044 1982 1459 2065 Lilybetanus
1493 1989 1839 2067 episunpus
1879 1991 2214 2070 sapientia;
2235 1993 2436 2073 gloria
2466 1992 2782 2067 ﬂoruerit,
2817 2002 2877 2053 et
2926 1992 3251 2071 Ephesino
3295 1988 3569 2051 concilio
3627 1988 3799 2063 lega-

575 2083 684 2137 tus
718 2078 997 2141 Leonis]
1049 2081 1666 2151 PontiﬁcisRomani
1698 2085 2047 2162 praefuerit,
2078 2076 2285 2149 tamen
2341 2088 2480 2168 ejus
2538 2089 2799 2151 nonnisi
2852 2105 3066 2165 paucae
3113 2087 3417 2164 quaedam
3465 2085 3541 2146 ad
3587 2082 3801 2161 ipsum

577 2174 856 2235 Leonem
895 2174 1186 2254 epistola:
1214 2176 1382 2239 inter
1416 2177 1595 2259 illius
1633 2194 1825 2256 Opera
1869 2192 2140 2245 exuant.
2175 2174 2341 2246 Petri
2371 2182 2939 2245 Siculi'historiam
2972 2183 3051 2244 de
3100 2198 3252 2242 vana
3302 2178 3800 2240 Munichmorum

576 2267 806 2329 hmresi
832 2285 911 2331 ex
943 2270 1219 2333 Matthaai
1246 2270 1473 2334 Raderi
1499 2273 1828 2335 Societatis
1864 2283 2224 2341 nostrmeru
2251 2283 2473 2344 titione
2507 2281 2841 2343 clarissimi
2884 2280 3100 2341 studio
3158 2286 3217 2339 et
3266 2274 3801 2350 interpretatione

576 2360 806 2457 lucrati
837 2380 1102 2439 sumus;
1146 2365 1261 2446 qui
1290 2382 1443 2429 sane
1476 2368 1700 2432 Petrus
1731 2371 1953 2432 eodem
1986 2372 2118 2435 fere
2141 2378 2370 2437 smunlo
2398 2378 2552 2438 vixit
2580 2378 2968 2457 scripsitque
3005 2394 3136 2454 quo
3170 2376 3270 2437 hic
3321 2377 3569 2443 Noster,
3620 2369 3801 2430 Basi-

577 2454 668 2520 lio
693 2460 999 2523 nimirum
1033 2472 1095 2524 et
1124 2461 1273 2525 ﬁliis
1307 2463 1446 2544 ejus
1474 2465 1893 2530 Constantino
1919 2477 1980 2533 et
2011 2472 2221 2532 Leone
2247 2472 2762 2549 imperatoribus,
2788 2490 2821 2535 a
2861 2454 3097 2552 quibus
3135 2472 3379 2548 legatus
3432 2468 3668 2527 mi~sus
3699 2471 3799 2525 est

577 2554 901 2618 Tibrica'm
932 2560 1256 2648 Armeniae
1281 2560 1647 2634 civitatem;
1681 2564 1793 2625 sed
1827 2563 1945 2626 hoc
1982 2568 2197 2628 brevis
2227 2568 2519 2630 historia?
2548 2586 2736 2648 quam
2776 2578 2966 2631 tenue
2998 2564 3303 2629 lucellum
3360 2572 3475 2624 est.
3524 2561 3589 2622 Si
3647 2560 3799 2638 quis

576 2666 730 2713 vero
760 2650 924 2712 alius
952 2646 1327 2719 Christianae
1354 2656 1910 2736 sapientiaigloria
1940 2664 2387 2740 superioribus
2422 2646 2653 2726 claruit
2677 2662 2953 2736 saeculis,
2984 2663 3120 2741 ejus
3155 2669 3368 2722 tamen
3402 2673 3593 2736 opera
3634 2672 3799 2715 nou-

582 2743 763 2819 dum,
797 2745 969 2825 quod
996 2747 1191 2811 sciam
1239 2749 1319 2830 ad
1352 2750 1556 2817 lucem
1594 2752 1922 2817 hominum
1959 2770 2436 2835 permanarunt.
2474 2761 2826 2823 Accedebat
2873 2759 3089 2821 etiam
3116 2757 3301 2832 illud,
3352 2752 3527 2835 quod
3591 2750 3802 2812 Theo-

578 2842 852 2922 phanem
880 2853 1167 2924 nostrum
1187 2864 1265 2913 eo
1286 2848 1527 2913 simulo
1548 2852 1784 2913 vixisse
1802 2856 2246 2933 compararim,
2271 2856 2441 2937 quod
2468 2861 2546 2919 ob
2571 2859 2901 2921 doctorum
2925 2853 3260 2917 hominum
3289 2849 3647 2931 penuriam,
3684 2844 3799 2924 qui

578 2938 744 3001 illud
788 2940 928 3003 luce
966 2942 1273 3006 doctrinae
1303 2942 1723 3022 illustrarent,
1756 2950 2098 3011 obscurum
2140 2953 2497 3032 appellatur
2527 2972 2557 3014 a
2581 2954 2807 3025 doctis,
2841 2958 2912 3014 ut
2936 2966 3063 3012 non
3099 2948 3438 3011 minimum
3490 2944 3579 3007 rei
3613 2943 3791 3003 lute-

584 3035 766 3095 rariae
800 3042 862 3096 et
886 3035 1027 3098 fidei
1071 3040 1520 3116 compendium
1555 3039 1761 3103 facere
1797 3043 1953 3104 mihi
1989 3045 2260 3123 viderer,
2283 3050 2337 3109 si
2373 3048 2467 3111 illi
2492 3049 2728 3112 saeculo
2755 3046 3183 3110 illuminanda
3210 3043 3408 3106 facem
3445 3040 3541 3102 vel
3572 3037 3801 3099 stellu—

532 3146 535 3149 '
586 3128 708 3192 lam
740 3129 1019 3211 aliquam
1055 3132 1449 3212 praeferrem,
1486 3142 2027 3217 ostenderemque
2068 3158 2275 3221 neque
2312 3152 2444 3206 tum
2470 3145 2751 3209 defuisse
2784 3144 2847 3206 in
2885 3141 3161 3206 Ecclesia
3192 3138 3423 3202 Christi
3462 3140 3797 3197 doctorum

518 3260 519 3263 η
582 3228 840 3289 Patrum
880 3228 1109 3292 lucem.
1142 3229 1391 3305 Quibus
1415 3233 1746 3294 subductis
1780 3233 2135 3296 rationibus
2167 3238 2537 3316 prmclarum
2566 3243 2895 3318 negotium
2924 3239 3255 3316 suscipere
3294 3224 3699 3299 existimavi,
3738 3224 3795 3286 si

582 3328 823 3386 catenis
849 3332 1211 3388 sanctorum
1233 3329 1511 3401 Patrum,
1542 3346 1668 3408 qua
1694 3332 1952 3408 Sponsae
1980 3332 2214 3394 collum
2249 3342 2537 3403 ornatur,
2563 3330 2733 3396 hunc
2762 3337 2952 3396 etiam
2986 3332 3312 3395 annulum
3327 3322 3797 3430 consersndum

487 3427 489 3429 ’
581 3416 903 3481 atTerrem.
940 3421 1102 3493 Illud
1134 3439 1283 3484 vero
1318 3422 1383 3485 in
1412 3430 1591 3505 tanta
1626 3423 1869 3485 inventi
1909 3418 2095 3504 hujus
2131 3428 2405 3490 thesauri
2442 3426 2655 3492 laetitia
2688 3424 3030 3493 delendum
3071 3425 3223 3487 mihi
3261 3431 3320 3487 et
3352 3416 3654 3486 omnib'us
3686 3418 3803 3478 b0-

588 3516 688 3577 nis
714 3524 829 3589 est,
866 3517 977 3596 qui
1009 3518 1193 3582 dolor
1218 3521 1408 3582 etiam
1444 3538 1615 3583 nunc
1638 3512 1851 3584 animo
1884 3524 2117 3584 inﬁxus
2153 3523 2376 3599 haeret,
2399 3529 2571 3605 quod
2602 3544 2749 3601 cum
2782 3525 2882 3587 his
2906 3523 3047 3603 ejus
3076 3522 3321 3601 ingenii
3355 3508 3799 3581 monumentis

586 3628 713 3674 non
760 3614 947 3675 etiam
970 3613 1209 3695 aliquid
1235 3617 1312 3678 de
1356 3618 1481 3681 vita
1505 3618 1666 3697 ejus,
1699 3636 1816 3681 seu
1848 3621 2040 3681 rebus
2069 3622 2264 3698 gestis
2297 3622 2639 3699 vt-stigium
2670 3621 3056 3699 impressum
3082 3617 3251 3696 apud
3305 3611 3643 3674 historicos
3697 3624 3802 3667 re-

589 3709 937 3786 periamus.
973 3710 1155 3783 Quod
1187 3728 1339 3774 sane
1381 3720 1512 3775 tum
1550 3715 1927 3781 obscuritati
1979 3718 2196 3779 saeculi
2260 3718 2424 3797 ejus,
2487 3719 2551 3778 in
2605 3733 2733 3797 quo
2790 3716 2967 3788 vixit,
3007 3726 3151 3808 )tum
3186 3710 3375 3797 etiam
3403 3702 3801 3809 Saracenicm

587 3806 748 3870 cladi
785 3808 1195 3872 tribuendum
1245 3811 1520 3886 videtur,
1551 3829 1674 3892 qua
1708 3811 2023 3892 quidquid
2059 3814 2127 3876 in
2167 3815 2471 3876 omnibus
2494 3813 2735 3877 Siciliae
2774 3806 3051 3892 Oppidis,
3087 3809 3144 3873 si
3183 3810 3573 3875 Panormum
3618 3806 3804 3865 exci-

589 3906 749 3982 pias,
785 3903 935 3966 boni
969 3906 1349 3987 pulchrique
1380 3909 1646 3979 exstitit,
1673 3909 1952 3971 deletum
1980 3921 2093 3977 est,
2130 3918 2198 3972 ut
2228 3927 2341 3971 nec
2366 3911 2431 3971 in
2458 3927 2526 3971 ea
2559 3911 2791 3973 tabulae
2811 3908 3086 3988 fastique
3114 3902 3525 3985 superiorum
3555 3905 3812 3973 tempo-

591 4020 731 4064 rum
770 4004 1149 4079 superstites
1182 4011 1416 4077 essent,
1452 4022 1567 4067 nec
1598 4006 1662 4066 in
1689 4012 1854 4067 tanta
1881 4007 2171 4069 barbarie
2203 4022 2516 4069 novorum
2556 4004 2918 4067 conditores
2948 4001 3335 4065 exsisterent
3368 4016 3380 4057 :
3418 4008 3625 4071 neque
3654 4005 3809 4049 vero

596 4107 737 4178 post
766 4105 1048 4160 octavam
1081 4102 1423 4178 synodum,
1465 4119 1498 4163 a
1521 4118 1647 4180 quo
1674 4109 1957 4180 tempore
1988 4102 2171 4165 illum
2206 4102 2432 4165 ﬂorere
2466 4101 2731 4179 cmpisse
2762 4101 3173 4182 conjicimus,
3197 4113 3268 4160 ac
3300 4092 3583 4175 profecto
3628 4093 3806 4149 certo

594 4196 939 4257 suademus
964 4202 1020 4254 ὲν
1040 4200 1152 4263 τοῖς
1177 4198 1615 4269 προλεγομένοις,
1645 4196 1767 4258 alia
1798 4197 2082 4277 synodus
2121 4199 2174 4259 ir

2228 4201 2372 4261 orbe
2404 4199 2715 4260 celebrata
2743 4207 2860 4267 est,
2897 4198 2960 4258 in
3009 4211 3134 4276 qua
3194 4192 3302 4254 ille
3342 4191 3652 4251 interesse
3679 4197 3808 4258 po-

595 4290 812 4362 tuerit,
861 4296 928 4352 ut
954 4288 1231 4367 aliquam
1256 4287 1332 4349 de
1360 4288 1497 4367 ipso
1527 4289 1693 4352 sicut
1731 4293 1808 4353 de
1838 4295 2286 4370 superioribus
2319 4294 2876 4358 Tauromenitanae
2903 4290 3203 4356 Ecclesia)
3236 4282 3557 4367 episcopis
3582 4296 3661 4343 ex
3694 4295 3812 4357 sy-

598 4386 785 4445 nodis
828 4385 1116 4445 notitiam
1147 4400 1484 4463 possemus
1513 4386 1839 4463 accipere:
1876 4389 1984 4452 sed
2027 4406 2152 4449 non
2181 4390 2447 4451 omnino
2474 4393 2826 4463 ἀνιστόρητος
2862 4388 2984 4451 erit
3048 4383 3471 4462 TheOphanes
3540 4378 3806 4443 noster;

600 4478 707 4538 sed
742 4477 894 4538 illud
928 4477 1208 4553 profecto
1229 4480 1529 4549 conabor,
1563 4480 1733 4557 quod
1770 4484 2149 4562 plerumque
2172 4484 2443 4562 pictores
2466 4487 2699 4559 solent,
2725 4484 2834 4561 qui
2869 4501 3010 4546 cum
3049 4479 3320 4543 viventis
3345 4472 3625 4543 hominis
3651 4475 3803 4530 vul-

602 4580 735 4633 tum
770 4571 1147 4649 coloresque
1179 4574 1538 4650 exprimere
1572 4590 1697 4633 non
1731 4574 2002 4645 licuerit,
2036 4596 2113 4638 ex
2146 4580 2287 4655 ipso
2324 4580 2562 4642 recenti
2594 4580 2896 4641 cadavere
2922 4578 3308 4655 lineamenta
3336 4572 3695 4651 ducunl,t3t
3723 4577 3811 4622 ex

603 4675 854 4726 mortuo
889 4664 1104 4725 vivum
1147 4659 1479 4742 efﬁngunt.
1505 4665 1594 4724 Ita
1628 4684 1745 4743 ego
1778 4684 1856 4726 ex
1887 4667 1985 4727 his
2017 4669 2328 4743 homiliis,
2352 4674 2420 4733 in
2453 4672 2857 4750 quibusipse
2905 4687 3037 4733 non
3084 4685 3278 4747 pauca
3336 4663 3606 4742 reliquit
3656 4658 3811 4719 vitm

597 4778 731 4822 sua)
755 4778 1137 4838 morumque
1168 4759 1435 4837 vestigia
1465 4775 1537 4820 ac
1569 4757 1791 4832 lineas,
1826 4760 2165 4841 imaginem
2207 4768 2348 4827 vitm
2376 4768 2583 4847 ipsius
2615 4767 2840 4830 ducam
2870 4789 2887 4842 ;
2919 4765 3095 4829 nulla
3126 4770 3222 4825 est
3287 4762 3457 4822 enim
3518 4754 3808 4850 profecto

598 4859 808 4936 imago
841 4856 1040 4919 animi
1082 4857 1289 4920 verior
1313 4854 1733 4929 etillustrior,
1768 4873 1955 4934 quam
1983 4861 2185 4925 oratio
2227 4862 2473 4942 ingenii
2520 4871 2582 4925 et
2634 4863 2831 4926 animi
2888 4862 3099 4943 ipsius
3152 4870 3495 4937 germanus
3557 4857 3809 4930 partus,

599 4954 962 5031 scitumque
1001 4962 1097 5013 est
1124 4953 1286 5015 illud
1322 4950 1626 5018 Demetrii
1653 4951 1941 5013 Phalerei
1982 4973 1996 5012 :
2031 4954 2179 5026 Σχεδὶ

2248 4960 2431 5013 εἰκόνα
2461 4959 2692 5023 ἕκαστος
2744 4960 2841 5030 τῆς
2874 4960 3066 5015 ἑαυτοῦ
3099 4956 3279 5027 ψυχῆς
3324 4954 3527 5023 γράςρει
3557 4951 3654 5016 τὴν
3686 4948 3814 4998 ἐπιδ

603 5046 819 5117 στολὴν,
849 5049 944 5103 καὶ
974 5048 1091 5102 ἐστι
1122 5050 1222 5119 μὲν
1251 5049 1346 5102 καὶ
1390 5046 1450 5113 ἐξ
1480 5049 1639 5103 ἄλλου
1674 5048 1832 5118 λόγου
1862 5047 2062 5117 mea;
2092 5049 2183 5101 ἱδεῖ

2241 5051 2302 5102 τὸ
2330 5044 2459 5121 ἦθος
2480 5048 2573 5103 τοῦ
2612 5048 2939 5120 γράφοντος.
2973 5046 3279 5123 Idemque
3318 5043 3369 5103 si
3424 5037 3577 5117 quid
3627 5033 3806 5095 aliud

604 5150 803 5211 prmse
835 5134 997 5195 ferre
1030 5135 1187 5195 mihi
1220 5136 1524 5199 videntur
1557 5137 1623 5199 hi
1657 5136 2067 5215 Theophanis
2101 5153 2455 5212 sermones,
2489 5155 2563 5199 ex
2596 5139 2837 5218 quibus
2862 5140 3045 5219 quasi
3079 5138 3387 5218 vestigiis
3404 5151 3521 5214 ego
3559 5130 3807 5199 omnia.

601 5246 746 5307 quae
776 5230 851 5291 ad
884 5228 1021 5308 ejus
1050 5232 1338 5307 patriam,
1376 5233 1679 5294 saeculum
1724 5249 1852 5311 quo
1885 5232 2058 5303 vixit,
2086 5231 2457 5307 dignitatem
2492 5237 2805 5314 episc0pi,
2844 5236 3420 5315 peregrinationes,
3460 5244 3669 5290 mores
3694 5225 3810 5285 de-

605 5324 801 5404 nique
831 5340 901 5385 ac
939 5325 1147 5386 studia
1183 5326 1527 5403 pertinent,
1562 5328 2040 5408 pervestigabo;
2070 5343 2258 5404 spero
2282 5338 2494 5390 autem
2554 5338 2845 5408 εὐστόχως,
2873 5332 2927 5394 si
2962 5336 3132 5395 Deus
3174 5330 3433 5412 juverit.
3498 5327 3587 5385 Ne
3652 5338 3802 5381 veru

508 5460 511 5461 ν
608 5436 739 5481 uno
771 5419 1082 5504 orationis
1123 5428 1317 5483 tractu
1368 5423 1582 5485 omnia
1629 5426 2017 5496 dicerentur,
2075 5442 2088 5484 ι

2222 5438 2264 5481 Π
2316 5426 2625 5496 εἰσαγωγὴν
2652 5440 2768 5485 seu
2802 5430 3084 5500 προοίμιον
3139 5424 3505 5495 εἰσαγωγικὺν
3563 5416 3629 5476 ἱι]
3686 5413 3802 5474 tria

615 5517 945 5591 prooemia,
974 5516 1261 5594 eaquein
1296 5518 1512 5597 plures
1545 5519 1731 5582 etiam
1768 5528 1971 5600 partes
2004 5518 2329 5597 diSpertiri
2373 5517 2580 5586 visum
2626 5529 2719 5582 est
2758 5541 2774 5585 :
2808 5520 2901 5580 sic
2924 5519 3095 5582 enim
3139 5525 3198 5579 et
3256 5516 3511 5578 tmlium
3568 5514 3808 5590 legenti

682 5702 701 5737 ⁸
734 5702 892 5762 Ert'li.
927 5717 1013 5765 xx,
1045 5701 1134 5760 5⁸3.
