4002 6344
288 317 363 383 δι
1314 325 1716 392 FRANClSCI
1757 329 2021 392 SCORSI
2055 327 2490 394 PROCEMIUM
2533 328 2579 393 Ι.
3493 324 3568 388 ii?

295 452 468 491 unum
500 451 566 492 ex
592 435 816 493 alterius
848 437 1071 494 interitu
1104 438 1368 510 nascitur,
1399 443 1694 499 excitatum
1725 458 1884 502 com-

295 527 600 593 pericmus.
631 531 712 583 Ac
750 543 941 600 parum
982 528 1074 586 hic
1100 531 1169 587 ad
1206 547 1317 589 rem
1347 538 1585 605 pertinet
1615 546 1881 606 nostram,

297 629 484 675 utrum
513 619 695 679 Naxus
724 637 790 677 eo
819 621 934 678 loco
957 622 1060 678 sita
1085 621 1270 689 fuerit,
1301 628 1390 682 ubi
1429 644 1572 684 nunc
1599 629 1880 685 castellum

295 713 637 781 conspicitur
687 712 832 784 vulgi
887 711 1248 784 appellatione
1300 719 1352 770 to
1412 716 1608 774 Schise‘
1652 720 1880 787 dictum,

292 799 445 869 quod
477 800 686 858 duobus
713 801 934 858 circiter
970 802 1210 862 millibus
1245 820 1277 860 a
1302 805 1670 864 Tauromenio
1695 808 1882 876 distat,

294 902 361 948 ut
386 891 622 951 Thomas
646 893 894 953 Paullus
925 899 1152 968 ejusque
1180 899 1404 955 asseclze
1432 911 1783 962 cettsuerunt.
1812 915 1881 956 an

295 982 582 1054 aliquanto
605 985 836 1058 longius,
861 981 1103 1057 quinque
1128 987 1694 1052 sciiicet,miiliaribus
1723 992 1882 1048 dissi-

295 1082 418 1133 tum
454 1073 636 1140 fuerit,
665 1078 806 1146 quod
855 1075 1142 1144 Philippus
1189 1076 1499 1144 Cluverius,
1525 1078 1884 1148 diligentissi-

293 1179 424 1219 mus
475 1166 673 1242 veteris
714 1165 914 1232 Sicilia
953 1168 1374 1238 pet-vestigator,
1418 1169 1645 1244 scribit,
1685 1167 1779 1239 qui
1829 1174 1886 1224 et

297 1255 615 1326 opinionem
649 1256 950 1327 superioris
990 1257 1279 1329 scriptoris
1306 1275 1372 1316 ex
1407 1249 1693 1317 Itinerario
1717 1264 1885 1316 Anto-

294 1345 414 1400 nini
442 1347 658 1403 refellit.
689 1348 906 1404 Certum
940 1348 1091 1416 illud,
1115 1359 1174 1407 et
1205 1365 1238 1406 a
1268 1352 1512 1421 probatis
1541 1351 1880 1420 auctoribus,

294 1432 589 1500 Strabone.
639 1435 735 1493 lib.
785 1452 865 1505 vr,
919 1436 1176 1505 Diodoro,
1233 1438 1327 1497 lib.
1380 1454 1498 1508 xrt,
1543 1439 1877 1512 Thucydide,
1941 1450 1952 1466 "

290 1523 395 1596 lib.
426 1539 500 1588 vt,
530 1525 821 1584 Plutarcho
855 1527 910 1584 in
943 1526 1268 1586 Timoleonta
1306 1545 1328 1586 :
1357 1544 1424 1586 ex
1456 1545 1564 1602 quo
1585 1532 1880 1587 conﬁrma-

292 1622 393 1668 tur
420 1612 660 1670 narratio
684 1611 754 1670 de
779 1612 1134 1672 Taurumenii
1165 1617 1379 1687 origine
1406 1617 1568 1674 allata
1589 1633 1620 1683 a
1649 1618 1878 1674 Diodoro

289 1703 421 1760 loco
443 1702 554 1774 jam
586 1703 757 1771 dicto,
802 1719 977 1776 eaque
1007 1705 1188 1778 potior
1227 1717 1284 1763 et
1310 1709 1492 1764 verior
1533 1708 1881 1766 existimatur

286 1806 462 1863 quam
508 1806 629 1864 quae
665 1794 897 1852 traditur
924 1796 994 1852 ab
1020 1797 1214 1852 eodem
1262 1799 1345 1853 sui
1394 1814 1583 1869 parum
1617 1813 1878 1866 memore,

289 1882 398 1939 lib.
435 1898 550 1951 xlv,
592 1899 624 1941 a
669 1886 911 1943 secunda
942 1887 1181 1944 diversa.
1228 1886 1324 1944 llis
1368 1889 1538 1960 igitur
1565 1890 1878 1946 auctoribus

287 1975 416 2030 hac
465 1973 742 2035 alerimus
783 1995 801 2034 :
845 1990 877 2032 a
935 1976 1175 2034 Theocie
1227 1980 1547 2036 Atheniensi
1601 1980 1874 2036 conditum

287 2063 530 2133 Naxum,
575 2067 669 2138 qui
715 2055 958 2155 θυρίδι)
997 2068 1250 2125 instituto
1280 2083 1442 2126 cursu
1487 2071 1540 2126 in
1580 2087 1645 2129 ea
1695 2072 1876 2127 littora

285 2159 471 2214 vetitis
514 2168 660 2217 esset
703 2158 983 2228 abreptus,
1013 2173 1250 2228 eumque
1296 2161 1398 2216 soli
1448 2165 1744 2218 bonitatem
1776 2167 1876 2217 ad-

284 2250 573 2316 venisset,
612 2257 670 2305 et
711 2249 1027 2304 Siculorum
1067 2250 1120 2304 in
1167 2264 1235 2306 eo
1283 2251 1509 2308 colendo
1553 2254 1874 2324 segnitiem,

287 2341 510 2394 domum
540 2354 812 2406 reversus,
837 2354 966 2394 cum
1009 2340 1458 2409 Atheniensibus,
1499 2343 1577 2398 uti
1602 2344 1888 2400 coloniam

285 2443 360 2485 eo
388 2430 681 2498 mitterent,
709 2430 1041 2500 persuadere
1084 2446 1194 2486 non
1225 2433 1511 2500 potuisset,
1543 2437 1714 2492 ast-ito
1759 2449 1876 2490 ma-

286 2531 404 2589 gno
441 2518 882 2578 Chalcidensium
924 2518 1206 2577 Lubacam
1247 2523 1482 2580 insulam
1525 2527 1873 2582 incolentium

290 2625 546 2676 numero,
574 2610 763 2667 lonum
796 2611 924 2670 item
950 2621 1007 2668 et
1038 2611 1412 2680 Doriensium,
1443 2631 1670 2687 quorum
1704 2617 1877 2683 major

285 2718 424 2774 pars
465 2703 810 2776 Megarenses
849 2715 1029 2772 erant,
1081 2708 1136 2762 in
1191 2709 1433 2765 Siciliam
1481 2711 1775 2779 navigavit,
1821 2720 1876 2764 et

283 2794 694 2852 Chalcidenses
721 2795 938 2866 quidem
987 2795 1224 2864 Naxum,
1273 2799 1562 2856 Dorienses
1606 2799 1875 2872 Megaram

282 2880 606 2951 condidere,
637 2883 799 2956 idque
825 2884 1122 2957 contigisse
1146 2902 1293 2942 anno
1322 2898 1448 2943 ante
1476 2890 1751 2946 Christum
1777 2906 1878 2946 na-

288 2982 412 3028 tum
440 2974 564 3041 756,
589 2983 715 3046 post
733 2972 1032 3042 Troianum
1061 2978 1260 3034 bellum
1283 2979 1409 3035 448.
1434 2978 1718 3037 Cluverius
1742 2980 1879 3036 scri-

286 3064 397 3131 bit,
425 3079 546 3120 cum
571 3080 745 3124 annos
770 3065 878 3123 535
917 3065 1106 3122 Naxus
1138 3070 1404 3134 stetisset,
1434 3071 1649 3125 tandem
1693 3085 1723 3124 a
1757 3070 1878 3126 Dio—

284 3156 454 3225 nysio
496 3156 890 3237 Syracusarum
934 3164 1166 3229 tyranno
1189 3161 1427 3230 iuniore,
1457 3162 1602 3233 quod
1640 3162 1758 3231 ejus
1785 3172 1876 3233 ty.

283 3249 507 3304 rannidi
558 3247 768 3306 infensa
814 3249 1007 3306 civitas
1040 3252 1109 3307 ab
1158 3267 1224 3309 eo
1264 3255 1599 3322 descivisset,
1630 3271 1874 3312 eversam

281 3353 429 3396 esse.
461 3335 631 3409 Igitur
654 3347 776 3409 post
806 3338 941 3396 Naxi
971 3343 1247 3399 excidium
1279 3357 1426 3400 anno
1449 3345 1543 3411 31,
1569 3347 1875 3402 Androma-

282 3430 448 3495 chus,
490 3429 679 3488 Tisz
724 3433 991 3499 historici,
1023 3450 1186 3504 quem
1215 3436 1400 3494 laudat
1430 3437 1510 3495 κζ
1533 3438 1742 3498 Tullius
1781 3440 1872 3496 lib.
1903 3428 1914 3441 ’

279 3524 367 3579 De
397 3533 560 3593 orat.,
584 3532 761 3594 pater,
786 3527 1037 3584 exsulum
1075 3529 1334 3600 reliquias
1357 3531 1483 3588 hinc
1505 3534 1628 3588 inde
1650 3548 1867 3602 cogens,

279 3625 529 3672 montem
561 3615 824 3682 Taurum,
850 3618 922 3674 ab
948 3621 1090 3673 tauri
1121 3620 1297 3674 forma
1322 3621 1548 3686 dictum,
1575 3623 1684 3679 illis
1719 3623 1871 3678 habi-

282 3707 512 3761 tandum
559 3705 732 3771 dedit,
759 3707 903 3776 quod
953 3721 984 3761 a
1020 3706 1185 3778 longo
1232 3711 1492 3780 temporis
1535 3713 1732 3780 spatio,
1767 3727 1874 3782 quo

280 3798 359 3854 ibi
418 3795 734 3851 substiterat
791 3793 1217 3852 Tauromenium
1270 3812 1299 3852 a
1331 3809 1486 3855 tauro
1515 3812 1569 3858 et
1593 3805 1874 3873 manendo,

278 3889 475 3946 5m
493 3887 604 3943 ἀπὸ
617 3887 722 3957 τῆς
742 3887 838 3940 ὲπὶ
859 3887 1075 3959 Ταύρου
1104 3891 1276 3961 μονῆς
1297 3893 1618 3963 appellatum
1642 3913 1656 3949 :
1677 3905 1873 3954 etcum

279 3980 484 4039 subitis
523 3979 778 4050 oppidum
826 3977 1185 4038 incrementis
1237 3981 1430 4041 ﬂorere
1473 3987 1748 4055 coepisset,
1793 3989 1876 4045 fa-

279 4082 438 4130 ctum
482 4078 568 4125 est
615 4077 678 4124 ut
737 4076 794 4124 et
845 4069 1042 4126 incolae
1105 4071 1354 4146 ingentes
1402 4091 1536 4145 opes
1580 4089 1637 4135 et
1684 4083 1876 4139 civitas

285 4161 609 4234 dignitatem
636 4157 1024 4229 amplissimam
1057 4161 1162 4219 sibi
1184 4177 1545 4236 compararet.
1577 4170 1752 4240 Atque
1788 4174 1874 4230 hic

280 4265 373 4316 est
402 4250 752 4310 Tauromenii
783 4261 960 4317 ortus,
998 4254 1117 4310 haec
1149 4259 1385 4326 nominis
1430 4260 1604 4332 origo.
1641 4261 1793 4327 Quod
1827 4265 1872 4320 si

281 4344 517 4410 Plinius,
568 4341 811 4412 Colonia,
871 4343 1071 4415 inquit,
1121 4345 1548 4418 Tauromenium,
1583 4368 1702 4423 qua:
1750 4366 1873 4410 ante

282 4440 392 4509 fuit
422 4437 650 4505 Naxos;
685 4445 743 4493 et
780 4435 1004 4493 Solinus
1047 4439 1233 4498 itidem
1274 4441 1552 4498 Coloniam
1583 4445 1873 4503 Taurome-

282 4533 462 4595 nium,
493 4545 656 4600 quam
687 4529 848 4598 prisci
875 4528 1095 4586 Naxum
1127 4537 1414 4603 uocabant;
1452 4536 1496 4592 si
1526 4539 1594 4595 de
1635 4556 1764 4607 uno,
1788 4541 1872 4596 in-

281 4635 476 4693 quam,
500 4619 1017 4690 eodemquepppido
1039 4632 1094 4680 et
1116 4624 1308 4680 eodem
1333 4628 1438 4681 situ
1457 4631 1632 4698 posito
1653 4631 1872 4702 loquan-

279 4722 400 4776 tur,
431 4712 551 4768 falsi
576 4722 735 4778 sunt;
763 4711 812 4769 si
851 4713 917 4767 ad
954 4713 1101 4768 hunc
1129 4714 1460 4772 intellectum
1502 4721 1870 4789 traducantur,

277 4813 341 4859 ut
365 4817 437 4858 ex
458 4800 758 4858 Naxiorum
779 4801 993 4858 colonia
1020 4798 1442 4860 Tauromenium
1473 4819 1652 4863 ortum
1681 4811 1868 4881 velint,

275 4893 425 4948 veri.
474 4890 745 4948 Caeterum
794 4889 1120 4961 etymologia
1183 4905 1346 4959 quam
1397 4890 1644 4954 Fazellus
1706 4898 1872 4955 refert

276 4985 511 5042 omnino
553 4983 737 5052 inepta
781 4989 865 5037 est
896 4998 911 5034 :
947 4979 1357 5037 Tauromenium
1404 4989 1624 5056 dictum,
1673 4991 1868 5061 inquit,

272 5073 437 5144 quasi
482 5076 624 5128 tauri
666 5073 944 5141 Ionimdo.
990 5069 1134 5128 Nam
1176 5089 1373 5130 menos
1401 5077 1582 5134 Graece
1616 5093 1689 5134 est
1716 5083 1872 5151 farti-

273 5166 414 5222 tstdo
443 5182 535 5221 seu
579 5165 765 5221 robur.
813 5163 1006 5223 Falsus
1053 5176 1140 5222 est
1180 5168 1423 5225 Fazellus
1467 5173 1523 5226 in
1557 5175 1739 5239 verbo,
1775 5179 1867 5231 sed

274 5257 461 5327 magis
489 5257 542 5312 in
587 5271 678 5322 re;
712 5271 822 5312 non
863 5263 949 5313 est
993 5257 1155 5326 μένος
1187 5263 1404 5328 proprie
1449 5263 1706 5324 fortitudo
1738 5284 1868 5323 mm—

271 5350 638 5418 niorum,sed
682 5353 1013 5417 animorum,
1061 5353 1144 5407 vel
1190 5369 1474 5423 corporum
1519 5375 1533 5411 :
1582 5375 1756 5429 neque
1803 5377 1868 5415 ex

275 5459 565 5504 murorum
596 5443 936 5511 ftzt'titmiinc,
966 5446 1058 5500 sed
1089 5464 1153 5503 ex
1190 5449 1482 5514 tuansionc,
1518 5461 1573 5504 ut
1608 5451 1866 5511 Diodorus

271 5550 449 5608 supra
479 5533 680 5590 relatus
707 5546 796 5589 est
819 5546 1030 5604 auctor,
1073 5537 1307 5594 deducta
1338 5543 1622 5608 originatio
1656 5543 1862 5599 Tauro-

271 5628 445 5682 ntcnii
471 5644 486 5690 ;
517 5628 610 5682 scd
651 5626 738 5680 hic
786 5640 938 5682 error
965 5628 1104 5685 forte
1139 5635 1523 5690 contionandus
1562 5647 1726 5698 esset,
1763 5641 1862 5696 nisi

271 5736 334 5775 se
388 5719 504 5787 ipse
546 5720 600 5775 in
645 5717 847 5788 lingua:
878 5719 1077 5776 Crines:
1111 5726 1316 5791 spiucia
1348 5731 1529 5785 \'Ui‘.‘.'15
1573 5747 1632 5786 ac
1665 5735 1859 5800 sciens,

1987 465 2086 506 seu
2115 449 2293 518 potius
2337 446 2600 512 nesciens,
2638 443 2962 501 induxisset.
2991 440 3129 512 Quid
3161 439 3292 497 illud
3321 439 3466 510 quod
3496 440 3565 494 ad

1987 541 2388 595 lirmamentnm
2439 536 2610 605 addit,
2659 550 2820 608 quam
2870 535 2989 591 leve
3040 546 3204 604 atque
3257 533 3563 595 ridiculum,

1988 647 2172 688 muros
2207 631 2402 686 nutantia
2449 630 2742 701 appellatos
2788 628 2943 701 quasi
2978 643 3008 682 a
3044 628 3225 698 μένος.
3261 625 3421 694 Atqui
3461 622 3564 678 hoc

1985 734 2068 780 est
2120 725 2280 779 etiam
2332 723 2524 777 Latine
2573 724 2825 777 nescire:
2857 719 3050 776 mmnia
3101 719 3256 788 quasi
3305 718 3484 772 munia
3532 731 3564 771 a

1986 817 2271 870 muniendo
2301 817 2444 871 dicta
2474 825 2600 871 sunt
2627 815 2805 883 prisco
2839 827 3086 870 sermone
3115 812 3447 874 Latinorum,
3473 809 3564 876 qui

1987 921 2082 976 per
2119 922 2166 962 ω
2196 905 2506 962 scribebant
2533 917 2586 962 et
2627 905 3095 973 ell‘erebant,'quat
3139 911 3325 973 postea
3364 914 3462 969 per
3501 915 3559 954 at.

1983 999 2210 1056 Plautus
2259 998 2416 1070 Capt.
2452 1014 2473 1053 :
2509 997 2711 1053 Vinclis
2759 997 3112 1064 custodiisque
3161 990 3564 1048 circummuniti

1983 1095 2186 1147 sumus.
2224 1090 2316 1146 Sic
2343 1093 2495 1146 rner
2522 1104 2619 1159 pro
2648 1090 2807 1157 muri,
2839 1103 2976 1143 «esus
3008 1102 3105 1157 pro
3134 1091 3294 1152 usus;
3318 1095 3372 1140 et
3405 1083 3562 1154 plura

1984 1185 2038 1242 id
2070 1199 2258 1256 genus.
2294 1185 2401 1240 Sed
2449 1184 2502 1238 in
2539 1182 2810 1238 nonnullis
2851 1194 2984 1235 usus
3029 1178 3246 1234 retinuit
3291 1189 3359 1242 te,
3401 1185 3460 1230 ut
3505 1174 3561 1229 in

1982 1278 2260 1341 moenibus,
2308 1277 2362 1332 in
2410 1275 2682 1346 plerisque
2725 1271 3048 1341 repudiavit,
3101 1278 3162 1324 ut
3207 1267 3262 1323 in
3303 1266 3561 1334 exemplis

1981 1367 2187 1425 allatis.
2212 1367 2325 1424 Hoc
2353 1367 2515 1438 igitur
2540 1372 2759 1435 etymon
2788 1362 3004 1418 falsum.
3038 1360 3104 1416 Et
3128 1372 3256 1415 vero
3287 1358 3450 1441 etiam
3479 1356 3561 1411 l’a-

1981 1460 2228 1517 bulosum
2279 1460 2408 1516 illud
2448 1461 2590 1530 quod
2633 1454 2792 1514 adert
2833 1455 3067 1524 scriptor
3094 1451 3338 1507 historia:
3381 1448 3557 1504 sancti

1981 1547 2278 1615 Pancratii,
2306 1551 2464 1621 primi
2494 1545 2842 1605 Tauromeuii
2885 1541 3148 1615 episcopi,
3180 1539 3337 1612 quasi
3365 1555 3395 1595 a
3428 1537 3561 1595 Hrc-

1983 1657 2102 1696 mra
2151 1652 2207 1696 ct
2250 1639 2431 1695 Tauro
2474 1640 2680 1695 dictum
2715 1635 3134 1692 Tauromenium
3162 1649 3179 1685 :
3212 1627 3561 1699 scriptoriu-

1980 1747 2143 1803 quam
2189 1744 2514 1802 anonymus,
2565 1745 2670 1785 non
2715 1726 2998 1797 Evagrius,
3046 1720 3342 1792 discipulus
3391 1718 3556 1788 ipsius

1981 1825 2153 1880 sancti
2191 1823 2477 1887 Pancratii,
2521 1820 2674 1891 cuius
2723 1819 2939 1874 nomine
2987 1816 3269 1886 supposito
3314 1823 3420 1867 tota
3466 1809 3556 1865 illa

1982 1913 2160 1970 fabula
2181 1916 2359 1984 petitis
2384 1925 2544 1982 quam
2572 1910 2792 1966 historia
2816 1907 3062 1971 emersit,
3079 1907 3164 1959 vel
3187 1914 3334 1960 certe
3361 1900 3557 1956 fabula:

1981 2005 2166 2063 multa
2219 2005 2274 2062 in
2329 2018 2511 2060 veram
2566 2001 2844 2058 historiam
2901 1998 3266 2068 irrepserunt,
3311 2007 3473 2063 quam
3521 2005 3553 2045 a

1983 2095 2173 2152 Graeco
2196 2097 2248 2150 in
2281 2094 2529 2149 Latinum
2559 2094 2854 2147 traductam
2881 2087 3066 2157 accepi
3095 2100 3162 2140 ex
3192 2081 3554 2138 monumentis

1980 2187 2042 2244 P.
2087 2188 2295 2244 Octavii
2341 2186 2586 2248 Caetani,
2626 2181 2905 2252 scriptoris
2948 2169 3190 2235 historié
3240 2184 3554 2229 sanctorum

1984 2279 2313 2333 Siculorum.
2346 2275 2511 2343 igitur
2542 2281 2812 2334 narratur,
2845 2269 3079 2349 Tauroni
3124 2268 3409 2337 quemdam
3454 2277 3554 2318 no-

1983 2371 2150 2432 mine,
2195 2369 2581 2431 Chananaeum,
2629 2380 2659 2418 a
2710 2362 2860 2433 Syris
2909 2370 3144 2430 captum,
3173 2368 3225 2413 ct
3264 2356 3553 2411 mercatori

1983 2457 2230 2512 Romano
2259 2457 2536 2512 venditum
2570 2443 2623 2507 in
2657 2452 2928 2513 Calabria,
2961 2449 3183 2504 ductum
3239 2447 3306 2501 ad
3356 2445 3557 2500 Renai-

1983 2549 2113 2604 dum
2143 2545 2573 2618 topareham,cui
2601 2559 2735 2598 uxor
2764 2552 2882 2596 crat
2909 2538 3124 2594 Maenas:
3152 2536 3554 2602 Macedonis“;

1981 2643 2078 2697 sed
2112 2657 2234 2696 cum
2269 2638 2539 2695 Renaldus
2580 2638 2632 2692 in
2683 2651 2748 2692 eo
2784 2635 2922 2691 bello
2967 2634 3113 2705 quod
3158 2632 3323 2702 gessit
3369 2640 3555 2686 contra

1982 2732 2315 2802 Aquilinum,
2345 2733 2396 2786 in
2422 2726 2666 2787 Calabria
2698 2743 2900 2798 regem,
2936 2740 3108 2782 caesus
3148 2732 3311 2787 esset,
3344 2720 3556 2776 lituum

1982 2823 2162 2880 Tauro
2189 2824 2390 2892 nupsit.
2418 2821 2537 2876 Mox
2563 2820 2847 2891 Aquiliuus
2876 2833 2966 2874 rex
2991 2818 3173 2886 copias
3200 2824 3383 2870 contra
3407 2813 3451 2866 Τ
3456 2829 3553 2867 au-
3597 2886 3603 2892 ε

1984 2932 2102 2972 rum
2134 2917 2346 2980 eduxit;
2383 2915 2536 2985 isque
2557 2929 2676 2967 cum
2727 2912 2939 2967 Mzena'a
2970 2911 3196 2980 conjuge
3235 2909 3287 2962 in
3316 2906 3554 2962 Siciliam

1924 3027 1942 3036 δ
1984 3009 2243 3080 profugit,
2291 3009 2380 3064 ubi
2407 3008 2828 3062 Tauromenium
2878 3023 2907 3058 a
2951 3003 3267 3074 cottjugibus
3294 2999 3474 3054 Tauro
3500 3005 3557 3052 et

1983 3104 2198 3161 Maenas
2241 3103 2517 3159 conditum
2555 3111 2659 3155 est.
2708 3097 2830 3153 Haec
2872 3105 2956 3152 est
3003 3094 3196 3150 fabella
3246 3093 3311 3148 de
3347 3090 3557 3160 origine

1981 3192 2336 3250 Tauromenii
2370 3191 2598 3248 conficta
2626 3171 2681 3245 et
2709 3189 2761 3242 in
2805 3187 2994 3254 vulgus
3034 3184 3233 3250 dedita,
3262 3198 3381 3251 ane
3424 3195 3556 3240 sane

1981 3285 2253 3356 proposita
2301 3299 2332 3339 a
2356 3299 2440 3338 me
2469 3291 2595 3338 ante
2627 3279 2868 3354 veritatis
2913 3277 3180 3333 historica:
3203 3274 3400 3336 lucem,
3436 3273 3554 3352 sine

1980 3377 2088 3432 ulla
2135 3373 2599 3447 argumentatione
2646 3371 2804 3441 quasi
2854 3367 3049 3422 nebula
3100 3365 3344 3420 discussa
3390 3361 3555 3430 disjeo

1979 3474 2178 3534 Ciaque
2214 3466 2326 3532 jam
2357 3472 2462 3523 est,
2493 3470 2548 3515 et
2589 3475 2618 3514 a
2654 3459 2844 3528 quovis
2881 3454 3222 3510 mediocriter
3266 3454 3320 3506 in
3365 3451 3552 3506 critica

1976 3560 2274 3612 exercitato
2328 3552 2641 3622 dispelletur
2670 3568 2686 3605 :
2719 3563 2878 3618 quam
2915 3557 2971 3601 et
3017 3542 3264 3600 Fazellus
3320 3543 3434 3610 ipse
3468 3556 3553 3594 re-

1979 3647 2147 3720 pulit;
2200 3660 2322 3700 nam
2361 3643 2428 3699 de
2475 3641 2697 3700 Octavio
2738 3638 2975 3695 Caetauo
3022 3649 3126 3689 non
3173 3641 3314 3687 esset
3359 3632 3550 3685 mirum

1980 3719 2209 3793 acrioris
2236 3733 2423 3806 iudicii
2458 3733 2604 3799 viro;
2635 3729 2731 3787 sed
2768 3744 2884 3784 eam
2917 3726 3022 3782 huc
3050 3722 3230 3788 retuli,
3261 3731 3318 3776 ut
3350 3737 3380 3775 a
3408 3719 3550 3789 vulgi

1978 3831 2143 3887 etiam
2171 3825 2609 3883 Tauromenitani
2634 3822 2907 3887 sensibus,
2935 3819 2990 3874 in
3019 3819 3238 3886 quibus,
3263 3824 3318 3870 ut
3345 3823 3551 3868 crcterre

1981 3924 2150 3979 aniles
2185 3919 2379 3977 fabulas
2425 3918 2649 3976 haesisse
2680 3916 2858 3981 video,
2889 3921 3147 3983 quantum
3183 3909 3300 3966 ﬁeri
3347 3916 3550 3978 posset,

1977 4023 2420 4084 extorqueretur.
2444 4011 2526 4066 Ab
2553 4009 2660 4066 illis
2689 4009 2853 4080 igitur
2883 4004 3053 4061 initiis
3081 4001 3383 4072 proiectum
3406 3995 3553 4051 Tauc

1979 4107 2279 4164 romeniunt
2333 4118 2528 4173 capere
2571 4118 2668 4159 sua
2714 4100 2881 4170 capit
2927 4096 3279 4153 incrementa.
3317 4091 3400 4147 De
3440 4104 3552 4160 quo

1977 4198 2107 4254 illud
2133 4198 2294 4252 etiam
2324 4194 2661 4267 antiquitatis
2691 4193 2807 4263 ejus
2851 4198 2906 4244 et
2934 4186 3212 4259 dignitatis
3257 4185 3550 4239 documen-

1980 4303 2090 4348 tum
2120 4289 2314 4354 habeo,
2339 4288 2482 4357 quod
2512 4300 2542 4340 a
2582 4284 2817 4346 nemine,
2853 4280 2995 4350 quod
3021 4278 3214 4339 sciam,
3242 4288 3427 4329 eorum
3457 4271 3550 4339 qui

1979 4396 2066 4438 res
2100 4378 2410 4434 Sicilienses
2452 4376 2740 4445 scripsere,
2773 4372 2969 4428 litteris
2995 4371 3260 4440 proditum
3300 4375 3384 4422 cst
3413 4387 3422 4419 :
3452 4381 3552 4434 ego

1976 4485 2109 4526 vero
2142 4471 2207 4523 ab
2253 4467 2590 4523 nobilissimo
2617 4479 2768 4533 teque
2795 4476 2860 4517 ac
2890 4460 3290 4540 studiosissimo
3319 4455 3552 4524 antiqui-

1976 4562 2104 4620 tatis
2145 4559 2531 4614 etlitterarum
2577 4556 2642 4612 Β.
2676 4555 2902 4609 Martius
2949 4552 3219 4617 Lolarlna,
3269 4548 3550 4604 Panormi—

1976 4661 2127 4716 tau'o,
2160 4649 2252 4721 qui
2284 4648 2442 4705 hodie
2468 4646 2608 4717 apud
2639 4644 3018 4716 Hispaniarum
3051 4655 3229 4711 regem
3268 4638 3412 4706 degit
3453 4650 3547 4690 ca-

1973 4741 2127 4814 pellae
2156 4741 2313 4812 regis:
2336 4739 2601 4800 addictus,
2633 4735 2763 4790 illud
2789 4733 2970 4798 accepi
2996 4746 3118 4785 cum
3146 4742 3212 4783 ex
3243 4727 3452 4781 Malcho
3481 4726 3547 4782 do

1973 4835 2085 4890 vita
2157 4832 2476 4903 Pythagorae
2545 4845 2574 4882 a
2628 4826 2874 4882 Cunradn
2944 4818 3308 4875 Rittershusio
3362 4815 3548 4872 Graece

1975 4927 2120 4981 edito
2153 4934 2436 4994 exceptum
2474 4922 2539 4975 ad
2591 4933 2674 4971 tne
2706 4916 3003 4978 detulisset,
3053 4910 3195 4979 quod
3229 4921 3311 4966 est
3358 4909 3545 4976 hujus-

1976 5015 2166 5070 modi:
2203 5015 2299 5074 *Ας
2346 5010 2391 5063 δ’
2420 5008 2767 5077 ἐπιδημήσας
2811 5003 3010 5074 Ἰταλίᾳ
3065 5007 3126 5056 τε
3172 5002 3267 5057 καὶ
3325 4999 3546 5071 Σικελίᾳ

1974 5101 2242 5157 κατέϐαλε
2273 5098 2455 5156 πόλεις
2476 5094 2879 5163 δεδουλωμένας
2911 5095 3002 5146 ὑπ’
3031 5093 3404 5164 summa;
3445 5090 3544 5158 μὲν

1972 5194 2182 5247 πολλῶν
2222 5190 2383 5253 rem;
2414 5190 2511 5249 τὰς
2552 5188 2609 5242 δὲ
2648 5189 2844 5239 νεωστὶ
2894 5189 3239 5257 φρονήματος
3269 5183 3544 5260 ἐξελευθετ

1974 5285 2091 5353 ρίου
2127 5283 2334 5351 πλήσας
2365 5281 2453 5335 διὰ
2493 5279 2602 5334 τῶν
2648 5279 2734 5348 ἐφ’
2768 5279 3010 5347 ἑκάστην
3057 5276 3340 5330 discus-tth
3373 5270 3539 5329 αὐτοῦ

1970 5375 2339 5445 ἠλευθέρωσε.
2375 5373 2664 5444 Κρότωνα.
2697 5375 2798 5427 ,καὶ
2824 5371 3083 5441 Σύϐαριν,
3125 5367 3219 5422 καὶ
3261 5357 3538 5433 Κατάνην,

1971 5467 2065 5518 καὶ
2125 5464 2365 5532 Ῥήγιον,
2414 5465 2510 5518 καὶ
2572 5463 2810 5534 Ἱμέραν,
2872 5462 2967 5515 καὶ
3034 5447 3394 5530 Ἀκρᾶτανὶας
3446 5453 3540 5508 καὶ

1974 5557 2362 5626 Ταυρομένιον,
2391 5557 2484 5633 καὶ
2505 5556 2671 5617 ἄλλας
2696 5555 2868 5618 τινὰς,
2906 5548 2988 5613 αἶς
3023 5553 3115 5604 καὶ⁹
3153 5551 3346 5616 νόμους
3387 5547 3540 5600 ἔθετο

1976 5646 2060 5699 ei
2107 5647 2370 5717 Χαρώνδα
2411 5665 2466 5698 τε
2509 5647 2602 5698 τοῦ
2640 5647 2981 5704 Καταναίων,
3020 5651 3107 5694 καὶ
3159 5639 3420 5693 Ζελεύκθυ
3445 5638 3539 5693 rei}

2915 5737 3020 5794 ταῖς
3071 5731 3362 5800 περιάγεις

1989 5740 2228 5798 Λοκροῦ*
2283 5741 2344 5793 δι’
2395 5733 2469 5795 ὧν
2517 5739 2864 5809 ἁξιιιζήῐ·.ι,ι,ιτιλε
2915 5737 3020 5794 ταῖς
3071 5732 3362 5800 neptem);
3413 5732 3536 5799 ἇκςειε
