4002 6344
409 325 414 342 ’
484 332 554 398 63
1023 357 1027 362 ‘
1521 340 1918 404 FRANCISCI
1962 340 2075 403 SCC

2182 345 2224 404 ii
2267 346 2696 408 PROCEMIUM
2735 347 2781 411 Ι.
3655 355 3734 421 64

484 444 684 502 πολλοῦ
711 446 988 516 γεγόνασι.
1021 447 1268 507 Civitates
1301 464 1437 516 vero,
1475 468 1604 522 quas
1650 454 1704 509 in
1747 470 1842 507 sua
1879 453 2053 508 ltatitc

489 537 787 609 Sioilireque
831 543 1241 614 peregrinatione
1291 542 1623 616 Pythagoras
1672 546 1852 600 vicinis
1898 547 2058 602 seruio

490 640 600 684 tute
625 630 760 690 alias
798 633 1002 700 quidem
1033 635 1345 704 antiquitus,
1378 635 1511 690 alias
1544 652 1664 691 uero
1708 648 1939 693 recenter
1969 653 2059 704 op-

493 739 698 793 pressas
727 727 1049 791 invenit,.eas
1085 727 1339 780 libertatis
1366 728 1541 782 studio
1573 730 1773 801 replens
1807 747 1898 796 per
1935 746 2058 801 suos

496 818 780 880 auditores,
809 833 934 887 quos
965 834 1028 871 ea:
1062 835 1370 888 unaquaque
1413 836 1596 873 earum
1639 831 1922 876 sectatores
1962 820 2059 874 ha-

427 897 435 904 ’
494 906 660 968 bebat,
711 908 761 960 in
817 909 1091 976 pristinam
1147 909 1371 962 asseruit
1420 910 1732 975 libertatem,
1778 908 2056 964 Crotonem

490 999 687 1052 scilicet
728 1007 779 1052 et
814 998 1081 1069 Sybarim,
1123 997 1402 1062 Catenam,
1451 999 1728 1071 Rhegium,
1761 999 2055 1063 Himeram,

489 1091 847 1160 Agrigentum,
902 1100 952 1144 et
1005 1089 1434 1156 Tauromenium,
1483 1101 1532 1144 et
1595 1091 1850 1162 quasdam
1902 1091 2058 1158 alias,

489 1182 676 1241 quibus
703 1181 836 1250 leges
859 1197 951 1250 per
984 1181 1319 1236 Clmroudam
1349 1184 1674 1246 Cotoneum,
1704 1193 1749 1237 et
1777 1181 2060 1237 Zaleucum

489 1270 714 1327 Locrum
741 1274 882 1338 tulit,
913 1290 1196 1343 earumque
1239 1292 1400 1330 causa
1433 1276 1606 1344 digna:
1639 1275 1777 1343 apud
1807 1275 2060 1342 ﬁnitimos

493 1367 560 1418 ad
591 1365 802 1436 longum
827 1382 988 1434 usque
1010 1373 1206 1434 tempus
1238 1369 1429 1423 habita
1461 1377 1602 1434 sunt,
1633 1383 1858 1438 quarum
1895 1381 2072 1420 (επακ

493 1457 1024 1514 larentur'instituta.
1072 1460 1246 1529 Atque
1283 1461 1395 1514 haec
1428 1462 1694 1528 pertinent
1740 1460 1804 1514 ad
1855 1457 2063 1514 Tauro-

496 1550 659 1604 menii
693 1552 1090 1620 antiquitatem,
1124 1552 1208 1606 cui
1243 1568 1346 1608 non
1379 1553 1657 1608 minimum
1697 1551 1942 1619 adjecere
1967 1551 2061 1607 de-

497 1641 782 1710 corisduo
808 1642 1138 1697 nobilissima
1173 1642 1408 1698 virorum
1441 1644 1620 1712 paria;
1657 1658 1883 1712 quorum
1930 1642 2063 1697 alter

497 1732 552 1787 in
586 1732 808 1788 historia
854 1748 978 1789 cum
1014 1735 1125 1803 ipsa
1157 1752 1320 1806 prope
1369 1751 1622 1793 nascente
1665 1739 1832 1808 patria
1886 1736 2066 1792 ﬂoruit.

499 1824 756 1890 Timaeus,
783 1827 1463 1886 Andromarbiconditoris
1494 1828 1654 1893 ﬁlius,
1682 1831 1748 1884 de
1775 1844 1882 1898 quo
1911 1827 2065 1882 testi-

497 1916 735 1970 monium
776 1927 952 1972 exstat
981 1916 1052 1974 Il.
1079 1918 1258 1984 Tullii,
1298 1919 1391 1974 lib.
1425 1937 1462 1976 ιι
1499 1920 1578 1974 De
1609 1928 1751 1975 orat.
1781 1935 1800 1974 :
1837 1917 2064 1974 Timaus

497 2007 646 2079 longe
694 2008 1110 2073 eruditissimus,
1144 2020 1192 2064 et
1232 2027 1412 2065 rerum
1461 2013 1637 2083 copia,
1687 2023 1738 2068 et
1781 2013 2067 2066 sententia-

496 2112 612 2152 rum
661 2084 934 2154 varietate.
965 2098 1481 2165 abundantissimus,
1535 2102 1650 2172 ipsa
1699 2099 2068 2170 compositione

494 2191 768 2245 verborum
819 2206 923 2244 non
976 2189 1268 2257 impolitus,
1304 2205 1547 2261 magnam
1597 2191 1940 2262 eloquentiam
1997 2191 2066 2244 ad

497 2280 827 2334 scribendum
859 2278 1060 2334 attulit.
1097 2277 1339 2334 Meminit
1376 2281 1441 2335 de
1471 2281 1657 2335 eodem
1689 2281 1826 2335 idem
1860 2277 2068 2336 Tullius

500 2372 603 2427 lib.
631 2387 685 2437 ν,
724 2371 897 2439 Epist.
947 2371 1013 2424 ad
1060 2370 1306 2428 Lucium.
1349 2372 1595 2427 Meminit
1643 2371 1964 2427 Plutarchus
2012 2374 2066 2428 in

499 2462 675 2524 Nicia,
705 2463 770 2517 de
819 2461 1060 2517 historiis
1091 2462 1158 2517 ab
1187 2476 1251 2516 eo
1292 2462 1618 2530 conscriptis
1644 2481 1658 2516 :
1688 2471 1914 2517 testatur
1956 2465 2070 2518 haec

502 2547 790 2621 Dionysius
805 2550 1268 2614 Halicarnasseus,
1289 2550 1392 2604 iii).
1412 2565 1430 2605 ι
1458 2552 1818 2621 Antiquitatis.
1838 2552 2068 2621 Τιμαίου

498 2643 597 2698 τοῦ
618 2641 942 2697 Σικελιώτου
974 2641 1042 2695 τὰ
1081 2641 1180 2711 μὲν
1205 2641 1409 2710 ἀρχαῖα
1463 2639 1572 2694 τῶν
1600 2641 1851 2710 ἱστοριῶν
1872 2642 1930 2695 ὲν
1951 2645 2070 2708 ταῖς

437 2748 440 2750 ⁷
501 2739 707 2800 κοιναῖς
733 2734 997 2807 ἱστορίαις
1025 2734 1480 2806 ἀφηγησαμένου,
1531 2737 1658 2799 τοὺς
1687 2737 1742 2792 δὲ
1766 2738 1899 2809 πρὸς
1928 2736 2073 2808 Πύρ-

505 2831 600 2899 ρον
641 2827 734 2881 τὸν
772 2824 1117 2898 Ἠπειρώτην
1156 2827 1428 2897 πολέμους
1456 2828 1537 2892 εις
1578 2829 1714 2883 ἰδίαν
1758 2830 2072 2902 καταχωρι-

504 2935 698 2983 σαντος
743 2918 1146 2988 πραγματείαν.
1200 2918 1312 2974 Hoc
1352 2926 1436 2974 est
1486 2919 1774 2987 interprete
1833 2921 2074 2993 Dionysii

503 3010 850 3078 Sigismundo
896 3009 1101 3065 Galerio
1143 3024 1159 3064 :
1207 3009 1432 3066 Timteus
1483 3009 1698 3066 Siculus
1745 3027 1826 3066 res
1873 3014 2074 3080 priscas

503 3095 807 3171 complexus
838 3101 1124 3156 universali
1151 3102 1398 3166 historia,
1428 3101 1619 3172 Pyrrhi
1667 3102 1896 3173 Epiroten
1926 3105 2073 3160 bellis

502 3197 752 3265 privatim
796 3195 970 3250 dicato
1011 3193 1310 3261 volumine,
1336 3189 1440 3252 Sed
1473 3194 1611 3250 nihil
1647 3195 1807 3264 hujus
1851 3196 2077 3266 insignis

504 3284 746 3342 historici
779 3285 846 3339 ad
879 3293 1116 3340 nostram
1149 3292 1362 3338 aetatem
1393 3287 1656 3355 pervenit.
1689 3285 1842 3341 Alter
1871 3287 2080 3343 Tauro-

507 3375 814 3432 menitanus
849 3373 901 3428 in
948 3373 1189 3429 historiis
1221 3381 1546 3429 memoratus
1575 3373 1788 3432 Phileas
1818 3383 1903 3433 est
1933 3375 1988 3430 in
2019 3389 2079 3432 re

506 3465 822 3523 mechanica
865 3463 1200 3535 prmcellcns,
1229 3464 1541 3522 Archimedi
1580 3465 1922 3536 Syracusano
1949 3467 2081 3536 σύγ-

506 3575 717 3630 χρονος,
761 3561 829 3614 de
869 3573 977 3628 quo
1013 3557 1326 3623 Atheumus,
1354 3556 1449 3614 lib.
1497 3572 1527 3613 ι
1550 3562 1857 3629 Asturam,
1888 3560 1978 3616 nhi
2012 3560 2081 3617 do

505 3648 631 3703 navi
681 3646 951 3712 Hieronis,
1008 3647 1150 3718 regis
1206 3645 1620 3719 Syracusarum,
1669 3651 1838 3721 ipsius
1882 3650 2080 3706 Archi-

510 3741 684 3796 medis
722 3739 1000 3795 molimine
1027 3747 1358 3802 constructa,
1397 3739 1623 3810 ejusque
1655 3739 1796 3795 malo
1837 3741 2080 3795 omnium

507 3834 744 3888 maximo
776 3845 794 3886 :
831 3833 1162 3905 Κατήγαγιν
1175 3831 1234 3887 δὲ
1265 3832 1427 3887 αὑτὸν
1454 3833 1549 3888 ἰπὶ
1578 3831 1851 3888 θάλατταν
1885 3832 2082 3899 Φιλέας

510 3923 539 3978 ὁ
581 3923 991 3994 Ταυρομενίτης
1052 3925 1368 3995 μηχανικός.
1414 3923 1641 3979 Deduxit
1685 3941 1800 3980 eam
1842 3925 1898 3979 in
1940 3940 2083 3981 mare

508 4015 721 4072 Phileas
759 4016 1236 4072 Tauromenitauus
1259 4016 1608 4072 mechanicus.
1639 4016 1757 4072 lam
1793 4030 1922 4073 vero
1946 4017 2085 4073 situs

511 4107 860 4163 Tauromenii
896 4108 1232 4166 admirabilis
1261 4120 1364 4172 est,
1403 4119 1457 4164 et
1488 4118 1675 4164 natura
1717 4111 1887 4182 magis
1920 4124 2082 4183 quam

512 4209 630 4254 arte
659 4202 894 4254 munitus
923 4220 937 4255 :
969 4211 1024 4253 ut
1057 4216 1164 4256 non
1204 4203 1396 4257 mirum
1425 4217 1546 4257 esse
1565 4203 1834 4269 videatur,
1857 4203 1902 4260 si
1929 4217 1959 4257 a
1986 4201 2085 4258 Sa-

516 4297 745 4358 racenis,
779 4295 878 4348 nisi
910 4310 1004 4361 per
1037 4295 1259 4349 insidias
1301 4294 1419 4363 capi
1455 4297 1859 4365 expugnarique
1898 4305 2086 4365 potue-

521 4383 613 4441 rit,
658 4400 826 4452 caque
872 4395 1140 4451 postrema
1192 4387 1352 4439 tuerit
1401 4389 1609 4460 urbium
1658 4386 2082 4442 clarissimarum

519 4475 721 4529 clades.
756 4477 847 4528 list
874 4478 1018 4528 enim
1051 4490 1206 4529 mons
1239 4477 1348 4544 ipse
1384 4477 1434 4528 in
1464 4492 1569 4545 quo
1597 4477 1758 4531 situm
1794 4486 1878 4532 est
1916 4486 1971 4530 et
2001 4492 2088 4530 ar-

518 4567 657 4620 duus
683 4575 736 4618 et
767 4547 992 4619 ascensu
1033 4565 1262 4618 diliicilis
1291 4575 1517 4633 utroque
1545 4582 1610 4620 ex
1639 4567 1829 4631 latere,
1858 4566 2000 4635 quod
2036 4575 2090 4621 ct

518 4673 615 4711 nos
650 4658 748 4724 ipsi
780 4658 950 4711 oculis
978 4657 1176 4708 nostris
1207 4659 1548 4725 suspeximus
1575 4669 1630 4709 et
1664 4658 2087 4725 peragravimus,

517 4763 813 4818 verumque
853 4763 970 4802 esse
1002 4747 1351 4817 cognovimus
1392 4745 1532 4813 quod
1572 4745 1638 4798 de
1668 4759 1733 4799 co
1771 4745 1937 4799 etiam
1977 4746 2089 4811 Ap-

517 4841 707 4910 piantts
745 4837 906 4892 tradit
945 4819 1064 4892 esse
1105 4838 1456 4901 :tSperritnunt
1513 4837 1630 4890 visu
1663 4842 1714 4888 et
1764 4836 2090 4890 acutissimis

519 4930 754 4994 undique
795 4930 1068 4994 prznlivtnm
1111 4937 1548 4997 praeruptumque
1577 4926 1746 4982 saxis.
1785 4925 1924 4982 Urbs
1964 4941 2091 4980 vero

522 5019 575 5073 in
610 5020 715 5072 illis
753 5019 942 5071 mediis
977 5020 1218 5085 Alpibus,
1249 5018 1420 5071 dit-am
1449 5017 1622 5087 potius
1655 5032 1815 5086 quam
1845 5015 2092 5084 alpestri-

525 5111 627 5165 bus
656 5111 898 5176 rupibus,
930 5120 982 5164 et
1013 5111 1281 5164 intercisis
1329 5115 1523 5177 posita,
1555 5121 1610 5164 et
1653 5109 1721 5164 ab
1754 5108 1942 5163 iisdem
1985 5108 2093 5161 cir-

526 5203 856 5256 cnmmunita
911 5213 960 5255 et
1011 5200 1271 5255 obvallata
1319 5210 1398 5254 est
1433 5221 1445 5254 :
1478 5211 1702 5268 quarum
1757 5199 1929 5264 alias,
1985 5214 2089 5267 qua

525 5295 786 5348 Orientem
814 5298 1040 5358 spectat,
1068 5290 1209 5344 infra
1241 5307 1298 5345 se
1325 5291 1486 5345 habet
1511 5292 1574 5344 ad
1602 5307 1748 5346 mare
1773 5293 2087 5361 depressas;

527 5385 678 5444 alias,
706 5398 808 5450 qua
843 5381 1195 5446 occidentem,
1231 5380 1428 5434 omium
1478 5383 1650 5446 ipsum
1696 5382 2088 5449 contingentes,

529 5486 584 5528 ut
615 5473 818 5543 poetice
847 5473 1041 5536 dicam,
1073 5473 1225 5540 eique
1249 5474 1535 5534 minantes,
1556 5473 1605 5524 in
1635 5488 1860 5539 quarum
1892 5473 2091 5526 vertice

529 5577 706 5620 exstat
749 5580 842 5618 arx
874 5575 925 5616 et
959 5565 1267 5632 oppidulum
1303 5563 1456 5626 Mula,
1490 5573 1594 5616 tota
1641 5563 1823 5619 Sicilia
1870 5563 2090 5619 notissi-

536 5671 704 5717 mum,
735 5655 873 5723 quod
918 5670 983 5708 eo
1026 5657 1259 5708 damnati
1299 5655 1539 5709 homines
1588 5653 1866 5711 facinerosi
1900 5659 2092 5723 depor-

539 5756 739 5810 tentur,
769 5757 824 5800 ut
860 5746 1019 5804 tradit
1052 5747 1313 5815 Fatlcllus,
1349 5750 1432 5804 cui
1462 5749 1646 5804 subest
1673 5763 1766 5803 arx
1801 5748 2091 5803 Taurome-

2110 975 2115 980 ,
2167 916 2528 977 cundi‘ssimus

2168 453 2240 508 nii
2281 453 2519 520 inferior,
2547 457 2617 516 ita
2650 469 2708 512 ut
2739 458 2967 515 molibus
2998 473 3026 513 a
3057 461 3193 518 mola
3218 462 3481 521 devolutis
3502 466 3733 536 Opprimi

2165 545 2304 601 haud
2355 546 2552 602 diﬂicili
2619 549 2836 620 negotio
2883 552 3071 619 possit.
3117 553 3381 610 Cmterum
3430 556 3735 611 Taurome-

2164 637 2400 693 nitanum
2449 643 2643 696 coelum
2688 644 2870 698 lautum
2903 659 2967 700 ac
2999 647 3215 702 salubre
3248 658 3368 715 est;
3415 659 3735 720 prospectus

2165 730 2231 783 ali
2259 733 2536 801 oppido-in
2569 733 2870 791 Mamertini
2907 737 3026 792 (reti
3066 749 3120 794 et
3153 740 3320 796 maris
3360 741 3491 795 lonii
3534 741 3737 796 latissi-

2166 837 2310 874 mum
2346 838 2548 892 aequor,
2589 827 2967 898 oppositosque
3010 829 3326 886 ‘Brutiorum
3374 841 3602 898 montes,
3643 834 3736 904 ju-

2574 935 2590 972 :
2637 919 2752 988 agri
2812 921 2974 974 etiam
3033 920 3281 990 planities
3329 924 3731 990 amoenissima;

2165 1021 2350 1064 cannae
2397 1008 2630 1074 mellitas,
2675 1021 2729 1065 et
2763 1012 2870 1066 vini
2901 1013 3042 1080 apud
3085 1024 3316 1082 veteres,
3349 1024 3485 1074 teste
3530 1016 3728 1083 Plinio,

2165 1096 2578 1153 celebratissimi
2611 1097 2967 1167 feracissima,
2994 1113 3050 1159 ut
3079 1119 3182 1160 non
3214 1107 3481 1162 immerito
3503 1122 3618 1161 eam
3648 1122 3733 1162 re-

2166 1185 2379 1256 sionem
2413 1187 2558 1244 inter
2585 1201 2810 1246 caeteras
2834 1192 3094 1262 elegerint
3111 1193 3338 1249 Romani
3367 1211 3472 1264 quo
3493 1197 3734 1252 colonias

2168 1273 2519 1346 deducerent,
2570 1281 2709 1348 quod
2756 1278 2896 1336 .luiio
2937 1281 3146 1338 Caesare
3200 1273 3380 1338 rerum
3435 1286 3625 1354 potito,
3679 1297 3735 1340 et

2169 1365 2515 1424 Tauromenii
2555 1368 2916 1439 ampliﬁcandi
2963 1372 3202 1426 studioso
3248 1373 3468 1440 factum,
3519 1383 3576 1428 ut
3610 1373 3736 1429 Dio-

2169 1457 2330 1513 dorus
2357 1450 2597 1529 ejusdem
2628 1461 2882 1527 temporis
2919 1461 3152 1530 scriptor
3183 1471 3263 1515 est
3294 1464 3462 1519 testis.
3506 1462 3569 1516 Et
3602 1477 3734 1517 sane

2169 1562 2355 1603 eorum
2397 1549 2807 1617 magniﬁcentiae
2851 1566 3012 1620 opera
3045 1551 3290 1607 videntur
3315 1567 3460 1618 esse,
3489 1553 3632 1622 quod
3665 1555 3736 1607 ab

2170 1639 2324 1696 initio
2343 1627 2634 1710 “dicebam,
2690 1643 2956 1696 theatrum
3005 1642 3238 1699 lateritio
3285 1657 3448 1713 opere
3492 1655 3739 1700 constru-

2171 1740 2338 1795 ctum,
2373 1721 2517 1802 quod
2557 1747 2750 1803 magna
2797 1748 2862 1788 ex
2904 1743 3058 1802 parte
3087 1734 3352 1803 integrum
3387 1742 3588 1800 exstat,
3619 1751 3739 1807 quae

2169 1833 2290 1884 sors
2321 1813 2459 1875 haud
2491 1821 2604 1877 scio
2640 1837 2707 1875 an
2741 1821 2860 1878 aliis
2885 1823 3152 1880 veteribus
3182 1825 3386 1880 Siciliae
3419 1839 3740 1880 monumen-

2173 1911 2239 1964 tis
2273 1911 2554 1966 ohvenerit
2581 1929 2597 1967 :
2628 1913 2790 1982 idque
2830 1928 2931 1982 ego
2960 1929 3067 1970 non
3101 1918 3222 1971 sine
3258 1916 3426 1971 animi
3471 1917 3743 1985 voluptate

2171 2000 2343 2056 oculis
2371 2015 2437 2054 ac
2467 2001 2692 2070 pedibus
2719 2019 2822 2058 non
2845 2005 3011 2058 semel
3037 2005 3312 2060 dimensus
3338 2019 3461 2060 sum
3490 2005 3744 2076 doluique

2173 2099 2226 2146 ct
2257 2102 2480 2158 questus
2529 2107 2646 2146 sum
2697 2094 2841 2163 apud
2891 2094 3060 2161 cives,
3095 2110 3162 2151 ex
3195 2111 3258 2152 ea
3306 2095 3502 2153 lateres
3536 2098 3602 2152 ad
3636 2099 3740 2153 alia

2176 2198 2312 2238 nova
2364 2182 2589 2240 aedilicia
2637 2185 2998 2242 substruenda
3043 2188 3271 2244 subinde
3316 2189 3588 2256 exscindi;
3635 2206 3744 2261 quo

2175 2269 2285 2336 lict,
2317 2278 2377 2326 tit
2403 2271 2590 2342 paucis
2613 2280 2736 2340 post
2755 2275 2933 2339 annis,
2961 2274 3150 2344 ingens
3179 2275 3308 2330 illud
3336 2287 3742 2332 monumentum

2173 2360 2644 2418 Tauromenitana:
2681 2364 3050 2436 amplitudinis
3078 2364 3317 2422 funditus
3345 2369 3613 2422 concidat.
3645 2365 3745 2423 lti-

2173 2459 2294 2512 dem
2321 2457 2562 2526 ejusdem
2584 2458 2916 2514 admirandae
2935 2459 3186 2529 potentias
3205 2474 3369 2530 opera
3397 2469 3523 2516 sunt
3553 2467 3744 2532 stagna

2173 2563 2270 2604 seu
2302 2550 2552 2605 cisternas
2598 2549 2966 2604 subterraneae
3001 2549 3118 2604 dum
3153 2559 3563 2615 concameratas,
3606 2565 3748 2620 qua-

2177 2653 2297 2693 rum
2323 2641 2494 2693 altera
2521 2647 2644 2692 octo
2666 2638 2942 2707 quadratis
2962 2639 3288 2694 cementitiis
3308 2640 3521 2709 suil'ulta
3543 2644 3748 2696 colum-

2179 2730 2294 2797 nls;
2329 2731 2495 2784 altera
2528 2744 2659 2784 vero
2687 2744 2820 2797 pene
2849 2741 3113 2799 prostrata
3135 2743 3190 2787 et
3220 2730 3414 2788 alllicta
3449 2742 3747 2804 temporum

2182 2823 2384 2892 injuria
2408 2822 2667 2876 cernitur.
2697 2821 3051 2889 Aquasductus
3076 2822 3203 2876 item
3227 2833 3441 2879 veteres
3470 2823 3542 2878 ibi
3569 2825 3752 2879 visun-

2179 2922 2300 2981 tur;
2340 2924 2396 2969 ct
2433 2914 2534 2968 alia
2580 2915 2796 2968 demum
2841 2925 3311 2969 monumentorum
3356 2915 3409 2970 in
3455 2917 3752 2986 primisque

2179 3004 2436 3077 Achegeti
2472 3005 2655 3074 templi
2706 3004 2956 3074 vestigia,
3007 3012 3061 3058 et
3117 3004 3361 3074 sepulcra
3413 3019 3517 3060 non
3556 3020 3749 3074 pauca,

2180 3109 2342 3162 quam
2391 3096 2474 3150 vel
2527 3094 2733 3149 ambitu
2787 3108 2979 3164 magna
3032 3097 3176 3163 (nam
3218 3103 3379 3164 quota
3431 3108 3554 3162 pars
3606 3095 3756 3149 illius

2184 3182 2346 3239 hodie
2372 3184 2596 3250 restat?)
2628 3183 2713 3238 vel
2740 3181 3130 3252 magniﬁcentia
3167 3183 3380 3246 nobilis,
3414 3183 3495 3238 vel
3529 3197 3756 3237 numero

2185 3270 2392 3340 civium.
2425 3270 2653 3324 celebris
2687 3270 2848 3324 fuerit
2880 3270 3085 3335 civitas,
3115 3271 3427 3326 ostendunt.
3461 3274 3636 3340 Atque
3668 3272 3757 3324 hic

2188 3358 2305 3429 ejus
2333 3326 2586 3427 sp‘lendor
2616 3358 2778 3412 etiam
2811 3372 2978 3426 usque
3003 3326 3479 3414 ad'Saraceuicam
3513 3326 3758 3429 tiranni-

2190 3450 2335 3516 dem,
2354 3450 2607 3506 nimirum
2631 3456 2741 3504 toto
2762 3448 2971 3517 imperii
2989 3449 3296 3504 Graecorum
3325 3461 3566 3520 tempore
3585 3465 3758 3518 usque

2188 3545 2256 3600 ad
2287 3542 2481 3599 Leonis
2514 3539 2785 3610 Sapientis
2811 3554 3000 3604 aevum,
3030 3539 3129 3595 sub
3157 3556 3266 3608 quo
3294 3549 3594 3612 espugnata
3628 3542 3756 3604 fuit,

2185 3633 2451 3691 mansisse
2491 3631 2725 3686 videtur.
2775 3629 2907 3684 Nam
2959 3628 3345 3685 Constantinus
3384 3628 3764 3701 Porphyroge-

2187 3737 2335 3792 neta,
2367 3725 2484 3795 ejus
2515 3723 2675 3786 lilius,
2704 3723 2795 3791 qui
2828 3723 2901 3776 De
2934 3721 3246 3775 tltematibus
3275 3722 3480 3790 imperii
3516 3721 3760 3778 libellum

2187 3818 2424 3889 scripsit,
2458 3816 2552 3871 lib.
2580 3831 2642 3881 ιι,
2683 3815 2736 3870 in
2771 3814 3007 3868 themate
3051 3813 3250 3868 Sicilia:
3277 3812 3391 3867 hinc
3429 3812 3610 3876 tradit,
3637 3828 3765 3881 quas

2187 3912 2417 3984 primam
2455 3912 2595 3966 banc
2625 3907 2873 3980 prooemii
2907 3914 3110 3974 partem
3145 3906 3211 3961 de
3240 3904 3583 3960 Tauromenii
3613 3913 3767 3959 statu

2187 4004 2409 4077 politico
2435 4004 2508 4059 ita
2537 4001 2770 4063 claudat,
2795 4008 2850 4056 et
2871 3999 3100 4069 sigillum
3127 3998 3197 4054 sit
3221 3998 3488 4054 dictorum
3513 3996 3758 4052 omnium

2190 4093 2825 4158 bonorilicentissimu‘m,
2855 4103 2910 4148 et
2957 4091 3122 4161 ipsius
3169 4091 3513 4176 imperatoris
3558 4087 3766 4167 annulo

2189 4188 2546 4256 impressum,
2599 4200 2668 4241 ne
2713 4186 2886 4241 dicam
2937 4182 3101 4252 digito
3152 4185 3411 4252 scriptum
3445 4200 3460 4236 :
3492 4179 3647 4251 Ἔχει
3701 4179 3767 4233 δὲ

2192 4280 2378 4342 πόλεις
2402 4278 2707 4348 ἐπισήμους
2733 4277 2833 4348 τήν
2859 4293 2918 4330 τε
2943 4277 3316 4348 Συράκουσαν,
3350 4274 3448 4330 καὶ
3474 4273 3534 4328 τὸ
3559 4272 3763 4327 καλοῦν

2194 4389 2355 4443 μενον
2398 4370 2793 4442 Ταυρομένιον,
2829 4370 2922 4423 καὶ
2949 4369 3115 4439 αὐτὴν
3138 4367 3238 4440 τὴν
3272 4367 3638 4437 Ἀκράγαντα,
3669 4366 3769 4418 καὶ

2191 4464 2288 4526 τὰς
2334 4462 2527 4522 λοιπὰς
2561 4461 2745 4523 πόλεις
2775 4462 2870 4524 τὰς
2911 4461 3009 4530 μὲν
3052 4460 3427 4531 ἠρημωμένας
3467 4458 3616 4527 παρὰ
3651 4457 3768 4512 τῶν

2195 4553 2548 4622 Σαρακηνῶν.
2576 4551 2690 4619 Τὴν
2727 4551 2825 4618 μὲν
2857 4549 2949 4603 οὖν
2982 4552 3049 4602 Συ
3061 4553 3332 4619 ράκουσαν
3355 4552 3448 4604 ἐπὶ
3472 4549 3761 4604 Βασιλειου

2195 4645 2288 4698 τοῦ
2323 4644 2568 4712 ἀοιδίμου
2603 4642 2874 4711 βασιλέως
2905 4645 3212 4713 παρέλαϐον
3245 4647 3294 4698 oi
3332 4643 3664 4716 Σαρακηνοι·
3695 4644 3768 4696 τὸ

2195 4738 2251 4791 δὲ
2278 4736 2652 4807 Ταυρομένιον
2677 4737 2770 4791 ἐπὶ
2796 4738 3024 4800 Λέοντος
3070 4737 3162 4789 τοῦ
3211 4740 3551 4804 Σοφωτάτου.
3588 4735 3767 4791 Cate-

2197 4846 2314 4882 rum
2349 4829 2574 4896 insignes
2626 4829 2776 4881 urbes
2828 4829 2976 4881 liabet
3029 4828 3343 4897 Syracusas,
3381 4840 3428 4881 et
3479 4827 3769 4879 Taurome.

2197 4921 2342 4972 nium
2402 4919 2630 4981 dictum,
2696 4921 2966 4987 ipsumque
3017 4918 3388 4986 Agrigentum,
3445 4927 3490 4970 et
3549 4924 3770 4969 cteteras

2197 5013 2451 5072 civitates,
2479 5011 2664 5075 partim
2691 5011 2973 5070 desolatas,
3005 5012 3195 5077 partim
3232 5008 3510 5062 Saracenis
3545 4999 3774 5073 occupa-

2199 5115 2299 5157 tas.
2335 5103 2626 5173 Syracusas
2667 5112 2802 5156 certe
2832 5103 2926 5154 sub
2966 5103 3163 5155 Basilio
3199 5103 3511 5171 imperatore
3537 5101 3770 5169 percele-

2198 5198 2276 5250 bri
2307 5206 2546 5264 ceperunt
2575 5193 2846 5258 Saraceni,
2879 5192 3277 5249 Tauromenium
3305 5211 3422 5248 uero
3466 5195 3557 5248 sub
3595 5192 3772 5248 Leone

2197 5289 2508 5358 imperatore
2555 5285 2823 5353 Sapientes.

2338 5432 2366 5503 ᾗ
2411 5430 2476 5486 ιι.
2510 5462 2576 5474 -
2608 5430 2790 5485 Status
2839 5433 3215 5488 ecclesiasticus
3268 5433 3625 5488 Tauromenii.
3692 5477 3695 5480 .

2268 5564 2778 5630 Tauromenitanam
2831 5539 3119 5619 Ecclesiam
3169 5565 3485 5635 antiquitate
3514 5577 3566 5620 ct
3594 5565 3772 5634 digni-

2203 5668 2309 5709 tate
2339 5673 2459 5711 cum
2493 5658 2680 5725 primis
2706 5664 2759 5710 et
2789 5655 2974 5724 primm
3020 5657 3352 5725 antiquitatis
3387 5656 3642 5710 Ecclesiis
3676 5652 3770 5708 Si-

2209 5748 2340 5804 ciliae
2375 5747 2793 5818 componendum
2836 5761 2992 5816 nemo
3023 5749 3225 5803 vocarit
3253 5747 3304 5801 in
3336 5745 3574 5812 dubium,
3610 5744 3769 5806 modo
