4002 6344
300 259 385 324 65

302 372 431 441 ejus
487 373 771 442 primordia
821 385 1061 444 reputet;
1120 377 1372 431 nimirum
1406 393 1434 430 a
1463 377 1518 431 S.
1552 374 1709 431 Petro
1749 389 1880 442 apo-

299 465 574 518 stuiorum
613 467 854 535 principe
889 466 1191 532 fundatam,
1228 469 1393 524 misso
1409 482 1474 523 ex
1493 467 1708 529 Oriente
1736 464 1881 520 Tau-

303 560 606 611 rmuenium
642 557 700 612 8.
736 559 1055 624 Pancratii),
1109 563 1282 629 primo
1329 561 1443 628 ejus
1496 561 1766 628 episeopo,
1813 557 1882 610 ab

300 651 542 717 ipsumet
580 651 636 706 8.
676 651 836 708 Petro
882 663 1218 720 consecrato,
1265 665 1410 708 extra
1461 650 1879 706 controversiam

301 753 416 794 est.
469 739 718 796 Testatur
771 742 1204 815 Martyrologium
1253 742 1608 799 Romanuml’i
1640 741 1878 809 Aprilis;

1317 262 1720 325 FRANCISCI
1753 260 2015 323 SCORSI
2052 261 2481 328 PROCEMIUM
2520 221 2570 329 ἰ.
3485 283 3557 352 δε

1963 376 2156 430 Τιιυιῐι
2218 381 2724 450 pseudopatriarcha
2786 383 3226 460 Constantinop.,
3260 391 3556 465 disputabi-

1988 480 2107 520 mus
2140 467 2296 534 infra,
2329 467 2354 539 §
2383 486 2462 524 Ill.
2497 469 2955 541 llniclacbariw,
3000 483 3109 541 jam
3141 482 3192 535 iu
3220 487 3423 554 synodo
3460 505 3551 544 \‘ill

1986 559 2332 612 mcumenira
2369 560 2612 628 deposito
2644 575 2699 616 ut
2727 564 3090 634 schismatico,
3128 558 3227 626 nec
3251 578 3553 646 pmnitenti,

1985 651 2247 705 successit
2297 650 2652 724 Theophanes
2682 655 2966 712 Ceratneus
3012 675 3363 722 consecratus
3419 650 3555 724 teut-

1983 756 2114 810 pure
2165 743 2277 812 ipso
2325 748 2603 815 campositi
2650 747 2958 805 schiSmatis
3003 761 3054 805 et
3099 755 3246 821 pacis
3299 748 3555 817 restituta:

298 832 462 885 card.
508 830 766 888 Baronitts
795 835 846 887 in
887 837 1065 900 notis;
1114 834 1338 904 Nicepb.
1388 835 1481 888 lib.
1511 849 1594 898 nt,
1628 849 1678 888 c.
1705 833 1795 899 35,
1827 841 1882 888 et
1940 902 1942 904 ν
1983 827 2237 887 Ecclesia:
2293 831 2551 890 Orientali
2580 876 2594 903 ,
2667 839 2808 907 quod
2871 840 3144 898 evidenter
3203 851 3553 908 ostendemus

300 930 492 976 noster
525 920 894 992 Theophanes
929 927 1071 978 hom.
1105 924 1172 978 de
1199 922 1257 979 S.
1293 923 1612 990 Pancratio;
1655 922 1782 991 quin
1813 935 1876 976 ex

301 1012 415 1066 title
443 1027 558 1081 qua:
588 1029 750 1081 penes
781 1014 1080 1070 Simeonem
1130 1015 1542 1086 Metapbrastem
1575 1025 1676 1079 est,
1722 1014 1875 1068 Orat.

294 1105 367 1158 de
413 1101 511 1159 SS.
559 1101 715 1157 Petro
741 1115 788 1158 et
818 1104 1016 1172 Paulo,
1081 1108 1318 1174 ejusdem
1343 1106 1404 1161 S.
1437 1107 1580 1164 Petri
1635 1106 1875 1175 vestigiis

295 1192 579 1262 impressis
609 1208 670 1246 ea
701 1195 932 1250 ecclesia
988 1200 1276 1253 sanctitate
1301 1208 1358 1252 et
1396 1196 1600 1251 honore
1632 1206 1787 1252 aucta
1820 1206 1874 1250 et

294 1286 538 1340 stabilita
565 1294 685 1353 est;
717 1288 979 1357 siquidem
1026 1289 1216 1344 festum
1258 1305 1321 1344 ex
1355 1290 1546 1344 itinere
1571 1288 1871 1356 apostolum

295 1375 535 1444 hospitio
562 1381 792 1447 excepit,
831 1380 948 1447 ipso
977 1378 1035 1433 8.
1065 1378 1349 1434 Pancratio
1373 1381 1444 1435 illi
1478 1379 1690 1434 obviam
1726 1393 1873 1434 sum-

293 1467 406 1521 niis
456 1469 658 1523 amoris
708 1471 1190 1539 signiﬁcationibus
1261 1471 1602 1541 procedente.
1649 1471 1754 1524 Sed
1804 1472 1871 1524 de

291 1559 357 1614 S.
396 1559 677 1621 Pancratio
719 1565 938 1632 ejusque
967 1564 1102 1618 actis
1155 1579 1218 1618 ac
1245 1566 1498 1631 martyrio
1527 1563 1866 1618 Tauromenii

287 1652 463 1707 obitis
493 1654 743 1708 nonnulla
779 1643 940 1708 refert
974 1671 1036 1710 ex
1065 1655 1345 1711 Gallicau’o
1376 1654 1649 1710 Breviario
1677 1669 1868 1708 excer-

289 1758 389 1812 pta
425 1746 484 1799 D.
516 1745 763 1800 Bocchus
799 1747 982 1803 l’irrus
1013 1751 1065 1801 itt
1099 1751 1236 1802 notis
1258 1746 1730 1803 "Tauromenitana:
1762 1745 1867 1800 Ec-

285 1835 490 1898 clesitr,
538 1839 676 1906 apud
709 1853 866 1908 quem
917 1840 1079 1893 etiam
1116 1838 1265 1904 plura
1297 1841 1360 1893 ad
1405 1842 1537 1894 hanc
1572 1838 1863 1893 Ecclesiam

284 1923 596 1998 spectantia
650 1929 814 2000 leges.
876 1928 983 1985 Nos
1031 1942 1113 1985 sat
1160 1930 1436 1994 habemus,
1492 1943 1551 1986 ut
1595 1934 1864 2002 synopsim

284 2021 584 2090 quamdam
644 2020 761 2091 ejus
810 2022 1065 2076 Ecclesiae
1113 2022 1198 2077 hic
1250 2023 1652 2091 prtetttittamus,
1711 2030 1866 2090 prout

284 2119 537 2165 nostrum
589 2102 886 2166 institutum
945 2109 1198 2179 postulat,
1250 2124 1457 2164 summa
1506 2112 1866 2180 perstringere

283 2203 491 2271 capita.
521 2201 578 2255 S.
613 2201 900 2256 Pancratio
953 2199 1214 2255 successit
1269 2199 1524 2268 Evagritts
1551 2200 1670 2266 ejus
1701 2199 1862 2252 disci-

284 2290 485 2361 pulus;
524 2289 746 2359 Eragrio
773 2288 833 2346 S.
869 2287 1151 2350 Maximus,
1204 2291 1361 2346 ambo
1395 2306 1423 2343 a
1454 2288 1512 2344 S.
1548 2289 1706 2344 Petro
1734 2301 1862 2343 con-

282 2383 490 2437 secrati
539 2379 798 2451 episcopi,
829 2380 1034 2450 primus
1087 2378 1288 2443 Romm.
1319 2397 1437 2435 cum
1471 2389 1612 2434 esset
1659 2381 1859 2450 legatus

279 2485 353 2526 eo
409 2471 606 2526 missus
635 2485 664 2524 a
712 2469 773 2526 S.
801 2470 1123 2536 Pancratio;
1181 2470 1448 2525 secundus
1492 2469 1857 2529 Tauroiisenii,

283 2577 413 2616 cum
464 2560 539 2616 ibi
565 2577 631 2618 ex
675 2560 868 2616 itinere
922 2572 1241 2615 moraretur.
1294 2559 1366 2614 De
1410 2557 1588 2629 priore
1635 2569 1860 2614 testatur

279 2652 621 2709 Gallicanum
668 2651 1022 2713 Breviarium,
1055 2652 1196 2720 quod
1227 2665 1326 2720 ego
1355 2665 1474 2705 cum
1506 2664 1678 2706 essem
1711 2649 1856 2705 Tau-

279 2742 538 2806 romenii,
589 2739 824 2796 oblatum
869 2755 898 2794 a
945 2738 1177 2804 civibus,
1233 2741 1332 2809 legi
1360 2756 1375 2795 :
1405 2752 1469 2793 ex
1514 2753 1622 2808 quo
1674 2740 1852 2794 itidem

278 2831 478 2888 Pirrns
502 2831 554 2885 in
581 2845 672 2887 sua
708 2829 894 2885 notitia
934 2828 1169 2884 secundo
1215 2828 1333 2884 loco
1360 2835 1480 2896 post
1514 2825 1853 2882 Pancratium

280 2924 478 2981 statuit
524 2924 834 2994 Evagrium.
868 2921 1255 2976 Testimonium
1305 2919 1561 2974 Breviarii
1604 2920 1856 2988 produci-

279 3033 411 3075 mus
455 3018 522 3071 ad
567 3015 836 3070 homiliam
881 3012 947 3068 de
993 3013 1055 3067 S.
1105 3011 1388 3066 Pancratio
1435 3010 1639 3082 (Itomil.
1683 3013 1846 3081 Lm),

278 3118 415 3164 nota
448 3108 546 3175 l3;
580 3102 914 3176 posterioris,
950 3103 1049 3158 hoc
1079 3112 1156 3158 est
1189 3101 1247 3156 S.
1276 3103 1513 3169 Maximi,
1549 3100 1848 3171 Metapltra-

274 3211 420 3254 stem
452 3199 625 3252 habeo
657 3203 926 3251 auctorem
959 3194 1075 3249 loco
1106 3195 1289 3250 citato.
1335 3193 1502 3265 Hujus
1549 3193 1610 3253 S.
1637 3193 1848 3250 Maximi

275 3286 708 3345 anniversariam
753 3269 1204 3341 Tauromenitana
1253 3284 1488 3341 Ecclesia
1534 3287 1847 3340 memoriam

275 3381 413 3438 colit
443 3379 616 3448 pridie
647 3378 769 3433 ldus
796 3375 1057 3432 Januarii.
1093 3377 1221 3434 Post
1244 3376 1530 3432 Maximum
1562 3376 1695 3433 Nico
1718 3393 1852 3446 prm-

275 3472 389 3529 fuit
410 3471 789 3542 Tauromenio,
818 3471 910 3541 qui
943 3485 1062 3525 cum
1094 3478 1306 3524 centum
1343 3471 1630 3539 nonaginta
1659 3482 1846 3522 novem

275 3563 563 3632 discipulis
610 3561 743 3625 suis,
796 3561 956 3616 Decio
991 3561 1315 3625 imperatore
1356 3558 1676 3614 Christianae
1725 3558 1845 3613 ﬁdei

278 3652 653 3710 testimonium
679 3650 825 3706 dedit
855 3655 1046 3702 morte.
1075 3647 1200 3702 Post
1228 3649 1324 3700 hos
1351 3647 1500 3700 multi
1521 3663 1585 3702 ex
1609 3646 1847 3716 epistolis

277 3741 596 3816 pontiﬁcum
625 3749 678 3796 et
707 3739 923 3810 synodis
954 3751 1074 3792 cum
1107 3737 1521 3806 provincialibus
1555 3747 1661 3793 tum
1694 3753 1846 3793 aecu-

278 3830 512 3888 meuicis
559 3826 994 3883 Tauromenitani
1036 3823 1275 3895 episcopi
1324 3825 1659 3895 colliguntur.
1710 3825 1842 3882 Nam

278 3928 342 3983 S.
377 3924 486 3980 Lco
513 3925 749 3993 pontifex
785 3921 1006 3990 epistola
1054 3934 1213 3990 quam
1247 3920 1310 3974 ad
1341 3922 1618 3977 universos
1646 3923 1844 3978 Sicilia:

275 4021 561 4091 episcopos
592 4012 805 4084 scripsit
831 4011 973 4068 circa
1019 4025 1216 4066 annum
1250 4011 1376 4077 447,
1409 4011 1843 4069 'l'auromenitani

277 4111 608 4166 mentionem
659 4104 807 4167 facit,
852 4102 946 4157 sed
996 4116 1188 4157 nomen
1243 4115 1346 4156 non
1393 4103 1666 4171 exprimit.
1715 4104 1842 4159 Post

277 4203 538 4259 Romanis
592 4195 795 4269 synodo
837 4195 934 4249 sub
986 4190 1310 4263 Symmacho
1364 4206 1502 4262 papa
1557 4194 1841 4250 celebrate

276 4291 526 4352 interfhit
571 4289 830 4359 Rogatus,
867 4283 1352 4339 Tauromenitana:
1397 4283 1713 4351 episcopus;
1749 4282 1840 4338 Vi.

276 4382 474 4447 ctorini
501 4394 554 4436 et
583 4376 871 4435 Secundini
919 4374 1292 4444 episcoporum
1339 4373 1582 4429 meminit
1613 4373 1674 4427 D.
1707 4372 1841 4429 Gre-

273 4475 459 4548 gorius
510 4471 733 4542 epistola
761 4469 827 4523 ad
860 4467 1075 4522 Petrum
1127 4464 1529 4531 subdiaconum,
1566 4465 1708 4521 circa
1738 4480 1840 4521 an-

275 4575 407 4615 num
456 4557 596 4624 649;
643 4554 828 4612 Justus
856 4554 1243 4612 ad~concilium
1299 4554 1661 4611 Lateranense
1698 4555 1842 4618 venit

274 4649 510 4704 Martino
543 4646 791 4719 pontiﬁce
815 4657 870 4702 et
891 4646 1186 4702 Constante
1210 4645 1564 4712 imperatore;
1599 4645 1664 4700 ad
1694 4659 1844 4701 tecu-

275 4742 545 4796 menicam
615 4741 873 4811 synodum
919 4756 969 4794 vr
1019 4739 1370 4794 Constantino
1435 4740 1592 4793 tertio
1651 4747 1841 4817 contra

273 4832 656 4888 Monotheiitas
704 4832 953 4887 convenit
999 4846 1118 4885 cum
1153 4830 1364 4885 caeteris
1407 4829 1598 4885 Petrus
1631 4831 1841 4900 episeo-

272 4903 377 4994 pus
423 4923 942 4986 Tauromenitanus;
981 4922 1222 4991 septimae
1269 4935 1414 4987 vero,
1449 4936 1568 4990 quat
1610 4921 1709 4976 fuit
1745 4918 1842 4976 Ni-

273 5027 426 5069 cana
481 5029 542 5077 ll,
591 5024 781 5069 centra
842 5011 1263 5076 lconomachos,
1318 5011 1666 5066 Constantino
1716 5028 1837 5066 cum

271 5104 427 5162 lrene
481 5112 651 5157 matre
703 5103 904 5172 impp.,
959 5100 1192 5156 Joannes
1249 5101 1509 5155 interluit.
1560 5099 1689 5155 Post
1742 5104 1839 5157 hos

272 5195 473 5265 legitur
521 5192 810 5248 Zacharias
855 5191 1340 5246 Tattromenitantts
1387 5193 1693 5260 episcopus,
1740 5207 1838 5248 seu

271 5286 456 5361 potius
480 5283 952 5354 pscudepiscopus,
986 5291 1043 5334 ut
1074 5281 1127 5334 in
1163 5283 1304 5336 notis
1332 5282 1601 5336 Anastasii
1639 5282 1837 5336 Biblio-

265 5369 496 5435 thecarii
532 5373 724 5442 legitur
748 5375 811 5425 ad
834 5371 1117 5427 concilium
1138 5372 1362 5440 vnt,qui
1391 5371 1565 5426 Photii
1597 5373 1837 5439 partibus

273 5470 407 5525 favit
436 5481 450 5520 :
475 5464 570 5521 Sed
597 5478 663 5518 an
691 5463 778 5517 hic
811 5463 878 5518 sit
908 5465 1046 5518 idem
1087 5473 1247 5531 atque
1299 5462 1385 5516 ille
1423 5460 1713 5518 Zattharias
1743 5463 1834 5532 qui

268 5567 631 5631 cognomento
687 5555 903 5626 Cuphus
935 5557 1004 5611 sit
1050 5556 1245 5620 dictus,
1294 5565 1350 5609 ut
1394 5553 1528 5609 Pirri
1575 5555 1834 5625 scriptum

271 5652 509 5724 reliquit,
539 5657 591 5708 et
629 5663 694 5705 an
721 5647 1110 5719 archiepiscopi
1160 5649 1309 5703 titulo
1362 5657 1551 5703 auctus
1581 5663 1607 5700 a
1646 5647 1836 5706 Photto

1979 924 2242 1009 promntio
2269 922 2330 991 ll,
2365 923 2392 998 ᾖ
2424 941 2477 980 tv
2505 940 2558 982 et
2595 944 2710 994 vu;
2761 943 2947 988 nostro
3003 943 3179 989 autem
3240 929 3548 1009 Theophani

1982 1006 2303 1086 subrogatus
2353 1015 2560 1074 videtur
2587 1019 2644 1076 S.
2673 1020 2983 1095 Procopius,
3026 1027 3115 1098 qui
3160 1045 3300 1084 anno
3345 1006 3548 1091 Christi

1978 1105 2103 1173 903,
2132 1104 2332 1165 Leonis
2365 1110 2608 1178 imperat.
2647 1129 2792 1179 tum,
2820 1117 2922 1171 sub
2953 1115 3270 1173 Abracheno
3297 1118 3550 1181 Africano

1977 1197 2369 1258 Saracenorum
2419 1217 2540 1275 rege
2590 1203 2876 1261 iuvadente
2905 1214 2960 1263 et
2997 1215 3295 1282 occupante
3344 1213 3550 1271 Tauro-

1975 1291 2234 1357 menium,
2294 1294 2436 1364 quod
2493 1307 2820 1365 postremum
2878 1297 2979 1353 fuit
3031 1303 3083 1356 in
3139 1301 3406 1361 Siciliensi
3462 1309 3546 1364 illa

1973 1380 2127 1435 clade
2156 1392 2315 1453 atque
2346 1385 2580 1454 pernicie
2608 1397 2820 1457 captum
2847 1390 3138 1460 Oppidum;
3169 1393 3276 1459 ille,
3308 1397 3544 1467 inquam,
3578 1448 3580 1450 ,

1974 1466 2030 1524 8.
2062 1468 2357 1540 Procopius
2407 1474 2720 1545 martyrium
2757 1489 2942 1544 passus
2992 1486 3114 1535 est:
3146 1480 3286 1548 quod
3322 1466 3548 1536 habetur

1971 1574 2038 1614 ex
2070 1559 2189 1614 Vita
2224 1562 2464 1632 ejusdem
2497 1564 2555 1619 S.
2593 1563 2859 1634 Procopii,
2908 1581 3068 1638 quam
3101 1567 3334 1626 Joannes
3365 1573 3548 1627 diaco-

1973 1665 2074 1704 nus
2136 1649 2518 1722 Neapolitanus
2575 1654 2806 1711 intexuit
2852 1656 2905 1712 in
2961 1672 3024 1713 ea
3079 1662 3383 1715 narratione
3441 1677 3544 1732 qua

1973 1741 2375 1798 translationem
2435 1747 2676 1818 corporis
2728 1744 2788 1803 S.
2835 1745 3077 1802 Severini
3131 1765 3196 1806 ex
3236 1750 3533 1809 Lucullana

1970 1833 2193 1889 castello
2225 1851 2318 1905 per
2350 1836 2689 1891 occasionem
2745 1839 2956 1895 timoris
2984 1839 3052 1894 de
3080 1845 3390 1910 eorumdem
3443 1843 3542 1898 Sa-

1970 1940 2288 1981 racenorum
2325 1927 2629 1984 incursione
2662 1929 2836 1984 coorti
2881 1930 3156 1986 describit.
3183 1927 3318 1986 Eam
3355 1932 3454 2004 legi
3486 1933 3538 1988 in

1971 2021 2336 2075 monumentis
2393 2036 2522 2078 mss.
2568 2019 2629 2077 P.
2663 2019 2876 2077 Octavii
2905 2021 3148 2090 Caetani,
3201 2036 3317 2092 qua:
3362 2033 3536 2078 tamen

1967 2109 2144 2164 adhuc
2168 2110 2266 2165 sub
2299 2110 2492 2166 incude
2544 2119 2844 2166 tornautur.
2879 2111 3003 2167 llaec
3048 2103 3286 2168 Ecclesia
3331 2112 3539 2168 Tauro.-

1966 2199 2239 2254 menitana
2287 2199 2353 2254 de
2398 2199 2684 2268 cpiscOpali
2739 2199 2894 2255 simul
2937 2209 2992 2255 et
3033 2201 3249 2270 politico
3313 2200 3539 2257 ﬂorente

1963 2294 2108 2340 statu
2164 2285 2398 2354 decidit;
2451 2288 2548 2343 sed
2582 2285 2822 2356 profecto
2861 2289 3056 2354 decuit,
3087 2299 3145 2346 ut
3191 2305 3311 2360 qua:
3358 2291 3535 2348 fuerat

1963 2378 2218 2448 martyris
2251 2376 2309 2432 8.
2337 2375 2606 2451 Pancratii
2643 2379 2801 2449 primi
2853 2381 3082 2448 pastoris
3119 2383 3381 2452 sanguine
3433 2381 3535 2439 iui-

1965 2466 2115 2531 tiata,
2150 2481 2211 2522 ea
2243 2474 2390 2523 esset
2413 2475 2468 2523 et
2509 2466 2768 2539 postremi
2809 2467 2995 2523 itidem
3025 2470 3303 2539 sanguine
3349 2471 3531 2528 consi-

1961 2567 2144 2628 gnata.
2175 2556 2285 2613 Nec
2312 2572 2440 2613 vero
2469 2559 2611 2614 inter
2651 2559 2884 2629 primum
2911 2570 2965 2615 et
2989 2571 3318 2630 postremum
3347 2574 3533 2633 pasto-

1962 2662 2069 2712 res,
2125 2648 2215 2718 qui
2262 2649 2496 2703 animam
2556 2663 2710 2705 suam
2760 2665 2861 2720 pro
2909 2651 3100 2707 ovibus
3156 2650 3531 2722 profuderunt,

1958 2737 2136 2791 ovium
2179 2734 2416 2805 ipsarum
2453 2750 2574 2791 cum
2606 2736 2767 2806 lupis,
2797 2737 2878 2793 vel
2905 2739 3155 2805 ethnicis,
3190 2741 3273 2795 vel
3304 2740 3533 2808 Sarace-

1957 2826 2044 2882 nis
2073 2824 2371 2882 Christiani
2402 2826 2634 2882 nominis
2677 2827 2922 2884 hostibus
2953 2844 3056 2885 non
3087 2840 3325 2901 spectata
3355 2846 3533 2891 certa-

1957 2917 2100 2971 mina
2129 2934 2143 2970 :
2177 2918 2340 2971 etiam
2368 2917 2566 2972 decoro
2614 2917 2811 2972 civium
2847 2934 3065 2974 suorum
3102 2922 3364 2993 sanguine
3404 2939 3533 2980 ceu-

1955 3021 2140 3075 spersa
2168 3015 2222 3061 et
2248 3015 2456 3074 ornata,
2503 3006 2702 3063 utalia:
2729 3007 2932 3075 multa,
2965 3009 3201 3066 Ecclesia
3242 3010 3533 3070 Taurome-

1956 3094 2162 3151 nitana.
2185 3092 2424 3151 Ostensre
2447 3095 2576 3151 mihi
2602 3105 2728 3151 sunt
2748 3092 3089 3153 Tauromenii
3119 3099 3286 3168 plena:
3309 3101 3528 3158 ossibus

1956 3201 2130 3258 capsa:
2160 3186 2300 3253 dum,
2329 3201 2450 3258 quae
2496 3187 2677 3242 multis
2721 3199 2846 3244 ante
2893 3189 3048 3244 annis
3079 3189 3134 3245 in
3165 3204 3296 3262 agro
3325 3189 3530 3247 Tauro-

1953 3280 2226 3336 menitano
2257 3296 2362 3336 non
2393 3282 2510 3337 sine
2539 3281 2735 3337 divinis
2763 3281 3146 3339 miraculorum
3202 3284 3524 3341 testimoniis

1953 3376 2168 3432 iuventa
2199 3384 2485 3445 erectaque
2517 3387 2661 3443 sunt,
2696 3375 2779 3432 vel
2816 3379 3016 3434 recenti
3061 3379 3236 3436 adhuc
3259 3383 3521 3452 sanguine

1954 3469 2140 3530 tincta,
2171 3477 2225 3523 et
2252 3467 2380 3536 ipsis
2405 3457 2573 3522 etiam
2608 3467 2799 3523 mortis
2843 3470 3215 3527 instrumentis
3259 3473 3468 3529 conﬁsa
3495 3485 3514 3527 :
3545 3523 3547 3527 .

1951 3558 2044 3613 sed
2086 3573 2311 3628 quorum
2349 3567 2668 3623 martyrum,
2726 3559 2947 3626 cuiusve
2997 3561 3251 3628 temporis
3287 3561 3372 3615 illa
3409 3565 3518 3618 sint

1952 3651 2186 3704 nondum
2216 3657 2543 3716 compertum
2570 3648 2637 3705 ab
2667 3647 2820 3718 ipsis,
2848 3663 2948 3704 nec
2975 3650 3044 3704 ab
3074 3645 3315 3706 Romano
3346 3654 3516 3721 ponti-

1889 3738 1893 3741 ’
1952 3739 2051 3793 lice
2075 3739 2362 3795 sancitum.
2393 3737 2658 3793 Caeterum
2687 3753 2754 3793 ex
2781 3738 3023 3795 historiis
3046 3739 3191 3805 aliis,
3218 3755 3282 3806 ac
3321 3741 3517 3798 tabulis

1949 3837 2005 3883 et
2035 3829 2396 3884 monumentis
2421 3826 2537 3882 hac
2593 3827 2938 3898 colliguntur.
2980 3826 3090 3884 Sub
3121 3827 3295 3899 ipsum
3335 3827 3522 3885 Eccle-

1948 3923 2043 3978 sia:
2088 3933 2355 3988 exortum,
2421 3921 2665 3992 magistri
2721 3931 2774 3976 et
2822 3922 3082 3977 antistitis
3126 3924 3206 3977 sui
3247 3920 3541 3978 Pancratii

1947 4016 2283 4073 documentis
2317 4015 2610 4080 instructae,
2645 4013 2998 4081 exemploque
3031 4016 3384 4083 conﬁrmatae,
3413 4016 3514 4072 SS.

1944 4104 2198 4158 mulieres
2249 4100 2396 4155 Esia
2456 4101 2701 4155 Susanna
2743 4110 2798 4156 et
2837 4101 3050 4166 Zenais,
3081 4103 3148 4158 de
3192 4114 3420 4174 tyranno
3451 4121 3517 4162 ac

1945 4208 2076 4250 sexu
2129 4190 2374 4248 muliebri
2429 4190 2590 4246 morti
2641 4192 3024 4247 occumbentes
3096 4195 3514 4266 triumpharunt.

1945 4286 2077 4341 Cum
2108 4285 2166 4339 S.
2195 4281 2397 4340 Nicone
2429 4281 2616 4338 itidem
2646 4284 2921 4354 episcopo,
2940 4298 3097 4354 quem
3129 4296 3325 4355 quarto
3352 4303 3515 4359 supra

1947 4378 2311 4432 recensuimus
2357 4375 2498 4442 loco,
2534 4376 2656 4432 caesi
2700 4385 2845 4441 sunt,
2900 4375 3060 4433 Decio
3096 4388 3386 4435 exercente
3434 4393 3517 4452 ty-

1944 4467 2248 4530 rannidem,
2303 4465 2519 4522 ducenti
2569 4481 2679 4523 uno
2739 4467 2958 4533 minus.
3015 4467 3110 4539 qui
3162 4466 3516 4542 triumphanti

1945 4556 2067 4613 duci
2111 4572 2210 4613 suo
2241 4556 2380 4614 latus
2426 4559 2723 4630 .stiparent,
2776 4559 2966 4616 eadem
3011 4561 3192 4618 laurea
3242 4561 3517 4628 redimiti;

1943 4647 2087 4718 quod
2112 4647 2183 4705 ibi
2212 4647 2377 4704 etiam
2425 4649 2723 4718 attigimus.
2753 4650 2824 4704 At
2851 4665 2920 4706 es
2951 4650 3286 4707 Diocletiano
3334 4650 3516 4721 impe-

1946 4752 2125 4797 ratore
2154 4738 2259 4796 SS.
2289 4737 2493 4809 Speras
2523 4749 2576 4793 et
2603 4738 2958 4796 Cornelianus
2998 4754 3120 4794 cum
3159 4740 3323 4797 sociis
3352 4756 3513 4798 sesa-
3603 4749 3605 4752 ‘

1944 4833 2091 4904 ginta
2117 4831 2361 4885 eamdem
2388 4831 2622 4884 retulere
2655 4829 2906 4897 palmam.
2932 4826 3045 4883 Nec
3071 4843 3201 4884 vero
3223 4827 3284 4884 S.
3313 4827 3515 4887 Proco-

1944 4923 2034 4992 pio
2077 4932 2350 4991 postremo
2397 4918 2646 4986 episcopo
2672 4926 2726 4973 et
2753 4925 2990 4988 martyre
3048 4920 3227 4976 socios
3279 4920 3518 4979 abfuisse

1943 5011 2285 5073 crediderim,
2319 5010 2371 5063 in
2401 5009 2488 5063 illa
2537 5009 2924 5066 immanissima
2964 5021 3167 5080 strage,
3211 5028 3374 5082 quant
3415 5013 3517 5070 Sa-

1941 5105 2144 5168 raceni,
2197 5100 2518 5156 Christiana
2582 5101 2861 5173 religionis
2911 5102 3249 5160 infestissimi
3309 5106 3515 5171 hostes,

1942 5195 2181 5265 ejusdem
2238 5206 2402 5249 causa
2436 5193 2719 5260 dederunt,
2766 5194 2881 5265 jam
2923 5207 3082 5267 capto
3128 5197 3514 5271 Tauromeuio,

1941 5298 2169 5353 quorum
2202 5281 2461 5340 fortassse
2512 5297 2670 5340 sacra
2701 5283 2933 5356 λείψανα
2965 5294 3092 5342 sunt
3114 5303 3232 5356 qua:
3273 5288 3512 5356 superni.

1938 5375 2091 5431 ribus
2136 5376 2294 5431 annis
2344 5374 2558 5432 inventa
2607 5377 2720 5449 jam
2769 5381 3036 5437 asservari
3078 5381 3272 5435 dixiin
3309 5385 3514 5444 majote

1941 5467 2290 5526 Tauromenii
2322 5470 2542 5540 templo.
2574 5468 2797 5526 Demum
2826 5484 2930 5524 nec
2964 5470 3223 5541 virginum
3255 5483 3353 5522 nec
3382 5481 3510 5519 cou-

1943 5561 2207 5616 fessorem
2272 5557 2494 5616 ﬂoribus
2551 5573 2706 5615 sacer
2767 5557 3255 5614 Tauromenitanus
3319 5554 3512 5610 hortus

1950 5651 2144 5717 caruit,
2180 5663 2404 5718 quorum
2436 5649 2567 5705 odor
2599 5649 2704 5706 late
2740 5657 3059 5720 pervagatus
3087 5646 3177 5703 sit.
3206 5644 3281 5701 Ex
3313 5645 3508 5703 herum
