4002 6344
551 341 618 408 "
1534 319 1936 385 FRANCIFCI
1980 318 2247 380 sconsr
2286 314 2714 378 Pttomutun
2749 315 2800 376 i.

550 458 797 519 meminit
839 453 1195 526 Theophanes
1243 449 1492 521 imaginis
1555 447 1692 504 diva:
1733 443 2002 512 Virginis;
2029 457 2120 496 cu-

541 555 635 625 jus
680 555 796 609 inec
861 550 1020 605 verba
1069 564 1082 602 :
1126 546 1398 606 ’Ἅπαντες
1439 534 1586 596 οὗτοι
1631 539 1727 592 τοῦ
1771 536 1966 609 χρόνου
2022 534 2121 602 τὴν

550 644 728 718 ἀρχὴν
742 642 1081 711 ἁγιάζουσινο
1103 643 1130 694 ὁ
1152 640 1249 711 μὶν
1272 637 1462 708 Σωτὴρ
1481 631 1860 706 ἡμῶνἸησοῦς
1908 626 2122 695 sitim/st

551 734 644 790 τὸν
703 733 965 801 στέφανον
1023 729 1296 783 ἐνιαυτοῦ.
1352 727 1425 780 Ἥ
1488 727 1544 779 δὲ
1599 724 1688 776 διὰ
1755 721 1855 791 τῆς
1918 723 2120 791 senti};

553 825 760 886 εἰκόνος
791 821 1074 892 τιμωμένη
1110 820 1383 886 πάναγνος
1417 817 1686 883 Δέσποινα
1714 813 1940 884 μεσίτης
1984 812 2120 880 πρὸς

554 915 686 968 Θεδν
739 913 895 983 ἡμῶν
940 913 1176 980 γίνεται.
1224 910 1356 975 Quae
1407 908 1484 962 sic
1516 921 1612 961 nos
1669 905 1738 958 ibi
1795 901 1982 956 Latine
2035 901 2113 954 ill°

556 1005 832 1076 terprctati
886 1018 1117 1061 sumus:
1171 1001 1374 1057 Ab’ltis
1406 998 1644 1054 omnibus
1695 996 1894 1064 aliquid
1926 994 2121 1048 sancti-

555 1085 678 1153 tatis
729 1099 784 1152 in
841 1099 936 1150 hoc
974 1095 1103 1149 anni
1151 1091 1466 1162 principium
1533 1089 1831 1144 redundat:
1893 1100 2015 1139 nam
2068 1092 2118 1137 ct

553 1189 806 1247 Salvator
877 1196 1057 1242 noster
1106 1185 1346 1242 Christus
1402 1184 1557 1240 Jesus
1607 1181 1866 1238 benedicit
1907 1183 2118 1232 ceroma

488 1349 491 1351 _
554 1284 680 1337 anni
712 1297 730 1336 :
757 1291 805 1335 et
857 1278 1164 1335 ueneranth
1196 1277 1441 1348 imaginis
1490 1275 1741 1346 religione
1773 1271 1919 1326 culta
1965 1268 2121 1336 Virgo

551 1376 840 1446 purissima
878 1374 1014 1428 inter
1059 1387 1152 1427 nos
1198 1380 1250 1427 et
1301 1369 1464 1424 Deum
1511 1359 1775 1437 sequestra
1823 1363 2118 1419 intercedit.

554 1466 680 1522 lianc
725 1465 1128 1536 Theophanes:
1183 1466 1276 1533 qui
1341 1477 1464 1518 cum
1517 1475 1625 1515 nou
1685 1457 1920 1528 appellet
1980 1457 2119 1512 ima-

553 1558 731 1629 ginem
771 1556 864 1610 Dei
896 1554 1192 1612 Cenitricis
1225 1552 1664 1624 ἀχειροποίητον,
1697 1563 1858 1620 quam
1884 1563 1982 1603 cur
2012 1562 2120 1602 non

553 1662 808 1719 expresse
865 1647 1173 1710 nominarit,
1235 1643 1377 1699 side
1418 1657 1481 1699 ea
1510 1657 1687 1697 sermo
1731 1651 1868 1706 erat,
1907 1654 2031 1697 cum
2067 1639 2119 1694 in

555 1738 676 1793 aliis
727 1735 965 1791 bomiliis
1025 1743 1281 1803 tauquam
1327 1732 1520 1802 insigni
1559 1733 1793 1802 quodam
1836 1737 1892 1784 et
1920 1730 1985 1784 de
2008 1743 2114 1798 quo

554 1827 887 1897 gloriabatur
932 1823 1108 1894 elogio
1139 1839 1258 1878 eam
1306 1823 1627 1893 designavit,
1682 1819 1880 1875 nullam
1903 1831 2119 1874 causam

554 1919 709 1976 video
734 1936 757 1984 τ,
805 1928 860 1972 et
913 1932 977 1971 ex
1011 1917 1180 1970 altera
1218 1925 1392 1984 parte,
1432 1929 1554 1968 cum
1615 1913 1667 1968 in
1701 1911 1900 1967 lienam
1945 1909 2119 1981 legant

554 2024 620 2066 eo
670 2010 756 2065 die
804 2006 1066 2076 celebrari
1111 2005 1330 2074 σύναξιν
1360 2007 1460 2076 τῆς
1507 2004 1815 2073 ὑπεραγίας
1855 2003 2123 2058 Geo-cotton

553 2101 662 2156 τῶν
726 2099 1048 2169 Μιαςηνῶν,
1104 2099 1206 2151 hoc
1227 2109 1332 2163 est,
1358 2097 1617 2168 Syttaxim
1649 2111 1740 2150 seu
1773 2077 2123 2150 celebritatem

556 2192 906 2246 sanctissima!
936 2187 1164 2258 Virginis
1196 2185 1574 2253 Miascnorum,
1595 2188 1736 2242 haud
1757 2186 2118 2257 certe’liquet,

557 2290 612 2337 ct
641 2281 693 2337 in
718 2279 936 2350 ancipiti
961 2294 1049 2334 res
1070 2285 1319 2332 versatur
1350 2279 1414 2333 de
1434 2276 1961 2334 Tauromenitanane
1987 2281 2122 2334 ima-

557 2372 682 2440 gine
725 2367 1079 2440 Theophanes
1116 2369 1388 2436 loquatur,
1437 2384 1505 2424 an
1555 2371 1622 2423 de
1673 2367 1991 2424 Hiasenensi
2024 2369 2128 2423 ali-

557 2479 688 2534 qua,
740 2464 808 2520 ad
857 2478 1022 2533 quam
1059 2477 1360 2517 conventus
1378 2477 1443 2516 eo
1476 2462 1562 2517 die
1594 2465 1769 2531 primo
1793 2462 2124 2532 Septembris

557 2553 949 2618 celebraretur,
985 2553 1061 2604 uti
1115 2550 1205 2605 hic
1241 2550 1490 2605 Panormi
1538 2561 1853 2606 consuetum
1918 2563 1996 2606 est
2039 2553 2126 2608 die

561 2642 799 2699 secundo
842 2639 985 2710 Julii.
1033 2649 1100 2694 au
1166 2649 1338 2696 beatae
1385 2635 1647 2710 Virginis,
1703 2653 1862 2709 quam
1925 2635 2128 2694 Gratia

561 2732 912 2807 appellamus,
960 2732 1269 2804 imaginem,
1330 2743 1385 2788 et
1429 2734 1495 2787 ad
1543 2731 1678 2789 alias
1715 2732 1822 2788 alio
1859 2741 2124 2801 tempore,

559 2838 615 2884 ct
653 2827 850 2898 oppido
893 2820 1202 2897 huiusmodi
1243 2825 1506 2894 imagines
1547 2825 1880 2880 venerabiles
1933 2824 2126 2894 agitari

560 2920 677 2976 dies
711 2919 833 2975 festi
865 2919 1057 2979 solent.
1117 2913 1404 2990 Equidem,
1447 2927 1506 2973 ut
1533 2918 1667 2984 dixi,
1725 2931 1822 2974 nec
1874 2916 2127 2974 refellere

559 3010 925 3081 conjecturam
969 3011 1181 3070 Octavii
1230 3012 1477 3079 Caetani,
1529 3025 1627 3067 nec
1684 3010 1975 3078 aliirntare,
2031 3009 2128 3066 sed

559 3116 680 3159 eam
700 3101 932 3158 hominis
962 3105 1283 3159 auctoritate
1315 3101 1504 3158 fultam
1537 3103 1588 3156 in
1617 3102 1796 3159 medio
1818 3103 2128 3172 relinquere

484 3223 489 3227 -
561 3192 750 3251 statui.

753 3332 781 3404 ᾗ
817 3330 906 3387 lV.
946 3313 1266 3402 Dignitasct
1304 3332 1489 3386 titulus
1528 3331 1928 3401 archiepiswpi.

800 3463 852 3519 in
884 3462 1131 3531 omnibus
1172 3463 1284 3520 fere
1331 3479 1466 3519 mss.
1494 3465 1892 3534 exemplaribus
1937 3466 2134 3521 harum

563 3553 957 3629 bomiliarum,.
983 3570 1104 3626 qua
1149 3556 1201 3613 in
1242 3555 1613 3613 celeberrimis
1665 3556 1890 3627 Europae
1936 3557 2132 3614 biblio-

456 3703 460 3708 _
561 3645 754 3710 thecis,
799 3630 1080 3719 Vaticana,
1119 3645 1482 3719 Hispaniensi,
1517 3647 1914 3705 Parisiensibus
1959 3650 2133 3707 tribus

562 3745 936 3813 asservantur,
964 3752 1036 3806 ex
1078 3738 1276 3807 quibus
1324 3739 1408 3794 vel
1458 3740 1698 3811 integras
1748 3740 2133 3804 homilias.vel

561 3835 752 3881 earum
797 3813 1515 3897 elenchumi.-transcriptttnt
1563 3831 1884 3896 amicorum,
1915 3832 2006 3900 qui
2043 3831 2135 3885 lit-

567 3915 699 3972 teris
743 3924 799 3970 et
841 3915 1092 3972 litteratis
1145 3915 1385 3972 fautores
1439 3932 1558 3973 esse
1607 3935 1666 3974 se
1709 3919 1936 3989 professi
1984 3929 2130 3986 sunt,

566 4017 731 4076 opera
786 4005 1027 4062 nancisci
1078 4006 1265 4077 potui,
1325 4006 1513 4063 titulus
1566 4009 1998 4079 archiepiscopi,
2053 4010 2135 4064 rel

565 4097 804 4154 auctoris
831 4099 1030 4154 nomini
1054 4099 1125 4154 sit
1146 4103 1438 4169 ascriptus,
1465 4101 1553 4155 ubi
1582 4105 1892 4157 nominatur
1921 4112 2134 4170 auctor,

563 4190 648 4244 vel
673 4189 849 4245 solum
876 4189 931 4245 in
958 4189 1176 4261 scriptis
1202 4202 1392 4247 auctor
1421 4193 1813 4265 archiepisc0pi
1838 4193 2137 4250 Taurome-

565 4282 736 4337 nitani
785 4282 1160 4352 appellatione,
1187 4281 1243 4338 in
1273 4299 1377 4354 quo
1409 4286 1585 4339 omnia
1615 4286 1984 4352 consentiunt,
2013 4300 2134 4342 cum

567 4371 624 4426 in
669 4374 885 4428 nomine
929 4374 1239 4446 discrepent
1278 4374 1367 4446 (de
1398 4391 1505 4445 quo
1534 4376 1710 4431 dicam
1753 4378 2021 4435 Prooemio
2052 4394 2136 4436 se-

565 4464 796 4532 quenti),
837 4481 941 4520 non
978 4475 1182 4523 temere
1222 4469 1435 4524 videtur
1484 4469 1592 4524 illis
1618 4470 1923 4541 abroganda
1970 4473 2132 4540 lides;

568 4553 804 4621 alioquin
829 4556 991 4609 etiam
1020 4559 1200 4612 omnis
1231 4559 1363 4614 tides
1388 4571 1633 4616 veterum
1665 4567 2134 4621 monumentorum

567 4646 834 4711 intereat,
895 4662 1017 4701 cum
1082 4659 1258 4703 tamen
1315 4651 1612 4708 doctissimi
1663 4656 1960 4723 scriptores
2016 4672 2134 4713 eam

566 4737 771 4793 salvam
817 4751 880 4792 ac
929 4737 1138 4792 tirmam
1189 4752 1310 4793 esse
1357 4742 1653 4806 voluerint,
1704 4744 1793 4813 qui
1843 4746 1893 4799 in
1944 4762 2137 4802 monu-

568 4828 764 4882 mentis
792 4828 908 4883 suis
941 4830 1155 4886 excusis
1187 4829 1335 4884 illum
1362 4832 1754 4904 archiepiscopi
1791 4835 1997 4890 titulum
2029 4853 2138 4894 non

568 4917 674 4971 alia
719 4934 882 4987 quam
928 4936 993 4976 ex
1041 4936 1171 4978 mss.
1219 4921 1326 4979 fide
1377 4931 1432 4978 et
1480 4925 1800 4981 auctoritate
1857 4937 2139 4999 acceptum

570 5007 854 5062 ediderunt
898 5026 915 5062 :
964 5011 1255 5068 cardusalis
1300 5014 1566 5072 Baronius
1611 5025 1743 5072 tom.
1783 5015 1874 5083 IX,
1905 5016 2139 5077 Jacobus

568 5093 858 5154 Gretserus
920 5108 1051 5154 tom.
1081 5100 1123 5155 ll
1158 5101 1233 5157 De
1261 5121 1444 5173 cruce;
1484 5096 1809 5166 Franciscus
1840 5109 2138 5170 Turrianus

569 5187 664 5246 lib.
683 5197 864 5243 contra
883 5188 1348 5261 Hagdcburgenses
1366 5199 1550 5256 heret.
1569 5209 1662 5270 pro
1679 5220 1866 5259 canon.
1888 5207 2135 5275 apostol.,

569 5294 691 5356 cap.
735 5284 801 5352 6;
852 5285 1119 5342 Antonius
1169 5285 1496 5349 Possevlnus
1529 5296 1580 5350 in
1623 5296 1918 5370 Apparatu,
1953 5313 2008 5358 et
2046 5304 2135 5359 alii

568 5391 798 5448 quorum
829 5379 1136 5434 testimonia
1166 5382 1490 5439 contulimus
1517 5384 1570 5439 in
1597 5388 1703 5445 line
1734 5393 1925 5448 horum
1956 5395 2140 5451 Proce-

570 5470 821 5526 miorum.
857 5469 954 5526 Est
985 5472 1151 5542 igitur
1175 5475 1464 5530 asserenda
1494 5479 1675 5546 potius
1703 5482 1815 5540 hate
1844 5487 2138 5546 Taurome-

571 5563 770 5619 nitanae
796 5562 1049 5620 Ecclesiae
1095 5565 1357 5635 dignitast
1389 5581 1510 5636 qua:
1548 5571 1681 5627 satis
1715 5577 1888 5644 ampla
1924 5591 2024 5646 est,
2056 5592 2139 5637 ut-

568 5664 695 5723 pote
740 5657 808 5712 ab
854 5659 970 5728 ipso
1019 5657 1075 5713 S.
1122 5655 1280 5714 Petro
1331 5662 1649 5730 constituta,
1694 5675 1753 5721 ut
1795 5667 1824 5738 ᾗ
1871 5669 1911 5724 ll
1961 5673 2138 5729 disse-

570 5742 799 5811 ruimus,
832 5755 884 5802 et
915 5764 943 5802 a
975 5764 1062 5804 me
1092 5761 1212 5818 quae
1241 5763 1360 5807 mea
1393 5765 1520 5823 pars
1557 5754 1729 5813 virilis
1763 5765 1865 5828 est,
1897 5760 1962 5815 ab
1987 5763 2134 5820 omni

3708 314 3786 378 72

2227 440 2334 496 erit
2377 439 2684 512 subreptitii
2737 436 2876 494 tituli
2923 444 3044 490 nota
3077 442 3128 487 et
3159 427 3475 501 arrogantia
3523 426 3798 481 calumnia

2226 531 2567 590 vindicanda.
2595 529 2746 586 Hanc
2772 529 2916 586 enim
2941 539 3120 582 notam
3148 525 3466 593 impressam
3490 535 3585 576 seu
3612 520 3796 586 potius

2227 623 2458 678 inustam
2494 622 2566 677 illi
2597 623 2757 677 video
2798 624 2851 674 in
2896 619 3092 675 Notitia
3141 616 3395 672 Ecclesia:
3436 612 3798 668 Tauromeni-

2229 722 2385 779 tatur,
2434 729 2593 781 quam
2644 715 2812 769 edidit
2863 721 2991 768 tom.
3042 709 3082 764 ll
3132 709 3278 762 dom.
3334 705 3580 762 Bocchus
3631 703 3794 768 Pirri,

2227 805 2395 861 abbas
2413 805 2656 873 Netiuus,
2679 807 2745 862 de
2769 805 2963 862 Siciliae
2989 803 3243 860 Ecclesiis
3266 809 3352 858 sat
3373 802 3506 854 bene
3532 797 3753 853 meritus
3775 813 3794 852 :

2225 896 2318 950 sed
2361 911 2465 952 non
2513 907 2620 951 tam
2661 896 2731 950 ab
2773 885 2891 966 ipso
2935 896 3049 949 hac
3097 894 3343 962 imposita
3379 899 3502 946 nota
3534 903 3692 958 quant
3725 888 3799 943 ab

2229 985 2452 1039 Alberto
2501 983 2736 1050 Piccolo,
2786 985 2878 1054 qui
2927 983 3002 1038 illi
3052 981 3306 1051 imposuit
3354 994 3370 1034 :
3418 993 3528 1047 quo
3574 984 3801 1032 auctore

2227 1069 2417 1131 scribit
2462 1075 2603 1130 Pirri
2662 1075 2979 1131 Zachariam
3030 1072 3433 1130 schismaticutn
3486 1059 3801 1137 episcopum

2226 1166 2572 1228 Tauromenii
2597 1183 2626 1220 a
2655 1167 2846 1222 Photio
2881 1164 3270 1235 archiepiscopi
3309 1161 3800 1225 nomenclatnrant,

2227 1259 2371 1330 quod
2404 1269 2547 1316 esset
2575 1258 2739 1329 opera
2768 1258 2908 1314 male
2938 1259 3007 1313 ab
3035 1259 3125 1313 illo
3146 1257 3357 1321 collata,
3382 1266 3438 1310 et
3465 1251 3801 1310 delensionis

2227 1353 2463 1420 partium
2493 1349 2878 1408 Photianarnut
2909 1351 3136 1420 pretium
3166 1350 3314 1418 prius
3343 1360 3653 1418 repensum.
3682 1334 3810 1398 Sed'

2228 1443 2368 1496 unde
2395 1441 2495 1497 hoc
2520 1443 2726 1512 accepit
2751 1441 3031 1497 Piccolus?
3054 1455 3163 1511 quo
3190 1439 3449 1510 producto
3476 1435 3792 1493 testimonio

2230 1534 2279 1587 id
2311 1534 2581 1589 allirmat?
2612 1533 2850 1589 Primum
2886 1535 3053 1597 enim,
3087 1535 3130 1589 si
3162 1533 3209 1590 is
3247 1541 3476 1603 ponatur
3508 1533 3791 1599 episcopus

2230 1625 2574 1683 Taurotncnii
2605 1628 2770 1683 fuisse
2791 1627 3102 1693 Zacharias,
3126 1628 3214 1697 qui
3239 1633 3597 1698 cognomento
3619 1626 3798 1678 dictus

2229 1731 2313 1776 est
2344 1720 2563 1788 κωφός,
2611 1720 2665 1777 id
2692 1729 2775 1777 est
2806 1725 3018 1784 surdus,
3052 1732 3201 1778 certe
3230 1720 3279 1777 is
3305 1735 3333 1776 a
3362 1717 3552 1774 Photio
3596 1732 3699 1772 non
3732 1715 3804 1770 ti-

2233 1812 2402 1865 tuhuu
2439 1812 2834 1884 archiepiscopi
2868 1826 2967 1884 pro
3008 1829 3106 1870 sua
3149 1812 3392 1870 Ecclesia
3443 1811 3673 1879 accepit,
3704 1809 3803 1864 sed

2232 1904 2567 1974 ntetropolita
2597 1903 2958 1962 Chalcedonis
2992 1915 3243 1974 creatus;
3280 1905 3421 1975 quod
3459 1891 3806 1978 apertissime

2233 1997 2450 2067 scripsit
2499 1995 2716 2054 Nicetes
2758 1997 2925 2054 David
2973 2001 3030 2054 in
3074 1997 3197 2054 Vita
3245 1999 3302 2055 S.
3351 1999 3563 2068 lgnatii,
3611 2002 3804 2052 contra

2232 2102 2392 2157 quem
2444 2087 2668 2144 Pbotius
2725 2100 2835 2144 tam
2887 2089 3233 2159 pertinaciter
3278 2090 3578 2157 acerbeque
3629 2087 3804 2156 depu-

2168 2186 2175 2194 '
2232 2168 2757 2252 gn’avi‘t“,“"’s‘criptor
2819 2195 3006 2236 eorum
3071 2189 3414 2250 temporum,
3474 2178 3566 2249 qui
3620 2177 3807 2257 omnia

2233 2269 2292 2327 S.
2342 2269 2884 2348 lgnatiiccrtamina
2938 2271 3346 2344 diligentissime
3388 2269 3811 2339 ﬁdelissimeqne

2233 2375 2550 2435 persecutus
2598 2376 2680 2422 est
2729 2382 2743 2418 :
2795 2364 2949 2437 cujus
2992 2366 3216 2422 historia
3264 2365 3419 2420 initio
3464 2375 3560 2419 vnt
3611 2360 3806 2433 synodi

2235 2473 2330 2526 pro
2356 2472 2518 2514 causa
2544 2459 2641 2514 hac
2665 2458 2723 2514 S.
2751 2460 2941 2530 lgnatii
2965 2467 3019 2516 et
3043 2460 3219 2516 Photii
3247 2459 3516 2515 celebrata
3541 2459 3805 2528 impressa

2232 2557 2335 2604 est.
2378 2549 2451 2602 De
2481 2547 2676 2604 Photio
2705 2551 2890 2619 itaque
2930 2549 3009 2605 sic
3045 2551 3236 2604 scribit
3266 2565 3286 2601 ξ
3311 2549 3414 2606 His
3445 2548 3537 2602 ille
3566 2547 3808 2600 omnibus

2233 2642 2545 2707 procuratis,
2587 2642 2867 2694 insana'et
2909 2641 3162 2708 sacrilega
3203 2655 3294 2706 per
3325 2636 3599 2691 Zacharias
3639 2636 3811 2703 Capiti

2233 2747 2468 2799 matrum,
2505 2731 2595 2800 qui
2655 2729 2721 2784 ab
2789 2731 2903 2800 ipso
2967 2728 3408 2785 Chalcedonensis
3476 2727 3807 2793 metropolita

2233 2833 2438 2878 creatus
2487 2811 2682 2894 fuerat,
2727 2832 2780 2877 et
2829 2821 3156 2876 Theodorum
3206 2821 3520 2875 translatum
3566 2835 3599 2873 ο
3643 2815 3809 2872 Caria

2234 2918 2303 2971 ad
2339 2917 2712 2972 Laudicensem
2753 2917 3105 2984 episcopatum
3151 2917 3205 2969 in
3239 2912 3452 2968 Italiam
3495 2911 3805 2967 transmisit.

2234 3006 2312 3063 Ex
2358 3007 2445 3063 his
2488 3022 2618 3064 sane
2664 3008 2870 3062 nullum
2918 3009 3139 3063 subesse
3186 3004 3406 3061 dubium
3462 3014 3638 3073 potrst-
3675 3003 3808 3071 quin

2235 3098 2526 3156 Zacharias
2570 3099 2658 3156 ille
2702 3101 2793 3170 qui
2839 3100 3055 3171 Cophus
3103 3105 3459 3169 cognomento
3493 3096 3667 3150 dictus
3698 3105 3803 3160 est,

2234 3207 2344 3247 non
2393 3190 2738 3247 Tauromeuii
2786 3194 3071 3263 episcopus
3117 3202 3242 3247 ante
3289 3190 3475 3255 fuerit,
3526 3190 3624 3245 sed
3668 3203 3808 3242 nova

2236 3283 2597 3340 Chalcedonis
2626 3284 2980 3353 metropolita
3027 3285 3286 3355 dignitate
3332 3283 3582 3338 donatus.
3618 3281 3807 3352 Atqui,

2237 3375 2466 3444 inquies,
2497 3376 2564 3430 ab
2593 3377 2903 3444 episcopatu
2933 3372 3389 3431 Tauromenitana
3427 3384 3709 3446 promotus
3740 3374 3808 3429 ad

2236 3465 2750 3521 Cbalcedonensem;
2800 3466 2905 3521 Sed
2949 3482 3052 3521 non
3095 3468 3195 3523 hoc
3221 3468 3444 3525 verbum
3477 3468 3815 3540 χειροτονεῖν

2238 3573 2348 3628 quo
2374 3572 2504 3615 usus
2532 3557 2721 3626 David,
2743 3558 3046 3628 signiﬁcare
3071 3570 3267 3628 potest,
3291 3563 3385 3617 sed
3410 3562 3495 3618 vel
3523 3562 3814 3629 designare

2237 3651 2571 3722 episcopum,
2599 3651 2685 3707 vel
2714 3665 3070 3718 consecrare;
3106 3650 3248 3722 quod
3281 3667 3347 3708 ex
3376 3654 3492 3722 ipsa
3525 3653 3733 3708 ratione
3757 3660 3815 3708 et

2238 3752 2418 3817 etymo
2456 3743 2692 3800 nominis
2720 3744 2862 3815 quod
2910 3757 3160 3799 manuum
3208 3743 3604 3815 impositionem
3641 3741 3818 3798 maui-

2241 3836 2379 3892 feste
2415 3838 2654 3904 denotat,
2691 3847 2743 3894 et
2771 3855 2834 3894 ex
2866 3838 2987 3895 aliis
3020 3839 3401 3911 scriptoribus,
3428 3836 3630 3896 Iacobo
3653 3835 3816 3895 Cret-

2240 3944 2384 3996 sero,
2408 3929 2614 3998 Joanne
2638 3931 2704 3986 de
2729 3929 2778 3985 la
2805 3930 2999 3996 Cerda,
3024 3929 3185 3988 Petro
3210 3932 3463 3997 Arcadio,
3499 3932 3815 4001 presbytero

2242 4017 2584 4090 Corcyrensi,
2625 4021 2716 4088 qui
2761 4019 2827 4075 dc
2859 4014 2964 4074 ritu
3009 4029 3471 4076 sacramentorum
3504 4017 3816 4075 Cra-corum

2242 4107 2488 4164 volumen
2523 4108 2790 4180 integrum
2827 4111 3064 4180 scripsit,
3113 4112 3188 4168 ita
3237 4121 3443 4167 certum
3491 4125 3612 4167 esse
3654 4108 3820 4166 debet

2241 4201 2414 4256 cuivis
2448 4203 2796 4258 mediocriter
2829 4203 3015 4260 Graece
3045 4204 3258 4267 scienti,
3289 4212 3348 4259 ut
3380 4203 3435 4260 id
3472 4190 3702 4276 probare
3742 4201 3821 4257 sit

2240 4307 2403 4364 opera
2424 4294 2604 4364 abuti;
2627 4304 2681 4351 et
2703 4307 2906 4366 quiest),
2932 4295 3000 4353 ab
3021 4296 3372 4367 sequentibus
3392 4295 3593 4359 verbis,
3619 4292 3819 4364 quibus

2242 4384 2585 4441 Theodorum
2625 4387 2949 4442 translatum
2979 4401 3008 4440 a
3036 4385 3195 4443 Caria
3233 4386 3556 4442 Laodiceam
3601 4382 3814 4450 scribit,

2242 4480 2296 4535 in
2325 4493 2431 4549 quo
2458 4476 2587 4533 usus
2617 4479 2779 4534 verbo
2807 4478 3181 4549 μετατιθέναι,
3218 4493 3322 4533 non
3350 4479 3402 4532 id
3433 4486 3583 4532 certo
3611 4474 3819 4531 certius

2242 4567 2502 4637 apparet?
2529 4568 2664 4623 Cum
2688 4568 2830 4624 enim
2858 4572 3155 4625 secundum
3185 4585 3442 4642 expresse
3467 4570 3607 4626 dicat
3634 4576 3818 4622 trans-

2244 4660 2445 4726 latum,
2493 4666 2548 4713 et
2600 4659 2820 4730 preprio
2868 4670 3049 4713 utatur
3082 4663 3272 4727 verbo,
3326 4665 3392 4717 de
3440 4663 3613 4732 primo
3664 4668 3820 4716 certo

2244 4753 2618 4822 accipiendum
2671 4763 2757 4808 est
2805 4751 2971 4809 fuisse
3024 4765 3297 4819 creatum,
3347 4755 3544 4824 quippe
3589 4767 3712 4807 cum
3759 4761 3821 4808 ut

2244 4848 2457 4901 diversa
2504 4850 2738 4918 scriptor
2764 4842 2825 4904 ea
2874 4847 3184 4902 tradiderit.
3220 4845 3423 4902 Deinde
3463 4849 3603 4916 apud
3639 4844 3820 4901 Leun-

2244 4938 2477 5022 clavium
2496 4938 2572 4995 De
2590 4940 2713 5010 jure
2745 4937 3119 4995 Graeco-Rom.
3148 4945 3322 4993 essm
3353 4946 3515 5008 caput
3546 4938 3610 4994 de
3641 4947 3822 4995 trans-

2246 5030 2445 5087 latione
2493 5032 2846 5089 Orientalium
2906 5033 3326 5104 episcoporum,
3374 5029 3428 5085 in
3475 5047 3582 5101 quo
3628 5048 3820 5090 tuanec

2246 5125 2490 5180 translati
2524 5127 2756 5196 episcopi
2792 5135 3203 5190 enumerantur,
3235 5124 3345 5194 jam
3377 5125 3499 5180 inde
3530 5141 3558 5180 a
3591 5124 3648 5181 S.
3680 5125 3817 5182 Cre-

2242 5231 2397 5287 gorto
2423 5217 2819 5284 Nanzianzeno,
2840 5219 2931 5288 qui
2957 5233 3019 5273 ex
3048 5216 3275 5273 Sasimis
3295 5211 3816 5291 ConstantinOpolim

2193 5333 2214 5337 λι
2245 5309 2542 5366 translatus
2585 5324 2690 5375 est,
2724 5325 2895 5380 usque
2921 5311 2987 5365 ad
3021 5309 3336 5380 Gregorium
3381 5311 3686 5377 Asbestam,
3721 5311 3816 5382 qui

2245 5399 2414 5470 ipsius
2461 5402 2770 5456 schismatis
2810 5400 3057 5456 Photiani
3104 5417 3290 5468 causa,
3343 5401 3569 5458 Nicaeam
3607 5404 3674 5457 ab
3702 5403 3819 5471 ipso

2246 5491 2438 5548 Photio
2480 5494 2771 5548 translatus
2803 5494 2989 5546 eodem
3027 5493 3211 5547 Niceta
3258 5495 3459 5550 Davidc
3509 5496 3816 5558 scribente;

2244 5599 2346 5640 nec
2399 5585 2504 5639 ulla
2554 5584 2611 5638 in
2648 5598 2714 5638 eo
2745 5584 2918 5652 capite
2966 5584 3170 5637 mentio
3223 5587 3469 5642 translati
3519 5583 3817 5639 Zacharias.

2246 5673 2342 5730 Est
2372 5675 2556 5744 igitur
2605 5682 2713 5727 tam
2763 5672 3110 5728 manifestum
3158 5673 3474 5731 Zachariam
3521 5676 3673 5727 illum
3711 5672 3817 5730 Co-

2251 5765 2420 5836 phum
2455 5781 2561 5823 non
2594 5765 2984 5835 archiepiscopi
3019 5767 3263 5835 titulum,
3291 5767 3385 5823 sed
3419 5781 3526 5822 rem
3561 5775 3612 5822 et
3643 5767 3820 5840 (ligni-
