4002 6344
608 373 677 434 75
1613 363 2011 425 FRANCISCI
2051 363 2315 424 SCOIISI.
2358 363 2785 426 I‘ROG'IMIUM
2830 372 2878 431 ι.
3535 412 3557 442 κ
3750 372 3820 436 'iti

577 495 583 500 ‘
607 497 833 539 cessares
861 478 1177 545 patriarcha:
1198 485 1317 533 sunt
1343 477 1497 544 dicti;
1527 477 1669 533 Petri
1693 490 1865 533 autem
1892 493 2160 532 surcessor

608 593 702 642 pro
748 572 1053 628 excellentia
1113 570 1357 639 principis
1402 570 1787 637 apostolorum,
1834 571 2162 639 Apostolicus

610 667 910 721 nominatur
926 682 945 730 ;
974 663 1065 733 qui
1087 672 1266 717 autem
1295 662 1358 715 ab
1384 662 1458 714 eis
1487 662 1703 731 (scilicet
1734 660 1791 716 S.
1829 659 1983 715 Petro
2012 662 2164 713 aliis-

608 772 706 824 que
755 754 1030 823 apostolis)
1064 770 1162 823 per
1200 755 1494 822 provincias
1545 755 1688 810 utisss'
1734 763 1874 816 sunt,
1921 764 2026 805 tam
2066 753 2163 818 ipsi

608 863 765 909 tmnm
816 860 1135 901 successores
1179 845 1295 913 ejus
1352 847 1722 911 archiepiscopi
1766 858 2033 898 caelantur.
2087 843 2162 898 Ita

610 939 856 993 llocehus
902 935 1040 991 I’irri
1092 935 1465 1000 ratiocinator,
1511 947 1565 989 et
1614 946 1755 1003 recte
1792 951 1944 999 sane,
2005 951 2164 991 nemo

609 1031 813 1099 negarit
845 1047 858 1081 :
898 1043 1005 1099 qua
1042 1028 1449 1083 ratiocinatione
1486 1028 1602 1098 quis
1640 1026 1769 1084 mihi
1812 1028 1914 1084 nisi
1945 1028 2015 1080 sit
2045 1042 2164 1096 per-

607 1124 841 1190 iniquus,
877 1136 980 1174 nou
1030 1121 1291 1175 concedat
1341 1120 1433 1173 uti.
1456 1122 1521 1173 ad
1572 1110 1917 1174 assert-udam
1957 1119 2165 1173 Tauro-

611 1192 896 1266 nicnitante
941 1209 1620 1280 Ecclesiae.archiepiscopi
1662 1209 1998 1280 dignitatem,
2041 1202 2161 1262 eum

611 1307 784 1360 ntedio
810 1294 956 1358 nullo
986 1302 1352 1358 intercedunte
1372 1316 1410 1356 a
1441 1303 1499 1359 S.
1518 1302 1687 1356 Petro
1715 1302 1932 1357 fundata
1968 1299 2165 1355 interit?

609 1400 747 1466 Quin
792 1398 954 1452 etiam
983 1411 1101 1467 quae
1130 1397 1245 1464 ipse
1284 1393 1508 1449 disserit
1544 1396 1613 1448 de
1654 1392 1913 1461 dignitate
1956 1390 2164 1443 Panor-

612 1492 822 1544 mitana:
865 1470 1035 1550 urbis,
1078 1487 1143 1540 ad
1189 1499 1352 1554 quam
1397 1484 1559 1538 etiam
1610 1482 1798 1541 referri
1846 1481 1933 1536 ille
1974 1481 2164 1535 titulus

610 1581 799 1647 possit,
842 1560 1069 1647 qumque
1102 1590 1168 1628 ex
1201 1574 1433 1629 Baronio
1471 1572 1632 1651 refert
1674 1575 1739 1625 ad
1766 1587 1890 1625 eam
1931 1570 2164 1640 proban-

609 1674 754 1735 dam,
779 1669 958 1723 ntnnia
994 1668 1173 1721 lacere
1200 1679 1298 1734 pro
1337 1662 1700 1735 Tauronng
1731 1674 1971 1732 possunt,
2007 1662 2164 1731 cujus

610 1751 759 1814 urbis
787 1760 1019 1828 dignitas
1045 1754 1292 1824 quamvis
1320 1751 1714 1809 Panormitanﬁ
1743 1770 1848 1808 nun
1881 1769 1996 1821 par,
2022 1763 2165 1806 uua-

611 1866 732 1905 men
764 1861 870 1904 tam
913 1862 1105 1918 magna
1152 1846 1339 1916 primis
1374 1833 1481 1901 illis
1510 1846 1797 1915 aureisque
1834 1843 2163 1910 temporibus

598 1942 850 2006 tesstitit,
900 1947 957 1993 ut
988 1953 1065 1993 es
1109 1936 1463 1993 Constantino
1516 1937 1836 2003 imperatore
1885 1942 2161 1988 ostensum

610 2031 747 2102 ests
787 2030 1007 2101 Ihujus
1050 2027 1324 2091 Prommii,
1376 2034 1435 2080 ut
1482 2027 1674 2105 metito
1720 2025 1794 2078 illi
1845 2023 1932 2078 hic
1978 2022 2164 2076 titulus

538 2122 556 2137 "
608 2123 803 2177 ascribi
842 2135 996 2188 posse
1025 2119 1291 2172 rideatur.
1327 2117 1541 2172 Advoco
1569 2116 1696 2169 vero
1724 2117 1890 2170 etiam
1923 2114 1990 2166 ad
2018 2128 2166 2165 eam-

609 2219 729 2267 dem
756 2211 1224 2267 Tauromenitanae
1251 2221 1470 2264 causam
1504 2207 1945 2276 patrocinandam
1976 2202 2166 2257 amnes

612 2307 1003 2376 Syracusanam
1042 2310 1114 2355 -et
1160 2300 1513 2355 Cataneusem
1567 2297 1876 2359 Ecclesiae,
1935 2308 2161 2363 quarum

612 2396 936 2452 honoriﬁcus
1011 2392 1191 2447 titulos
1262 2389 1647 2459 archiepiscopi
1673 2429 1691 2453 ,
1752 2403 1860 2458 quo
1927 2386 2162 2453 Syracu-

608 2504 777 2544 sanus
834 2487 1058 2540 antistes
1122 2493 1175 2537 ct
1238 2480 1628 2550 metropolitzc,
1686 2496 1793 2546 quo
1848 2478 2167 2534 Catanensis

608 2584 676 2635 ab
714 2578 900 2634 eadem
939 2575 1195 2631 natalium
1234 2587 1452 2628 suorum
1498 2570 1811 2627 conditione
1849 2578 2005 2623 natos
2044 2582 2166 2621 esse

606 2685 820 2735 censeo,
862 2665 1005 2737 quod
1052 2664 1216 2719 altera
1265 2662 1322 2718 S.
1361 2661 1720 2722 Marcianum,
1754 2658 1922 2712 altera
1970 2655 2030 2710 S.
2070 2654 2169 2706 Be-

610 2761 798 2832 ryllum
856 2759 1061 2829 primos
1092 2770 1138 2809 .a
1189 2754 1252 2809 Ι).
1308 2753 1466 2807 Petro
1518 2761 1767 2820 parentes
1813 2758 1866 2803 et
1927 2754 2168 2817 pastor-es

612 2852 881 2921 acceperit
908 2866 923 2905 :
963 2862 1271 2918 quanquam
1314 2848 1411 2902 hos
1441 2844 1605 2899 etiam
1638 2842 1851 2896 venales
1879 2839 2082 2905 titulos,
2114 2847 2167 2892 et

609 2962 636 2995 a
671 2942 864 2997 Photio
906 2948 1142 3009 etnplos,
1175 2942 1244 2992 ob
1288 2946 1590 3004 susceptam
1622 2935 1740 3001 ejus
1789 2933 1842 2985 in
1876 2930 2167 2985 schismate

612 3031 872 3086 adversus
899 3030 1165 3111 lgnatinn‘t
1192 3036 1246 3081 et
1274 3027 1550 3081 deleusant
1574 3038 1790 3078 causam
1821 3021 1995 3090 arguit
2027 3021 2165 3073 idem

614 3123 861 3176 I'iccolus
892 3122 1088 3174 citatus
1117 3118 1148 3171 it
1186 3116 1321 3171 Pirri
1370 3127 1508 3185 part.
1540 3131 1591 3177 ι.
1622 3129 1742 3182 cap.
1774 3112 1843 3165 εδ
1864 3151 1877 3176 ,
1916 3121 1970 3165 et
2001 3126 2065 3164 ex
2103 3125 2166 3161 eo

612 3214 748 3266 Pii-ri
781 3215 832 3265 in
871 3211 1066 3266 Notitia
1104 3209 1266 3264 Mess.
1321 3207 1569 3263 Ecclesia:
1606 3215 1735 3259 tom.
1783 3204 1854 3266 ll,
1884 3201 1922 3255 ι’.
1960 3217 2161 3264 chsr;

608 3317 924 3373 quanquam
965 3302 1050 3355 hic
1106 3312 1236 3353 tem.
1272 3297 1365 3361 IlI,
1395 3301 1446 3349 in
1484 3296 1679 3349 Notitia
1715 3295 2069 3359 Syracusarum
2116 3298 2167 3340 et

609 3395 924 3450 tiatanensis
981 3392 1191 3463 pedem,
1241 3389 1497 3460 paulatim
1558 3385 1759 3441 referre
1812 3384 2057 3437 videatur
2102 3380 2167 3434 iis

612 3489 798 3557 pulsus
830 3483 1159 3555 argumentis
1200 3496 1319 3549 qua:
1369 3480 1480 3547 jam
1525 3479 1813 3549 proferant.
1867 3475 2011 3529 Sane
2044 3486 2167 3526 non

609 3578 820 3633 iniit-lar
858 3576 909 3627 in
945 3589 1006 3627 ea
1043 3580 1363 3639 tempestate
1395 3568 1740 3636 nauiragassc
1763 3582 1857 3622 eos
1878 3566 2168 3630 antistites,

602 3666 661 3723 et
689 3665 1010 3737 Gregorium
1045 3664 1332 3718 Asbcstatn
1362 3657 1766 3729 Syracusanum
1802 3658 1972 3712 iacent
2005 3656 2168 3710 fuisse

612 3762 756 3819 illius
787 3758 931 3819 belli,
968 3768 1199 3821 eumque
1226 3754 1280 3805 in
1322 3752 1618 3806 schismate
1642 3746 2015 3811 contumace'r'n
2047 3749 2168 3803 anis

608 3865 752 3905 munt
831 3847 1166 3908 obstinasse;
1226 3829 1570 3911 Euthymiuni
1624 3853 1754 3895 vero
1810 3841 2164 3894 Catanensetn

610 3940 758 4008 prius
784 3936 1000 4006 quidem
1030 3931 1321 4005 adhaesisse
1354 3930 1545 3984 I‘hotio
1565 3969 1581 3994 ,
1616 3930 1809 3984 deinde
1854 3931 2165 3999 pmnitentia

607 4028 736 4083 facti
791 4032 1208 4094 compunctum,
1253 4020 1613 4094 secessionem
1652 4021 1720 4073 ab
1765 4036 1830 4073 eo
1860 4020 2082 4083 fecisse,
2113 4027 2165 4071 et

609 4134 731 4175 cum
764 4127 908 4174 recte
936 4089 1303 4171 sentientibus~
1344 4114 1396 4167 in
1434 4113 1675 4182 synodo,
1712 4112 1834 4165 Aet.
1866 4113 1932 4175 5,
1963 4121 2015 4166 et
2046 4110 2164 4165 aliis

611 4210 864 4278 deinceps
893 4215 1258 4277 aggregatum.
1289 4205 1440 4272 Quod
1470 4220 1597 4259 vero
1646 4204 1712 4258 ad
1747 4205 1933 4259 titulos
1978 4202 2168 4259 attinet

611 4302 751 4355 haud
800 4300 916 4355 scio
954 4299 1049 4368 qui
1098 4299 1201 4353 hoc
1232 4306 1383 4353 certo
1408 4298 1580 4369 possit
1609 4284 1877 4352 al‘lirmare
1924 4306 1978 4353 et
2032 4298 2165 4351 scri-

610 4390 736 4440 bere
786 4397 1010 4454 uterque
1061 4387 1330 4456 scriptor,
1380 4402 1501 4442 cum
1552 4389 1607 4441 in
1653 4388 1857 4456 synodo
1884 4400 1995 4451 t'tt,
2045 4400 2165 4454 quae

609 4480 869 4534 adversus
921 4477 1319 4544 leonoelastas,
1376 4480 1766 4549 imperantibus
1809 4479 2165 4534 Constantino

607 4577 663 4622 et
701 4566 889 4630 lrene,
920 4568 1021 4622 sub
1069 4566 1356 4621 Adriano]
1397 4570 1691 4636 ,pontilicc,
1740 4568 2010 4623 celebrata
2058 4576 2161 4631 est,

609 4658 696 4713 ubi
751 4655 1169 4712 subseribuntur
1233 4655 1503 4725 episcopi,
1560 4671 1815 4724 expresse
1859 4656 2165 4711 nominetur

609 4747 918 4815 Stephanus
954 4744 1338 4815 Syracusanus
1389 4744 1845 4811 archiepiscopus.
1880 4744 1969 4797 Sic
2019 4745 2162 4797 enim

558 4845 713 4905 laet.
746 4833 813 4898 ι,
861 4834 912 4887 in
955 4831 1271 4888 recensione
1317 4821 1713 4899 episcoporum.
1750 4829 2003 4882 Γαὶαῖῶν
2038 4828 2163 4883 sitio

606 4940 786 4993 χιστος
824 4922 1214 4996 πρεσϐύτερος.
1247 4925 1342 4979 uti.
1394 4925 1459 4977 ἐκ
1500 4922 1786 4993 προσώπου
1814 4923 2163 4992 ἀρχιεπιςκὸ-

606 5030 709 5066 που
743 5010 993 5072 Σικελίας
1027 5012 1299 5080 ἁσμένως,
1336 5026 1442 5069 etc.
1476 5015 1572 5070 Cui
1601 5014 1928 5084 reSpondens
1975 5011 2160 5067 Latina

608 5103 846 5155 uotninat
885 5101 1259 5171 Stephanum,
1305 5118 1425 5171 qua:
1473 5102 1657 5164 Grati-tt
1710 5102 2007 5173 suppressit
2052 5100 2161 5156 (ἴα-

605 5194 724 5246 bato
750 5193 969 5260 exiguus
998 5190 1283 5259 presbyter,
1323 5202 1371 5267 et
1402 5210 1466 5247 ea:
1512 5212 1730 5263 persona
1774 5194 2026 5267 Stephani
2068 5212 2162 5249 ar-

606 5282 913 5350 chiepiscopi
961 5278 1161 5335 Sicilire
1210 5282 1425 5338 libenter
1470 5285 1665 5350 omnia,
1698 5298 1803 5343 etc.
1848 5292 1918 5342 At
1952 5304 2079 5343 vero
2115 5289 2162 5341 ιο

606 5376 767 5429 etiam
819 5374 871 5427 in
938 5371 1124 5426 Graeco
1175 5386 1356 5442 testu,
1424 5376 1738 5442 Γαὶατῶνος
1788 5384 2160 5452 argutius-ipes

608 5474 700 5524 nt
728 5471 818 5523 τὸν
855 5468 1019 5522 τόπον
1055 5470 1342 5540 ἐπέχοντος
1388 5470 1656 5537 Στεφάνου
1706 5474 2003 5529 ἐπισκόπου
2046 5478 2164 5530 Συ..

610 5561 932 5630 ρακουσῐων.
982 5557 1241 5620 Gulutoue
1280 5562 1577 5630 presbytero
1603 5601 1618 5627 ,
1648 5572 1697 5617 et
1738 5566 1905 5619 locum
1963 5577 2164 5622 tenente

609 5648 853 5717 Stephani
898 5654 1127 5723 episcopi
1181 5650 1526 5722 Syracusani.
1578 5653 1691 5708 Non
1740 5654 1985 5723 fugerunt
2053 5662 2165 5715 lucc

609 5740 725 5794 loca
775 5730 1221 5809 I‘iccolum,’scd
1264 5758 1453 5803 eorum
1524 5746 1631 5802 vim
1691 5756 1743 5803 et
1792 5752 2161 5804 auctoritatem

2268 488 2499 533 enitatur
2530 478 2799 550 emigcrc,
2833 489 2888 537 et
2914 481 2969 536 in
3006 482 3361 553 suspicionem
3384 485 3588 542 erroris
3619 492 3823 545 testem

2266 569 2556 623 adducere.
2592 567 2697 625 Sed
2746 586 2936 641 nugzc-z
2985 587 3121 642 quas
3150 574 3235 627 hic
3276 590 3380 629 non
3430 573 3698 644 referant;
3738 593 3826 637 re:

2268 659 2371 714 [ert
2403 666 2545 715 enim
2589 660 2727 717 I‘irri
2750 701 2765 724 ,
2802 663 2893 731 qui
2930 678 3056 717 eum
3099 664 3152 718 in
3183 660 3299 734 ejus
3349 659 3572 721 inclinet
3613 666 3824 735 Opinio-

2272 766 2431 816 nem,
2460 762 2638 807 tamen
2679 764 2862 819 aperte
2883 753 3078 808 fatetur
3103 770 3208 810 non
3252 770 3407 823 posse
3437 757 3637 812 elevari
3673 759 3827 812 testi-

2268 843 2433 897 monii
2481 843 2641 912 hujus
2688 847 3068 901 aucwritatem
3095 865 3108 899 :
3142 863 3263 901 nam
3292 848 3435 917 quod
3462 858 3541 902 est
3570 846 3823 919 «litigium

2266 938 2484 1000 Pieeoli,
2513 950 2566 1012 et
2592 949 2977 1004 commentum,
3008 940 3259 994 nimirum
3288 950 3395 997 aet.
3428 941 3485 1006 2,
3509 939 3824 995 Galatonem

2265 1029 2373 1083 dici
2413 1012 2599 1097 aperte
2636 1030 2807 1083 locum
2844 1040 3027 1084 tenere
3069 1031 3469 1101 Illiegii;.untle
3497 1030 3611 1099 ipse
3638 1040 3825 1085 cettsct

2265 1121 2740 1190 archiepiscopmn,
2763 1120 2960 1176 Sicilia:
2989 1120 3289 1193 Rheginunt
3316 1120 3421 1177 diei
3456 1121 3621 1177 reteri
3652 1137 3822 1184 more,

2265 1202 2375 1281 quo
2428 1211 2679 1266 Calabria
2736 1210 2921 1267 Sicilia
2971 1223 3273 1282 nuncupata
3309 1226 3427 1279 est,
3456 1223 3513 1269 et
3553 1228 3675 1269 cum
3704 1214 3827 1271 Ste-

2266 1300 2480 1371 phanus
2526 1310 2634 1355 aet.
2670 1300 2705 1354 4
2736 1301 2952 1370 legitur,
2982 1300 3413 1357 substituendum
3444 1317 3544 1375 pro
3588 1317 3654 1359 eo
3679 1301 3826 1359 Cou—

2265 1392 2599 1455 stantiuum,
2642 1393 2863 1448 omnino
2890 1394 3185 1448 evanescit.
3230 1391 3363 1448 Nam
3394 1395 3483 1448 illa
3513 1404 3621 1451 act.
3653 1394 3690 1450 2
3718 1410 3825 1450 non

2265 1480 2557 1546 ιάλατὼν,
2591 1482 2818 1550 Galate,
2850 1491 2906 1536 ut
2956 1483 3010 1537 in
3040 1484 3215 1553 prima
3247 1481 3533 1548 scribitur,
3583 1484 3677 1539 sed
3716 1484 3824 1538 Fa-

2266 1574 2484 1637 λάτιος,
2519 1583 2575 1629 et
2610 1572 2801 1630 Latine
2835 1574 3060 1631 vertitur
3104 1572 3339 1639 Celata;
3369 1574 3509 1629 unde
3552 1574 3601 1630 si
3641 1575 3695 1630 in
3740 1574 3827 1630 his

2267 1664 2508 1718 minutiis
2554 1664 2755 1734 aliquid
2800 1665 3059 1718 momenti
3126 1665 3429 1733 ponendum
3477 1674 3593 1730 est,
3637 1678 3826 1719 ansam

2266 1754 2526 1808 habemus
2577 1753 2863 1823 colligendi
2918 1753 3083 1807 alium
3148 1753 3351 1819 fuisse,
3409 1748 3651 1824 adeoque
3699 1769 3828 1809 cou-

2235 1848 2526 1916 'jecturant
2588 1846 2891 1903 illiusalia
2946 1857 3131 1901 nostra
3191 1848 3543 1903 retundimus.
3601 1846 3668 1903 Et
3717 1858 3825 1903 act.

2265 1940 2380 2009 ipsa
2416 1938 2484 2003 4,
2537 1940 2590 1991 in
2636 1952 2740 2006 qua
2804 1941 3058 1992 tncmlum
3100 1939 3407 2007 suspicatur
3452 1936 3739 2003 Piecolus,
3776 1950 3829 1996 et

2265 2030 2696 2087 Substituendum
2742 2044 2839 2098 pro
2878 2031 3156 2099 Stephano
3199 2029 3611 2084 Constantinum
3648 2033 3828 2094 vellet,

2267 2119 2533 2185 reperitur
2580 2120 2785 2173 adesse
2839 2119 3226 2174 Constantinus
3263 2138 3279 2173 :
3313 2136 3471 2189 quem
3520 2122 3609 2175 ille
3654 2122 3829 2175 locum

2267 2210 2505 2263 fortasse
2535 2209 2933 2275 dissimulavit,
2982 2209 3123 2279 quod
3156 2211 3211 2265 in
3235 2208 3425 2264 Latina
3468 2212 3717 2267 versione
3748 2214 3833 2265 di-

2264 2308 2418 2356 catur
2458 2300 2615 2364 Citii,
2659 2316 2764 2356 non
2813 2300 3002 2370 Rhegii
3044 2319 3060 2356 :
3109 2300 3256 2368 atqui
3306 2301 3476 2355 miror
3514 2317 3619 2356 non
3659 2302 3833 2355 anim-

2265 2391 2568 2446 advertisse
2622 2393 2674 2447 in
2729 2395 2973 2463 margine
3017 2393 3455 2449 emendationem
3502 2395 3648 2448 vocis
3687 2392 3831 2459 Chii,

2264 2494 2319 2537 ct
2349 2482 2633 2549 repositam
2670 2482 2893 2551 lteglt'ii:
2927 2492 2982 2538 et
3029 2484 3297 2538 hominem
3325 2484 3515 2541 Graece
3544 2485 3831 2549 scientem,

2267 2584 2372 2623 non
2411 2570 2605 2638 legisse
2637 2571 2688 2623 in
2725 2571 2913 2625 Graeco
2958 2572 3077 2624 sine
3120 2572 3229 2626 ullo
3274 2575 3543 2641 asterisco
3588 2573 3657 2627 ad
3687 2571 3833 2627 Illic-

2265 2660 2339 2729 gii
2380 2674 2566 2711 vocent
2620 2660 3031 2721 Κωνσταντῖνος
3070 2662 3099 2713 ὁ
3139 2660 3354 2725 ἀνάξιος
3400 2659 3698 2728 stlattaria;
3734 2664 3833 2718 τοῦ

2280 2749 2502 2820 Ῥηγξιυυ
2551 2752 2845 2824 ἀᾳμένως,
2901 2753 2954 2806 id
3003 2760 3120 2817 est,
3164 2752 3543 2810 Constantinus
3586 2754 3832 2825 indignus

2265 2845 2534 2911 episcopus
2564 2842 2738 2913 'Regii
2781 2843 3019 2909 libenter,
3058 2855 3203 2909 etc.,
3257 2854 3311 2901 et
3355 2848 3569 2900 demum
3610 2854 3718 2906 art.
3779 2846 3834 2915 7,
3894 2840 3909 2861 ¹

2265 2937 2549 3007 iugulatur
2576 2935 2770 2990 I’iccoli
2797 2936 3109 3005 conjectura
3134 2953 3261 2994 cum
3292 2940 3365 2995 ibi
3392 2940 3605 2995 dicatur
3636 2939 3835 2998 Galam

2267 3032 2504 3085 vicarius
2536 3029 2801 3097 Stephani
2829 3029 3068 3100 episcopi
3091 3030 3453 3102 Syracusani,
3484 3041 3538 3087 et
3562 3031 3615 3086 in
3640 3032 3829 3088 eadem

2267 3130 2373 3177 aet.
2405 3120 2641 3175 adfuisse
2668 3121 3078 3176 Constantinum
3121 3120 3432 3197 episcopum
3463 3119 3651 3189 Rhegii
3701 3137 3832 3178 con—

2267 3222 2414 3274 stat;
2456 3214 2597 3281 quod
2643 3212 2844 3278 optime
2880 3211 3011 3264 vidit
3059 3209 3236 3277 Piri-i,
3284 3211 3554 3279 ideoque,
3587 3220 3644 3265 ut
3692 3210 3836 3299 disi,

2269 3302 2768 3354 minusasscntitur
2795 3299 3030 3354 Piceolo.
3075 3302 3181 3356 Sed
3219 3304 3360 3372 quod
3412 3302 3646 3371 apertius
3679 3307 3831 3356 testi-

2269 3388 2506 3443 monium
2541 3404 2701 3454 quam
2730 3387 2956 3458 epistola
2990 3388 3190 3443 Nieolai
3226 3390 3245 3444 I
3291 3392 3559 3460 pontiﬁcis
3592 3394 3657 3445 ad
3688 3390 3831 3446 Pho-

2268 3482 2401 3535 tium
2452 3491 2505 3534 et
2558 3483 2939 3549 imperatorem
2986 3480 3298 3536 Michaelem
3347 3485 3586 3554 scripta,
3623 3486 3678 3538 in
3720 3499 3829 3554 qua

2267 3587 2390 3627 cum
2448 3571 2525 3625 illi
2575 3570 2968 3641 Syracusanam
3014 3570 3312 3626 Ecclesium
3359 3589 3468 3626 sua:
3517 3573 3736 3627 ditionis
3768 3573 3824 3626 in

2268 3673 2588 3733 perpetuum
2652 3661 2871 3733 facere,
2917 3676 3036 3715 cum
3087 3660 3407 3732 Gregorium
3462 3661 3828 3724 divulsissent,

2267 3761 2620 3817 conarentur,
2668 3754 2958 3821 respondet
3006 3751 3287 3808 Nicolaus:
3334 3752 3481 3821 Inter
3507 3753 3607 3806 ista
3634 3762 3830 3831 ψεικειι-

2270 3846 2447 3912 perius
2478 3845 2620 3898 dicta
2652 3844 2910 3909 voluntas,
2944 3856 2998 3897 ut
3034 3846 3357 3899 consecratio
3390 3843 3708 3912 Syracusani
3743 3862 3831 3897 ar—

2268 3930 2579 3999 cltidpist‘opi
2626 3943 2803 3982 nostra
2838 3947 2871 4001 ᾳ
2923 3928 3053 3983 Sede
3101 3932 3455 3997 impendatur,
3506 3942 3561 3983 nt
3612 3932 3830 3984 traditio

2268 4026 2331 4077 ab
2379 4024 2632 4089 apostolis
2664 4026 2903 4078 instituta
2949 4026 3248 4079 nullatenus
3289 4027 3473 4079 reatris
3517 4026 3831 4092 temporibus

2269 4118 2517 4209 violetur.
2569 4114 2692 4171 Ilaec
2741 4116 3039 4172 Nicolnus:
3078 4131 3142 4171 ex
3199 4134 3303 4186 quo
3356 4119 3478 4187 quis
3534 4132 3635 4171 non
3686 4117 3833 4170 ridet

2271 4208 2660 4275 archiepiscttpi
2708 4223 2898 4263 nomen
2933 4209 3272 4278 Syracusano
3314 4208 3540 4261 antistiti
3592 4222 3698 4261 non
3740 4222 3831 4261 su-

2268 4300 2377 4353 lnnt
2410 4316 2439 4351 a
2480 4289 2673 4355 Pholio
2721 4316 2824 4352 non
2868 4299 3032 4353 fuiSse
3066 4298 3343 4361 aftietum,
3378 4297 3469 4351 sed
3522 4311 3549 4348 a
3586 4294 3832 4350 Bottiano

2268 4390 2520 4458 pontiﬁce
2549 4391 2803 4445 donatum
2828 4390 2850 4440 ’Ξ
2896 4391 2977 4443 An
3006 4388 3148 4442 enim
3179 4401 3415 4454 unquam
3459 4386 3695 4454 pumiles
3725 4385 3831 4455 Sy-

2268 4497 2595 4537 racusanum
2651 4480 3125 4549 archiepiscopum
3196 4477 3541 4541 nominaret,
3582 4491 3706 4530 cum
3759 4480 3831 4531 ad

2265 4568 2670 4625 schisimaticos
2719 4566 3018 4629 scriberet,
3056 4566 3102 4619 si
3163 4564 3211 4619 is
3266 4564 3453 4620 titulus
3505 4580 3728 4628 recens,
3772 4577 3832 4618 et

2265 4659 2507 4719 venalis,
2543 4669 2596 4711 et
2651 4656 2807 4711 malis
2850 4655 3057 4711 artibus
3100 4656 3166 4709 ab
3200 4657 3313 4726 ipso
3342 4638 3536 4710 Ρῖιοιὶο
3576 4668 3629 4709 ct
3659 4659 3829 4724 impe-

2268 4761 2447 4803 razore
2480 4747 2671 4802 fuisset
2707 4747 3006 4821 ayqnisitus
3032 4747 3054 4798 ?
3085 4748 3281 4804 Credat
3311 4748 3362 4805 id
3395 4749 3484 4817 qtti
3516 4748 3661 4808 velit,
3697 4746 3831 4817 mili;

2264 4854 2394 4893 sane
2423 4842 2745 4907 persuadere
2778 4854 2937 4895 nemo
2964 4840 3182 4910 poterit.
3232 4838 3369 4905 Quid
3399 4854 3521 4892 veru
3552 4837 3724 4892 dicent
3760 4839 3830 4890 ad

2265 4930 2425 4983 alium
2465 4931 2636 4997 locum
2672 4934 2913 4999 epistola:
2948 4935 3187 5002 ejusdem
3240 4931 3489 4989 Nieolail
3535 4931 3729 4999 pontii.
3757 4934 3829 4987 ad

2264 5017 2580 5080 Mirhaele‘m
2616 5025 3035 5105 imperatorem,
3082 5027 3137 5080 in
3165 5042 3267 5095 qua
3304 5025 3830 5093 Iguatinnnpatriar-

2264 5118 2421 5171 ebant
2450 5118 3103 5189 Copstantinopolitanum
3133 5128 3186 5173 et
3209 5118 3638 5173 comministrum
3666 5133 3831 5174 suum

2265 5204 2537 5276 appellati
2565 5210 2618 5264 in
2655 5225 2760 5278 qua
2788 5208 3028 5278 prro-cipit
3062 5219 3120 5264 ut
3164 5204 3402 5277 Igaatius
3423 5218 3477 5263 et
3508 5207 3736 5265 Photius
3769 5219 3831 5264 et

2263 5300 2468 5368 aliquot
2500 5316 2563 5355 es
2594 5302 2662 5355 iis
2694 5302 2787 5371 qui
2827 5316 2952 5355 eum
2980 5298 3243 5369 Gregorio
3276 5297 3621 5370 Syracusano
3643 5311 3828 5360 erant.

2264 5395 2329 5445 ad
2358 5408 2417 5447 se
2445 5395 2696 5456 veniant,
2732 5404 2786 5446 et
2813 5401 3072 5462 pru'terea
3104 5392 3291 5448 addit:
3332 5391 3614 5449 Mittuntur
3657 5393 3829 5449 etiam

2263 5485 2326 5536 de
2376 5494 2523 5551 parte
2574 5483 2775 5553 [gnatii
2849 5476 3222 5551 archiepiscopi
3272 5485 3486 5551 quidam
3556 5483 3831 5540 Antoninus

2262 5576 2485 5645 Cynici,
2524 5576 2752 5629 Basilius
2801 5573 3238 5639 Thessalonicae,
3285 5573 3669 5637 Constantinus
3718 5569 3830 5625 La-

2267 5666 2451 5728 risste,
2516 5665 2831 5723 Theodorus
2890 5654 3394 5735 Syracusanorum,
3451 5661 3833 5730 Metrophanes

2271 5755 2549 5813 Smyrnae:
2581 5756 2831 5817 ett-ierat
2862 5756 2946 5811 hic.
2978 5757 3291 5815 Theodorus
3333 5763 3515 5814 (ouem
3548 5753 3636 5809 alii
3669 5767 3831 5809 eunt-
