4002 6344
85 349 151 426 st
1008 363 1406 440 FRANCISCI
1446 357 1713 426 sconsr
1770 317 1784 326 ’
1816 344 2245 424 morsuum
2281 361 2366 425 rt.
3247 359 3320 422 se

89 473 414 542 necessaria,
465 457 521 530 ut
562 474 764 546 liquido
823 473 1212 546 intelligeretur
1261 473 1647 544 Theophanem

88 565 424 632 historicum,
448 568 696 622 abbatem
747 566 900 638 Agri.
951 566 1199 622 eumdem
1248 579 1370 622 esse
1410 565 1500 634 qui
1548 565 1648 619 sub

89 668 266 708 Leone
287 663 525 730 Armeno
564 658 810 712 exsilium
846 672 946 730 pro
989 671 1147 711 causa
1193 655 1294 715 88.
1333 655 1652 727 imaginum,

92 757 139 799 et
164 745 218 798 iu
249 762 314 802 eo
339 758 568 804 inertem
593 749 842 820 oppetiit,
858 757 1018 820 atque
1034 749 1173 807 adeo
1194 748 1352 818 longe
1372 746 1648 802 diversum
1673 767 1676 770 ’

91 846 118 884 a
144 830 474 903 Theophane
508 836 834 907 nostroqul,
860 835 1034 891 deleta
1067 835 1281 904 penitus
1312 833 1505 891 haeresi
1539 835 1650 888 ico-

92 922 481 1004 noclastarum,
513 928 930 999 adversusjquos
961 928 1069 999 jam
1090 928 1372 984 damnatos
1405 926 1520 996 ipse
1550 927 1649 980 hoc

90 1012 290 1070 miiiam
327 1004 521 1075 habuit
552 1057 570 1081 ,
610 1033 728 1088 qua
754 1028 839 1074 est
874 1020 1062 1074 ordine
1093 1035 1162 1073 ιι
1183 1059 1200 1086 ,
1232 1020 1334 1076 sub
1369 1010 1576 1075 Basilio
1596 1026 1651 1072 et

88 1105 294 1176 Leone,
329 1120 390 1168 ιιι
410 1116 689 1170 ostendam
736 1130 836 1170 suo
892 1114 1030 1180 loco,
1080 1113 1246 1180 visit;
1302 1122 1462 1185 atque
1515 1113 1652 1168 adeo

86 1212 232 1253 error
266 1199 323 1254 in
352 1201 685 1260 Bibliotheca
728 1205 814 1258 illa
839 1203 1198 1275 corrigetur:
1251 1203 1546 1273 itidemque
1594 1203 1648 1257 in

86 1279 388 1344 Sebastiani
415 1292 657 1349 Cnrderii
691 1303 877 1350 catena
926 1293 1024 1350 88.
1076 1294 1292 1351 Patrum
1335 1294 1389 1350 in
1426 1294 1650 1363 Lucam,

84 1380 168 1434 ubi
215 1381 604 1453 Theophanem
654 1389 785 1441 citat
825 1381 1233 1458 eodem-elogio
1285 1388 1400 1444 sive
1460 1387 1650 1442 inscri-

85 1475 260 1539 ptione
285 1475 566 1547 desumpta
595 1481 661 1533 ab
685 1478 768 1533 illa
788 1478 1137 1545 Bibliotheca,
1157 1479 1454 1550 iisdemque
1479 1479 1646 1534 relata

88 1565 279 1621 verbis.
333 1565 454 1622 Jam
503 1583 629 1642 vero
665 1569 733 1623 ab
779 1582 1008 1640 utroque
1054 1571 1218 1626 etiam
1268 1569 1516 1635 diversus
1566 1579 1649 1625 est

83 1652 435 1725 Theophanes
500 1659 637 1713 alius
693 1659 976 1730 prtefecuts
1041 1661 1350 1718 monasterii
1412 1659 1644 1733 Sigriaul

81 1745 163 1811 qui
197 1755 324 1812 post
347 1747 526 1801 dirum
557 1763 651 1817 per
699 1749 972 1805 biennium
1018 1749 1301 1806 toleratnm
1351 1765 1643 1816 carcerem,

81 1823 386 1904 deportatus
449 1840 501 1893 in
559 1840 792 1896 insulam
849 1840 1302 1906 Samothraciam,
1359 1840 1468 1896 illic
1511 1841 1648 1898 obiit

81 1937 301 1981 mortem
361 1922 718 1987 confessionis
769 1931 938 2002 gloria
987 1930 1232 1999 insignis.
1285 1933 1409 2000 Agit
1455 1933 1524 1988 de
1577 1947 1645 1988 eo

80 2012 336 2070 Duronius
355 2017 424 2071 ad
445 2012 642 2074 tinuum
663 2021 864 2076 Christi
890 2021 993 2078 8l6
1010 2021 1372 2101 admonetque
1389 2022 1643 2079 lectorem

82 2106 139 2158 de
177 2106 528 2186 distinctione
563 2113 840 2184 utriusque
870 2113 1234 2184 Theophanis.
1265 2114 1459 2185 prioris
1501 2115 1645 2172 illius

80 2196 156 2261 Qui
186 2201 367 2266 primo
390 2198 609 2269 Leonis,
640 2214 694 2258 et
726 2207 1046 2272 posterioris
1074 2208 1176 2278 qui.
1208 2207 1373 2262 tertio
1399 2207 1640 2277 ejusdem

81 2303 211 2347 anno
244 2291 381 2344 obiit
413 2307 510 2361 pro
539 2293 776 2361 ejusdem
814 2311 990 2351 causa
1032 2297 1330 2365 patrocinio
1363 2316 1376 2354 :
1411 2303 1502 2369 qui
1551 2315 1642 2354 se-

81 2377 485 2434 cundus-etiam
531 2380 751 2437 Isaaeus‘
785 2385 963 2440 dictus
997 2402 1011 2440 :
1049 2388 1234 2441 eadem
1266 2403 1392 2444 vero
1435 2392 1642 2447 ratione

81 2474 212 2527 patet
263 2463 651 2536 Tlteottltauem
706 2469 846 2526 hunc
910 2475 1169 2530 lauat-inm
1215 2491 1246 2532 a
1296 2490 1480 2540 nostro
1523 2495 1644 2536 esse

81 2559 388 2615 distantem.
430 2565 646 2618 Tertius
690 2565 1045 2636 Theophanes
1103 2571 1353 2640 proprior
1396 2583 1481 2629 Gal
1527 2589 1641 2630 tero

83 2651 240 2704 nostri
273 2649 621 2724 Timophanis
648 2675 663 2710 :
689 2656 800 2723 ille,
833 2659 1068 2726 inquam,
1089 2663 1180 2732 qui
1212 2678 1332 2718 cum
1357 2661 1642 2720 Theodoro

82 2747 122 2788 et
143 2737 408 2804 sanguine
428 2752 482 2796 et
510 2743 704 2811 insigni
731 2745 924 2802 virtute
946 2762 1204 2818 gertuano
1234 2752 1286 2805 in
1314 2755 1642 2810 monasterio

85 2825 133 2882 S.
167 2828 325 2883 Saba!
352 2836 644 2898 enutritus,
701 2823 823 2892 cum
859 2851 1042 2904 postea
1076 2855 1171 2910 pro
1214 2841 1317 2900 SS.
1352 2843 1638 2916 imaginum

83 2920 212 2974 cultu
244 2921 506 2979 adversus
539 2923 772 2980 Leonem
802 2929 1091 2984 Arincnum
1123 2939 1345 2988 strenue
1393 2934 1641 2992 decerta-
1679 2978 1684 2984 ι

84 3025 170 3078 ret,
199 3015 321 3083 ejus
344 3015 502 3085 jussu
533 3019 848 3076 verberibus
875 3037 1046 3077 caesus
1076 3024 1128 3078 in
1158 3025 1409 3081 exsilium
1434 3025 1642 3096 eiectus

82 3112 180 3166 est;
209 3105 306 3162 sed
337 3121 404 3164 eo
439 3120 652 3166 mortuo
699 3126 885 3168 rursus
910 3111 1209 3180 Theophila
1251 3102 1500 3186 imperat.
1545 3135 1642 3176 ea-

83 3193 190 3252 dem
217 3195 412 3254 haeresi
446 3201 664 3256 detento
688 3213 998 3261 constanter
1016 3208 1292 3274 resistens,
1326 3209 1640 3270 verberibus

85 3286 263 3340 iterum
299 3298 354 3344 ct
393 3291 585 3345 exsilio
625 3292 848 3353 aﬂ‘ectus
887 3314 901 3350 :
947 3299 999 3352 in
1032 3315 1140 3368 quo
1170 3316 1292 3356 cum
1326 3301 1642 3363 Theodorus

84 3378 400 3443 exspirasset
438 3379 492 3434 in
537 3395 775 3449 cnrcere,
826 3386 1205 3459 Theophanes,
1246 3407 1379 3461 pare
1423 3396 1637 3452 demunt

86 3463 327 3522 Ecclesia
356 3467 592 3534 reddita,
627 3470 797 3528 iactus
830 3491 859 3528 a
904 3476 964 3530 S.
997 3476 1265 3551 hiethodio
1305 3480 1494 3540 Nicec
1524 3498 1638 3540 tne-

86 3559 367 3626 tropolita.
431 3561 484 3615 in
547 3563 630 3620 sui
701 3569 938 3622 muneris
1002 3573 1292 3638 pastoralis
1357 3572 1638 3630 functione

84 3655 302 3710 excessit
358 3671 391 3708 e
445 3657 574 3710 vita.
641 3653 764 3712 Haec
830 3675 894 3714 ex
958 3657 1335 3732 liartyi-oiogio
1399 3665 1637 3720 Romano

84 3745 408 3810 potissimum
459 3749 723 3820 descripsi
779 3753 844 3806 ad
894 3748 1234 3824 Theophanis
1259 3734 1460 3811 Nicaeui
1506 3772 1632 3828 pro-

85 3835 298 3892 dentiam
376 3837 639 3894 notitiam.
725 3840 878 3896 Plura
957 3845 1022 3898 de
1089 3844 1154 3899 iis
1222 3843 1323 3916 SS.
1379 3845 1635 3905 fratribus

86 3927 218 3994 alii;
268 3930 575 4006 scriptores
625 3947 805 3987 rerum
856 3933 1147 3992 Orientalis
1214 3936 1468 4010 imperii,
1527 3939 1632 3998 Ce-

84 4019 270 4096 drenus
323 4021 708 4094 Curopalates,
759 4023 1033 4096 Zonaras,
1071 4029 1289 4102 Giycas,
1337 4031 1636 4102 Monaeses,

86 4105 368 4182 lienoiogia
410 4111 750 4185 Graecorum,
787 4117 1072 4188 Bnronitts,
1104 4139 1170 4179 ex
1217 4126 1423 4195 quibus
1473 4128 1634 4182 etiam

87 4203 344 4269 prodituro
403 4216 507 4271 est,
561 4222 746 4264 eorum
797 4209 1066 4287 limitibus
1117 4228 1220 4269 non
1272 4217 1390 4271 sine
1444 4232 1636 4288 magno

86 4295 314 4349 cruciatu
371 4296 580 4356 iambos
632 4300 942 4369 inscriptos,
999 4311 1056 4356 ut
1101 4308 1632 4375 tanquanrlitterati

87 4384 214 4437 teni
243 4385 693 4456 traducerentur;
723 4390 1023 4444 cruciatum
1051 4401 1210 4461 atque
1239 4393 1399 4448 etiam
1426 4397 1635 4454 iambos

89 4467 319 4527 referunt
361 4482 614 4530 auctores
650 4477 825 4532 relati.
866 4477 1019 4536 llunc
1055 4480 1434 4554 'i‘beOphaaem
1486 4503 1633 4544 mar.

89 4572 241 4631 lyrettt
276 4559 552 4621 auctorem
604 4567 732 4623 facit
771 4571 1116 4640 epistularum
1161 4591 1282 4646 qua:
1314 4580 1412 4633 sub
1455 4575 1634 4636 Theo-

85 4655 261 4720 pitauis
305 4653 508 4711 Nicarni
549 4660 784 4734 episcopi
826 4663 1044 4717 nomine
1082 4676 1295 4722 exstant
1339 4665 1632 4727 Co'ttsalt'us

85 4741 247 4804 Penee
279 4748 394 4818 qui,
431 4764 523 4805 eas
557 4749 745 4809 Ltitine
770 4755 1202 4832 interpretatus,
1225 4761 1422 4820 additis
1464 4766 1626 4833 notis,

86 4836 130 4889 is
165 4836 338 4918 lucem
378 4841 568 4918 edidit,
607 4859 742 4914 quas
786 4862 885 4902 nos
918 4861 1103 4902 omnes
1152 4852 1496 4924 perlegimus.
1548 4857 1628 4917 Ad

87 4939 184 4982 rem
238 4930 427 5006 igitur.
479 4933 611 4988 Cum
671 4936 758 4990 hic
817 4936 1172 5006 Theophanes
1239 4942 1298 4999 8,
1371 4945 1628 5006 Methodii

88 5025 309 5086 tempore
358 5023 575 5089 obierit,
612 5035 738 5103 tunc
771 5025 1125 5095 Theophanes
1168 5028 1481 5102 Cerameus,
1534 5043 1627 5111 qui

89 5119 250 5171 postea
307 5110 790 5169 Tauromenitanus
835 5119 1122 5192 episcOpus
1168 5120 1382 5181 creatus
1432 5136 1516 5183 est
1555 5110 1626 5186 in

89 5203 400 5256 ntonasterio
444 5203 504 5258 8.
566 5206 830 5271 Andreae,
869 5219 926 5262 ιιι
959 5212 1061 5265 ‘am
1107 5228 1206 5268 suo
1253 5214 1371 5272 loco
1428 5221 1625 5288 dicam,

89 5288 314 5360 degebat,
338 5295 576 5348 nondum
599 5295 663 5349 ad
691 5299 923 5368 episcOpi
953 5300 1204 5358 t‘ltromnn
1223 5319 1472 5376 evectus;
1504 5328 1624 5366 nam
1655 5309 1660 5314 ’

91 5376 143 5428 ab
161 5391 380 5433 excessu
496 5381 766 5448 Methotlii,
783 5389 873 5455 qui
888 5390 1104 5459 conligit
1122 5406 1262 5448 anno
1279 5408 1440 5464 supra
1457 5401 1628 5453 octin-

92 5469 370 5535 genteshuc
426 5459 836 5543 quadragesimo
887 5483 1137 5550 septimo,
1170 5500 1335 5553 usque
1359 5491 1425 5541 ad
1453 5505 1626 5546 nona-

92 5562 351 5652 gesimum,
367 5576 474 5629 quo
489 5563 840 5635 TheOpbanes
858 5583 1043 5627 noster
1060 5589 1232 5629 senect
1245 5586 1388 5631 utem
1414 5584 1623 5652 agebat,

95 5646 405 5708 intercedunt
446 5653 570 5709 anni
602 5659 952 5730 quadraginta
999 5675 1125 5720 tres.
1169 5665 1365 5723 Verum
1412 5646 1476 5724 eti
1527 5659 1627 5727 hac

94 5733 334 5798 Subducta
386 5754 684 5804 lemborum
721 5750 945 5812 ratione.
982 5750 1084 5809 non
1136 5771 1392 5818 reotttrnat
1440 5759 1614 5814 Theo~

1761 473 1996 544 phanem
2056 474 2206 528 illum
2255 472 2349 543 qui
2408 483 2648 541 praesens
2707 471 2807 528 fuit
2844 471 2928 530 Jn‘
2976 471 3330 529 translatione

1752 547 2080 634 corporis.S.
2102 562 2384 636 Nicephori
2411 563 2730 634 patriurehze
2744 562 3328 632 Constantinopolitani

1752 656 1893 724 quod
1937 656 2101 711 refert
2149 655 2415 724 Batonius
2460 657 2526 710 ad
2575 671 2773 710 annum
2825 655 2951 722 845.
3007 668 3108 712 nec
3154 654 3329 712 solum

1752 757 2047 816 spectator,
2082 749 2177 803 sed
2227 757 2279 801 et
2326 748 2560 816 scriptor
2607 747 2725 817 ejus
2769 744 2930 810 Vitae,
2978 757 3036 802 et
3080 745 3328 823 laudatur

1753 851 1849 905 pro
1878 837 2139 893 concione
2168 839 2224 900 in
2247 851 2309 892 ea
2339 837 2651 898 celebritate
2679 835 2802 902 luit,
2831 830 3084 893 eumdem
3114 851 3235 894 esse
3263 851 3327 893 ac

1752 923 2138 994 Theophanem
2160 925 2478 982 Cerameum
2510 946 2524 983 :
2559 942 2687 989 non.
2709 926 2968 997 inquam.
3009 925 3162 982 ratio
3187 937 3325 982 tun-

1754 1031 1942 1085 porum
1965 1019 2167 1081 obstat,
2189 1019 2282 1075 sed
2308 1017 2481 1073 obstat
2504 1019 2643 1088 quod
2676 1020 2764 1076 ille
2785 1017 3018 1088 scriptor
3041 1019 3327 1090 presbyter

1752 1107 1964 1161 dicatur
2012 1109 2181 1164 fuisse
2214 1124 2244 1164 a
2293 1109 2545 1174 Baronio,
2581 1120 2763 1165 noster
2812 1111 3114 1166 monachus
3164 1119 3321 1167 antea

1751 1197 2045 1268 exstiterit,
2082 1213 2204 1252 cum
2248 1199 2534 1268 episcopus
2566 1197 2732 1263 fuerit
2764 1218 2777 1255 :
2817 1199 2960 1269 quod
2992 1214 3155 1271 supra
3188 1212 3322 1256 con-

1752 1288 1982 1343 stanter"
2003 1288 2326 1358 requisitum
2368 1305 2397 1344 ιι
2429 1289 2884 1348 Graecisosteudi
2916 1288 2946 1361 ς
2982 1291 3024 1345 li
3060 1305 3074 1346 :
3130 1289 3323 1354 deinde

1752 1393 2047 1448 cognomen
2079 1379 2176 1435 τοῦ
2202 1383 2509 1460 Κεραμέως
2543 1380 2759 1438 aillxum
2787 1394 2962 1453 usque
2982 1389 3166 1447 nostro
3187 1381 3321 1434 satis

1749 1484 1872 1527 eum
1903 1483 1934 1525 a
1966 1473 2158 1544 quovis
2191 1473 2299 1529 alio
2325 1467 2536 1530 videtur
2564 1475 2891 1529 discernere.
2917 1471 2996 1528 Es
3024 1485 3132 1543 quo
3157 1471 3319 1529 etiam

1750 1571 1957 1617 certum
2003 1572 2090 1629 est
2141 1562 2272 1618 mihi
2331 1563 2486 1634 plane
2541 1564 2704 1618 alium
2759 1576 2883 1621 esse
2934 1559 3319 1630 Theophanem

1751 1660 1996 1714 nostrum
2030 1654 2221 1710 abillo
2254 1656 2367 1725 qui.
2397 1665 2450 1710 nt
2481 1656 2619 1712 idem
2669 1655 2928 1710 Duronius
2969 1651 3154 1713 refert.
3189 1652 3321 1706 risit

1748 1749 1992 1816 tempore
2035 1741 2216 1801 Basilii
2273 1746 2579 1803 Macedonis
2617 1764 2632 1811 ;
2696 1746 2876 1817 regius
2920 1745 3042 1816 ejus
3092 1743 3320 1800 clericus

1746 1837 2031 1908 sapientia:
2077 1837 2294 1893 nomine
2339 1839 2514 1894 eidem
2559 1837 2776 1894 Charus
2813 1836 3131 1906 .impcratoei
3160 1877 3176 1902 ,
3229 1836 3316 1904 qui

1749 1926 1969 1986 fraudes
1996 1927 2171 1986 Photii
2199 1931 2488 1999 promovit.
2510 1945 2638 1996 cum
2661 1931 2858 1988 librum
2885 1930 2952 1988 de
2976 1929 3316 2001 imperatoris

1746 2019 2058 2090 genealogia
2109 2022 2368 2092 scriptum
2421 2023 2734 2092 imperatori
2792 2023 3052 2087 oblatum,
3113 2020 3316 2078 a.soin

1750 2120 1930 2165 tamen
1958 2101 2152 2167 Photio
2175 2111 2409 2183 intelligi
2449 2126 2610 2181 posse
2647 2112 2902 2168 mentitus
2924 2122 3026 2166 est.
3056 2109 3316 2177 Quamvis

1746 2199 1890 2256 enim
1940 2203 2262 2258 conveniant
2325 2211 2564 2271 tempora
2597 2241 2614 2266 ,
2669 2212 2845 2258 tamen
2908 2215 3028 2259 cum
3084 2201 3316 2257 clericus

1745 2292 1960 2348 dicatur
1991 2291 2079 2369 ille
2109 2285 2294 2358 fuisse,
2332 2300 2387 2348 et
2413 2292 2628 2361 quidem
2663 2291 2888 2356 aulicus.
2923 2301 3105 2348 noster
3125 2301 3309 2347 autem

1746 2385 1829 2441 rei
1865 2369 2153 2456 episcopus
2179 2384 2673 2443 Tauromenitanus
2701 2398 2768 2440 eo
2791 2392 3033 2454 tempore
3068 2383 3178 2455 jam
3208 2383 3314 2438 ini.

1747 2475 1915 2532 tiatus
1954 2491 2075 2533 esse
2106 2475 2371 2542 debuerit,
2422 2476 2506 2531 vel
2547 2476 2723 2538 adhuc
2757 2475 3309 2532 monasticam'vitant

1746 2570 1799 2623 in
1827 2570 2074 2626 ctennbio
2107 2567 2167 2624 8.
2195 2569 2423 2625 Andrea
2463 2569 2518 2624 in
2570 2566 2781 2633 Sicilia,
2819 2563 3132 2631 sire‘etiam-
3160 2568 3308 2632 alibi,
3399 2584 3416 2638 χ

1743 2677 1867 2716 cum
1900 2676 1964 2731 ex
2000 2659 2281 2716 monachis
2306 2661 2444 2728 apud
2474 2658 2713 2724 Cra-cos,
2741 2667 2800 2716 ut
2827 2675 2988 2730 supra
3028 2659 3165 2727 dial,
3212 2661 3313 2717 eli-

1743 2761 2000 2825 gerentur
2027 2755 2284 2824 episceai,
2312 2754 2471 2824 plane
2509 2755 2644 2810 mihi
2683 2769 3001 2825 persuasum
3029 2753 3115 2816 est
3142 2755 3308 2811 alium

1743 2861 1863 2903 esse
1877 2845 2259 2912 Theophanem
2282 2846 2433 2901 illum
2451 2845 2706 2902 clericum
2730 2845 2799 2927 ab
2819 2843 3074 2915 episcopo
3089 2841 3306 2917 Bostro;

1743 2949 1798 2993 et
1827 2954 1959 2995 sane
1989 2939 2174 3010 pietati
2215 2954 2291 2997 ac
2321 2940 2595 3011 virtutum
2625 2937 3144 3011 perfectissima-que
3188 2939 3309 2994 vitae

1743 3031 1920 3087 studio
1934 3034 2076 3102 quod
2090 3030 2285 3088 Noster
2320 3033 2406 3088 his
2432 3033 2771 3110 sermonibus
2792 3029 3011 3102 prafert
3055 3032 3308 3104 quodque

1745 3137 1843 3178 nos
1874 3121 2460 3193 fusiusexplicahitnus
2489 3121 2518 3194 ᾗ
2547 3120 2667 3178 Vill
2696 3129 2751 3178 et
2778 3119 2870 3189 IX,
2895 3119 3091 3192 duplici
3137 3121 3212 3178 illi
3243 3138 3308 3180 ac

1744 3221 1968 3266 versuto
1999 3210 2216 3282 ingenio
2236 3209 2604 3281 voluntatique
2627 3208 2931 3280 decipiendi
2959 3208 3306 3280 Theophanis

1742 3299 1924 3357 clerici
1979 3307 2298 3374 repugnant.
2348 3300 2472 3361 llaec
2505 3299 2691 3367 habui,
2731 3315 2853 3370 quae
2903 3302 3097 3372 partim
3144 3301 3307 3359 certis

1745 3402 2046 3462 temporum
2068 3392 2420 3464 argumentis.
2451 3391 2647 3458 partim
2669 3391 2994 3459 coniecturis
3015 3406 3098 3448 ex.
3115 3392 3304 3448 iisdem

1740 3483 2074 3552 temporibus
2095 3490 2148 3535 et
2170 3481 2361 3536 studiis
2374 3483 2495 3536 vitae
2512 3480 2812 3558 desumptis
2830 3481 3078 3549 alierretn
3100 3481 3166 3538 de
3183 3482 3298 3539 dis-

1740 3574 1998 3629 tinctione
2027 3587 2216 3630 eorum
2235 3574 2326 3641 qui
2359 3568 2710 3652 Theophanis
2747 3573 2968 3630 nomine
2997 3574 3238 3645 insignes
3269 3589 3299 3628 a

1739 3661 1934 3718 Nostro
1963 3657 2163 3720 di'versi
2198 3661 2538 3719 existimandi
2571 3671 2719 3719 sunt.
2749 3659 2894 3718 Nihil
2929 3677 3092 3734 porro
3109 3677 3299 3720 eorum

1737 3770 1859 3826 qua:
1881 3755 2060 3813 studio
2081 3742 2340 3812 adhibito'
2368 3755 2626 3835 comperi,
2655 3755 3010 3821 elatumesse
3041 3757 3297 3815 lectorem

1739 3844 1904 3908 volui,
1936 3853 1995 3901 ut
2021 3860 2183 3916 quam
2227 3860 2356 3902 sana
2379 3855 2444 3901 .et
2478 3847 2684 3919 integra
2727 3841 2833 3906 nde
2879 3845 3006 3911 hare
3035 3845 3299 3920 proferam

1738 3938 2110 4010 conjectanea,
2141 3938 2315 4009 quivis
2349 3937 2633 4009 intelligat.

1739 4097 1767 4170 ς
1823 4090 1884 4152 ii.
1935 4096 2138 4166 Duplex
2190 4063 2376 4152 nomen
2434 4099 2667 4170 auctoris.
2713 4098 3050 4156 humiliorem
3089 4117 3306 4157 :ummt

1788 4201 1815 4210 -
2191 4179 2471 4235 cognomen
2485 4206 2501 4233 ,
2540 4169 2846 4224 L‘asanaus.

1810 4299 2040 4354 Distinxi
2076 4298 2336 4356 hactenus
2365 4300 2690 4372 ὁμωνυμίαν
2716 4299 3083 4374 Theophanis,
3111 4303 3163 4358 in
3198 4305 3299 4363 hoe

1736 4390 2076 4462 paragrapho
2115 4388 2220 4447 erit
2250 4391 2382 4461 περὶ
2416 4390 2716 4471 damonis:
2746 4407 2841 4452 seu
2874 4395 3052 4464 potius
3092 4394 3298 4450 πολυω-

1736 4482 1934 4553 νυμιοις
1974 4481 2408 4551 coniectandum.
2441 4481 2651 4542 Etenim
2685 4485 2830 4554 quod
2865 4485 2918 4553 in
2954 4485 3138 4544 multis
3175 4487 3304 4544 aliis

1736 4583 1976 4632 veterum
2009 4573 2225 4630 Patrum
2259 4575 2628 4632 monumentis
2656 4578 3038 4656 ausculta.“
3057 4578 3304 4648 pluribus

1734 4666 1991 4737 inscripta
2025 4665 2337 4723 auctoribus
2367 4665 2558 4728 eadem
2593 4667 2660 4720 ad
2694 4678 2938 4738 posteros
2969 4670 3294 4733 transmissa
3367 4688 3369 4692 ·

1733 4758 1864 4824 sint,
1889 4767 1949 4814 ut
1978 4753 2043 4814 de
2073 4757 2412 4828 sermonibus
2445 4756 2666 4815 Eusebii
2697 4758 2982 4825 “intissam,
3003 4766 3053 4814 et
3089 4757 3297 4831 Eucbe-
3352 4763 3355 4766 '

1735 4851 1824 4916 rii,
1846 4854 1904 4908 et
1929 4845 2167 4915 Maximi.
2195 4860 2249 4906 et
2275 4842 2567 4912 Ambrosii.
2593 4851 2900 4920 Augustini,
2923 4852 2980 4913 et
2997 4843 3294 4924 ‘l'julgeutll,
3362 4853 3367 4860 ’

1733 4944 2076 5008 διινθιιειι-ιιιιι
2102 4941 2198 5011 qui
2237 4941 2297 4994 in
2327 4941 2392 4994 iis
2422 4939 2816 5010 perlustrandis
2843 4956 3066 5011 operam
3093 4955 3289 5015 posue-
3366 4993 3371 5000 ,

1733 5044 1887 5091 runt;
1925 5034 2218 5102 prmsertim
2253 5045 2378 5097 vero
2411 5030 2870 5089 eminentissimus
2901 5050 3086 5089 eorum
3123 5037 3293 5092 lcemr

1730 5132 1784 5177 ct
1815 5137 2008 5178 censor
2041 5121 2326 5176 cardinalis
2359 5120 2717 5178 Bellarmiuus
2759 5124 2810 5179 in
2850 5110 3125 5195 opereDc
3155 5133 3291 5185 reri-

1729 5214 1964 5284 ptoribtts
1981 5213 2189 5278 ccc/et,
2215 5213 2284 5267 ita
2314 5212 2445 5267 etin
2473 5215 2560 5270 his
2586 5215 2825 5282 homiiiis
2855 5217 2989 5286 quas
3013 5221 3204 5287 tlatnus
3237 5223 3289 5276 in

1731 5307 1920 5362 lucem.
1947 5303 2323 5376 Etedetnpnim
2349 5316 2402 5363 et
2424 5305 2756 5376 Theophani,
2782 5309 3285 5385 et.Gregorio,_quiu

1729 5409 1782 5458 et
1813 5398 2054 5467 Philippo
2078 5390 2204 5453 sunt
2226 5390 2494 5458 attribute
2523 5418 2536 5453 :
2569 5415 2803 5470 quorum.
2827 5403 3061 5470 priorum
3089 5418 3307 5470 segnes

1732 5505 1853 5546 men
1886 5477 2023 5546 idem
2052 5502 2321 5560 unumque
2352 5493 2774 5575 estY'svpajastic,‘
2797 5495 2936 5550 tertii
2967 5493 3285 5575 Κεραμιτης
3390 5547 3396 5557 ,

1730 5579 1869 5650 quod
1904 5595 2207 5648 quanquam
2243 5579 2456 5640 divertio
2487 5579 2658 5645 natu,
2686 5583 2824 5637 idem
2865 5590 3041 5647 tamen
3076 5595 3280 5650 cogito-

1731 5687 1852 5725 men
1897 5677 1980 5724 est
2019 5685 2209 5735 sensu;
2254 5679 2308 5724 et
2349 5669 2601 5741 Figulum
2637 5664 2828 5730 Latine
2871 5659 3284 5738 interpretatum

1733 5762 1956 5823 dicitur;
1995 5762 2087 5818 sed
2119 5760 2187 5817 de
2218 5762 2319 5817 hoc
2353 5761 2511 5817 tertio
2543 5761 2648 5818 erit
2677 5746 3283 5842 inhissernto'postre-
