4002 6344
699 120 766 178 83
1669 119 2068 182 FRANCISCI
2103 119 2370 183 SCORSI
2409 122 2845 192 PROIEMIUM
2874 123 2961 188 Il.

702 247 820 286 mus
869 230 1017 284 Nune
1039 231 1103 283 de
1125 228 1319 298 duplici
1343 228 1684 299 Theophanis
1706 237 1761 282 et
1778 228 2022 301 Gregorii
2041 231 2260 286 nomine

699 322 1028 390 exponenda!
1062 323 1113 376 in
1147 321 1321 375 medio
1348 319 1697 395 coniecturas.
1730 319 1787 375 in
1817 317 2070 390 'pluribus
2107 321 2261 375 nobi-

702 415 922 470 lissimis
951 413 1287 469 bibliothecis
1314 413 1554 481 Europze,
1580 410 1874 479 Gallicana,
1901 411 2265 479 Hispaniensi,

704 505 998 575 praesertim
1023 521 1150 559 vero
1175 505 1432 560 Vaticana
1463 506 1670 560 duobus
1698 504 1968 558 dis:iuctis
1993 503 2266 559 codicibus

702 600 755 652 in
806 613 932 652 mss.
977 598 1174 653 etedem
1225 605 1279 652 et
1325 607 1581 652 contextu
1627 607 1682 652 et
1731 610 1954 650 ntunero
1995 595 2103 649 fere
2150 593 2264 664 pari

703 689 934 744 humilia:
981 690 1032 746 in
1081 690 1254 743 altero
1293 687 1673 755 Theophanis,
1706 687 1760 741 in
1809 685 1978 740 altero
2021 681 2279 754 Gregorii”

702 782 1070 849 prtescriptum
1114 780 1403 851 pra‘fernnt
1445 795 1661 834 nomen.
1694 779 1797 833 Sed
1831 780 1882 831 in
1920 777 2020 832 hac
2053 777 2262 831 dissen-

700 876 849 927 sione
896 872 1027 927 illud
1075 872 1237 926 modo
1279 871 1561 936 convenit,
1594 869 1733 938 quod
1784 877 1836 924 et
1878 868 2174 938 Ceranieus
2211 877 2266 920 et

700 963 1136 1038 archiepiscotins
1161 943 1643 1015 Tant‘ontenitanus
1673 959 1822 1029 isque
1854 957 2190 1026 σοφώτατος,
2210 961 2265 1008 et

702 1054 1171 1128 ῥητορικὼτατος,
1199 1055 1610 1122 sapientissimus
1653 1052 1903 1107 nimirum
1936 1059 1991 1104 et
2017 1048 2263 1118 eloquen-

699 1148 932 1202 tissimus
970 1147 1302 1201 inscribitur.
1335 1144 1490 1200 llnde
1523 1151 1616 1199 aut
1645 1141 1778 1199 duas
1812 1137 2261 1212 episcopos_'l'au-

701 1237 926 1293 romenii
949 1226 1487 1311 eodenicognomine
1510 1235 1754 1300 sﬂ'ectos;
1777 1235 1963 1289 eadem
1987 1231 2264 1300 sapientia:

701 1341 754 1384 et
776 1330 1094 1398 eloquentiae
1125 1329 1282 1383 laude
1311 1327 1548 1397 insignes
1575 1326 1837 1396 suspicari
1867 1326 2013 1389 licet,
2038 1339 2261 1394 quorum

700 1421 945 1476 fortassis
987 1419 1123 1473 alter
1156 1421 1228 1475 ‘ab
1274 1419 1444 1486 altero
1484 1418 1732 1474 homilias
1777 1415 2151 1487 cxscripserit,
2179 1413 2264 1468 vel

703 1515 829 1582 quid
877 1512 1018 1567 aliud
1064 1514 1263 1568 certius
1291 1514 1335 1568 'a
1384 1528 1468 1568 me
1505 1523 1588 1567 est
1633 1510 1982 1566 atl'erendnm.
2031 1510 2095 1563 Et
2136 1523 2268 1564 sane

702 1605 830 1659 illud
882 1605 951 1658 ita
1001 1605 1277 1661 censuisse
1329 1604 1446 1658 tide
1495 1602 1558 1658 Ρ.
1627 1603 1910 1670 Octavium
1969 1599 2264 1678 Cactannm

685 1710 816 1751 tum
873 1699 924 1750 in
985 1697 1108 1751 Idea
1166 1697 1375 1766 operis,
1428 1711 1587 1766 quam
1645 1706 1900 1763 tanquam
1961 1691 2267 1764 πρόδρομον

702 1789 966 1859 prmuisit
1011 1789 1065 1842 in
1122 1789 1330 1854 lucem,
1387 1797 1499 1841 tum
1557 1787 1611 1840 in
1662 1786 1786 1841 aliis
1833 1784 2083 1847 schedis,
2131 1796 2268 1851 quas

701 1881 836 1937 inss.
881 1869 1125 1951 reliquit;
1181 1881 1321 1934 idem
1372 1881 1514 1934 dom.
1556 1877 1805 1934 Rocclms
1849 1875 2066 1938 Pirrus,
2101 1874 2270 1928 abbas

702 1974 949 2038 Netinus,
978 1975 1040 2027 de
1072 1985 1176 2042 quo
1205 1985 1364 2040 supra
1397 1984 1537 2038 sa-pe
1567 1969 1932 2037 meminimus.
1964 1967 2016 2020 in
2053 1963 2267 2021 Notitia

704 2066 957 2121 Ecclesia:
993 2065 1472 2127 Taurontenitunw,
1507 2062 1558 2117 ln
1596 2076 1698 2130 qua
1737 2068 1855 2130 post
1887 2056 2266 2128 Theophanem

705 2168 955 2213 accenset
1003 2156 1320 2226 Gregorium
1377 2152 1726 2216 Cerameum;
1791 2151 1933 2206 idem
1989 2159 2115 2204 ante
2167 2148 2266 2204 hos

703 2265 886 2303 omnes
911 2250 1170 2302 Antonius
1196 2247 1537 2310 Passerinus,
1555 2244 1643 2314 qui
1673 2245 1724 2297 in
1748 2241 1922 2297 iudice
1943 2241 2265 2314 scriptorum

705 2341 828 2394 libri
863 2342 953 2406 qui
989 2335 1299 2393 inscribitur
1334 2339 1630 2407 Apparatus
1665 2351 1833 2398 sacer,
1867 2333 2026 2388 alium
2050 2331 2263 2402 Grego-

705 2432 866 2492 rium,
893 2428 1056 2482 alium
1082 2427 1464 2496 Theophanem
1490 2425 1777 2480 tlerameos
1802 2430 2056 2494 utrosque
2081 2432 2266 2476 aucto-

705 2534 794 2574 res
849 2519 1192 2573 homiliarnm
1248 2517 1393 2571 l'aeit.
1441 2517 1548 2570 Sed
1598 2517 1837 2586 profecto
1881 2516 1966 2570 bis
2017 2513 2268 2569 omnibus

707 2611 1091 2680 scriptoribus,
1124 2611 1227 2679 (μή
1254 2609 1308 2662 in
1347 2621 1509 2674 opere
1549 2619 1647 2661 suo
1685 2607 1892 2662 edendo
1923 2615 2140 2660 strenue
2169 2618 2268 2674 pro

708 2718 768 2759 se
806 2703 1032 2771 quisque
1073 2700 1448 2764 elaborarunt,
1473 2700 1589 2753 laus
1627 2709 1714 2754 est
1749 2698 2265 2773 magna-tribuenda

707 2796 849 2862 quod
909 2803 1160 2864 cgemnt.
1209 2792 1363 2864 venia
1415 2789 1590 2846 danda
1651 2793 1695 2845 si
1748 2790 1876 2858 quid
1923 2799 2296 2844 erraverunt.-

711 2885 992 2954 N‘egotium
1025 2885 1128 2939 illis
1160 2883 1252 2936 init
1287 2884 1456 2939 solum
1486 2881 1766 2948 colligendi
1796 2883 1938 2935 viros
1969 2879 2188 2947 sanctos
2217 2889 2271 2933 et

707 2975 908 3032 virtute
947 2977 1186 3045 insignes
1226 2975 1442 3033 Sicilize.
1481 2983 1539 3028 ut
1582 2973 1838 3038 Caetano,
1868 2972 1951 3028 vel
1993 2959 2272 3042 episcopos

709 3071 948 3140 ejusdem
995 3069 1303 3139 provinciae,
1337 3079 1391 3120 ut
1433 3067 1604 3129 Pirro,
1637 3066 1721 3123 vel
1762 3065 2057 3134 scriptores
2093 3062 2270 3118 eccle-

712 3163 983 3229 siastiros,
1012 3171 1068 3216 ut
1109 3161 1431 3226 Possevino;
1483 3159 1647 3227 igitur
1690 3156 1778 3213 ubi
1828 3171 2075 3228 reperere
2120 3156 2269 3210 varia

710 3258 930 3311 nomina
978 3263 1307 3320 sanctorum,
1349 3253 1742 3322 episcoporum.
1780 3251 2124 3318 scriptorum,
2163 3262 2269 3302 non

677 3358 794 3401 "sat
827 3347 962 3402 bene
995 3347 1148 3401 lectis
1179 3356 1232 3401 et
1263 3346 1536 3412 iuSpectis,
1571 3344 1697 3414 quin
1739 3343 1848 3398 imo
1887 3356 1988 3401 nec
2025 3355 2055 3394 e
2095 3341 2269 3409 primo

708 3439 892 3493 limine
925 3439 1053 3514 visis
1085 3437 1214 3508 ipsis
1248 3435 1608 3500 sermonibus,
1641 3450 1827 3490 eorum
1865 3443 2112 3505 auctores
2147 3443 2269 3487 tan-

704 3546 864 3599 quam
885 3531 1123 3585 diversos
1149 3543 1377 3602 posuere
1400 3545 1418 3590 :
1442 3537 1590 3583 certo
1613 3526 1754 3582 enim
1783 3524 1911 3581 mihi
1943 3525 2267 3596 persuadeo,

707 3637 978 3690 nunquam
1016 3635 1130 3682 eos,
1162 3623 1301 3690 quod
1335 3622 1573 3690 ipsorum
1612 3602 1837 3674 acumen
1872 3618 2269 3688 est,,judicatn-

708 3727 796 3767 ros
821 3713 958 3766 duos
987 3721 1160 3766 tresve
1190 3712 1368 3779 operis
1401 3711 1558 3781 hujus
1592 3723 1858 3776 auctores,
1889 3712 1933 3766 si
1969 3712 2020 3765 id
2054 3708 2269 3778 pe’nitus

707 3800 1123 3873 perspexissent.
1162 3803 1289 3859 Mihi
1340 3814 1546 3868 autem,
1581 3808 1671 3876 qui
1716 3807 1766 3859 in
1807 3821 1875 3861 eo
1916 3805 2106 3860 Latine
2145 3820 2268 3859 ver-

707 3895 870 3949 tendo
896 3895 1142 3965 notisque
1172 3896 1490 3965 explicando
1518 3895 1858 3952 elucubratus
1887 3912 2024 3959 sum,
2051 3895 2142 3966 qui
2176 3910 2269 3949 eos

710 4002 990 4048 sermones
1018 4004 1124 4042 non
1155 3989 1218 4042 de
1248 3988 1383 4042 I'acie
1416 3999 1619 4042 tantum
1651 3989 1797 4052 novi,
1824 3987 1922 4042 sed
1951 3989 2094 4042 intus
2118 3987 2279 4057 peni-~

708 4089 900 4145 tusque
935 4078 1177 4148 pernovi,
1209 4077 1360 4144 fides.
1391 4078 1576 4141 credo,
1607 4078 1711 4133 erit
1752 4094 1782 4133 a
1826 4078 1982 4134 bonis
2020 4079 2266 4133 omnibus

712 4168 991 4234 habenda,
1023 4169 1067 4223 si
1100 4172 1432 4224 contrarium
1466 4170 1694 4224 statuam
1729 4179 1892 4240 atque
1924 4169 1996 4223 illi
2031 4169 2265 4240 scripse—

712 4265 838 4312 runt
863 4268 916 4313 et
947 4273 1114 4312 unum
1148 4260 1502 4329 eamdemque
1533 4275 1652 4314 esse
1686 4270 1957 4314 auctorem
1985 4259 2264 4314 alllrmem.

709 4348 996 4404 Methodus
1016 4349 1172 4402 estin
1194 4348 1443 4403 omnibus
1465 4347 1677 4410 eadem,
1695 4350 1865 4418 stylns
1888 4349 2026 4404 idem
2050 4352 2271 4414 omnino

709 4443 892 4513 gravis
925 4447 979 4494 et
1009 4440 1306 4510 expolitus;
1349 4440 1520 4508 pietas
1565 4440 1617 4492 in
1659 4438 1910 4493 omnibus
1945 4453 2040 4509 par
2073 4441 2266 4494 elucet.

711 4533 816 4588 Sed
842 4532 1071 4590 fortasse
1096 4532 1221 4602 quis
1246 4539 1489 4585 autumet
1512 4545 1676 4585 unum
1705 4525 1964 4583 ab’altero
1994 4543 2274 4584 sermones

710 4624 951 4691 integros
970 4621 1329 4691 esseripsisse
1361 4639 1377 4674 :
1410 4619 1511 4675 fuit
1530 4620 1672 4674 enim
1699 4619 1812 4674 haec
1843 4618 1983 4672 inter
2007 4619 2273 4689 sequioris

709 4713 892 4769 surculi
919 4711 1135 4770 Grates
1169 4714 1333 4767 nimia
1368 4711 1582 4768 licentia
1618 4721 1670 4767 et
1697 4710 2053 4782 ἀναισχυντία
2089 4721 2272 4765 mutuo

709 4819 828 4860 sese
851 4803 1266 4859 esseribendiet
1286 4805 1634 4873 compilandi,
1652 4806 1792 4874 quod
1819 4804 2088 4857 adnotavit
2115 4802 2270 4858 Gret-

630 4941 631 4944 η
713 4911 865 4950 serus
901 4907 1030 4949 tom.
1063 4895 1108 4949 li
1138 4895 1210 4948 De
1241 4913 1422 4962 cruce,
1456 4900 1508 4951 in
1546 4898 1688 4951 notis
1721 4898 1934 4967 Georgii
1972 4896 2267 4951 llamartoli

749 4991 754 4996 '
867 4990 983 5033 ιἐιιγ
1027 5033 1030 5036 .
1071 4988 1209 5049 ham,
1235 4988 1473 5054 inquam,
1504 5005 1618 5056 qua:
1643 4990 1816 5058 quivis
1845 4989 2115 5060 objectare
2146 5004 2269 5058 pos-

715 5099 776 5131 πιτ.
816 5105 853 5127 ηε
893 5101 942 5130 ιι.
983 5083 1086 5131 Sed
1129 5084 1192 5131 de
1232 5081 1330 5134 hoc
1371 5096 1534 5146 opere
1574 5082 1872 5150 suspicetur
1910 5084 1958 5136 id
1995 5083 2083 5152 qni
2122 5081 2268 5145 velit,

716 5186 817 5240 ego
864 5169 1110 5238 ι’(ιυειιειιι
1161 5185 1433 5241 nunquam
1479 5171 1697 5226 inducar
1747 5184 1806 5226 nt
1849 5174 2113 5243 suspicer.
2143 5174 2275 5240 Quis

711 5263 887 5329 enim,
925 5261 1352 5331 Theophanesue
1405 5278 1433 5316 a
1486 5262 1747 5334 Gregorio
1797 5279 1866 5318 an
1918 5266 2003 5320 hic
2053 5267 2123 5321 ab
2177 5265 2269 5320 illo

718 5353 947 5423 sublegit
985 5352 1384 5408 homiiiasi-An
1427 5362 1652 5424 uterque
1695 5353 2016 5426 Cerameus,
2052 5341 2296 5430 uterque

718 5443 1151 5514 archiepiscopus
1172 5444 1537 5510 Tauromeuii,
1562 5454 1783 5516 uterque
1811 5449 2274 5518 sapientissimus?

717 5543 770 5590 et
803 5539 979 5591 tamen
1014 5551 1150 5596 unus
1181 5539 1247 5596 ab
1282 5538 1451 5596 altero
1481 5538 1685 5597 furatus
1715 5540 1832 5596 cst?
1868 5539 1972 5597 Sed
2006 5555 2072 5597 ne
2103 5542 2269 5614 gratis

3915 128 3969 191 Si

2369 247 2425 290 et
2455 249 2518 290 ex
2553 249 2741 293 amore
2777 235 3014 306 suscepti
3057 235 3238 307 operis
3275 239 3327 294 id
3371 237 3595 296 lnﬂciari
3628 239 3969 297 videturui-

2369 335 2517 382 certe
2551 319 2819 397 .prommia
2864 330 2977 398 ipsa
3016 322 3245 399 quorum
3289 331 3453 387 multa
3496 346 3603 387 non
3643 347 3710 387 ex
3755 332 3969 400 aliqui

2371 417 2490 474 loco
2521 419 2815 484 communi,
2842 419 2936 475 scd
2972 435 3039 474 ex
3077 429 3318 489 tempore
3345 429 3397 475 et
3429 420 3548 478 ioco
3576 423 3711 491 ipso,
3744 422 3810 477 in
3858 433 3969 489 qui

2371 509 2709 575 dicebantur,
2737 519 2792 566 et
2823 522 2888 564 ex
2919 499 3135 568 casibus
3163 511 3399 571 fortuitis
3427 529 3493 569 eo
3523 522 3764 583 tempore
3787 494 3790 495 ν
3812 511 3969 567 ἰηοὶ‹

2373 599 2622 685 dentibus
2661 609 2896 669 sumpta,
2926 609 2982 656 et
3019 615 3156 672 pene
3191 603 3574 670 extemporalia
3613 615 3761 669 sunt,
3799 609 3879 658 et
3924 612 3969 654 ul

2370 699 2483 746 tum
2525 690 2862 767 dicebantur,
2897 702 3143 761 excepta,
3179 703 3232 748 et
3272 693 3777 765 multasingularia
3840 705 3969 762 qua

2372 793 2486 836 tum
2535 781 2588 838 in
2634 784 2796 855 ipsis,
2829 793 2938 838 tum
2985 786 3128 840 inter
3173 786 3458 842 dicendum
3506 794 3816 842 occurrunt
3877 785 3969 837 uni

2368 859 2974 951 eidemque‘éuntiﬁsse
3009 877 3361 942 credendum,
3389 876 3598 932 duobus
3631 887 3686 931 ut
3721 875 3969 931 comin.

2371 975 2496 1036 gant
2525 965 2885 1060 fieriLotnnino
2917 982 3020 1021 non
3057 977 3253 1035 potest,
3278 980 3333 1022 et
3362 980 3538 1023 tamen
3574 982 3886 1023 sermones
3924 965 3969 1020 lsi

2374 1057 2470 1109 toti
2506 1056 2911 1112 cumemnibns
2944 1068 2998 1112 et
3029 1058 3256 1128 singulis
3289 1059 3404 1113 suis
3442 1059 3682 1128 partibus
3721 1060 3969 1125 utrique

2372 1150 2699 1205 tribuuntur.
2733 1150 2970 1222 Tangam
3003 1159 3316 1217 argumenta
3348 1151 3525 1221 aliqua
3556 1151 3687 1206 dicis
3717 1165 3919 1206 causa
3959 1163 3969 1204 ε

2368 1242 2435 1297 de
2460 1243 2670 1299 ceteris
2690 1257 2809 1313 qua:
2836 1257 3045 1312 possem
3074 1241 3283 1303 afferre.
3309 1258 3534 1311 qumque
3564 1242 3731 1297 lector
3759 1244 3969 1296 anim-

2369 1337 2648 1392 advertere
2686 1351 2781 1404 per
2804 1350 2872 1392 se
2905 1345 3111 1403 potest,
3143 1336 3306 1391 faciat
3333 1334 3508 1405 quivis
3540 1333 3969 1402 conjecturam.

2369 1426 2430 1482 in
2471 1425 2698 1481 humilia
2745 1425 2811 1484 de
2835 1427 2961 1484 .fllio
2999 1427 3170 1481 vidum
3213 1421 3518 1492 (homin)
3563 1431 3753 1475 auctor
3797 1419 3969 1473 aliud

2369 1517 2469 1572 sibi
2501 1500 2821 1588 proemium
2851 1519 3181 1588 propositum
3207 1513 3373 1570 fuisse
3399 1511 3548 1572 dicit,
3571 1511 3663 1567 sed
3692 1509 3969 1577 eonjecto

2372 1609 2425 1663 in
2477 1617 2683 1677 partem
2729 1608 2881 1663 ebori
2930 1609 3205 1663 dexteram
3256 1604 3445 1670 oculo,
3481 1613 3533 1657 et
3583 1603 3710 1656 sede
3758 1601 3969 1654 fratris

2369 1701 2635 1756 demortui
2675 1715 2836 1755 vacua
2869 1709 3180 1769 conspecta,
3215 1707 3280 1755 de
3318 1715 3383 1754 eo
3423 1707 3476 1752 et
3507 1697 3629 1750 vita:
3672 1695 3969 1750 brevitate

2371 1793 2650 1847 exordium
2694 1791 2896 1857 facere,
2932 1801 2986 1846 et
3030 1793 3191 1846 animi
3234 1792 3565 1861 propositum
3614 1798 3875 1850 mutare,
3913 1793 3969 1836 et

2370 1883 2435 1936 ad
2482 1882 2883 1952 lacrymandnm
2922 1881 3137 1951 cogise
3179 1882 3483 1936 confitetur.
3515 1876 3568 1930 In
3609 1875 3844 1932 homilia
3896 1871 3969 1925 de

2373 1973 2431 2028 S.
2459 1971 2744 2030 Psuerstio
2771 1972 2984 2044 (haurit.
3015 1972 3143 2038 Lvn}
3174 1987 3362 2041 parum
3390 1971 3620 2026 abfuisse
3651 1968 3782 2021 dicit
3815 1963 3969 2033 quin

2371 2072 2495 2134 post
2520 2061 2714 2118 festum
2739 2061 2967 2124 venerit.
2993 2077 3112 2116 cum
3148 2060 3502 2124 maturaverit
3529 2069 3708 2113 tamen
3744 2059 3862 2110 iter
3896 2056 3969 2106 ad

2369 2167 2491 2208 cum
2514 2151 2656 2208 diem
2683 2167 2804 2207 cum
2836 2164 2934 2209 suo
2965 2151 3158 2222 populo
3184 2149 3594 2216 celebrandum;
3628 2147 3722 2200 sed
3745 2159 3965 2215 qnam-

2368 2244 2450 2302 vis
2491 2243 2666 2301 fessus
2711 2255 2766 2298 et
2812 2243 3059 2299 inﬁrmus
3102 2257 3167 2298 es
3221 2243 3409 2296 itinere
3455 2239 3762 2303 advenerit,
3799 2236 3969 2292 nolle

2370 2348 2547 2393 tamen
2596 2337 2832 2390 sermoni
2881 2336 3085 2389 deesse.
3120 2331 3176 2387 In
3225 2333 3442 2388 humilia
3492 2333 3558 2386 de
3605 2331 3962 2385 Centurfone

2370 2428 2579 2501 (uomit.
2613 2426 2759 2496 suv)
2791 2427 3116 2482 mentionem
3147 2424 3275 2479 facit
3303 2423 3684 2479 controversia:
3708 2421 3956 2491 indicia.

2373 2522 2485 2582 rite.
2515 2517 2631 2590 ipso
2663 2518 2898 2574 habendi
2935 2520 3198 2573 sermonis
3233 2514 3463 2571 articulo
3494 2515 3593 2570 sibi
3625 2515 3851 2575 oblatae,
3896 2519 3958 2565 ut

2363 2613 2475 2683 iam
2499 2614 2667 2669 ferme
2691 2612 2892 2670 diaboli
2909 2609 3097 2666 fraude
3122 2621 3416 2666 conventus
3439 2608 3598 2662 fuerit
3622 2605 3955 2676 impeditus.

2369 2704 2425 2760 In
2455 2707 2671 2761 homilia
2699 2708 2764 2774 de
2790 2703 2857 2761 iis
2879 2704 3056 2758 verbis
3086 2723 3099 2758 :
3125 2701 3361 2758 Lucerna
3391 2700 3627 2764 corporis
3653 2709 3730 2752 est
3753 2699 3957 2750 oculus

2371 2801 2579 2869 (uomit.
2632 2799 2803 2870 nn),
2859 2799 3142 2852 diaconum
3201 2787 3439 2866 graviter
3492 2795 3736 2859 increpat
3795 2790 3954 2856 quod

2372 2891 2563 2948 sonitto
2600 2906 2660 2946 se
2693 2890 2923 2961 opprimi
2969 2891 3109 2944 inter
3148 2902 3446 2943 sermonem
3490 2884 3692 2961 siverit,
3727 2891 3784 2934 et
3825 2882 3957 2934 lon-

2379 2909 2563 2948 aomno
2600 2906 2660 2946 se
2693 2900 2923 2961 opprimi
2969 2900 3109 2944 inter
3148 2902 3446 2943 sermonem
3490 2901 3570 2939 suv.
3604 2900 3692 2948 τη,
3727 2900 3784 2934 et
3827 2900 3956 2934 Ion-

2379 2985 2579 3051 giorem
2623 2986 3017 3052 perorationem
3055 2997 3118 3034 ex
3159 2976 3396 3046 tempore
3435 2978 3500 3032 de
3539 2900 3727 3030 siuna
3767 2971 3956 3027 trahit

2372 3089 2543 3145 caque
2583 3089 2885 3130 sermonem
2930 3072 3218 3126 concludit.
3252 3070 3375 3126 llaec
3417 3079 3471 3124 et
3497 3075 3760 3136 fescenta
3812 3063 3951 3120 alia.

2372 3182 2492 3237 qua:
2534 3182 2638 3220 non
2684 3163 2860 3220 solum
2905 3164 2960 3217 in
3009 3163 3329 3233 promutuum
3375 3174 3425 3218 el
3469 3156 3951 3233 perorationibus.

2354 3262 2466 3341 v‘sed
2503 3261 2556 3313 in
2588 3257 2705 3329 ipso
2736 3257 2948 3314 dicendi
2984 3271 3145 3310 cursu
3184 3271 3282 3323 pro
3315 3271 3370 3309 re
3402 3267 3522 3307 nata
3565 3254 3850 3311 dicuntur,
3885 3261 3951 3298 es

2377 3340 2642 3424 tempore,
2667 3351 2784 3424 loco
2812 3360 2867 3404 et
2897 3363 3121 3418 persona
3153 3363 3213 3398 ea
3234 3347 3464 3412 terisque
3493 3340 3949 3396 circumstantiis.

2369 3448 2588 3503 omnino
2611 3446 2862 3501 evincunt
2888 3457 2989 3516 non
3022 3440 3255 3508 potuisse
3281 3441 3375 3491 hos
3403 3449 3675 3489 sermones
3701 3434 3949 3501 plurium

2373 3555 2491 3594 esse
2517 3553 2637 3592 cum
2669 3536 2778 3588 τῶν
2809 3514 3087 3588 eadem
3114 3533 3183 3586 sit
3212 3547 3269 3584 ea
3304 3545 3460 3599 posse
3490 3528 3696 3583 duobus
3725 3525 3948 3578 diverso

2375 3638 2614 3696 tempore
2659 3624 2842 3678 eadem
2883 3624 3120 3678 evenire.
3152 3621 3417 3675 l’rzeterca
3466 3634 3656 3672 sensus
3696 3615 3947 3683 explieit—

2375 3721 2656 3786 tionesque
2697 3715 2934 3769 auctoris
2973 3714 3267 3766 concinnnt
3309 3711 3433 3774 sibi,
3465 3720 3518 3763 et
3553 3708 3693 3778 quod
3735 3708 3787 3760 in
3838 3716 3941 3758 una

2373 3813 2609 3871 dictum,
2643 3806 2696 3859 in
2739 3806 2841 3858 alia
2891 3805 3177 3873 repetitur;
3227 3810 3279 3855 et
3329 3802 3444 3867 i;:sc
3488 3815 3546 3853 se
3591 3799 3654 3851 ad
3699 3801 3944 3868 seipsnm

2375 3904 2558 3961 refert,
2589 3915 2693 3956 non
2727 3882 2852 3954 raro
2875 3913 2994 3967 qua:
3022 3911 3118 3949 nos
3148 3896 3199 3949 in
3232 3893 3370 3947 notis
3397 3893 3726 3960 singularum
3765 3890 3942 3944 homi-

2378 3995 2572 4048 lIarutu
2607 3999 2858 4060 tanquam
2891 3977 3273 4043 concordantia
3309 3985 3679 4036 annotavimns
3715 3999 3730 4034 :
3768 3995 3946 4048 eaque

2378 4085 2447 4140 ab
2477 4099 2582 4139 uno
2611 4081 2818 4137 artifice
2841 4083 2942 4138 hoc
2966 4094 3101 4149 Opus
3128 4088 3287 4146 atque
3309 4077 3378 4130 ab
3402 4084 3503 4129 nn‘a
3526 4073 3732 4141 ollieipa
3761 4073 3944 4128 exisse

2376 4159 2969 4246 planedemonstrant.
3002 4152 3138 4225 Cum
3185 4170 3346 4241 igitur
3392 4168 3496 4222 hoc
3541 4176 3688 4220 certo
3736 4166 3943 4218 certius

2377 4263 2679 4336 ponendum
2709 4263 2800 4325 sit,
2826 4273 3020 4315 censeo
3047 4261 3186 4330 hunc
3212 4267 3488 4314 auctorem
3515 4255 3681 4312 fuisse
3703 4253 3942 4309 binomi-

2376 4356 2522 4419 nem,
2545 4361 2599 4408 et
2619 4351 2864 4408 eumdem
2885 4348 3265 4418 Theophanem
3290 4359 3344 4406 et
3366 4347 3680 4420 Gregorium
3705 4346 3939 4406 dictum,

2377 4458 2591 4516 semper
2625 4439 3116 4513 vero'Cerameum
3139 4477 3153 4503 ,
3191 4439 3330 4508 quod
3371 4453 3438 4492 ex
3490 4451 3759 4493 consensu
3803 4448 3935 4489 mss.

2377 4540 2499 4596 cod.
2567 4543 2775 4594 constat
2817 4536 2974 4600 satis,
2992 4527 3057 4589 ἐι
3096 4529 3342 4589 eumdem
3384 4518 3549 4585 unum
3594 4530 3695 4584 hoc
3736 4540 3936 4607 cogno-

2380 4633 2545 4697 mine,
2569 4631 2661 4685 sed
2685 4627 2884 4699 duplici
2910 4627 3128 4682 nomine
3154 4621 3615 4695 archiepiscopum
3639 4617 3938 4673 Taurome-

2378 4726 2451 4779 nii
2481 4725 2642 4779 fuisse
2670 4742 2684 4780 :
2712 4733 2766 4778 et
2789 4721 3014 4777 alterum
3035 4719 3248 4790 quidem
3274 4730 3466 4772 nomen
3489 4714 3557 4770 ab
3595 4711 3934 4769 incunabulis

2378 4818 2452 4871 illi
2498 4819 2755 4881 inditum,
2798 4814 3026 4869 alterum
3056 4789 3356 4880 postquam
3405 4806 3651 4862 monachi
3693 4789 3932 4863 habitum

2379 4908 2459 4963 vel
2501 4907 2732 4979 episcopi
2785 4918 2977 4960 munus
3026 4901 3351 4969 suscepisset
3392 4900 3723 4970 impositum.
3761 4897 3930 4966 Quam

2377 5000 2609 5054 nominis
2634 4999 3106 5054 comnmtationem
3131 5010 3237 5049 una
3264 5009 3385 5050 cum
3415 5002 3615 5048 mutato
3638 4994 3762 5046 vita:
3788 4996 3930 5047 statu

2381 5091 2494 5144 fieri
2535 5100 2841 5145 consuetam
2883 5087 3021 5156 apud
3059 5085 3273 5142 Graecos
3303 5101 3413 5140 non
3447 5086 3617 5140 solum
3649 5098 3714 5138 ex
3749 5081 3927 5137 Theo-

2381 5181 2572 5250 phanis
2602 5180 2771 5237 nostri
2793 5181 3009 5243 saeculo,
3032 5180 3122 5232 sed
3154 5180 3235 5232 vel
3262 5180 3312 5231 in
3339 5177 3728 5246 antiquissimis
3758 5171 3932 5229 Patri-

2378 5273 2479 5326 bus
2507 5272 2808 5341 exemplum
2844 5269 3121 5325 habemus.
3152 5264 3925 5340 S..G.regoriusiNeoczesare=e

2374 5363 2674 5435 episcopus,
2704 5364 2791 5419 cui
2835 5360 3262 5434 Θαυματουργός
3312 5360 3605 5429 ceguOmeu
3642 5357 3710 5412 ab
3753 5350 3923 5409 admi-

2373 5453 2556 5510 randis
2578 5455 2828 5525 operibus
2855 5453 3052 5509 faenum
3078 5462 3183 5516 est,
3202 5451 3515 5508 Theodorus
3541 5459 3718 5513 antea,
3742 5458 3921 5518 postea

2373 5546 2660 5616 Gregorius
2688 5556 2771 5604 est
2797 5542 3120 5617 appellatus;
3150 5545 3294 5614 quod
3321 5551 3580 5600 testantur
3602 5555 3788 5598 omnes
3817 5539 3926 5594 fere
