4002 6344
603 279 670 341 87

607 410 706 481 pus
740 411 1072 464 :cognomen
1101 413 1227 456 vero
1255 400 1347 453 τοῦ
1392 403 1711 472 Κεραμίτου
1760 403 2009 472 Philippo
2070 405 2163 459 ad-

606 489 796 552 tlitum,
823 491 962 557 quod
1010 484 1146 547 idem
1192 508 1246 548 re
1301 504 1353 548 et
1403 508 1564 549 sensu
1621 505 1787 548 cstac
1832 495 2162 566 Κεραμέως,

608 587 669 630 ut
723 593 882 648 supra
937 581 1109 650 attigi.
1160 584 1212 636 in
1261 583 1567 650 opinionem
1630 601 1714 639 nte
1758 586 1974 639 adducit
2019 586 2163 641 hunc

607 667 907 736 Philippum
931 685 996 724 ex
1026 671 1212 725 eadem
1243 670 1406 727 fuisse
1437 675 1593 725 domo
1627 687 1690 727 ac
1745 683 1901 742 gente
1947 689 2010 727 ac
2071 690 2160 733 no-

605 769 772 812 strum
800 757 1173 829 TlteOpbanem
1201 763 1486 834 Κεριμὲα.
1510 762 1642 817 Nam
1677 778 1869 820 nomen
1904 767 2005 819 hoc
2033 778 2160 818 esse

612 849 822 903 familiae
854 850 1179 920 probabilius
1214 853 1340 906 mihi
1364 852 1568 907 videtur
1589 869 1746 922 quam
1771 853 1954 921 patria:
1980 871 1993 908 :
2020 854 2161 922 quod

612 942 763 996 video
798 944 1073 999 nonnullis
1104 945 1294 999 anzich
1333 947 1465 1001 meis
1499 946 1722 1000 eruditis
1773 963 1836 1002 ac
1889 946 2157 1000 nobilibus

610 1022 1170 1089 viris'f’anormitanis
1205 1033 1412 1102 placere
1446 1052 1458 1088 :
1495 1036 1689 1089 vellent
1714 1035 1856 1089 enim
1890 1037 1940 1090 bi
1985 1034 2161 1089 Theo-

606 1125 832 1193 phanem
857 1113 1172 1181 Cerameum
1208 1127 1404 1181 dictum
1434 1127 1500 1180 ab
1556 1127 1752 1196 oppido
1772 1130 1942 1198 _qttod
2000 1128 2155 1183 lmdie

605 1217 848 1273 Ccramis
877 1219 929 1272 in
963 1219 1141 1273 Sicilia
1173 1209 1310 1271 haud
1351 1219 1504 1284 longe
1533 1219 1744 1287 Troyua
1791 1218 1843 1270 in
1889 1219 2024 1272 valle
2062 1219 2164 1271 Do-

609 1311 741 1363 mini
763 1310 926 1362 situm
945 1309 1172 1363 dicitur:
1202 1311 1265 1365 de
1288 1323 1393 1376 quo
1430 1308 1673 1362 Fazellus
1694 1324 1868 1369 unum
1903 1311 2123 1362 verbum
2147 1327 2162 1363 :

607 1415 668 1455 ac
717 1413 909 1454 nomen
969 1400 1164 1463 solum,
1207 1399 1336 1454 nihil
1387 1395 1640 1468 prtclerea
1691 1398 1954 1466 prodidit;
2003 1413 2068 1452 ne
2113 1401 2163 1452 in

607 1505 792 1545 eorum
821 1493 1128 1560 opinionem
1169 1493 1422 1546 accedam
1476 1502 1582 1547 tres
1626 1493 1834 1544 obstant
1879 1493 2113 1546 rationes
2147 1509 2160 1544 :

611 1585 780 1650 prima
815 1583 956 1651 quod
982 1583 1098 1650 ejus
1137 1582 1304 1650 patria
1344 1581 1463 1635 .alia
1499 1596 1619 1638 esse
1647 1581 1912 1652 colligitur
1959 1598 2022 1636 ex
2083 1581 2164 1634 bis

610 1689 729 1743 quae
767 1675 941 1729 dicam
992 1674 1336 1745 §sequenti;
1394 1675 1625 1728 secunda
1670 1674 1794 1742 quia
1849 1676 1914 1727 de
1965 1674 2162 1743 oppido

608 1767 820 1821 (ζετοτηί
851 1766 1048 1821 nullam
1074 1767 1227 1822 video
1286 1767 1338 1821 in
1381 1766 1734 1835 scriptoribus
1799 1765 2164 1820 Siciliensium

608 1871 786 1912 rerum
818 1857 930 1911 fleri
963 1857 1281 1911 mentionem
1304 1865 1428 1910 ante
1480 1855 1818 1911 millesimum
1862 1871 1892 1910 a
1949 1855 2165 1910 Christo

611 1958 753 2015 nato,
786 1950 926 2003 unde
953 1949 1290 2018 Theophanis
1314 1940 1574 2019 tempore,
1589 1948 1691 2002 hoc
1716 1931 1798 2002 est
1828 1957 1949 2000 ante
1973 1948 2167 2001 Sarra-

609 2027 861 2097 cenorum
892 2041 1246 2104 dominatum,
1283 2048 1459 2094 utrum
1495 2040 1765 2092 exstiterit
1797 2051 1985 2105 necne,
2023 2038 2168 2092 amr-

613 2135 745 2188 mari
792 2146 898 2187 non
929 2139 1138 2202 potest;
1175 2131 1328 2184 tertia
1357 2144 1422 2184 ex
1448 2130 1562 2202 ipso
1589 2129 1851 2201 loquendi
1887 2144 2021 2183 usu:
2065 2143 2170 2182 non

611 2227 750 2277 enim
774 2225 844 2277 ita
866 2233 1083 2279 meatur
1101 2220 1454 2292 Theophanes
1472 2222 1784 2292 Κερςιμεὺς,
1820 2231 1876 2274 ιιι
1896 2221 2169 2284 Διονύσιος

623 2311 1098 2383 Ἁλικαρνασσεὺς,
1120 2311 1524 2383 ριΠλούταρχος
1539 2310 1878 2382 Χαιρωνεύς,
1901 2311 2174 2371 absolute,

614 2403 770 2458 sicuti
800 2407 852 2459 in
875 2397 1281 2473 cognominibus
1296 2419 1361 2458 ex
1384 2404 1554 2472 patria
1574 2404 1803 2471 sumptis
1826 2403 1968 2468 loqui
2003 2401 2174 2457 Graeci

612 2504 1027 2559 consueverunt,
1048 2495 1141 2550 sed
1179 2491 1536 2561 Theophanes
1575 2493 1771 2546 dicitur
1819 2505 2176 2562 cognomcnto

611 2585 924 2655 Κεραμεὺς,
965 2583 1118 2652 quasi
1151 2580 1250 2646 ,illa
1299 2595 1430 2636 voce
1495 2569 1739 2650 apposita
1813 2592 2172 2649 cognomento,

617 2676 856 2743 signetur
877 2687 1069 2727 nomen
1099 2670 1291 2742 gentis,
1325 2671 1404 2727 vel
1434 2672 1671 2738 familiaz,
1735 2671 2060 2728 excludatur
2087 2687 2176 2740 pa-

617 2766 770 2829 trite;
805 2778 961 2819 nemo
996 2765 1139 2817 enim
1196 2764 1430 2817 dixerit:
1475 2762 1796 2819 Plutarchus
1825 2774 2181 2833 cognomento

612 2858 957 2928 Clueroneus.
996 2853 1183 2909 Restat
1211 2855 1371 2922 igitur
1403 2865 1480 2921 ut,
1525 2856 1569 2909 si
1621 2855 1835 2910 familia:
1879 2856 1958 2910 v‘el
2008 2856 2182 2925 gentis

618 2962 814 3004 nomen
850 2946 1026 3016 :quod
1057 2960 1121 3029 eo
1152 2945 1285 3017 mihi
1317 2945 1407 2998 fiet
1444 2945 1777 3011 probabilius
1838 2946 1976 3012 quod
2036 2961 2179 2999 nou—

618 3043 778 3099 nullis
817 3041 1028 3112 reperio
1058 3040 1110 3094 in
1135 3035 1302 3112 .r'nss.
1343 3039 1721 3103 monumentis,
1762 3052 1880 3108 qua:
1935 3040 1986 3092 in
2029 3040 2186 3091 variis

618 3132 958 3191 bibliothecis
972 3126 1342 3193 Vasst'rvanlttr,
1362 3141 1587 3196 quorum
1607 3126 1832 3180 indicem
1865 3124 2185 3179 hlettlentnm

621 3221 877 3280 describit
904 3223 960 3276 in
989 3223 1252 3288 Apparattt
1269 3233 1420 3273 sacro
1448 3230 1575 3272 tom.
1594 3216 1662 3272 ll.
1685 3215 1747 3274 Ρ.
1769 3216 2033 3270 Antonius
2062 3215 2193 3271 Pes.

531 3383 535 3386 ,
618 3319 864 3381 sevinus,
904 3315 955 3367 in
1007 3310 1326 3368 bibliotheca
1345 3309 1627 3365 Viennensi
1660 3307 1862 3364 servari
1921 3310 2191 3374 cujusdam

617 3405 1053 3466 loanisCeramei
1073 3402 1354 3460 conciones
1367 3412 1422 3459 et
1441 3402 1686 3458 hotnilias
1710 3402 1760 3456 in
1782 3412 2010 3472 quatuor
2023 3403 2195 3456 Evan-

625 3501 794 3573 gelica
829 3516 846 3566 ;
901 3507 953 3553 et
984 3498 1167 3554 eodem
1201 3507 1344 3552 tomo
1373 3496 1425 3550 in
1451 3510 1586 3550 mss.
1625 3491 2036 3564 Constantinop.
2105 3494 2194 3546 Bi-

624 3593 815 3649 blioth.
851 3589 1130 3658 Niccpltori
1174 3596 1528 3660 cognomento
1558 3586 1750 3659 Figuli,
1785 3588 1898 3643 sive
1921 3587 2188 3654 Ceramci,

624 3683 1007 3754 explicationes
1059 3689 1111 3734 et
1163 3693 1441 3735 sermones
1479 3679 1530 3738 in
1588 3689 1988 3734 sacrosanctum
2018 3679 2194 3733 Evan-

630 3775 850 3847 gelinm.
872 3773 1015 3828 Sane
1041 3779 1450 3836 cognomentum
1479 3768 1673 3839 Figuli,
1692 3773 1829 3838 quod
1854 3769 1990 3823 idem
2021 3771 2194 3839 signat

629 3868 946 3926 acGrtecum
966 3864 1286 3928 Cerconicus,
1323 3862 1484 3918 fuisse
1510 3861 1760 3916 Romanae
1787 3862 2018 3931 antiquae
2041 3863 2196 3918 fami-

636 3963 720 4015 lfae
748 3968 892 4030 patet
920 3973 981 4012 ex
1019 3955 1230 4024 Nigidio
1261 3954 1442 4024 Figulo
1497 3952 1714 4008 homine
1740 3953 2067 4024 temporibus
2105 3953 2212 4026 Ci-_

639 4049 848 4106 ecronis
878 4046 1252 4104 ﬁtteratissimi
1279 4047 1344 4100 ad
1377 4059 1532 4135 quem
1573 4053 1698 4099 sunt
1721 4043 1994 4108 Ciceronis
2027 4046 2191 4114 ipsius

635 4141 913 4210 epistolam
935 4139 1015 4193 An
1049 4138 1116 4192 ab
1146 4137 1247 4192 hoc
1281 4135 1542 4205 originem
1573 4136 1783 4191 duxerit
1845 4136 2041 4190 familia
2091 4152 2190 4192 no-

633 4234 734 4288 stti
757 4233 1001 4288 Cersmei
1030 4231 1351 4290 niltilhabeo
1366 4229 1504 4300 quod
1540 4228 1819 4297 affirmem,
1852 4244 2024 4300 neque
2049 4230 2189 4300 quod

641 4337 864 4390 negem;
923 4334 1224 4389 quanquam
1276 4319 1349 4372 ita
1393 4318 1604 4386 placere
1660 4317 1814 4370 video
1883 4319 2191 4373 doctissimo

645 4412 846 4467 homini
871 4407 931 4464 P.
963 4408 1164 4463 Iacobo
1188 4405 1474 4460 Sirmondo
1531 4407 1582 4458 in
1641 4404 1863 4474 cpistola
1907 4421 2064 4473 quam
2129 4408 2192 4459 ad

563 4492 566 4494 ’
646 4515 734 4555 me
790 4501 856 4554 de
894 4499 999 4553 hac
1058 4513 1117 4550 re
1146 4495 1418 4549 consultus
1501 4494 1796 4559 rescripsit.
1873 4493 2195 4548 Existimare

643 4590 768 4660 quis
804 4588 974 4658 possit
998 4586 1095 4639 hoc
1143 4597 1435 4653 cognomen
1467 4595 1531 4633 ex
1583 4567 1792 4646 eorum
1821 4595 1943 4636 esse
1997 4598 2193 4652 genere

649 4682 844 4749 quibus
880 4677 1057 4733 allecti
1079 4683 1209 4728 sunt
1232 4673 1381 4726 multi
1432 4671 1550 4739 eius
1595 4667 1775 4723 saeculi
1830 4670 1912 4722 vel
1963 4670 2195 4737 episcopi

648 4775 736 4829 vel
769 4772 1079 4840 scriptores,
1113 4768 1182 4819 ita
1212 4766 1420 4822 scilicet
1448 4762 1625 4817 vocari
1673 4760 2049 4828 Theophanem
2100 4759 2201 4814 Cc-

652 4877 891 4919 ramenm
929 4863 1048 4930 quis
1079 4859 1272 4914 dixerit
1309 4856 1462 4910 sicuti
1497 4845 1803 4924 Dionysium
1854 4851 2114 4919 Exiguum
2147 4861 2201 4906 et

654 4954 869 5006 Petrum
915 4950 1204 5002 Sardorum
1244 4947 1575 5013 episcopum,
1627 4945 2005 5011 cognomento
2032 4939 2196 4992 Misc-

657 5060 796 5107 rttnt,
823 5040 1079 5106 legimus;
1106 5038 1168 5089 de
1201 5051 1304 5103 quo
1336 5036 1594 5089 Baronius
1627 5048 1767 5087 anno
1814 5031 2011 5087 Christi
2071 5031 2209 5096 85⁸1λ

659 5134 748 5198 qui
776 5163 780 5167 -
806 5128 1170 5182 comministcr
1221 5140 1338 5176 cum
1410 5124 1627 5191 Eulapio
1671 5113 1919 5190 Apamea:
1950 5123 2203 5189 epismpo

660 5222 766 5272 suit
797 5220 846 5270 in
899 5215 1069 5268 Pltutii
1125 5214 1449 5278 initiatione;
1492 5214 1658 5267 sicuti
1697 5216 1854 5267 etiam
1891 5211 2201 5267 Zachariam

662 5312 900 5379 ejusdem
929 5307 1194 5369 factimtis,
1229 5305 1314 5373 qui
1359 5304 1564 5372 Copltus
1603 5316 1682 5358 est
1717 5315 2068 5375 cognmncnlo
2096 5306 2205 5359 dic-

667 5417 751 5458 ωε
780 5421 793 5456 ς
823 5416 940 5471 qua:
970 5399 1035 5452 ab
1073 5398 1249 5465 aliqua
1291 5397 1594 5449 conditione
1638 5398 1916 5458 natalium,
1984 5397 2201 5474 habitu-

666 5511 770 5563 que
796 5494 1035 5561 corporis
1071 5488 1150 5543 vel
1184 5489 1346 5542 animi
1377 5489 1480 5551 sui,
1513 5491 1590 5540 vel
1647 5504 1884 5544 suorum.
1944 5492 2206 5558 apposita,

671 5587 754 5639 vel
785 5588 943 5640 etiam
967 5601 1028 5638 ex
1053 5581 1374 5638 demissione
1413 5588 1464 5631 ct
1496 5578 1803 5632 inductione
1849 5579 2033 5633 volunt
2093 5579 2206 5632 aria

677 5675 844 5730 animi
893 5676 1062 5730 ascita
1109 5687 1227 5728 esse
1255 5671 1418 5726 tidcri
1490 5678 1727 5737 possunt,
1761 5683 1824 5723 ca
1864 5672 2066 5723 ratione
2105 5661 2208 5738 qua

1574 285 1972 348 FRANCISCI
2012 288 2276 388 SCORSI
2315 290 2741 374 PROOEMIUM
2793 297 2876 358 Ῑῐ.

3761 305 3839 369 85

2268 409 2405 474 apud
2433 395 2704 467 Romanos
2741 411 3000 467 Lentulus
3031 395 3301 484 Spentltir,
3336 415 3570 474 Licinius
3597 417 3843 485 Calvus,

2262 498 2516 562 Emilius
2548 501 2764 567 Paulus,
2799 505 3081 560 Cornelius
3113 507 3296 576 Scipio
3341 508 3539 575 dictus,
3588 510 3656 566 de
3701 513 3834 579 qui-

2263 587 2360 640 bus
2389 589 2801 656 cognominibus
2835 605 3128 661 eorumque
3161 594 3370 666 origine
3411 596 3616 668 longius
3642 601 3836 655 disse-

2263 679 2335 732 rit
2369 669 2623 748 Sigonius
2660 681 2796 736 libro
2825 681 2897 736 De
2925 683 3080 751 factis
3119 688 3498 752 consularibus,
3551 690 3834 753 opusculo

2266 770 2338 825 De
2361 775 2651 827 nominibus
2678 772 3027 830 Romanorum
3060 778 3318 846 singulari
3350 797 3362 833 :
3396 779 3487 833 sed
3523 777 3630 836 hoc
3679 781 3840 837 divi-

2263 877 2396 916 nare
2424 862 2570 926 nolo,
2599 878 2718 916 cum
2745 864 3013 919 afﬁrmare
3057 866 3490 934 veliconjeetare
3539 885 3642 924 non
3687 885 3835 938 pns-

2263 953 2388 1032 sitn.
2433 950 2812 1022 lllud'ergo’ox
2849 966 2954 1012 tota
2991 957 3090 1012 hac
3141 960 3514 1012 dissertatione
3562 968 3838 1028 tanquam

2265 1053 2466 1095 certum
2515 1044 2779 1099 coniicio:
2826 1045 2926 1099 hoc
2971 1060 3105 1114 opus
3161 1047 3319 1101 unius
3371 1062 3494 1102 esse
3553 1034 3834 1113 auctoris,

2204 1181 2207 1184 ἠ
2265 1148 2492 1200 eumque
2521 1135 2836 1190 Cerameum
2881 1138 3336 1208 archiepiscomtm
3398 1139 3836 1194 Tauromenita-

2267 1238 2417 1287 nunt,
2472 1224 2582 1291 jam
2627 1223 3023 1294 Theophanem,
3079 1227 3188 1295 jam
3231 1227 3544 1296 Gregorium
3599 1233 3833 1297 promist

2268 1325 2494 1393 utroque
2515 1318 2731 1372 nomine
2763 1318 2986 1372 inscribi
3013 1318 3251 1394 solitum,
3283 1322 3423 1389 quod
3456 1335 3520 1375 ex
3566 1320 3668 1376 fide
3701 1336 3839 1374 om-

2269 1407 2414 1461 nium
2444 1422 2572 1462 mss.
2598 1419 2650 1463 ut
2678 1401 2835 1464 modo
2867 1410 3000 1472 disi,
3036 1422 3132 1480 pro
3149 1417 3425 1478 comperto
3465 1412 3778 1466 habendum
3811 1428 3830 1471 :

2271 1499 2606 1553 retinendum
2628 1515 2756 1556 vero
2777 1514 2832 1564 et
2849 1503 3224 1558 celebrandum
3247 1505 3428 1559 censui
3452 1505 3620 1574 magis
3643 1504 3838 1558 Theo-

2266 1593 2456 1659 pltanis
2482 1609 2694 1657 nomen,
2723 1595 2862 1663 quod
2910 1596 3337 1666 a-scriptoribtts
3389 1597 3615 1666 optimae
3676 1605 3838 1649 nota:

2265 1685 2354 1754 qui
2382 1699 2448 1737 ex
2495 1686 2582 1739 his
2631 1682 2972 1742 sermonibus
3009 1702 3289 1756 sumpsere
3343 1686 3672 1752 testimonia,
3741 1684 3840 1737 vei

2264 1791 2359 1832 eos
2397 1778 2630 1847 integros
2659 1779 2933 1848 impressis
2963 1780 3111 1836 libris
3135 1781 3249 1837 suis
3282 1782 3648 1845 inseruerunt,
3686 1777 3813 1834 celc

2267 1868 2478 1925 bratum
2503 1872 2677 1937 magis
2699 1886 2761 1926 ac
2778 1872 3053 1944 vulgatum
3077 1883 3179 1929 est.
3459 1880 3465 1886 '
3652 1924 3654 1926 ,
3730 1855 3736 1860 ’

2507 1959 2537 2029 ς)
2563 1959 2843 2017 HLPalria
2867 1973 2917 2017 et
2939 1964 3186 2017 educatio
3212 1962 3567 2026 Theophanis.

2347 2050 2668 2115 Ubinatus,
2701 2053 2788 2106 ubi
2832 2054 3094 2106 educatus
3149 2050 3502 2120 Theophanes
3541 2049 3700 2104 fuerit
3759 2062 3833 2101 ex

2273 2143 2442 2210 ipsius
2471 2125 2645 2196 verbis
2666 2154 2720 2196 et
2742 2142 3083 2198 confessione
3112 2141 3313 2209 liquido
3327 2147 3618 2206 constaret,
3668 2139 3710 2193 si
3767 2139 3844 2193 de

2273 2221 2457 2287 Sancti
2483 2226 2708 2288 Andreae
2737 2233 2957 2301 templo,
2990 2233 3042 2286 in
3069 2246 3175 2301 quo
3207 2228 3479 2285 bomiliam
3529 2229 3665 2284 festo
3709 2227 3844 2296 eius

2272 2326 2355 2378 die
2388 2324 2571 2389 habuit
2602 2320 2811 2392 (homil.
2858 2323 2960 2391 ι),
3035 2321 3266 2392 liqueret
3327 2322 3483 2376 satis.
3557 2321 3843 2376 Ponamus

2276 2421 2548 2489 igitur‘hie
2578 2421 2752 2490 primo
2785 2419 3043 2491 qutejipse
3068 2420 3122 2472 in
3154 2417 3418 2487 prooemio
3456 2417 3599 2473 illius
3653 2417 3844 2471 homi-

2277 2511 2375 2576 li:r._
2411 2510 2612 2578 prodit,
2651 2519 2708 2586 ut
2764 2525 2827 2563 ex
2852 2524 2916 2563 eo
2950 2518 3209 2578 tanquam
3251 2506 3405 2561 firmo
3458 2505 3722 2574 principio
3773 2521 3840 2559 ae

2262 2593 2640 2662 fundamento:
2664 2597 3013 2649 commentari
3056 2605 3109 2648 et
3147 2594 3399 2663 colligere
3446 2594 3566 2664 ejus
3606 2596 3855 2662 patriam.

2279 2680 2762 2750 educationemque
2825 2684 3110 2753 possimus.
3171 2681 3262 2738 Sic
3315 2683 3480 2752 igitur
3537 2682 3775 2750 loquitur
3815 2698 3836 2738 :

2286 2775 2563 2831 Hodierna:
2587 2775 3086 2853 celebritatisﬁurmo
3110 2777 3292 2831 veteris
3317 2775 3487 2832 debiti
3499 2776 3711 2840 solutio,
3729 2790 3842 2827 non

2282 2869 2552 2936 sapientia
2572 2853 2813 2938 qua-dam
2837 2859 3108 2924 ostentatio
3141 2869 3287 2929 nobis
3320 2870 3420 2923 erit
3453 2884 3472 2926 :
3504 2883 3662 2939 neque
3697 2867 3836 2922 enim

2282 2963 2382 3016 Ituc
2399 2961 2508 3014 orni
2536 2968 2592 3014 ut
2625 2969 2842 3020 ornatus
2860 2959 3154 3036 eloquentia
3179 2975 3293 3014 mea
3313 2960 3653 3028 conspicerer,
3668 2972 3844 3026 neque

2285 3051 2549 3119 utlinguw
2573 3052 2740 3118 lepore
2767 3061 2812 3102 et
2837 3065 3024 3120 pompa
3070 3049 3321 3103 orationis
3360 3047 3606 3101 honorent
3652 3046 3839 3113 patria:
3904 3055 3907 3057 ‘

2288 3155 2580 3209 oucuparcr
2609 3156 2628 3194 :
2656 3141 2827 3202 potius
2860 3141 2995 3192 enim
3025 3154 3217 3202 meam,
3237 3153 3553 3208 quacunque
3603 3135 3695 3188 illa
3743 3135 3832 3197 sit,

2288 3221 2662 3298 philosophiam
2688 3227 2944 3294 occultam
2975 3228 3151 3281 haberi
3179 3227 3352 3292 velint,
3400 3239 3456 3281 ut
3507 3225 3681 3282 inanis
3723 3225 3838 3293 glo-

2290 3323 2384 3375 rite
2404 3320 2588 3389 ﬂatum
2620 3319 2866 3390 effugiam
2891 3333 2908 3371 :
2938 3315 3027 3371 sed
3047 3319 3292 3388 quoniam
3329 3334 3481 3373 sacra
3540 3319 3650 3372 lucc
3702 3319 3838 3369 (cdes

2292 3412 2512 3481 apostoli
2545 3410 2881 3480 primovocati
2906 3425 2986 3464 me
3008 3408 3165 3463 ueluti
3195 3411 3374 3462 nutrix
3397 3424 3616 3474 puerum
3645 3408 3837 3461 educa—

2291 3508 2383 3565 vit,
2419 3512 2468 3557 et
2513 3503 2804 3571 primarum
2848 3499 3237 3555 institutionum
3285 3515 3564 3552 mammam
3616 3497 3840 3568 prabuit

2290 3611 2659 3664 sacrarumque
2684 3594 2972 3648 litterarum
2998 3592 3293 3646 doctrinam
3317 3589 3470 3660 quasi
3504 3590 3587 3642 lac
3617 3589 3842 3642 instilla-

2293 3682 2721 3756 vit'(intercidam
2771 3682 2972 3746 aliqua,
3004 3694 3122 3748 quze
3152 3694 3255 3732 non
3281 3681 3347 3732 ad
3376 3678 3510 3744 rem)
3537 3676 3674 3744 quod
3718 3675 3842 3728 ηιξ·
3894 3752 3900 3756 ὴ

2291 3787 2447 3841 quum
2469 3779 2543 3825 est
2573 3770 2694 3821 huic
2718 3767 2949 3822 ecclesia:
2981 3767 3133 3836 quasi
3164 3764 3340 3818 altrici
3364 3760 3688 3817 educationis
3728 3774 3843 3827 pre-

2294 3864 2422 3915 tium
2443 3860 2695 3929 persolvo,
2753 3860 2960 3926 ctquod
2993 3858 3050 3910 in
3079 3853 3362 3922 proverbiis
3399 3864 3499 3920 est,
3527 3854 3686 3922 legent
3740 3848 3844 3903 Pe-

2294 3957 2548 4025 largicam
2582 3951 2768 4015 impleo
2798 3965 2817 4003 :
2847 3959 2896 4003 et
2916 3965 3022 4002 una
3050 3948 3327 4012 vobiscum,
3371 3965 3399 4001 o
3433 3956 3591 4002 catus
3625 3945 3731 3999 Deo
3756 3945 3844 3998 di-

2296 4048 2589 4108 lectissime,
2617 4043 2913 4099 concelebra
2940 4042 3212 4096 solemnem
3246 4045 3380 4094 hunc
3414 4043 3593 4121 (diem,
3645 4049 3691 4092 ct
3747 4054 3841 4104 pa-

2295 4143 2453 4194 triam
2501 4139 2714 4199 charum
2774 4135 2942 4190 solum
2976 4135 3253 4200 aspiciens,
3287 4143 3395 4186 tam
3447 4133 3684 4201 religiose
3726 4144 3844 4182 san-

2294 4230 2496 4286 ctorum
2551 4226 2854 4295 memoriam
2902 4206 3282 4286 celebrantem,
3312 4223 3499 4290 e/feror
3559 4218 3749 4290 gaudio
3793 4227 3840 4271 et

2295 4323 2516 4378 cxsulto.
2559 4321 2681 4376 Haec
2709 4319 3062 4385 The0phanes
3096 4317 3148 4369 in
3177 4315 3392 4369 homilia
3425 4314 3489 4368 de
3516 4313 3576 4366 S.
3605 4309 3837 4364 Andrea.

2298 4414 2356 4468 Si
2395 4413 2516 4483 quis
2539 4411 2700 4481 igitur
2726 4408 2972 4463 ostendat
3000 4392 3140 4475 quod
3175 4405 3300 4459 illud
3335 4403 3586 4471 templum
3623 4401 3681 4455 Ι).
3735 4399 3846 4454 An-

2301 4506 2440 4558 dreae
2462 4503 2549 4556 ubi
2571 4512 2874 4553 sermonem
2907 4497 2972 4549 ad
3004 4498 3148 4549 cives
3177 4495 3403 4548 faciebat
3425 4509 3572 4557 suos,
3593 4494 3704 4560 jam
3746 4506 3838 4563 pa-

2304 4594 2458 4648 triam
2485 4590 2804 4646 ostenderit.
2834 4587 2938 4642 Sed
2970 4588 3092 4655 quis
3129 4589 3180 4639 in
3229 4587 3354 4641 illud
3411 4585 3632 4654 digitum
3681 4580 3847 4651 possit

2307 4684 2610 4751 intendere,
2640 4697 2714 4736 act
2740 4689 2887 4736 certo
2926 4682 3316 4751 demonstrare,
3342 4676 3465 4744 quis
3495 4689 3558 4729 ex
3582 4681 3722 4726 tanta
3752 4686 3849 4724 an-

2304 4774 2573 4842 tiquitate,
2602 4780 2722 4842 post
2751 4780 2828 4827 tot
2857 4775 3230 4837 tempestatum
3260 4767 3424 4830 vices,
3453 4762 3846 4833 posl‘Sarracev

2308 4849 2720 4920 norunt'cladem
2749 4861 3258 4925 demolitionemque
3278 4853 3592 4923 templorum
3638 4859 3693 4906 et
3747 4864 3846 4919 op-

2310 4956 2550 5024 pidorum
2583 4954 2751 5022 possit
2773 4949 2997 5006 eruere?
3020 4950 3123 5004 Sed
3147 4963 3242 5019 age
3252 4948 3362 5018 jam
3393 4943 3572 5022 afﬂatu
3597 4958 3699 4997 non
3730 4941 3848 4996 Del-

2311 5047 2490 5114 phico,
2520 5043 2635 5110 sed,
2669 5051 2930 5112 ntspero,’
2951 5040 3156 5096 cmlesti
3189 5053 3301 5091 rem
3336 5036 3655 5090 divinemus.
3708 5033 3848 5099 Qua-

2310 5112 2434 5191 iuor
2466 5152 2590 5191 vero
2621 5137 2760 5190 unde
2797 5145 2902 5191 tota
2974 5132 3313 5189 ratiocinatio
3368 5129 3583 5200 pendet,
3624 5112 3847 5197 antepo-

2317 5231 2487 5281 nenda
2512 5223 2669 5282 sunt}
2697 5211 2946 5296 primum,
2977 5226 3147 5280 locum
3186 5225 3272 5278 ubi
3331 5238 3508 5279 sermo
3563 5221 3851 5275 habebatur

2317 5325 2483 5376 fuisse
2539 5323 2827 5375 nativitatis
2862 5331 2915 5374 et
2964 5313 3291 5375 educationis
3335 5316 3509 5371 locum
3569 5314 3707 5384 quod
3762 5326 3854 5381 per

2317 5428 2373 5465 se
2436 5421 2613 5477 patet;
2665 5411 2912 5473 alterum,
2968 5409 3144 5462 dedita
3207 5421 3368 5475 Opera
3427 5405 3636 5460 venisse
3682 5402 3851 5457 Theo-

2317 5505 2540 5571 phanem
2604 5502 2666 5554 ad
2728 5517 2848 5554 cum
2920 5515 3015 5553 suo
3071 5487 3335 5554 sermone
3377 5492 3850 5552 cohonestandum.

2314 5590 2458 5661 quod
2498 5591 2656 5643 etiam
2682 5605 2746 5642 ex
2783 5589 2909 5657 ipsis
2954 5588 3127 5641 verbis
3169 5602 3272 5652 non
3321 5588 3548 5641 Obscure
3610 5579 3850 5647 intelligi-

2315 5695 2424 5742 tur.
2462 5681 2699 5741 tertium,
2728 5680 2883 5735 talem
2917 5678 3081 5734 fuisse
3102 5680 3276 5733 locum
3313 5677 3364 5731 in
3416 5689 3521 5743 quo
3567 5686 3669 5726 non
3717 5685 3848 5728 sem-
