4002 6344
152 399 229 460 ns
1083 389 1478 454 FRANCISCI
1520 350 1781 450 scon'SI
1823 387 2250 450 PROCEMIUM
2277 369 2369 449 ιι(

138 517 226 582 jam
255 514 299 564 iu
340 509 450 578 ipso
491 507 722 566 concilio
775 503 1007 573 depositi
1034 516 1087 562 et
1114 505 1466 573 exauctorati,
1507 503 1672 559 fuisse

141 609 472 671 subrogatum.
528 602 573 653 Α
623 614 730 668 quo
793 608 970 653 autem
1028 614 1146 654 eam
1217 598 1671 653 consecrationem

140 687 391 764 acceperit,
423 707 454 746 a
497 691 748 762 pontiﬁce
804 689 1063 755 Romano,
1100 704 1129 743 a
1162 703 1266 758 quo
1321 686 1516 742 Sicilia:
1556 687 1672 756 epi-

141 787 261 854 scopi
305 786 368 840 ab
415 785 571 838 initio
611 781 883 848 Eccieaim,
932 794 1113 850 utpote
1181 781 1434 835 Romamn
1471 779 1671 834 dimce-

140 879 219 942 sis,
268 877 499 932 ordinari
571 883 982 935 consueverant,
1047 888 1112 927 an
1176 871 1305 938 CP.,
1357 872 1568 926 videtur
1621 873 1673 924 in

139 969 327 1024 dubium
380 967 621 1022 revocari
654 981 812 1037 posse
843 965 912 1019 ab
939 965 1004 1018 iis
1042 967 1129 1031 qui
1162 963 1215 1017 in
1261 964 1477 1033 antiqua
1509 964 1676 1018 histo-

141 1059 202 1111 ria
238 1057 662 1127 acgpraesertim
714 1056 828 1123 ejus
886 1055 1142 1124 temporis
1205 1057 1568 1109 monumentis
1624 1063 1678 1108 et

116 1125 522 1228 isynodis‘CPoli
563 1146 846 1201 celebratis
897 1144 1095 1198 versati
1147 1135 1366 1199 iuerint.
1437 1141 1568 1198 Nam
1621 1154 1679 1194 ut

118 1230 195 1294 'ab
235 1249 414 1294 octava
465 1239 657 1294 ordine
714 1248 1042 1306 praeposmro
1090 1238 1294 1302 ordiar,
1347 1239 1400 1292 in
1460 1251 1522 1292 ea
1577 1236 1680 1290 Za-

140 1332 324 1385 cbarias
361 1327 844 1384 Tauromenitauus
890 1324 1175 1398 episcopus
1221 1315 1257 1380 Aa
1310 1326 1368 1381 S.
1410 1328 1677 1384 Methodio

138 1422 411 1490 patriarcha
457 1419 589 1486 CP.,
633 1422 720 1475 cui
766 1422 937 1490 cjecto
979 1419 1186 1474 Joanne
1234 1419 1588 1475 lconomacho
1620 1419 1676 1475 S.

139 1513 343 1584 lgttatius
385 1512 664 1571 successit.
713 1518 895 1580 aperte
952 1512 1148 1565 dicitur
1191 1508 1544 1581 χειροτονίαν,
1581 1513 1681 1566 hoc

138 1616 203 1658 est
246 1605 705 1669 consecrationem,
766 1604 1058 1673 accepisse.
1117 1602 1319 1660 Locum
1369 1618 1433 1659 ex
1477 1614 1587 1658 aet.
1619 1619 1678 1660 ιιι

138 1697 279 1764 ipsius
350 1697 540 1766 synodi
593 1694 752 1749 retuli
815 1693 1082 1751 Proonuio
1136 1694 1197 1760 l,
1264 1693 1292 1766 δ
1342 1710 1416 1750 tv.
1477 1694 1531 1749 ln
1593 1710 1683 1750 se-

139 1790 280 1857 ptima
329 1804 458 1844 vero
517 1788 866 1858 subjectionis
923 1788 1166 1858 ejusdem
1242 1788 1476 1857 episcopi
1539 1787 1685 1840 Tau-

142 1881 432 1935 remenitaui
487 1881 808 1950 patriarcha:
839 1879 945 1935 (ΞΡ.
981 1881 1180 1935 iudicio
1226 1891 1310 1933 est
1359 1879 1683 1948 subscriptio

138 1972 361 2052 Joannis,
395 1975 446 2028 in
491 1976 603 2044 qua
643 1973 1213 2058 patriarcham‘ipuum
1256 1972 1559 2040 Tarasium,
1591 1973 1681 2039 qui

137 2082 190 2120 eo
226 2076 457 2134 tempore
487 2069 693 2138 synodo
742 2075 989 2136 praeerat,
1022 2065 1104 2120 his
1140 2066 1317 2121 verbis
1360 2064 1684 2134 proﬁtetur:

137 2157 341 2213 Joannes
378 2160 742 2212 sanctissimus
800 2160 1068 2226 episcOpus
1103 2156 1464 2212 Taurontenite
1511 2158 1640 2210 dixit
1665 2174 1685 2210 :

135 2248 249 2304 Cum
279 2251 438 2303 veluti
475 2253 682 2304 divinus
728 2250 1054 2304 orthodoxia:
1086 2250 1337 2304 terminus
1369 2251 1469 2303 sint
1498 2249 1687 2304 littera

136 2357 234 2408 qua
257 2343 316 2395 ab
346 2343 580 2395 Adriano
613 2359 750 2410 papa
778 2342 998 2396 senioris
1031 2339 1212 2395 Reum
1235 2343 1305 2395 ad
1335 2343 1447 2408 pios
1475 2350 1683 2395 nostros

138 2413 450 2492 imperatores
500 2444 695 2481 necnon
734 2429 803 2482 ad
857 2427 1134 2482 Tarosistnt
1210 2423 1550 2483 uniuersalem
1591 2445 1684 2498 po-

138 2521 400 2584 triarcltam
440 2530 676 2574 nostrum
730 2522 902 2575 missa
947 2533 1091 2586 sunt,
1120 2521 1195 2575 ita
1225 2523 1471 2588 proﬁteor
1518 2523 1684 2575 susci-

139 2610 258 2672 piens
285 2623 466 2673 sacras
495 2609 694 2672 iconas,
725 2618 828 2662 etc.
863 2592 1020 2663 Vides
1042 2619 1100 2663 ut
1130 2610 1481 2680 imperatores
1507 2607 1682 2664 etCP.

143 2697 479 2766 mtriarcltam
539 2710 692 2752 suum
759 2698 1010 2768 appellet.
1075 2699 1440 2770 Similiterque
1499 2715 1687 2755 omnes

141 2787 352 2859 episcopi
401 2785 600 2854 Siciliae
629 2787 718 2856 qui
766 2789 820 2842 in
859 2803 920 2843 ea
968 2788 1288 2844 interfuisse.
1333 2789 1598 2860 leguntur,
1631 2790 1685 2845 in

145 2884 309 2949 synod.
350 2892 405 2937 et
437 2890 545 2938 act.
601 2882 963 2938 subscribunt.
997 2881 1072 2936 Ex
1109 2895 1214 2950 quo
1261 2882 1459 2946 indicio
1491 2881 1689 2938 fatetur

144 2975 282 3027 etiam
321 2975 470 3029 dom.
516 2973 762 3029 Bocchus
811 2970 946 3026 Pirri
1008 2973 1060 3026 itt
1107 2971 1235 3026 Not.
1283 2971 1430 3038 Eccl.
1474 2971 1686 3042 Syrac.,

149 3064 369 3131 tonum,
409 3065 523 3134 jam
570 3081 666 3135 per
718 3064 832 3121 haec
866 3074 1107 3134 tempora
1160 3063 1441 3134 episcopos
1491 3063 1688 3119 Siciliae

143 3154 232 3209 (LP.
268 3157 378 3212 sedi
431 3157 660 3226 coepisse
705 3157 998 3211 adhaerere.
1053 3154 1253 3211 Deinde
1306 3156 1468 3212 etiam
1516 3169 1580 3210 ex
1623 3172 1689 3212 eo

149 3245 332 3301 videtur
363 3248 415 3302 id
445 3237 620 3317 colligi
644 3286 662 3313 ,
701 3247 842 3316 quod
900 3244 1153 3301 Nicolaus
1183 3247 1224 3311 i,
1260 3248 1412 3318 epist.
1461 3246 1514 3314 9,
1551 3248 1688 3304 Grc-

145 3334 260 3398 gorii
312 3328 633 3405 Syracusani
688 3331 943 3388 antistitis
1001 3333 1280 3389 audaciam
1329 3333 1384 3388 in
1429 3334 1687 3402 judicium

151 3434 300 3489 vocet,
346 3425 489 3495 quod
537 3426 588 3478 in
637 3424 923 3496 Igpatium,
966 3440 1122 3481 suum
1163 3425 1409 3481 videlicet
1458 3425 1690 3494 patriar-

147 3512 304 3578 cbam,
337 3507 630 3584 impietatis
656 3513 834 3583 jacula
888 3515 1242 3575 exercuisset.
1297 3513 1432 3569 Tum
1490 3529 1556 3570 ex
1592 3516 1688 3568 da-

151 3603 394 3660 mnatione
437 3603 676 3671 ejusdem
706 3605 948 3677 Gregorii
978 3616 1031 3662 et
1060 3607 1320 3663 sententia
1357 3607 1461 3663 lata
1497 3623 1594 3678 per
1626 3605 1689 3662 S.

149 3693 386 3761 igttatium
438 3695 838 3764 patriarcham;
890 3710 1052 3767 quam
1088 3697 1189 3751 nisi
1233 3706 1547 3767 potestatem
1595 3697 1693 3752 ali-

152 3797 289 3850 qttam
336 3796 483 3841 certe
515 3789 580 3841 ad
612 3787 812 3858 primas
864 3801 1056 3844 causas
1106 3790 1400 3854 habuisset,
1459 3789 1688 3844 laturum

153 3891 398 3946 nunquam
436 3877 601 3934 fuisse
648 3883 977 3934 censendum
1005 3889 1087 3936 est
1112 3899 1126 3934 :
1153 3896 1459 3952 quanquam
1488 3891 1544 3936 ut
1575 3892 1689 3936 rata

153 3969 416 4026 haberetur
457 3972 528 4029 ad
571 3970 806 4028 Leonem
852 3971 916 4027 ΙΙΙ
959 3975 1263 4043 pomiticem
1310 3974 1458 4029 missi
1498 3973 1688 4042 legati;

148 4071 196 4112 et
218 4071 422 4127 extera,
452 4073 606 4132 prout
629 4065 680 4117 itt
708 4063 931 4118 historia
960 4073 1014 4120 et
1043 4067 1246 4132 synodo
1267 4065 1530 4120 habentur
1557 4080 1692 4135 per-

151 4164 255 4206 acta
298 4163 416 4207 sunt
462 4153 564 4208 rite
606 4166 766 4223 atque
800 4155 1056 4224 legitime.
1085 4157 1162 4210 Ex
1196 4148 1300 4225 quo
1327 4159 1693 4212 eminentissi-

152 4258 259 4296 mus
295 4243 570 4298 cardinalis
621 4243 879 4300 Baronius
909 4247 974 4300 de
1003 4247 1102 4302 hoc
1122 4247 1242 4316 jure
1270 4262 1297 4300 a
1324 4248 1428 4303 ΟΡ.
1462 4251 1694 4317 patriar-

150 4338 240 4390 cha
283 4337 328 4388 in
360 4334 550 4390 Sicilire
579 4335 850 4390 Ecclesias
905 4339 1174 4392 vindicato
1239 4339 1318 4392 sic
1384 4342 1574 4394 scribit
1625 4343 1692 4395 ad

153 4443 336 4483 annum
365 4429 466 4485 854
495 4448 512 4487 :
542 4429 752 4481 Audisti
803 4429 1078 4498 synodalia
1107 4439 1248 4491 acta,
1282 4433 1566 4484 sententias
1599 4449 1696 4497 pa-

151 4523 482 4576 triarcharum
509 4562 525 4586 ,
568 4523 775 4590 judicio
812 4523 1123 4588 episcopalia
1175 4523 1458 4591 indiguisse
1501 4525 1692 4592 conﬁr-

153 4613 363 4665 matione
399 4613 582 4680 prima:
611 4611 747 4666 sedis"
800 4611 1081 4680 pontiﬁcis.
1121 4613 1270 4677 Quod
1301 4627 1476 4668 autem
1511 4614 1693 4669 Sicilia

154 4699 310 4753 iusqu
337 4703 428 4756 sub
446 4702 661 4768 juribus
698 4702 869 4755 adhuc
894 4711 1030 4755 esset
1069 4700 1296 4756 Orientis
1343 4704 1692 4772 imperatoris,

152 4796 366 4858 quamvis
419 4803 669 4862 occupata
714 4803 844 4848 esset
871 4812 902 4847 a
931 4789 1235 4857 Saracenis,
1277 4795 1472 4862 primas
1507 4812 1694 4850 causas

152 4893 471 4950 occupaverat
523 4881 621 4936 sibi
669 4882 780 4939 (ΣΡ.
834 4886 1128 4950 episcOpus,
1168 4883 1245 4935 ita
1285 4894 1455 4937 tamen
1499 4897 1552 4938 ut
1600 4904 1696 4940 sua

151 4985 258 5026 acto
320 4974 714 5042 confirmatione
777 4971 1004 5043 indigere
1052 4974 1352 5041 apostolica:
1403 4979 1539 5030 sedis
1596 4995 1698 5032 non

153 5060 420 5127 ignoraret.
457 5062 727 5119 Hactenus
770 5064 1050 5128 Barooius,
1103 5049 1349 5132 idemque
1392 5068 1578 5122 scribit
1601 5068 1698 5123 Ja-

154 5151 308 5206 COIIIIS
363 5153 668 5209 Gordonius
716 5154 768 5208 in
819 5152 1022 5208 Chron.
1069 5153 1134 5206 ad
1181 5167 1379 5209 annum
1427 5163 1696 5226 eumdem,

154 5238 335 5295 citatus
375 5245 442 5296 ab
483 5243 706 5298 Octavio
760 5243 995 5299 Caetano
1038 5245 1090 5296 in
1133 5242 1377 5313 Isagoges
1433 5263 1549 5318 cap.
1605 5250 1696 5317 58,

154 5339 202 5382 et
241 5331 446 5385 tandem
497 5333 839 5388 manifestum
879 5333 930 5386 id
959 5333 1072 5387 [ἱειί
1130 5335 1339 5389 videtur
1383 5352 1467 5392 ex.
1492 5342 1698 5396 novella

155 5430 315 5473 const.
345 5418 539 5477 Iasonis
588 5433 942 5492 cognomento
992 5422 1281 5492 Sapientis,
1316 5428 1468 5494 cujus
1509 5431 1701 5487 inseri-

155 5512 255 5578 ptio
304 5509 374 5564 ita
426 5526 485 5566 se
513 5512 711 5566 habet:
747 5511 811 5563 Ἠ
847 5514 1097 5579 γεγονυῖα
1157 5515 1497 5581 Διατύπωσις
1549 5524 1702 5592 παρὰ

154 5599 235 5652 τοῦ
268 5599 526 5672 βασιλέως
565 5599 793 5664 Λέοντος
839 5601 931 5655 τοῦ
966 5603 1160 5673 Σοφοῦ,
1196 5606 1343 5670 ὅπως
1385 5609 1568 5677 ἔχουσι
1607 5616 1703 5667 τά·

155 5691 274 5756 ξεως
316 5693 365 5745 oi
415 5691 617 5761 θρόνοι.
645 5692 755 5746 τῶν
824 5694 1160 5765 Ἕκκλησιῶν
1195 5698 1566 5769 ὑποκειμένων
1625 5707 1702 5775 τῷ

157 5785 448 5858 πατριάρχη
479 5785 579 5855 τῆς
596 5785 1233 5853 Κωνσταντινουπόλεως.
1262 5790 1540 5860 Dispositio
1555 5796 1696 5866 facta

453 5885 720 5944 Pri-reos.
765 5883 882 5944 Gn.
924 5883 1215 5948 CXXXII.

3247 381 3346 444 Πτὸ

1781 521 1874 571 per
1907 504 2266 574 imperatorem
2300 503 2518 556 Leonem
2565 501 2885 570 Sapientem,
2935 516 3081 570 quem
3114 502 3346 553 ordinem

1773 598 1995 652 habeant
2035 599 2209 651 throni
2267 595 2614 648 Ecclesiarum
2675 593 2994 661 patriarcha:
3034 591 3145 647 ΟΡ.
3177 592 3349 660 subje-

1774 697 2002 740 ctarum.
2037 686 2094 739 In
2129 697 2368 743 extremo
2400 701 2525 740 vero
2558 696 2679 755 post
2730 686 3096 740 recensionetn
3136 683 3347 739 illorum

1773 780 2137 834 subdunturoi
2160 781 2601 844 ἀποσπασθέντες
2629 781 2690 832 ἐκ
2713 781 2812 850 τῆς
2861 778 3180 848 Ῥωμαῖκῆς
3223 779 3352 831 διοι-

1775 874 2005 942 κήσεως,
2051 875 2146 926 καὶ
2184 872 2278 925 νῦν
2325 872 2603 935 τελοῦντες
2652 873 2756 924 ὑπὸ
2806 873 2898 926 τὸν
2956 872 3144 942 θρόνον
3194 872 3343 936 Krey-

1777 964 2268 1027 σταντινουπόλεως
2331 965 2754 1032 μητροπολῖται,
2787 965 2881 1015 καὶ
2941 964 2988 1015 oi
3045 963 3136 1015 ὑπ’
3170 962 3348 1015 αὐτῶν

1776 1053 2086 1126 ἐπίσκοποι,
2113 1055 2280 1108 auulsi
2311 1072 2342 1108 a
2374 1054 2609 1109 Romana
2658 1055 2864 1109 dioecesi
2892 1065 2941 1107 et
2972 1053 3078 1108 ΟΡ.
3129 1052 3351 1122 subjecti

1778 1147 1986 1200 throno.
2017 1149 2214 1203 Deinde
2245 1160 2618 1213 numerantur,
2648 1149 3035 1218 Syracusanus,
3064 1147 3351 1203 Thcssalo-

1777 1239 2008 1293 niccnsis
2039 1249 2093 1294 ct
2137 1240 2228 1294 alii
2278 1240 2633 1310 metropolitae
2692 1240 2929 1295 nonnulli
2958 1236 3350 1310 :'Syracnsano

1778 1323 2135 1397 sttbjiciuntur
2187 1327 2696 1396 Tauromenitanus,
2753 1329 3135 1394 Messancnsis,
3193 1331 3352 1397 Agri-

1779 1422 2049 1489 gentiutts,
2079 1433 2133 1476 et
2175 1422 2262 1475 alii
2301 1423 2553 1490 deinceps
2587 1429 2851 1490 quotquot
2885 1431 3040 1476 erant
3072 1433 3180 1474 tum
3216 1420 3354 1475 Sici-

1781 1512 1864 1568 lia:
1915 1513 2172 1584 episcOpi.
2223 1514 2346 1568 Haec
2398 1523 2522 1568 sunt
2572 1515 2874 1568 testimonia
2924 1530 2986 1568 ex
3040 1515 3262 1584 syttodis
3299 1523 3351 1568 et

1781 1602 2005 1659 historia
2072 1605 2186 1673 ejus
2237 1605 2334 1659 aevi
2389 1607 2700 1673 deprompta
2773 1619 2892 1671 quin
2937 1604 3207 1674 subjectos
3260 1619 3355 1674 per

1780 1701 2022 1755 eamdem
2061 1709 2429 1768 tempestatem
2491 1698 2757 1753 Ecelesias
2797 1699 2995 1754 Siciliae
3034 1699 3354 1768 patriarchae

1781 1793 1884 1848 ΟΡ.
1921 1795 2123 1862 possint
2163 1795 2295 1847 satis
2326 1786 2712 1848 demonstrare.
2761 1792 2913 1847 Unde
2936 1791 2998 1847 ‘ét
3023 1793 3209 1847 eddein
3234 1793 3355 1858 jure

1783 1883 2166 1952 TlteOpltanetu
2205 1893 2442 1938 nostrum
2474 1898 2502 1936 a
2536 1884 2592 1938 S.
2623 1881 2849 1954 lgnatio,
2887 1883 3193 1952 patriarcha
3223 1881 3354 1948 CP.,

1784 1977 1984 2031 sedatis
2013 1976 2122 2045 jam
2158 1990 2253 2045 per
2285 1975 2546 2045 synodum
2582 1991 2676 2029 γιιι
2708 1975 2849 2029 illius
2886 1974 3137 2029 Ecclesiae
3163 1974 3354 2037 turbis,

1785 2067 2092 2122 ordinatum
2132 2069 2378 2135 augurari
2403 2069 2522 2135 quis
2552 2067 2739 2136 possit.
2756 2067 2906 2134 Quod
2925 2068 2968 2120 si
2998 2068 3121 2133 quis
3145 2066 3356 2135 opinari

1786 2160 1932 2224 velit,
1970 2160 2165 2214 nullam
2197 2169 2342 2214 certe
2370 2142 2550 2213 nutant
2583 2158 2891 2214 schismatis
2914 2157 3229 2226 Theophani
3263 2171 3354 2210 no-

1785 2259 1899 2305 stro
1924 2251 2253 2319 imposuerit,
2283 2264 2402 2304 cum
2438 2265 2533 2305 nec
2559 2265 2588 2303 a
2613 2249 2800 2304 Photiu
2824 2249 3354 2318 pseudopatriarcha,

1785 2340 2089 2408 schismatis
2140 2350 2380 2404 auctore,
2433 2340 2526 2393 sed
2551 2354 2580 2392 a
2611 2339 2669 2391 S.
2696 2340 2902 2404 Ignatio
2944 2341 3181 2407 legitimo
3220 2348 3274 2390 et
3301 2339 3353 2389 in

1785 2422 1933 2483 suam
1988 2430 2167 2484 sedem
2221 2430 2470 2482 restituto
2529 2443 2907 2483 consecratum
2956 2432 3131 2494 dicat;
3184 2443 3356 2496 neque

1784 2521 1851 2575 ab
1899 2519 1997 2573 hoc
2028 2517 2086 2573 S.
2127 2519 2433 2588 patriarcha
2474 2518 2527 2572 id
2572 2518 2868 2589 illegitime,
2913 2530 2970 2574 et
3008 2525 3127 2575 sine
3173 2520 3354 2592 aliqua

1786 2620 2047 2682 potestate
2093 2610 2282 2664 saltem
2323 2611 2577 2679 peculiari
2609 2612 2711 2666 sibi
2747 2613 3005 2680 permissa
3033 2629 3064 2667 a
3092 2617 3220 2668 sede
3247 2613 3357 2668 Ro-

1787 2716 1965 2754 mana.
2011 2698 2143 2754 Nam
2196 2714 2290 2768 per
2337 2702 2698 2764 occasionem,
2743 2702 2889 2772 quod
2941 2702 3011 2757 ibi
3057 2714 3358 2760 moraretur

1787 2788 2139 2859 Theophanes
2175 2804 2240 2843 ex
2281 2788 2712 2860 peregrinatione
2763 2800 3012 2860 suscepta
3048 2792 3358 2866 Hierosoly-

1789 2897 1952 2948 mam,
1988 2882 2054 2936 de
2083 2895 2188 2949 qua
2232 2881 2470 2935 dicemus
2499 2880 2526 2952 ἓ
2553 2883 2819 2950 sequenti,
2853 2885 2934 2938 vel
2965 2885 3066 2937 alia
3104 2885 3279 2952 potuit
3306 2887 3360 2940 id

1789 2974 1901 3030 ﬁeri
1951 2975 2207 3046 legitime,
2243 2983 2301 3028 ut
2341 2974 2471 3028 dixi.
2514 2975 2617 3027 Sed
2666 2986 2841 3041 tamen
2895 2977 3108 3044 quando
3155 2977 3256 3033 hoc
3287 2993 3357 3034 ex

1787 3067 2092 3137 conjectura
2119 3075 2174 3120 et
2219 3065 2626 3120 ratiocinatione
2680 3068 2911 3134 quadam
2965 3070 3197 3137 gratuita
3233 3071 3356 3140 quis

1788 3157 2040 3229 augurari
2085 3157 2275 3226 possit,
2301 3171 2406 3211 non
2439 3167 2586 3212 certo
2615 3168 2933 3226 argumento
2977 3161 3355 3234 comprobare,

1788 3244 1949 3303 liceat
1975 3245 2154 3319 potius
2179 3247 2509 3302 contrarium
2534 3249 2807 3321 augurari,
2833 3255 2887 3301 et
2911 3262 3035 3304 eum
3059 3263 3090 3304 a
3113 3248 3358 3307 Romano

1789 3340 2044 3410 pontiﬁce
2092 3340 2268 3410 potius
2295 3354 2456 3409 quam
2496 3353 2527 3392 a
2565 3340 2870 3409 patriarcha
2898 3339 3002 3395 (ΞΡ.
3036 3341 3202 3398 fuisse
3229 3357 3359 3398 con-

1789 3442 2098 3499 secratum;
2131 3432 2272 3502 quod
2301 3444 2363 3486 es
2392 3430 2518 3485 mihi
2545 3433 2707 3486 liceat
2731 3429 2795 3485 de
2821 3429 3150 3501 Theophane
3175 3445 3358 3490 nostro

1789 3521 2085 3592 praesertim
2125 3521 2359 3586 credere,
2401 3523 2546 3592 quod
2593 3534 2717 3576 eum
2777 3521 2984 3577 videam
3029 3524 3084 3577 in
3112 3506 3212 3581 'l-tis
3246 3525 3361 3580 suis

1789 3614 2147 3678 sermonibus,
2189 3613 2258 3667 ad
2307 3613 2560 3682 populum
2601 3621 2658 3669 et
2701 3628 2912 3685 gregem
2963 3631 3117 3672 suum
3157 3618 3358 3675 habitis

1789 3703 1858 3758 de
1884 3701 1946 3758 S.
1972 3701 2119 3757 Petri
2150 3711 2203 3756 et
2233 3716 2611 3758 successorum
2643 3702 2760 3771 ejus
2790 3706 3021 3774 primatu
3052 3709 3275 3778 optime,
3302 3719 3360 3764 et

1791 3803 1847 3848 ut
1901 3793 2222 3849 catholicum
2276 3795 2591 3863 scriptorem
2644 3793 2822 3860 decet,
2878 3799 3102 3864 sentire,
3154 3808 3208 3855 et
3249 3798 3359 3856 fre-

1790 3895 2019 3955 quenter
2047 3884 2215 3952 illum,
2240 3886 2533 3956 presertim
2567 3901 2696 3943 vero
2727 3887 2945 3945 homilia
2976 3890 3054 3944 De
3080 3888 3177 3946 SS.
3201 3890 3359 3948 Petro

1789 3985 1839 4031 et
1886 3976 2078 4040 Paulo,
2131 3979 2442 4033 contestari.
2492 3976 2570 4033 Ex
2619 3994 2722 4049 qua
2773 3979 2937 4038 etiam
2992 3983 3358 4039 testimonium

1792 4065 2015 4135 protulit
2060 4067 2318 4122 adversus
2345 4066 2832 4137 Magdeburgenses
2875 4080 3161 4127 novatores
3189 4071 3362 4127 Fran-

1791 4157 1967 4210 ciseus
2023 4153 2338 4221 Turrianus,
2384 4165 2441 4210 ut
2487 4156 2539 4212 in
2588 4157 2776 4228 elogiis
2828 4160 2894 4213 ad
2947 4159 3106 4214 tinem
3165 4161 3358 4216 horum

1791 4248 2183 4303 Prommiorum
2231 4249 2439 4317 positis,
2474 4259 2528 4304 et
2558 4249 2683 4304 alibi
2723 4250 2903 4304 videre
2927 4260 3026 4307 est.
3061 4250 3264 4308 Deinde
3293 4256 3360 4309 de

1793 4340 2040 4394 universa
2076 4338 2342 4394 Siciliensi
2379 4339 2618 4393 Ecelesia
2667 4340 2794 4392 illttd
2826 4351 2883 4396 ιιι
2921 4352 3127 4397 certum
3176 4346 3359 4414 explo-

1793 4439 2076 4496 ratumque
2129 4427 2426 4493 aﬂirmabo,
2480 4442 2599 4483 eam
2656 4429 2896 4498 pontiﬁci
2958 4430 3204 4487 Romano
3252 4450 3357 4490 non

1792 4517 1964 4573 solum
2027 4533 2134 4588 qua
2177 4516 2413 4587 pontifex
2445 4528 2526 4573 est
2551 4529 2603 4573 et
2628 4522 2946 4578 universalis
2994 4526 3240 4594 antistes,
3267 4530 3359 4583 sed

1793 4608 1954 4662 etiam
2011 4609 2264 4675 peculiari
2316 4610 2459 4678 jure,
2507 4627 2610 4681 qua
2667 4613 2975 4682 patriarcha
3029 4615 3361 4685 Occidentis,

1795 4698 2015 4766 Siciliae,
2073 4715 2190 4767 quae
2227 4701 2293 4755 ad
2345 4701 2688 4758 Occidentem
2756 4707 3006 4775 pertinet,
3066 4688 3361 4767 Eeclesiam

1796 4793 1870 4848 illi
1919 4793 2223 4848 immediate
2276 4792 2445 4848 fuisse
2502 4775 2831 4865 subjectantpl
2859 4809 3042 4866 utpote
3085 4814 3203 4868 quae
3237 4815 3266 4854 ι
3301 4802 3360 4858 S.

1799 4887 1957 4940 Petro
1998 4885 2167 4940 fuerit
2217 4885 2482 4942 instituta.
2524 4888 2596 4941 De
2623 4903 2728 4955 quo
2758 4890 2876 4942 vide
2905 4889 3228 4944 luculentam
3259 4892 3364 4946 dis-

1797 4978 2142 5032 scrtatiouem
2178 4973 2360 5029 Jacobi
2399 4977 2668 5030 Sirmundi
2706 4977 2757 5029 in
2793 4976 3127 5046 Protreptico
3176 4989 3362 5034 contra

1768 5141 1773 5146 .
1800 5067 2048 5122 Salutasii
2098 5067 2520 5132 Eucltaristicon,
2553 5069 2616 5118 de
2645 5051 3022 5123 suburbicariis
3064 5073 3362 5140 regionibus

1798 5161 1893 5214 lib.
1925 5175 1984 5221 tt.
2013 5175 2133 5228 cap.
2164 5158 2249 5212 10.
2286 5156 2434 5222 Quod
2474 5156 2813 5212 manifestum
2846 5172 2968 5215 esse
2998 5163 3074 5216 ait
3098 5163 3361 5219 Innocen-

1801 5251 1906 5305 tius
1953 5249 1970 5302 Ι
2024 5259 2174 5318 pont.
2227 5248 2293 5301 ad
2347 5247 2670 5302 Deccnniutn
2722 5252 3016 5308 scribens:
3049 5251 3117 5307 In
3163 5271 3363 5310 omnem

1799 5341 2037 5407 italiam,
2071 5339 2290 5404 Gallias,
2331 5338 2636 5406 Hispanias,
2671 5342 2907 5411 Africam
2931 5357 3084 5416 atque
3121 5346 3234 5402 Sici
3255 5349 3360 5400 inin

1798 5434 2099 5502 insulasque
2123 5433 2490 5500 interjacentes
2521 5419 2720 5487 nullum
2755 5436 3042 5491 instituisse
3075 5439 3359 5500 Ecciesias,

1799 5527 1902 5579 nisi
1935 5507 2023 5578 eo;
2051 5539 2179 5592 quos
2229 5525 2565 5579 venerabilis‘
2594 5520 3084 5598 Petrus'apostolus
3112 5539 3201 5581 aut
3246 5527 3360 5595 ejus

1799 5633 2114 5674 successores
2155 5618 2515 5672 constituerint
2565 5621 2876 5676 sacerdotes.
2915 5620 3020 5677 Sed
3052 5637 3149 5690 ego
3178 5631 3356 5674 actum

1801 5724 2036 5778 agerem,
2069 5718 2122 5762 et
2151 5707 2385 5763 fabulam
2423 5720 2779 5777 recantarem,
2811 5713 2854 5764 si
2885 5713 2986 5764 hoc
3012 5722 3065 5764 et
3092 5711 3211 5764 aliis
3241 5723 3362 5764 cer-

1808 5802 2027 5858 tissimis
2060 5805 2389 5872 argumentis
2419 5805 2754 5862 ostenderem
2801 5802 3133 5857 Siciliensem
3173 5799 3362 5857 Eccle-

2951 5896 2988 5957 4
