4002 6344
523 345 528 348 ’
603 340 701 403 lxii

603 460 740 509 siam
795 453 1063 524 pontil‘n-is
1097 451 1322 506 Romani
1359 445 1658 511 tliozeesim,
1691 443 1774 500 vel
1805 459 1834 516 ει
1867 441 2036 514 prima
2063 452 2160 494 sua

601 548 810 617 origine.
836 547 1132 611 exstitisse,
1161 546 1227 598 ab
1265 554 1440 611 eoque
1481 538 1915 606 consecrationes
1961 534 2169 603 episco-

605 655 818 709 porum,
848 646 903 694 et
939 647 1131 693 cmtera
1161 632 1590 708 juraaccepisse
1623 646 1640 685 :
1677 645 1800 684 cum
1831 637 2023 698 praeter
2056 623 2173 678 Sir-

525 773 540 789 .,
605 732 858 784 mundum
880 729 990 796 jam
1022 729 1268 793 citatum,
1302 728 1371 780 de
1400 739 1466 781 eo
1492 730 1654 791 agant
1696 719 1954 778 Octavius
1978 715 2172 772 Cauta-

604 837 706 874 nus
737 823 788 875 in
822 820 1058 891 Isagoge,
1112 833 1229 888 cap.
1265 817 1378 888 jam
1411 817 1594 875 citato.
1624 821 1678 867 et
1721 813 1869 869 dom.
1923 807 2173 864 Bocchus

604 913 740 969 Pirri
782 915 832 969 iu
863 914 1104 986 pluribus
1154 911 1369 966 Nntiziae
1417 908 1575 986 locis,
1607 908 1846 977 satisque
1889 902 2171 974 probatum

605 1008 674 1062 ab
703 1007 766 1061 iis
795 1007 887 1069 sit,
917 1021 982 1061 ex
1013 1003 1195 1060 multis
1223 988 1467 1073 epistolis
1501 999 1696 1054 Leonis
1729 1012 1879 1068 papae
1913 995 1929 1051 l
1959 1005 2011 1050 et
2039 993 2175 1048 Gre-

604 1100 738 1169 gorii
783 1097 977 1169 Magni.
1012 1096 1117 1152 Sed
1145 1104 1429 1167 postquam
1459 1099 1668 1163 recepta
1690 1105 1720 1144 ιι
1745 1089 1936 1146 Gothis
1965 1087 2170 1169 Sicilia,

599 1156 742 1262 quod
774 1156 996 1246 iuitvsub
1021 1156 1317 1244 Justiniatii
1357 1156 1606 1257 imperio,
1632 1185 1699 1240 ad
1724 1182 1966 1241 Orientis
2001 1156 2174 1250 impia-

602 1287 743 1339 rium
777 1285 828 1339 iu
858 1283 1074 1353 politica
1119 1281 1585 1337 administratione
1632 1277 1910 1352 pertinuit,
1942 1289 2144 1345 praser

606 1378 700 1431 tim
733 1391 862 1431 vero
890 1392 958 1432 es
991 1387 1232 1445 tempore
1279 1372 1466 1446 synodi
1505 1385 1595 1438 vn,
1632 1387 1791 1442 quam
1825 1384 1990 1441 supra
2028 1378 2175 1424 retu—

604 1469 788 1530 limus,
838 1481 891 1523 et
943 1468 1176 1521 maxime
1222 1481 1352 1519 vero
1386 1464 1488 1518 sub
1538 1464 1764 1533 imperio
1807 1461 2085 1516 Michaelis
2122 1470 2176 1515 et

603 1562 777 1620 Photii
831 1559 1372 1630 pseudopatriarcbte,
1406 1574 1504 1626 per
1533 1555 1875 1610 occasionem
1925 1554 2178 1625 putentia:

603 1656 991 1726 imperatorum
1018 1664 1070 1707 et
1096 1652 1423 1722 synodornm
1471 1665 1591 1721 qua:
1639 1650 1709 1703 ihi
1741 1650 2176 1714 celebrabantur,

604 1747 862 1813 paulatim
890 1743 998 1799 (ΞΡ.
1022 1745 1308 1814 episcopus
1337 1744 1500 1796 etiatu
1532 1741 1954 1797 ecclesiasticam
1977 1740 2178 1796 Sicilire

603 1826 1048 1905 gubernationem
1100 1833 1168 1886 ad
1199 1848 1257 1886 se
1291 1835 1606 1903 pertrahere
1658 1831 1841 1902 cmpit.
1893 1830 2176 1904 Nunquam

605 1935 788 1980 tamen
815 1926 867 1979 in
897 1925 1205 1980 universam
1221 1925 1418 1979 Siciliae
1441 1922 1736 1999 chlesiam
1769 1925 2071 1996 legitimum
2091 1924 2180 1994 jus

605 2017 963 2085 acquisivisse
995 2015 1205 2073 ostendi
1243 2025 1422 2088 potest
1454 2032 1468 2069 :
1502 2016 1596 2072 sed
1620 2027 1805 2070 contra
1838 2015 2017 2086 potius
2061 2030 2181 2069 eam

611 2119 936 2181 potestatem
970 2108 1070 2163 sibi
1104 2122 1412 2176 usurpasse,
1452 2106 1716 2162 renitente
1742 2104 1985 2159 Romano
2012 2105 2155 2172 ponti

613 2208 716 2257 tice
741 2201 1048 2257 ostenditur
1065 2214 1127 2255 es
1150 2201 1314 2270 epist.
1334 2197 1592 2254 Adrianil
1619 2200 1686 2254 ad
1706 2196 2113 2253 Constantinum
2133 2205 2183 2251 et

611 2297 843 2360 lrenem,
880 2296 979 2349 sub
1021 2293 1216 2362 quibus
1272 2293 1508 2364 synodus
1553 2291 1644 2346 illa
1669 2305 1743 2344 tut
1771 2299 1956 2346 contra
1996 2289 2182 2344 leonu-

612 2386 852 2449 maehos,
893 2384 1103 2449 utdisi,
1159 2390 1376 2453 peracta
1429 2389 1548 2447 est;
1582 2380 1634 2435 in
1673 2395 1778 2450 qua
1817 2378 2052 2448 pontifex
2087 2392 2183 2447 po-

610 2481 793 2547 stulat,
828 2491 882 2534 ut
907 2480 1322 2534 consecrationes
1370 2477 1806 2548 episcoporumet
1837 2471 2187 2542 archiepisco-

615 2588 801 2640 parum
831 2572 962 2624 sicut
999 2570 1207 2624 olitana
1257 2576 1460 2640 constat
1489 2565 1705 2621 traditio
1741 2573 1933 2619 nostra:
1955 2563 2186 2617 diaeresis

619 2663 924 2714 exsistenles
968 2659 1174 2726 penitus
1222 2641 1472 2711 canonice
1502 2654 1562 2711 S.
1597 2653 1662 2708 Β.
1698 2653 1762 2708 E.
1800 2657 1990 2709 nostri:
2040 2655 2188 2708 resti-

618 2760 874 2813 tuantur;
904 2755 958 2802 et
992 2762 1056 2801 ex
1089 2746 1250 2816 epist.
1284 2743 1488 2802 Nicolai
1512 2744 1533 2800 Ι
1560 2745 1628 2800 ad
1658 2742 1969 2800 Michaelem
2019 2742 2189 2813 impe-

621 2855 858 2897 ratorem
883 2840 995 2908 jam
1049 2839 1248 2893 dictum
1279 2852 1293 2891 :
1333 2835 1605 2903 Volumus,
1645 2847 1696 2890 ut
1729 2837 2055 2892 consecratio
2084 2837 2190 2908 Sy-

620 2947 881 2987 racusano
942 2931 1177 2998 episcopo
1233 2939 1409 2982 nostra
1455 2945 1487 2981 ιι
1531 2929 1651 2984 sede
1716 2928 2082 2995 impendatur,
2135 2939 2190 2982 at

623 3023 841 3076 traditio
871 3023 935 3075 ab
965 3019 1213 3090 apostolis
1243 3018 1486 3074 instituta
1515 3019 1812 3074 nullatenus
1851 3022 2034 3075 uestris
2062 3033 2191 3075 tem-

624 3117 836 3186 poribus
889 3114 1142 3177 violetur;
1174 3120 1228 3166 et
1265 3109 1656 3181 posterioribus
1698 3109 1859 3164 etiam
1895 3111 2103 3166 saeculis
2125 3125 2193 3165 es

625 3205 857 3277 epistola
889 3202 1178 3260 Alexandri
1208 3201 1273 3258 Ill
1303 3205 1370 3257 ad
1398 3199 1723 3266 Willelntutn
1763 3200 1961 3256 Sicilia!
1992 3217 2194 3274 regem,

627 3300 718 3367 qui
753 3314 780 3351 τι
818 3295 1072 3367 pontiﬁce
1103 3293 1477 3360 contenderat,
1512 3307 1580 3347 ne
1601 3289 1892 3348 Gualtertts
1919 3289 2198 3348 Panormi-

628 3398 791 3443 tanus
841 3385 1276 3455 archiepiscopus
1328 3381 1553 3438 Bonnam
1584 3382 1736 3439 adire
1777 3383 2200 3442 consecrationis

629 3493 796 3533 causa
852 3476 1287 3547 compelleretur,
1328 3474 1422 3531 sed
1465 3488 1583 3530 eam
1617 3474 1686 3528 ab
1731 3472 1903 3531 tribus
1941 3474 2009 3529 de
2053 3487 2203 3529 more

630 3570 896 3641 episcopis
954 3568 1201 3625 Panormi
1260 3567 1558 3638 reciperet;
1613 3566 1767 3638 cujus
1826 3566 2072 3639 petitioni
2126 3567 2201 3621 ita

633 3661 884 3717 rescribit
917 3659 1222 3714 Alexander
1251 3675 1266 3713 :
1300 3656 1438 3712 Licet
1467 3657 1524 3712 in
1568 3657 1820 3714 memoria
1876 3667 2059 3712 nostra
2097 3671 2202 3713 non

631 3734 890 3814 exsistat,
948 3757 1004 3802 ut
1062 3749 1251 3818 aliquis
1314 3749 1755 3817 pradecessorum
1805 3749 2016 3818 praefati
2058 3749 2206 3805 electi

634 3840 895 3895 (ἔκαμενξὶ
947 3855 1175 3910 unquam
1223 3841 1379 3907 fuerit
1425 3838 1527 3894 nisi
1571 3856 1603 3892 tt
1653 3837 1892 3894 Romano
1962 3834 2206 3908 pontiﬁce

637 3941 989 3994 consecratus,
1042 3929 1433 3982 considerantes
1469 3939 1664 3994 tamen,
1715 3938 1843 3995 etc.,
1875 3931 2206 3985 concedimus

639 4024 959 4088 consecrari,
993 4021 1066 4072 ita
1099 4030 1270 4072 tamen
1311 4018 1450 4089 quod
1477 4018 1573 4072 hoc
1622 4035 1724 4073 non
1751 4022 1932 4075 debeat
1968 4022 2020 4074 in
2043 4031 2212 4090 poste-

644 4127 758 4164 rum
790 4114 841 4161 in
873 4111 1161 4177 exentplnnt
1199 4108 1421 4161 assumi.
1469 4105 1594 4162 llaec
1618 4107 1941 4176 Alexander,
1969 4109 2059 4179 qui
2088 4125 2210 4167 cum

643 4204 711 4258 de
741 4203 1121 4257 Panormitana
1175 4201 1413 4256 Ecclesia
1463 4208 1688 4255 testetur
1731 4199 1933 4256 nullum
1965 4204 2212 4273 superio-

647 4309 766 4348 rum
797 4293 916 4362 ejus
969 4291 1268 4346 antistitum
1298 4291 1366 4344 ab
1414 4289 1520 4345 alio
1552 4306 1711 4366 quam
1743 4309 1771 4344 a
1803 4290 2043 4349 Romano
2083 4308 2214 4364 pou-

649 4383 794 4438 tiftee
822 4383 985 4438 fuisse
1020 4383 1310 4442 initiatum.
1342 4382 1411 4436 de
1435 4381 1560 4436 aliis
1582 4382 1744 4436 etiam
1780 4380 1979 4438 Sicilia:
2010 4383 2216 4451 episeo-

649 4473 733 4542 pis
760 4474 812 4526 id
843 4473 998 4527 nobis
1031 4470 1300 4539 conjicere
1324 4471 1519 4536 liceat;
1553 4482 1714 4540 atque
1741 4473 1876 4525 adeo
1896 4489 1998 4524 non
2030 4487 2216 4528 omnes

657 4561 976 4631 patriarcha:
1019 4559 1125 4612 ΟΡ.
1156 4561 1448 4628 subjectos,
1487 4571 1544 4613 ut
1573 4576 1636 4612 ex
1668 4560 1756 4614 illa
1797 4561 1990 4618 Leonis
2037 4564 2215 4631 dispo-

655 4655 853 4708 sitione
877 4651 1073 4719 aliquis
1116 4650 1481 4717 argumentari
1512 4652 1698 4718 possit,
1740 4665 1914 4720 neque
1942 4668 2129 4708 omnes
2151 4655 2218 4709 ab

659 4762 725 4803 en
750 4743 1214 4799 cutisccrationetn
1240 4740 1534 4810 accepisse.
1565 4737 1675 4794 Nec
1698 4741 1874 4794 obstat
1906 4745 2047 4810 quod
2079 4744 2221 4812 lcga-

662 4853 802 4901 nnts.
855 4836 1170 4891 Zachariam
1201 4851 1229 4889 a
1266 4835 1320 4888 5.
1356 4833 1627 4887 Methotlio
1660 4849 1777 4887 eam
1827 4837 2117 4902 accc-pisse,
2167 4844 2224 4887 ιιι

658 4946 817 5000 supra
867 4929 976 4983 dixi
1016 4943 1080 4982 es
1116 4943 1236 4997 syn.
1288 4941 1403 4989 tuti,
1441 4934 1546 4978 aet.
1579 4923 1634 4988 5,
1674 4923 1816 4990 quod
1865 4939 1992 4978 sane
2041 4926 2222 4993 negari

664 5037 768 5075 non
819 5031 1028 5088 potest:
1063 5036 1186 5072 nam
1225 5018 1348 5072 illud
1379 5033 1443 5072 ex
1477 5017 1653 5086 aliqua
1705 5016 1957 5084 peculiari
2004 5029 2227 5070 conces-

661 5115 811 5166 sione
843 5120 896 5162 et
925 5110 1201 5180 privilegio
1229 5110 1431 5163 luctum
1463 5108 1641 5163 dicere
1670 5121 1975 5177 possumus.
2007 5104 2227 5161 Postre-

665 5219 809 5256 mum
863 5204 981 5253 ιὲίιρο
1017 5219 1120 5255 non
1155 5217 1313 5269 posse
1352 5202 1481 5255 mihi
1537 5200 1845 5271 persuaderi
1882 5198 2020 5256 illam
2074 5198 2226 5252 avul-

661 5297 868 5350 sionem
916 5294 1213 5348 Siciliensis
1248 5293 1522 5358 Ecclesiae,
1570 5310 1691 5363 qua:
1723 5294 1918 5349 dicitur
1963 5292 2097 5349 facta
2129 5294 2229 5347 sub

666 5387 866 5452 Lucae,
893 5386 960 5440 ab
987 5401 1051 5442 eo
1083 5386 1196 5440 ﬁeri
1243 5387 1513 5454 potuisse;
1549 5397 1669 5440 nam
1698 5401 1763 5441 eo
1794 5389 2090 5456 imperante
2115 5385 2228 5454 jitu

667 5479 844 5534 omnis
904 5478 1086 5534 Sicilia
1121 5495 1150 5533 a
1184 5478 1472 5534 Saracenis
1523 5479 1699 5536 fuerat
1746 5490 2025 5546 occupata,
2090 5477 2231 5550 quod

664 5588 731 5628 ex
766 5572 1106 5640 chronologis
1133 5572 1318 5641 liquet,
1353 5555 1610 5636 Baronio,
1643 5572 1990 5642 Cumpalata,
2020 5570 2234 5624 Fazella

669 5673 927 5730 nostrate,
949 5674 1004 5718 et
1018 5663 1158 5730 aliis,
1175 5673 1228 5719 et
1246 5667 1442 5718 diserte
1459 5661 1846 5719 COnStautiuus
1866 5662 2237 5732 l'orphyroge-

669 5765 791 5809 ueta
830 5756 980 5828 ὶιιψ.³
1007 5755 1197 5813 Leonis
1222 5755 1385 5827 ipsius
1408 5757 1569 5824 illius,
1596 5755 1686 5810 lib.
1709 5771 1766 5820 tt,
1790 5755 2055 5818 Delium,
2081 5753 2131 5806 itt
2156 5753 2237 5805 Si-

1587 324 1984 392 FRANCISCI
2035 319 2297 382 SCORSI
2345 321 2770 384 PROG‘IMIUM
2810 319 2892 382 ΙΙ.

3738 317 3855 379 103

2274 435 2409 491 eilia:
2433 439 2622 503 them.,
2645 453 2801 508 quem
2824 438 2996 490 locum
3021 433 3300 490 retulimus
3323 433 3555 490 Promm.
3585 433 3671 503 κδ
3697 453 3732 494 ι,
3765 435 3893 501 qui,

2271 531 2442 598 captis
2467 533 2681 603 caeteris
2712 529 2935 583 urbibus
2958 527 3259 598 Syracusas
3287 527 3388 578 sub
3414 523 3611 581 Ilasilto
3652 523 3871 579 Leo'ms

2272 633 2447 692 patre,
2471 621 2894 678 Tauromenium
2911 621 3012 677 sub
3033 618 3213 696 Leone
3235 629 3454 688 parente
3470 632 3568 673 suo
3585 631 3875 688 expugna.

2275 723 2385 771 tum
2417 714 2582 771 fuisse
2621 723 2870 770 testatur.
2915 713 3082 779 luitur
3103 711 3213 781 jam
3249 723 3358 765 ttnn
3387 711 3594 766 dilione
3635 709 3872 778 ροιὶιῖσιιι

2275 809 2551 865 desierant
2583 808 2768 870 etiam,
2803 805 2885 858 vel
2915 806 3092 873 potius
3123 804 3391 860 deturbati
3423 803 3600 857 throni
3628 803 3873 858 fuerant

2275 902 2672 973 episcoporum.
2716 896 3051 953 Crediderim
3108 895 3286 965 potius
3319 895 3373 949 in
3408 910 3467 949 ea
3513 894 3721 950 novella
3761 907 3870 948 so-

2275 993 2386 1049 lum
2426 992 2771 1046 constitutam
2802 1003 2925 1045 esse
2951 1003 3141 1041 novam
3192 987 3597 1057 episcoporum,
3634 983 3729 1055 qui
3766 997 3874 1054 pa—

2277 1085 2524 1142 triarchae
2570 1081 2674 1138 (ΣΡ.
2709 1079 2937 1149 subjecti
2989 1091 3162 1143 erant,
3202 1076 3610 1149 dispositionem
3659 1087 3718 1132 et
3768 1091 3876 1127 or-

2277 1177 2456 1234 dinem
2511 1191 2621 1246 quo
2677 1189 2814 1229 unus
2865 1172 3021 1227 alteri
3083 1174 3411 1241 praecederet
3463 1173 3517 1226 in
3571 1183 3875 1225 consessu.

2278 1272 2544 1329 Caeterum
2580 1267 2723 1322 illam
2754 1266 3086 1320 evolsionem
3125 1262 3321 1319 factam
3353 1275 3592 1331 tempore
3623 1261 3877 1315 Michae-

2278 1363 2344 1419 lis
2376 1364 2506 1432 imp.
2553 1369 2608 1414 et
2647 1359 2959 1417 schismatis
3009 1357 3287 1414 Photiaui.
3323 1357 3437 1424 qui,
3489 1363 3547 1409 nt
3592 1353 3878 1422 Gregorio

2277 1455 2517 1512 Asbestte
2555 1453 2896 1524 Syracusano
2927 1448 3169 1518 'gratiam
3230 1449 3477 1512 referret,
3508 1448 3632 1517 ejus
3663 1444 3875 1500 Eccle-

2279 1550 2416 1606 siam
2466 1544 2800 1615 metrOpolim
2867 1556 3076 1606 creare,
3129 1541 3292 1610 eique
3340 1552 3565 1594 caeteras
3602 1535 3876 1592 Sicilien-

2280 1653 2369 1695 ses
2416 1635 2683 1705 subjicere
2732 1647 2836 1704 qua
2884 1632 3007 1702 jure
3061 1645 3275 1701 quaque
3330 1629 3526 1698 injuria
3583 1627 3759 1682 voluit
3819 1633 3880 1681 et

2280 1739 2505 1789 conatus
2533 1741 2616 1784 est
2648 1727 2991 1799 imperatoria
3044 1725 3219 1780 fretus
3257 1723 3541 1793 potentia;
3579 1721 3665 1773 cui
3697 1717 3878 1773 etiam

2281 1828 2402 1896 plus
2450 1827 2585 1878 satis
2627 1823 2678 1876 in
2731 1837 2909 1875 rrt‘tlttt
2963 1816 3460 1874 ecclesiasﬁcarntn
3510 1811 3881 1883 dispositione

2283 1917 2593 1970 tribuerunt
2631 1901 2805 1970 σιτιξεί
2838 1930 2852 1967 :
2885 1913 3024 1980 quod
3060 1912 3307 1979 queritur
3341 1907 3634 1962 Gretserus
3674 1910 3880 1960 noster

2285 2012 2337 2066 in
2364 2009 2629 2078 Collinum
2666 2006 2736 2060 De
2765 1992 2970 2075 ofﬁcii;
2989 2005 3126 2058 aula
3157 2001 3722 2069 Constant.,adeoque
3759 2011 3872 2067 po—

2285 2102 2395 2155 tius
2419 2101 2472 2154 in
2501 2097 2900 2153 contentionem
2929 2095 3242 2166 quamdam,
3271 2106 3432 2163 quam
3461 2080 3877 2160 ini-possessio-

2287 2207 2409 2248 nem
2428 2191 2532 2247 CP.
2566 2200 2708 2260 patr.
2725 2187 2924 2242 Sicilia:
2949 2185 3117 2242 fuisse
3145 2185 3426 2243 deductam
3458 2177 3787 2242 Ecclesiam,
3808 2190 3880 2232 eo

2287 2285 2678 2354 propemodum
2748 2281 2906 2334 modo
2966 2293 3076 2349 quo
3128 2280 3194 2331 tle
3252 2273 3528 2344 Bttlgarlca
3587 2269 3878 2342 provincia

2289 2390 2476 2431 recens
2502 2373 2566 2426 ad
2602 2373 2756 2427 ﬁdem
2809 2386 3067 2426 conversa
3101 2383 3196 2437 per
3222 2367 3410 2421 eadem
3463 2373 3708 2432 tempora
3765 2358 3880 2413 Ba-

2288 2465 2392 2520 silii
2448 2464 2580 2534 imp.
2630 2472 2746 2517 orta
2799 2457 3166 2516 controversia
3216 2465 3304 2513 est
3347 2456 3493 2512 inter
3566 2451 3879 2524 patriarch.

2290 2559 2554 2629 lgnatium
2588 2565 2642 2612 et
2676 2555 2982 2623 pontiﬁcem
3023 2546 3664 2617 llomanum,praesertim
3693 2543 3879 2598 Joan-

2291 2664 2414 2704 nem
2449 2642 2581 2710 Vlll,
2614 2651 2675 2698 ut
2714 2643 3015 2713 legentibus
3071 2639 3347 2693 historiam
3373 2636 3610 2706 ejusdem
3639 2633 3740 2687 avi
3774 2647 3878 2686 no-

2293 2755 2403 2796 tum
2453 2748 2556 2797 est.
2606 2736 2713 2793 Sed
2761 2734 2794 2789 b
2824 2747 2877 2789 :c
2917 2747 3035 2802 quae
3080 2729 3398 2785 obscuriora
3445 2734 3590 2785 sunt,
3643 2738 3815 2789 quam
3848 2737 3877 2772 ει

2293 2837 2449 2892 nobis
2499 2831 2581 2886 vel
2613 2844 2643 2883 a
2690 2823 2939 2898 quopiam
2971 2839 3037 2880 ex
3068 2822 3185 2878 luce
3234 2820 3458 2876 aliarum
3515 2817 3876 2873 historiarum

2293 2928 2591 2988 illuminari
2606 2932 2659 2981 et
2677 2921 2967 2993 disceptari
2999 2920 3231 2991 possint,
3264 2925 3537 2986 utcunque
3557 2910 3878 2968 existimata

2293 3025 2425 3084 sint,
2472 3019 2612 3076 haud
2643 3018 2695 3071 in
2724 3029 2920 3087 magno
2958 3026 3174 3084 ponam,
3235 3012 3395 3064 modo
3448 3005 3578 3060 illud
3631 3011 3877 3062 cons:et,

2293 3113 2439 3186 quod
2497 3113 2752 3168 omnibus
2814 3121 3133 3180 persuasum
3192 3103 3369 3164 velim,
3415 3109 3468 3153 et
3499 3099 3700 3165 Optima
3764 3094 3878 3147 lide

2299 3211 2554 3275 praestare
2588 3215 2829 3271 possum,
2884 3194 3087 3252 nullum
3116 3195 3169 3248 in
3203 3191 3289 3246 his
3321 3186 3557 3245 bomiliis
3609 3197 3881 3253 apparere

2299 3274 2605 3354 schistnatis
2637 3295 2797 3350 ullius
2833 3291 3139 3360 vestigium,
3188 3285 3328 3355 quod
3361 3281 3560 3336 attinet
3587 3279 3653 3332 ad
3685 3274 3883 3345 snbje-

2301 3391 2534 3450 ctionem
2587 3388 2652 3442 ad
2701 3386 2994 3442 Romanam
3024 3383 3232 3444 sedem,
3279 3376 3372 3432 sed
3411 3375 3589 3445 potius
3637 3368 3883 3440 plurinra

2303 3499 2555 3555 expressa
2627 3489 2936 3550 argumenta
2999 3471 3392 3528 communionis
3442 3466 3508 3522 ad
3552 3464 3744 3528 illam,
3823 3468 3884 3514 nl.

2305 3592 2467 3652 supra
2494 3576 2654 3629 etiam
2689 3571 2822 3635 tlixi,
2859 3572 3099 3636 adeoque
3153 3561 3294 3631 quod
3325 3561 3393 3615 ad
3424 3563 3562 3614 hanc
3595 3569 3710 3611 rem
3745 3555 3886 3608 alti-

2309 3649 2417 3734 net,
2465 3681 2558 3719 eas
2590 3658 2850 3716 iuolfenso
2885 3656 3017 3728 pede
3063 3653 3159 3722 legl
3196 3666 3374 3724 posse.
3425 3649 3608 3718 Neque
3641 3661 3779 3700 vero
3816 3659 3886 3696 rx

2308 3759 2394 3816 illa
2447 3755 2695 3828 epistula,
2752 3768 2911 3819 quam
2966 3763 3126 3818 supra
3158 3761 3224 3801 ex
3272 3742 3638 3812 conjecturaa
3682 3738 3887 3792 PbOtio

2312 3853 2533 3907 missam
2571 3845 2884 3916 TlteOpltaui
2922 3843 3187 3896 manuclto
3219 3837 3400 3899 retuli,
3441 3831 3640 3904 aliquid
3687 3831 3889 3884 adver-

2312 3959 2409 3999 sus
2443 3939 2850 4008 TheOphanem,
2895 3931 3044 4001 quasi
3069 3930 3349 3986 conscium
3388 3923 3698 3982 schismatis
3739 3923 3864 3977 Pho

2317 4034 2467 4097 tiuni,
2499 4031 2723 4099 ejusque
2769 4027 2999 4096 partium
3037 4022 3335 4077 studiosum
3363 4018 3480 4073 elici
3506 4023 3710 4085 potest;
3749 4013 3888 4068 tillil

2314 4123 2456 4178 cuitu
2499 4121 2551 4174 in
2594 4135 2656 4174 ea
2705 4117 2878 4187 agitur
2922 4112 3062 4184 quod
3115 4112 3180 4164 ad
3236 4105 3542 4177 hujttsmodi
3591 4104 3888 4157 factionem

2317 4221 2524 4286 Spectet
2554 4229 2568 4267 :
2597 4210 2647 4264 id
2677 4209 2814 4276 quod
2855 4218 3032 4261 tamen
3071 4206 3122 4257 in
3154 4202 3273 4255 aliis
3313 4198 3554 4270 epistolis
3582 4197 3647 4249 ad
3675 4193 3891 4263 Euthy-

2323 4307 2486 4361 miqu
2515 4313 2568 4360 et
2610 4299 2927 4368 Gregorium
2964 4298 3050 4366 agi
3083 4295 3325 4368 tidetur;
3355 4290 3449 4346 sed
3491 4288 3662 4344 solum
3693 4287 3763 4341 de
3796 4287 3894 4340 de-

2323 4397 2563 4450 l'eusione
2595 4392 2862 4464 dogmatis
2916 4367 3231 4456 pertinentis
3261 4385 3327 4436 ad
3367 4397 3553 4437 sacras
3595 4379 3888 4446 imagines,

2243 4520 2251 4529 -
2321 4499 2376 4543 et
2406 4486 2670 4556 praecipue
2698 4500 2762 4534 an
2791 4482 3037 4535 Christus
3069 4484 3213 4532 esset
3240 4472 3626 4545 depingendus,
3657 4478 3715 4522 ut
3741 4467 3894 4521 eiuro

2323 4595 2443 4634 eam
2480 4575 2673 4644 legenti
2705 4584 2956 4626 Constare
3008 4579 3219 4637 potest:
3254 4566 3447 4620 deinde
3474 4576 3632 4616 nemo
3655 4559 3894 4614 aﬂirtna-

2328 4669 2396 4725 rit
2435 4683 2464 4723 ι
2506 4664 2696 4721 Photiu
2731 4662 2839 4729 jam
2895 4661 3359 4714 excommunieato
3404 4664 3456 4709 et
3500 4651 3708 4720 deiecto
3770 4666 3892 4704 eaut

2326 4753 2605 4828 epistolam
2657 4751 2874 4806 missam
2908 4768 2921 4804 :
2951 4749 3044 4802 sed
3076 4749 3251 4815 potius
3298 4744 3658 4814 probabiliore
3713 4742 3899 4808 conje-

2329 4856 2477 4897 ctura
2515 4840 2773 4903 censebit,
2811 4856 2933 4893 cum
2979 4835 3287 4902 Theophani
3328 4834 3502 4886 adhuc
3536 4831 3894 4885 monasticam

2329 4939 2490 4990 Vitam
2526 4935 2704 5004 agenti
2734 4937 2800 4991 sit
2847 4932 3072 5000 scripta,
3102 4945 3166 4980 eo
3199 4934 3439 4992 tempore
3494 4924 3750 4990 scriptam
3790 4935 3898 4992 quo

2331 5025 2505 5081 Photii
2535 5041 2692 5078 causa
2726 5027 2958 5078 nomium
2991 5023 3123 5075 bene
3157 5025 3428 5087 perspecta
3470 5010 3838 5081 damnataqtre
3865 5028 3896 5066 .1

2331 5119 2455 5173 sede
2500 5115 2741 5169 iloutaua
2769 5126 2822 5168 et
2866 5122 3048 5182 postea
3075 5128 3102 5162 τι
3135 5109 3337 5179 synodo
3377 5121 3468 5160 snt
3507 5105 3715 5160 luisset.
3771 5104 3901 5159 Post

2334 5211 2471 5264 hanc
2531 5217 2704 5262 autent
2770 5205 3055 5277 synodum,
3098 5212 3150 5254 et
3201 5199 3548 5267 compositum
3614 5211 3708 5265 per
3775 5208 3894 5249 eam

2333 5301 2591 5364 schisntzt,
2643 5298 2953 5365 redditaque
3001 5294 3248 5349 Ecclesiae
3292 5288 3546 5345 Orieutuli
3596 5287 3904 5356 tranquilli-

2256 5385 2305 5458 ,’
2338 5401 2468 5458 tate,
2529 5389 2905 5462 Theophanem
2962 5388 3027 5441 ad
3078 5384 3463 5455 archiepiscopi
3517 5383 3699 5436 sedem
3737 5379 3901 5434 fuisse

2337 5495 2666 5556 promotum,
2699 5493 2753 5535 ut
2781 5481 2934 5535 initio
2964 5479 3075 5533 uixi
3113 5478 3238 5530 mihi
3268 5486 3473 5529 certum
3516 5481 3759 5542 apparet.

2414 5613 2442 5682 ᾗ
2482 5610 2616 5667 Vill.
2654 5609 3106 5678 Peregrinationes
3149 5623 3180 5658 α
3219 5603 3516 5670 ΤΙιεομΙιαιιε
3560 5610 3835 5664 ωδε-θρίω.

2418 5748 2700 5818 Reliquum
2731 5747 2841 5816 jam
2874 5753 2974 5809 est,
3012 5752 3066 5795 ut
3094 5755 3210 5811 qua:
3238 5740 3306 5794 de
3334 5739 3491 5795 rebus
3524 5750 3553 5787 a
3580 5731 3904 5796 Theophane
