4002 6344
245 315 343 385 lii

247 439 442 491 harum
473 433 818 491 homiliarunt
855 431 1198 505 Theophanis
1228 433 1472 488 Ceramei
1510 433 1718 498 habuit,
1747 446 1814 486 ex

244 542 352 597 qua
407 529 775 584 testimonium
827 526 1049 597 protulit
1098 535 1287 580 contra
1333 524 1817 594 Magdehurgenses

244 619 661 699 Cettturiatores
685 619 753 674 de
779 619 1011 686 primatu
1043 618 1101 671 S.
1133 615 1273 671 Petri
1310 615 1650 684 Romanique
1687 632 1817 687 pon-

247 711 434 766 tillcis.
493 710 569 766 Ex
628 712 729 765 hac
782 710 968 764 eadem
1038 707 1354 779 heplotheca
1419 707 1696 762 itoutiiiam
1753 709 1825 763 de

246 798 354 857 SS.
398 801 716 872 imaginibus
749 812 1025 869 acceptam
1062 809 1193 855 tom.
1237 797 1310 851 lX
1346 797 1634 854 Annalium
1675 798 1820 854 inse-

248 892 362 944 ruit
385 891 679 946 cardiualis
710 891 989 953 Baronius,
1025 889 1091 943 ab
1122 889 1240 966 ipso
1274 886 1546 943 Turriano
1572 888 1816 945 Latinam

247 984 474 1050 laetam,
500 995 554 1040 et
582 1000 611 1039 a
636 984 838 1040 Iacobo
877 983 1170 1038 Sirmundo
1212 983 1415 1054 aliquot
1457 983 1590 1039 locis
1643 982 1819 1055 perfe-

246 1085 436 1143 ctam;
467 1076 620 1144 cujus
649 1077 833 1135 itidem
853 1076 1212 1130 testimonium
1239 1076 1504 1143 integrum
1523 1075 1820 1131 referemus

247 1181 355 1222 suo
385 1169 524 1225 loco.
573 1166 745 1233 Quam
781 1165 1024 1221 eamdem
1074 1166 1348 1221 homiliam
1379 1163 1614 1222 lacubus
1655 1163 1819 1221 Gret-

245 1272 405 1311 serus
435 1267 567 1310 tom.
623 1254 666 1310 ll
694 1255 769 1310 Dc
797 1271 949 1310 cruce
978 1257 1227 1313 secundae
1246 1255 1520 1320 editionis,
1547 1265 1607 1310 ut
1632 1265 1817 1310 aucta-

247 1351 394 1404 rium
419 1348 628 1404 addidit
656 1359 779 1417 post
807 1347 1085 1404 hutniliam
1115 1347 1370 1404 Germani
1401 1348 1740 1418 patriarchae,
1763 1356 1820 1403 et

249 1441 397 1495 unde
437 1455 557 1495 eam
604 1440 880 1505 habuerit,
922 1449 979 1496 et
1025 1454 1131 1511 qua
1175 1440 1500 1496 auctoritate
1543 1449 1819 1512 permotus

249 1532 506 1598 ediderit,
541 1531 626 1586 his
660 1530 842 1586 verbis
877 1538 1106 1586 testatur
1129 1531 1194 1586 ad
1224 1547 1336 1586 rem
1376 1531 1611 1587 maxime
1648 1531 1818 1602 perti-

247 1627 508 1680 nentibus
533 1641 548 1677 ε
576 1621 725 1678 Inter
751 1624 887 1678 alias
910 1623 1129 1678 schedas
1156 1625 1430 1696 litterarite
1454 1625 1820 1694 suppellectilis

249 1711 530 1768 Francisci
575 1712 848 1780 Turriani,
893 1730 1022 1783 quas
1051 1725 1174 1769 ante
1216 1715 1413 1786 aliquot
1445 1732 1612 1770 annos
1644 1718 1711 1771 ad
1739 1732 1822 1772 me

247 1807 394 1860 misit
418 1804 484 1860 Β.
518 1805 583 1860 P.
611 1805 872 1859 Antonius
915 1803 1250 1869 Posseoittus,
1274 1804 1442 1873 reperi
1475 1808 1612 1858 lianc
1650 1806 1818 1858 homi-

244 1898 380 1951 lians
405 1915 435 1949 α
473 1895 733 1951 Turriano
761 1911 986 1955 uersam.
1016 1887 1325 1964 et'propria
1354 1911 1515 1949 manu
1549 1899 1818 1966 scriptam,

245 2005 407 2057 quam
437 1989 635 2043 diutius
667 1987 830 2042 latere
879 1987 1043 2054 nolui,
1093 1998 1202 2041 tutu
1246 1998 1454 2056 propter
1503 1985 1820 2040 Turrianum

246 2083 419 2138 cirum
440 2080 805 2134 doetissimum
830 2089 940 2132 tant
957 2089 1167 2151 propter
1181 2090 1538 2149 argumentum
1551 2079 1688 2149 quod
1704 2094 1820 2132 cum

245 2173 469 2226 homilia
517 2167 766 2228 Germani
820 2187 1036 2240 prorsus
1083 2158 1358 2224 concinens
1418 2170 1606 2222 merito
1654 2169 1821 2222 eidem

247 2265 570 2318 annectitur.
601 2263 726 2317 Haec
753 2261 1073 2326 Gretserus;
1106 2276 1173 2315 ex
1215 2260 1413 2330 quibus
1455 2259 1605 2313 vides
1635 2259 1822 2326 quanti

249 2357 374 2411 hac
418 2355 644 2423 antiqua
692 2352 793 2408 SS.
832 2349 1053 2406 Patrum
1089 2358 1436 2406 monumenta
1484 2365 1514 2404 a
1541 2348 1821 2405 litteratis-

248 2447 409 2503 simis
441 2446 572 2501 viris
600 2443 956 2501 aestimentur.
998 2442 1148 2498 idem
1195 2439 1481 2497 Gretserus
1509 2449 1641 2495 totn.
1670 2440 1714 2496 ll
1745 2437 1824 2495 De

250 2553 408 2593 cruce
453 2538 590 2592 duas
640 2533 891 2592 homilias
948 2531 1297 2603 Theophanis
1346 2529 1588 2586 Ccramei
1635 2528 1823 2586 Graece

250 2628 419 2684 simul
446 2633 502 2682 et
531 2625 722 2682 Latine
747 2639 814 2680 ex
845 2640 941 2681 sua
975 2612 1423 2692 interpretatione
1454 2621 1641 2678 edidit.
1675 2620 1826 2679 Unde

250 2735 351 2775 eas
397 2719 652 2774 habuerit
698 2732 803 2773 non
852 2723 1104 2771 testatum
1154 2715 1368 2784 reliquit
1412 2714 1468 2769 in
1509 2714 1681 2778 notis,
1729 2714 1824 2769 sed

251 2809 510 2880 equidem
543 2823 608 2864 ex
641 2808 826 2865 codice
852 2805 1118 2876 largunii
1145 2819 1363 2870 censeo,
1390 2803 1546 2874 cujus
1572 2803 1645 2857 ibi
1676 2817 1827 2858 men-

253 2905 461 2957 tionem
504 2901 635 2956 iacit
661 2916 729 2956 es
763 2900 1048 2956 occasione
1080 2897 1326 2953 locorum
1369 2905 1744 2970 corruptorum
1769 2904 1821 2951 et

253 3000 325 3050 ab
370 3009 438 3050 eo
482 2995 908 3049 emendatorem.
959 2988 1077 3044 iam
1127 3003 1256 3044 vero
1287 3002 1354 3043 ea
1401 2987 1547 3044 notis
1585 2987 1820 3054 ejusdem

253 3083 499 3139 Gretsct-i
535 3081 800 3151 intelliges
834 3080 930 3134 has
965 3077 1211 3133 homilias
1246 3081 1377 3132 mss.
1409 3077 1618 3132 servari
1648 3075 1824 3133 Veneo

254 3180 370 3233 tiis.
416 3175 509 3231 Sic
552 3174 697 3229 enim
757 3173 872 3242 ipse
897 3188 913 3226 :
941 3170 1014 3227 De
1060 3168 1366 3252 Theophane
1422 3167 1671 3224 Ceram'eo
1717 3170 1828 3223 lucc

255 3267 504 3338 Epitonu
549 3264 880 3320 Bibliotheca:
928 3260 1269 3319 Gesneriatttc
1319 3277 1337 3316 :
1382 3262 1693 3332 Θεοφάνους
1733 3260 1828 3316 τοῦ

257 3357 568 3433 Κιραμὸως
610 3356 816 3428 ὁμιλίαι
857 3356 937 3418 εἰς
986 3353 1298 3422 Εὐαγγέλισ.
1340 3353 1448 3408 τῶν
1495 3338 1826 3426 Κυριακῶν,

257 3454 358 3506 καὶ
389 3452 468 3514 εἰς
492 3450 666 3513 arma;
717 3447 932 3519 ἑορτάς.
973 3445 1363 3514 Ιαηιωοήριιιι
1400 3446 1531 3500 liber
1580 3443 1826 3501 Venetiis.

261 3545 412 3598 Idem
440 3540 667 3597 habetur
693 3541 746 3594 itt
777 3538 1107 3594 Bibliotheca
1132 3536 1232 3592 SS.
1256 3535 1470 3590 Patrum
1503 3535 1696 3594 seculo
1741 3550 1825 3601 ts;

252 3636 356 3692 sed
401 3648 522 3690 cum
559 3632 698 3703 apud
735 3646 820 3686 me
867 3631 1149 3700 Epitomen
1178 3627 1564 3682 Gesnerianam
1598 3640 1700 3678 non
1733 3627 1830 3678 ba-

258 3731 468 3793 berem,
495 3725 738 3781 consului
764 3737 883 3778 eam
911 3736 1031 3791 quae
1060 3721 1290 3774 habetur
1313 3718 1366 3771 in
1396 3715 1639 3772 biblioth.
1671 3717 1824 3771 Dom.

254 3818 451 3875 Aloisii
493 3815 565 3869 La
601 3813 820 3877 Farina,
845 3809 1061 3865 baronis
1105 3807 1515 3876 Aspri-Montis,
1544 3815 1598 3860 et
1632 3820 1830 3876 genere

259 3920 317 3963 ct
347 3908 530 3962 studio
552 3904 874 3958 eruditionis
901 3900 1115 3966 nobilis,
1138 3901 1202 3954 de
1226 3900 1378 3969 cujus
1403 3898 1570 3954 fratre
1596 3898 1658 3952 D.
1689 3898 1829 3952 Mar-

259 4000 379 4053 tino
409 4011 569 4061 supra
605 3995 827 4048 memini
855 3993 1090 4049 Prooem.
1119 3991 1165 4046 Ι.
1194 3989 1386 4060 cheri
1438 4000 1620 4044 autem
1667 3990 1719 4043 itt
1767 4005 1828 4043 ca

256 4091 502 4159 epitome
551 4103 659 4141 non
701 4089 875 4141 solum
920 4085 1103 4140 Graeca
1158 4086 1320 4139 verba
1373 4097 1495 4152 quae
1543 4082 1829 4137 Gretserus

263 4182 500 4238 fideliter
544 4179 745 4243 retulit,
775 4178 870 4231 sed
901 4185 951 4231 et
982 4176 1142 4229 aliam
1172 4182 1374 4240 notam,
1401 4189 1467 4228 ex
1495 4189 1596 4243 qua
1625 4172 1829 4229 Gesne-

264 4293 360 4330 rns
409 4273 593 4330 eodem
642 4284 824 4326 errore
871 4283 978 4338 quo
1025 4266 1243 4331 cteteri,
1304 4265 1372 4321 de
1422 4267 1616 4335 quibus
1665 4279 1827 4339 supra

265 4370 505 4423 Prtimui.
528 4364 598 4430 ll,
622 4373 873 4432 tanquam
905 4360 1143 4415 diversos
1172 4358 1323 4428 ponit
1358 4357 1737 4427 Theophanem
1781 4363 1836 4411 et

262 4457 616 4526 Gregorium,
654 4453 842 4530 ambos
888 4449 1200 4515 Cerameos,
1255 4449 1444 4504 ambos
1491 4447 1834 4504 Tauromeuii

261 4547 733 4616 archiepiscopos;
765 4543 860 4599 sed
891 4544 1032 4597 hunc
1055 4535 1260 4597 "eorum
1288 4541 1378 4611 qui
1427 4549 1551 4595 ante
1581 4555 1668 4595 me
1693 4541 1831 4594 scri-

264 4655 447 4712 psere,
479 4653 716 4694 errorem
760 4634 871 4706 jam
917 4621 1092 4690 detexi
1123 4648 1350 4703 promtu.
1393 4633 1481 4688 illo
1504 4632 1569 4700 ll,
1605 4633 1631 4706 ᾗ
1660 4649 1715 4686 Il.
1748 4631 1838 4686 Sic

266 4736 434 4803 igitur
467 4733 742 4807 Gesnerus
773 4748 788 4786 :
821 4729 1059 4799 Gregorii
1102 4725 1556 4781 Tauromenitana:
1588 4726 1836 4781 Ecclesia!

264 4822 643 4889 archiepiscopi
691 4819 1004 4883 Siciliensis,
1052 4816 1288 4870 Ccrantei
1335 4818 1481 4884 dicti,
1523 4818 1751 4872 homilite
1781 4819 1836 4872 in

268 4914 583 4982 Evangelia,
613 4924 661 4966 et
691 4915 812 4966 alia:
840 4910 1219 4982 quinquaginta
1251 4919 1443 4976 septem
1473 4910 1839 4978 manuscripttz

266 5015 479 5057 enatant
529 5007 584 5058 in
622 5004 857 5057 biblioth.
896 5001 1093 5056 Italian
1143 4998 1250 5056 llas
1293 4991 1558 5055 homilias'
1584 4999 1840 5070 Gregorio

270 5096 567 5162 inscriptas
593 5095 810 5148 easdem
842 5110 961 5149 esse
999 5102 1161 5161 atque
1202 5092 1301 5146 has
1341 5106 1476 5155 quas
1518 5105 1617 5145 nos
1651 5091 1838 5144 damus

269 5186 379 5239 sub
416 5186 632 5238 nomine
672 5183 1037 5253 Theophanis,
1081 5182 1193 5251 jam
1236 5191 1511 5237 ostensum
1554 5191 1638 5235 est
1677 5194 1837 5246 supra

273 5279 549 5332 Protemio
596 5275 676 5341 ll,
726 5274 755 5345 θ
807 5290 868 5328 tt.
922 5275 1097 5342 Atque
1147 5273 1341 5325 harum
1394 5271 1838 5326 bibliothecarum

274 5365 642 5436 mgnitionetn
688 5378 756 5419 ex
799 5362 1070 5430 impressis
1121 5354 1383 5414 hactenus
1427 5359 1581 5413 libris
1632 5358 1839 5428 accepi.

271 5465 398 5522 lam
424 5475 553 5517 vero
580 5475 673 5515 eas
700 5449 1172 5513 etiam'asscrvari
1202 5454 1255 5508 in
1286 5451 1458 5506 tribus
1498 5450 1682 5506 Gallia:
1712 5451 1843 5505 insi-

271 5555 477 5628 gnibus
502 5547 861 5614 bibliothecis,
885 5545 1098 5616 scripsit
1126 5543 1189 5599 ad
1221 5555 1304 5598 me
1328 5542 1395 5597 de
1420 5541 1522 5595 hac
1548 5555 1604 5594 rc
1625 5549 1843 5610 rogatus

1249 316 1643 380 FRANCISCI
1684 315 1946 377 SCORSI
1987 315 2414 378 PBOGZMIUM
2453 317 2565 378 Ill.

3379 317 3477 386 £22

1918 431 1978 488 Ρ.
2021 431 2253 490 lacubus
2297 432 2644 494 Sirmuntlus,
2685 443 2799 486 soc.
2831 426 2983 494 ἔθευ,
3019 442 3078 486 et
3113 452 3182 497 ex
3226 435 3477 494 omnibus

1917 525 2180 580 indiculos
2232 540 2392 580 manu
2424 538 2518 579 sua
2550 521 2781 592 scriptos
2816 521 3008 576 itidem
3044 528 3367 595 transmisit,
3410 540 3478 582 ex

1915 616 2114 687 quibus
2141 616 2492 685 intelligerem
2523 627 2770 684 quaenam
2819 610 2948 665 ntihi
2995 610 3264 676 deessent,
3295 630 3361 672 ex
3392 614 3481 667 lii-

1915 707 2182 764 bli0theca
2216 707 2406 778 Regia,
2428 722 2498 763 ex
2535 722 2596 762 ea
2636 719 2752 776 quae
2791 700 3219 758 Folientinoruut
3263 701 3322 757 S.
3352 702 3483 758 Ber-

1916 802 2069 856 nardi
2101 800 2510 865 monachorum,
2538 808 2593 856 et
2620 799 2688 854 e'x
2721 810 2784 854 ea
2812 810 2928 867 qum
2957 804 3040 851 est
3068 793 3278 863 collegii
3305 794 3482 849 socie-

1918 894 2046 948 tatis
2090 892 2219 948 Jcsu
2268 890 2628 955 Parisieosis,
2679 903 2810 961 quae
2854 886 2980 940 olim
3042 883 3144 939 fuit
3189 882 3481 939 cardinalis
3561 869 3568 875 ’

1916 981 2128 1038 iniuste.
2188 982 2454 1037 Praeterea
2510 982 2564 1036 in
2617 979 2777 1051 Regia
2834 975 3092 1032 BibliOth.
3148 972 3371 1043 llispan.
3425 974 3479 1027 itt

1919 1072 2248 1127 monasterio
2295 1068 2355 1126 S.
2389 1067 2665 1124 Laurentii
2709 1066 2855 1138 quod
2890 1062 3218 1121 Escurialetn
3269 1070 3480 1128 rorant,

1915 1161 2220 1235 Γρηγορεου
2253 1161 2554 1214 intend-nou
2586 1161 2689 1229 τῆς
2727 1156 2978 1220 Σικελίας
3006 1153 3223 1226 ὁμιλίαι»
3247 1152 3354 1207 ἀπὸ
3385 1152 3481 1206 τοῦ

1917 1253 2318 1328 ὰρχιτελὼνου,
2348 1263 2402 1308 et
2440 1253 2492 1306 in
2524 1252 2630 1306 alio
2664 1249 2849 1304 codice
2887 1265 2903 1302 :
2947 1245 3190 1317 ὀμιλίαι
3223 1243 3319 1298 τοῦ
3358 1242 3482 1298 ὅλου

1917 1345 2190 1401 ινιαυτοῦ.
2221 1344 2459 1416 Gregorii
2499 1342 2658 1412 episc.
2702 1339 2900 1395 Siciliae
2931 1337 3164 1392 ltontilite
3191 1353 3224 1391 a
3251 1333 3484 1404 principe

1916 1425 2314 1511 publicanorum
2360 1434 2640 1496 inchoatae,
2681 1430 2909 1487 Itontilite
2955 1429 3115 1484 totius
3145 1428 3292 1482 anni.
3337 1425 3484 1493 Quae

1919 1547 2053 1589 sane
2083 1532 2297 1586 easdem
2332 1542 2452 1584 esse
2486 1538 2644 1595 atque
2679 1523 2780 1579 has
2807 1537 2944 1594 quas
2975 1518 3292 1588 evulgatnns
3323 1515 3483 1572 ﬁdem

1921 1622 2049 1680 fecit
2076 1621 2139 1678 D.
2183 1619 2458 1693 Mat-ianus
2486 1616 2874 1686 Vulguarnera,
2905 1610 3340 1673 Panormitanus,
3370 1621 3480 1663 non

1922 1711 2091 1783 mpgis
2115 1724 2313 1781 genere
2335 1722 2494 1779 quant
2520 1706 2819 1759 litterarum
2845 1699 3157 1756 Graecarum
3182 1695 3486 1753 eruditione

1920 1805 2135 1870 clarus;
2186 1800 2274 1855 cui
2321 1797 2532 1853 Madriti
2583 1795 2636 1849 in
2685 1793 2834 1862 regia
2881 1789 3110 1860 Philippi
3159 1785 3227 1842 IV
3270 1785 3482 1856 degenti

1891 1898 2193 1967 anegotium
2225 1893 2282 1949 in
2315 1892 2421 1948 hac
2450 1904 2507 1943 re
2538 1885 2804 1941 litteraria
2834 1881 2979 1944 dedi,
3006 1878 3160 1950 ut-de
3199 1877 3286 1932 his
3314 1875 3485 1932 houti-

1925 1987 2012 2042 Iiis
2043 1985 2217 2054 deque
2247 1991 2467 2038 auctore
2506 1979 2878 2047 cognosceret,
2909 1981 2965 2026 et
2987 1985 3054 2026 ea
3093 1969 3268 2025 indice
3297 1979 3486 2021 earum
3584 2038 3588 2048 l

1921 2095 2056 2150 quas
2088 2077 2228 2149 apud
2263 2089 2348 2130 me
2379 2071 2670 2134 habebam,
2697 2067 2764 2121 ad
2799 2066 2970 2136 ipsum
3007 2056 3322 2150 transmisso
3348 2068 3484 2110 con—

1923 2146 2088 2228 ferret
2121 2146 2463 2238 argumenta,
2500 2157 2902 2228 inscriptiones,
2935 2163 2987 2207 et
3022 2151 3191 2222 prima
3224 2146 3488 2216 cujusque

1923 2264 2117 2325 verba;
2162 2257 2358 2330 quibus
2393 2253 2606 2310 collatis
2643 2250 2860 2305 easdem
2896 2261 3018 2302 esse
3051 2241 3315 2310 comperit
3337 2252 3488 2330 quas

1920 2355 2059 2424 apud
2104 2327 2194 2406 me
2223 2360 2344 2404 esse
2382 2342 2736 2414 intelligebat.
2785 2341 2961 2409 Atque
2987 2335 3172 2389 eadem
3206 2330 3263 2385 in
3295 2327 3489 2424 biblio-

1925 2421 2084 2501 theca
2135 2442 2202 2499 ad
2250 2440 2494 2498 codicem
2545 2435 2858 2506 adjuncturn
2913 2425 3116 2499 reperit
3165 2421 3489 2495 opusculum

1923 2536 2198 2610 singulare
2224 2530 2517 2606 quoddam,
2546 2526 2691 2598 quod
2724 2527 2779 2580 in
2808 2521 2932 2579 aliis
2965 2515 3306 2610 bibliothecis
3337 2528 3489 2610 repe-

1925 2604 2283 2687 riri'nondum
2314 2622 2522 2692 accepi,
2552 2615 2781 2685 Λεξικὸν
2806 2613 2914 2669 τῶν
2938 2607 3173 2681 ὁμιλιῶν
3198 2609 3319 2663 sive
3335 2604 3494 2662 Glos-

1924 2723 2126 2780 sarium
2179 2729 2373 2773 vocunt
2421 2709 2775 2782 singularium
2812 2697 2884 2762 et'
2909 2701 3203 2759 dicilium
3251 2696 3493 2754 auctoris

1925 2828 2048 2870 cum
2090 2823 2277 2866 earum
2311 2801 2707 2873 explicatione;
2739 2796 2897 2864 cujus
2926 2806 3029 2865 ego
3067 2788 3223 2846 leaici
3268 2799 3493 2858 apogra-

1927 2900 2112 2969 phum,
2156 2907 2300 2958 cum,
2337 2888 2578 2945 adhibita
2609 2883 2898 2939 multorum
2947 2880 3263 2969 amicorum-
3285 2873 3493 2969 et-lit-

1925 2962 2220 3043 ieratorum
2263 2979 2546 3037 homine
2597 2989 2734 3046 ope,
2760 2972 2976 3027 tandem
3028 2964 3302 3038 diligentia
3352 2962 3496 3021 ιη.

1925 3080 2085 3138 rentii
2130 3075 2349 3141 Coechi,
2379 3070 2484 3129 viri
2515 3068 2712 3126 eruditi
2740 3075 2796 3123 et
2833 3065 2888 3121 in
2932 3068 3196 3133 apparatu
3243 3056 3494 3114 Historia

1928 3170 1986 3227 S.
2027 3165 2279 3225 Demetrii
2318 3163 2574 3233 martyris
2617 3153 3024 3222 studiosissimi,
3063 3161 3255 3209 nactus
3293 3162 3494 3211 essent,

1930 3264 1995 3318 ad
2031 3261 2235 3324 calcem
2270 3256 2435 3327 hujus
2464 3253 2642 3327 Operis
2671 3248 3084 3321 imprimendum
3113 3241 3295 3300 curavi
3329 3241 3407 3315 (tt)
3437 3243 3497 3293 ut

1896 3364 2169 3413 exstaret
2216 3353 2382 3407 etiant
2423 3351 2525 3405 hoc
2562 3344 2924 3403 testimonium
2954 3349 3011 3398 et
3035 3336 3316 3408 vestigium
3357 3330 3512 3389 anti-‘
3569 3333 3602 3348 “

1931 3447 2174 3518 quitatis.
2203 3442 2310 3499 Sed
2353 3441 2508 3503 deeo
2534 3439 2680 3507 plura
2737 3435 2827 3489 illo
2874 3432 2929 3487 in
2953 3432 3112 3486 'loco.
3144 3428 3202 3518 In
3241 3424 3495 3518 vaticaua

1928 3513 2259 3592 liibliotheca
2318 3531 2424 3584 duo
2470 3532 2597 3582 sunt
2643 3523 2861 3578 codices
2903 3521 3096 3575 harum
3149 3513 3494 3571 homiliarutu

1927 3628 2124 3696 quibus
2172 3620 2376 3677 indices
2409 3615 2479 3672 ad
2519 3631 2605 3672 me
2642 3625 2752 3670 tres
2780 3628 2886 3682 qua
2919 3610 3128 3674 Graece,
3164 3621 3271 3680 qua
3289 3604 3498 3696 'Latiue

1929 3695 2248 3781 amicorum,
2281 3727 2344 3767 ac
2379 3700 2680 3782 praesertim
2715 3708 2859 3761 dom.
2892 3700 3233 3760 Constantini
3271 3695 3496 3754 Caetani

1929 3806 2162 3871 abbatis,
2187 3818 2350 3874 opera
2381 3797 2786 3872 diligentissime
2807 3793 3122 3866 perscripti,
3156 3798 3281 3847 sunt
3309 3788 3497 3856 missi;

1933 3896 1988 3949 in
2015 3894 2189 3948 altero
2211 3892 2394 3948 codice
2418 3890 2618 3946 eadem
2648 3886 2885 3940 homiliae
2913 3883 3130 3939 nomine
3155 3878 3502 3948 Theophanis

1930 3985 2209 4048 Ceramel,
2253 3983 2304 4036 in
2353 3980 2520 4034 altero
2547 3975 2810 4049 .Gregorii
2872 3972 3245 4039 continentur;
3299 3967 3503 4026 inscri-

1930 4081 2143 4150 ptiones
2190 4086 2318 4131 sunt
2371 4070 2672 4141 hujusntodi
2711 4075 2732 4123 ε’
2771 4067 2824 4120 in
2872 4079 2982 4121 uno
3027 4061 3501 4133 cod.0sotpdvou;,

1933 4168 2027 4224 τοῦ
2075 4168 2306 4235 ἐπίκλην
2348 4162 2695 4235 Κεραμέως,
2739 4157 3171 4232 ἀρχιεπισκόπου
3217 4153 3503 4224 Ταυρομε-

1935 4263 2084 4324 vein;
2129 4258 2228 4328 τῆς
2263 4255 2535 4318 Σικελίας,
2585 4251 2793 4323 ὁμιλίαι
2838 4251 2892 4303 ai
2941 4248 3204 4318 κυριακαὶ
3242 4244 3338 4299 τοῦ
3377 4242 3504 4298 ὅλου

1936 4351 2166 4425 χρόνους
2212 4351 2266 4405 in
2297 4350 2510 4418 altero:
2547 4344 2654 4399 Τοῦ
2701 4339 3144 4413 μακαριωτάτου,
3188 4333 3505 4406 σοφωτάτου

1934 4465 1994 4501 τε
2035 4445 2133 4499 καὶ
2196 4439 2634 4515 ῥητορικωτάτου
2672 4436 2865 4508 κυρίου
2906 4430 3211 4506 Γρηγοριου
3251 4432 3507 4501 appetet-

1902 4537 2139 4590 ‘axénou
2192 4529 2596 4602 Taupopsvsiac
2637 4527 2737 4597 τῆς
2784 4523 3038 4588 Σικελίας
3067 4563 3083 4588 ,
3135 4519 3230 4576 τοῦ
3278 4518 3509 4587 ιπίκλην

1939 4627 2268 4700 Κεραμέως.
2305 4621 2438 4690 Quae
2470 4624 2576 4676 duo
2613 4620 2855 4684 nomina,
2900 4613 3195 4686 Gregorius
3231 4620 3287 4665 et
3325 4607 3508 4663 Theo-

1940 4723 2168 4793 phanes,
2198 4718 2359 4772 unius
2401 4713 2520 4772 esse
2552 4711 2788 4768 auctoris
2834 4717 3000 4779 patet.
3037 4705 3162 4758 inde
3204 4707 3508 4768 sequuntur

1941 4789 2176 4868 houtilia:
2226 4807 2434 4872 ordine,
2497 4804 2552 4857 in
2611 4801 2765 4867 cujus
2827 4795 2975 4849 calce
3041 4789 3350 4859 designatus
3406 4799 3507 4840 ano

1943 4920 2044 4958 nus
2098 4901 2274 4966 1M8,
2342 4897 2482 4952 unde
2541 4883 2832 4957 antiquitas
2899 4880 3106 4937 codicis
3170 4876 3510 4948 intelligitur.

1941 4993 2220 5048 Postremo
2256 4987 2314 5042 P.
2363 4979 2623 5038 Octavius
2667 4977 2960 5042 Caetanus,
3013 4988 3128 5029 soc.
3154 4967 3316 5034 'Jesu,
3354 4967 3510 5036 cujus

1942 5085 2121 5140 studio
2165 5094 2227 5133 ac
2263 5073 2430 5130 labori
2479 5073 2583 5127 hoc
2630 5079 2872 5125 nostrum
2919 5080 3054 5136 opus
3099 5072 3378 5133 acceptum
3426 5067 3511 5114 est

1943 5169 2307 5231 referendum,
2329 5179 2449 5218 cum
2472 5177 2591 5232 quae
2613 5161 2677 5214 ad
2703 5159 3035 5214 condendam
3057 5163 3114 5210 et
3137 5149 3506 5208 illustrandam

1943 5269 2254 5318 sanctorum
2290 5253 2597 5308 Siculorum
2632 5246 3180 5306 historiam'l’acerent
3207 5236 3508 5310 diligentis-

1943 5355 2079 5409 sime
2125 5347 2457 5418 perquireret
2499 5352 2554 5399 et
2593 5348 2899 5414 appararet,
2929 5338 3122 5391 harum
3154 5331 3502 5389 homiliarum

1943 5437 2269 5510 exemplaria
2340 5436 2691 5494 describenda
2759 5431 2985 5488 curavit.
3054 5428 3121 5483 Et
3170 5423 3385 5494 quidem
3435 5432 3506 5473 ex

1945 5535 2152 5590 duobus
2181 5531 2480 5600 codicibus,
2515 5539 2573 5586 ut
2606 5527 2724 5600 ipse
2753 5525 2810 5582 in
2858 5518 3178 5581 adversariis
3210 5514 3510 5582 suis,‘quas

339 5737 415 5798 κα)
453 5733 632 5786 Νυηὼί
655 5738 819 5782 tamen
841 5733 1103 5792 comparet.
1130 5725 1197 5780 Cf.
1229 5738 1372 5791 supra
1403 5724 1499 5774 col.
1530 5721 1605 5773 ll.
1628 5718 1764 5773 Eon.
1787 5715 1938 5768 Pun.
