4002 6344
545 411 642 476 127

543 537 651 588 quo
678 518 935 575 Asceuslo
961 516 1216 587 praecedit
1245 514 1623 571 Pentecosteu.
1671 517 1804 570 Illud
1833 527 2101 586 postremo

545 614 598 666 in
626 613 728 666 hoc
762 610 1093 678 paragrapho
1136 606 1467 662 admonitum
1505 606 1755 659 lectorem
1787 607 1966 671 velim,
2006 622 2104 661 ne.

543 717 646 769 que
671 716 860 755 omnes
891 700 1136 754 humilius
1160 713 1295 767 quas
1332 698 1600 752 edidimus
1641 698 1787 766 (sunt
1819 711 1990 752 autem
2021 699 2102 752 Ine

543 808 676 861 quas
706 806 803 860 pro
841 792 1018 845 studio
1057 789 1441 858 diligentiaque
1477 800 1652 842 nostra
1689 799 1741 842 et
1792 788 2100 854 adjttmento

544 885 837 937 amicorum
869 884 1044 935 adhuc
1072 880 1334 942 adhibito,
1367 880 1600 948 reperire
1626 882 1892 947 potuimus
1925 881 1980 933 in
2017 881 2097 933 bi-

544 975 859 1035 bliuthecis.
913 973 1190 1040 sexaginta
1241 971 1374 1041 duae)
1425 970 1834 1026 DOIItinit'alittttt
1889 970 2096 1024 dierum

543 1081 823 1118 numerum
851 1073 903 1117 et
925 1064 1097 1115 locum
1121 1062 1356 1130 explere,
1375 1062 1531 1115 sicuti
1567 1077 1737 1129 neque
1757 1071 2094 1124 sanctorum;

541 1156 634 1212 sed
661 1156 857 1209 multas
887 1154 1076 1207 deesse
1118 1151 1456 1206 manifestum
1500 1162 1601 1206 est.
1659 1151 1722 1206 Et
1755 1153 1968 1220 quidem
1997 1154 2094 1203 ho-

543 1248 702 1302 milite
744 1248 795 1302 in
839 1246 896 1299 S.
929 1245 1084 1300 Lucae
1120 1245 1393 1312 evangelia
1436 1246 1681 1298 videmur
1721 1261 1841 1300 esse
1884 1246 2096 1300 ca-teris

542 1338 745 1406 plures,
775 1351 1076 1406 quanquam
1111 1334 1328 1388 homilia
1361 1338 1412 1388 in
1443 1337 1729 1389 secundam
1766 1336 2094 1389 Domiuieatu
2122 1406 2124 1409 ι

538 1442 661 1494 qute
702 1437 805 1488 εει,
853 1423 1043 1488 Καθὼς
1073 1424 1253 1478 θέλετε
1289 1425 1377 1479 La.
1406 1424 1630 1478 ποιῶσιν
1661 1426 1812 1494 ἡμῖν,
1848 1437 1976 1489 etc.,
2026 1441 2092 1478 ex

538 1535 658 1588 cap.
692 1534 742 1572 γι
779 1518 838 1572 S.
871 1516 1028 1572 Luca:
1060 1527 1118 1571 ut
1151 1519 1366 1585 ponitur
1413 1518 1465 1571 iu
1506 1517 1946 1585 Evangelistario,
1979 1518 2098 1571 sine

537 1613 697 1666 dubio
720 1613 888 1665 deest.
932 1610 994 1664 Et
1024 1625 1091 1665 ne
1127 1612 1190 1664 de
1223 1610 1444 1679 singulis
1471 1624 1690 1664 examen
1719 1609 1979 1664 habeatur
2003 1611 2096 1664 ad-

537 1701 820 1764 amassim,
852 1700 995 1768 quod
1032 1700 1248 1768 Iungunt
1271 1709 1431 1761 esset,
1465 1714 1636 1767 neque
1668 1701 1797 1751 tanti
1822 1711 2096 1763 est,eerte

539 1793 590 1843 in
625 1792 860 1844 itmuiliis
891 1806 955 1843 ex
989 1788 1063 1844 .S.
1103 1788 1331 1854 Joanne,
1363 1806 1478 1858 qua:
1512 1802 1629 1858 post
1663 1789 1864 1845 Pascha
1905 1791 2094 1861 legun-

540 1895 646 1940 tur,
684 1882 858 1935 solum
894 1896 957 1934 ea
993 1889 1237 1948 superest
1272 1896 1391 1948 qute
1437 1892 1519 1934 est
1557 1882 1620 1934 de
1645 1880 2011 1946 Samaritana,
2039 1891 2092 1937 et

535 1989 598 2026 ex
631 1972 864 2026 homiliis
890 1972 942 2026 in
976 1973 1252 2041 evangelia
1287 1971 1344 2026 S.
1374 1970 1630 2038 Mattlnei,
1659 1989 1778 2044 qua:
1807 1987 1925 2044 post
1954 1973 2092 2030 Pen-

536 2074 776 2120 tecosten
825 2066 1006 2134 plures
1056 2073 1214 2128 sunt,
1272 2079 1454 2134 paucze
1521 2066 1805 2120 admodum
1855 2077 2087 2122 exstant.

537 2157 833 2212 Factumne
869 2157 919 2210 id
966 2157 1037 2211 sit
1079 2158 1205 2226 quia
1245 2157 1405 2210 dictae
1434 2171 1536 2210 non
1581 2165 1704 2209 sunt
1754 2157 1838 2209 vel
1877 2160 2093 2223 propter

540 2248 744 2302 a-statis
775 2247 1001 2312 calores,
1035 2248 1114 2300 vel
1145 2255 1361 2316 prepter
1394 2248 1689 2302 absentiam
1723 2249 1992 2316 episcopi:
2021 2263 2090 2302 an

534 2337 662 2404 quia
714 2337 872 2390 dirtte
917 2337 1126 2404 quidem
1160 2375 1176 2401 ,
1246 2353 1349 2391 non
1429 2346 1603 2390 tamen
1660 2339 1970 2407 exseriptze‘,
2007 2339 2089 2392 vel

534 2413 817 2498 esst-cipue
863 2426 1139 2498 profecto,
1203 2429 1296 2482 sed
1347 2427 1684 2496 interierint,
1741 2429 1822 2485 vel
1889 2429 2089 2485 lateant

534 2521 709 2571 adhuc
741 2519 791 2570 in
824 2519 999 2587 aliqua
1035 2519 1354 2573 bibliotheca
1390 2535 1563 2588 neque
1600 2521 1664 2574 ad
1694 2531 1932 2575 nostram
1966 2537 2090 2590 per-

535 2609 782 2662 venerint
811 2609 1080 2668 notitiam,
1119 2621 1221 2660 uon
1267 2609 1437 2662 habeo
1486 2621 1689 2664 certum
1720 2611 1859 2680 quod
1889 2612 2087 2666 dicam.

536 2699 800 2753 llomilias
838 2703 889 2752 in
929 2698 1012 2751 vlla
1050 2702 1229 2763 verba,
1264 2697 1495 2756 Lucerna
1527 2706 1758 2771 corporis
1784 2716 1860 2759 est
1907 2707 2089 2761 oculus

534 2799 588 2845 et
615 2791 669 2844 in
705 2791 905 2860 reliqua
949 2790 1177 2860 ejusdem
1208 2793 1480 2862 euangelii,
1529 2795 1580 2848 iu
1618 2793 1921 2850 Dominieas
1966 2806 2086 2867 post

537 2881 887 2937 Pentecosteu
920 2881 1192 2952 conjicere
1220 2883 1392 2938 visum
1423 2891 1505 2939 est
1541 2899 1661 2938 cum
1699 2883 1808 2939 sint
1833 2901 1898 2940 ex
1924 2900 2088 2941 evan-

535 2973 674 3041 gelio
714 2964 774 3026 S.
807 2971 1059 3037 Matthxi,
1099 2975 1199 3030 etsi
1235 2973 1288 3028 in
1328 2974 1506 3030 multis
1544 2973 1703 3030 codd.
1753 2976 2087 3044 reperiantur

537 3063 678 3117 inter
704 3077 799 3117 eas
829 3077 947 3131 qua:
973 3074 1098 3118 sunt
1125 3063 1179 3118 in
1207 3061 1271 3119 D.
1298 3061 1521 3119 Lucam.
1553 3064 1682 3130 Sed,
1716 3073 1774 3119 ut
1797 3065 1931 3132 dixi,
1965 3080 2087 3121 cum

536 3161 748 3209 constet
772 3155 906 3208 ordo
950 3151 1076 3207 anni
1121 3168 1229 3222 quo
1271 3154 1628 3224 disponuntur
1651 3157 1951 3227 evangelia,
1981 3172 2088 3215 non

539 3251 718 3296 tanien
746 3242 1074 3314 singulorum
1103 3243 1342 3309 Εὑταξέα
1367 3245 1421 3300 in
1455 3246 1613 3304 codd.
1636 3257 1858 3318 apparet
1883 3266 1898 3302 :
1926 3263 2092 3318 quare

538 3341 683 3386 recta
720 3334 926 3388 ratione
954 3335 1284 3403 arbitrioque
1313 3346 1496 3390 nostro
1525 3337 1605 3390 usi
1636 3352 1855 3404 sumus;
1892 3339 1994 3394 nisi
2017 3341 2088 3405 si,

535 3424 677 3492 quod
705 3434 879 3478 tamen
907 3438 991 3477 me
1025 3425 1173 3490 latet,
1217 3425 1360 3492 quod
1389 3427 1439 3480 in
1485 3427 1794 3482 Graecorum
1823 3429 1928 3483 ritu
1960 3445 2094 3484 usu-

531 3527 640 3584 que
686 3513 755 3567 sit
808 3513 1038 3582 positum
1090 3512 1516 3586 μυστικώτερον.
1541 3515 1691 3582 Quod
1737 3525 1915 3574 tamen
1962 3519 2091 3575 mihi

537 3602 780 3672 religioni
811 3619 917 3657 non
947 3601 1105 3668 duco,
1135 3618 1280 3669 cum,
1311 3614 1368 3659 ut
1398 3606 1532 3671 dixi,
1576 3609 1711 3663 ordo
1743 3609 1832 3666 hic
1882 3626 1985 3665 non
2021 3612 2094 3666 slt

537 3708 603 3746 ex
637 3695 796 3749 rebus
827 3698 1002 3766 magni
1036 3699 1308 3755 momenti.
1345 3697 1587 3753 doctrina
1635 3700 1804 3755 solum
1850 3712 1905 3758 et
1931 3689 2114 3758 e\‘an-'

538 3779 799 3846 grltorum
856 3782 1142 3850 explicatio
1195 3785 1313 3839 usui
1369 3786 1440 3839 sit
1488 3795 1542 3842 et
1594 3791 1768 3859 magni
1825 3789 2089 3846 facienda.

537 3868 820 3924 llomiliam
870 3873 950 3934 ei;
1000 3871 1090 3925 τὸν
1144 3878 1443 3944 γενόμενον
1488 3879 1700 3948 αὐχμὸν
1743 3897 1864 3936 cum
1922 3884 2094 3950 neque

540 3965 704 4029 diem,
742 3977 918 4033 neque
943 3972 1152 4034 tempus
1174 3956 1299 4021 anni
1326 3980 1530 4024 certum
1561 3972 1776 4035 habeat,
1808 3973 1860 4025 in
1885 3983 2094 4042 postm

543 4069 688 4106 munt
737 4053 1039 4120 redegintns
1092 4057 1285 4123 lorum,
1328 4067 1380 4113 et
1423 4061 1600 4129 potius
1646 4073 1796 4115 estra
1847 4063 2091 4117 ordinent

536 4157 697 4211 quam
729 4143 792 4197 i-iu
821 4145 1010 4198 ordine
1061 4150 1416 4215 reposuimus.
1450 4152 1622 4220 Atque
1655 4152 1779 4207 .lnec
1823 4163 2095 4223 utcunque

539 4237 605 4288 de
638 4236 778 4289 set-ie
807 4235 1149 4292 homiliarum
1185 4239 1436 4307 pra-dicta
1474 4241 1603 4304 sint,
1655 4257 1810 4310 quam
1842 4253 2000 4312 prout
2037 4242 2091 4299 in

541 4335 725 4379 nostro
750 4325 852 4381 hoc
876 4326 1015 4384 libro
1042 4340 1101 4384 se
1137 4329 1352 4398 habeat,
1380 4333 1722 4402 subjiciemus
1747 4337 1816 4391 ob
1846 4335 2053 4394 oculos.

917 4462 945 4532 ᾗ
984 4462 1074 4518 IV.
1113 4463 1270 4519 Ratio
1309 4467 1714 4535 interpretandi.

612 4588 781 4655 Quam
813 4590 1029 4647 dilbeite
1057 4605 1113 4651 et
1148 4612 1430 4665 operosum
1468 4603 1733 4670 negOtium
1767 4603 1839 4659 sit
1875 4621 1941 4660 ex
1988 4623 2092 4662 una

539 4679 720 4750 lingua
751 4681 804 4734 in
837 4680 995 4736 aliam
1032 4693 1271 4739 veterum
1322 4690 1520 4755 scripta
1562 4693 1857 4757 traducere,
1897 4696 1942 4750 is
1977 4711 2093 4749 om-

542 4772 690 4826 nium
727 4772 928 4841 op'ltue
959 4775 1108 4828 novit
1133 4776 1219 4844 qui
1255 4777 1554 4842 huiusmodi
1590 4784 1861 4851 negotium
1899 4795 2094 4840 tractat

540 4871 594 4916 et
626 4864 725 4918 hoc
754 4879 939 4919 saxum
981 4878 1175 4921 versat.
1211 4865 1287 4921 Ex
1327 4868 1522 4937 quibus
1567 4873 1811 4925 euntibus
1858 4873 2094 4930 luculen-

540 4953 780 5008 tissimus
821 4959 970 5011 testis
1001 4957 1090 5020 sit.
1137 4960 1765 5027 utpoteseieutissimus.
1795 4965 2092 5033 linguarum

540 5044 812 5111 omnium,
840 5047 1208 5119 Hieronymus,
1246 5053 1336 5120 qui
1364 5063 1418 5106 et
1447 5069 1511 5108 ex
1540 5051 1764 5109 llehra-o
1785 5070 1934 5111 sacra
1980 5072 2095 5110 mo-

543 5147 829 5199 numenta,
882 5145 934 5191 et
981 5153 1046 5191 ex
1097 5140 1282 5195 Gneco
1337 5145 1562 5198 aliorum
1616 5145 1778 5201 multa
1837 5147 2090 5202 traduxit.

547 5225 760 5295 Difﬁcile
807 5235 920 5289 est,
973 5226 1144 5294 ittqttit
1182 5231 1266 5281 ille
1299 5233 1350 5284 in
1393 5223 1745 5291 'Prtel'atioue‘
1776 5238 1841 5290 ad
1875 5237 2090 5292 Eusebii

544 5317 871 5381 Chronicon,
902 5320 1101 5371 alienas
1132 5320 1334 5373 litteras
1363 5305 1730 5392 insequentem,
1776 5345 1875 5383 non
1901 5329 2095 5383 alicubi

544 5413 810 5474 excidere;
841 5421 887 5464 et
906 5414 1155 5477 arduum,
1177 5424 1227 5465 ut
1252 5429 1366 5478 qua'
1393 5418 1445 5468 in
1471 5419 1576 5471 alia
1603 5421 1781 5489 lingua
1807 5423 1929 5477 bene
1950 5423 2094 5476 dicta

545 5515 688 5566 sunt,
729 5503 966 5556 eumdem
1014 5503 1248 5569 decorem
1293 5507 1343 5558 in
1388 5508 1730 5563 translatione
1773 5522 2092 5567 conservent.

550 5589 591 5644 S
611 5592 914 5660 gniﬁcatuns
943 5603 1018 5646 est
1053 5595 1250 5660 aliquid
1281 5596 1434 5647 unius
1465 5598 1602 5650 verbi
1632 5605 1967 5669 proprietate,
1993 5622 2096 5659 non

546 5680 710 5735 habeo
747 5701 912 5736 meum
944 5688 1082 5752 quod
1111 5685 1164 5738 id
1195 5687 1414 5753 c/ferat;
1477 5695 1527 5740 et
1557 5691 1676 5740 dant
1699 5707 1873 5756 qutrro
1894 5697 2099 5761 explere

549 5777 878 5841 sententiam,
910 5777 1062 5848 longe
1092 5777 1291 5834 ambitu
1325 5781 1409 5834 ria:
1445 5779 1608 5835 brutis
1650 5782 1742 5836 vita
1781 5786 1946 5848 spatia
1978 5802 2098 5839 con-

1497 402 1890 466 FllANClSCl
1928 402 2189 464 SCORSI
2225 403 2650 464 PROOEMIUM
2691 405 2800 466 lli.

3586 401 3770 466 -123

2204 529 2374 566 sumo.
2402 517 2666 568 Accedunt
2705 516 3101 585 Itgperbatoram
3140 514 3436 583 anfractus.
3489 516 3771 570 dissimili-

2201 605 2409 657 tudines
2427 621 2664 666 casuum.
2687 608 2957 659 varietates
2975 607 3262 675 figurarum
3281 624 3300 670 ;
3318 609 3483 671 ipsum
3501 620 3769 676 postremo

2201 710 2374 756 suum,
2419 704 2488 759 et,
2536 704 2592 747 ut
2639 697 2714 747 ita
2748 697 2940 761 dicam,
2984 697 3315 750 vernaculam
3348 698 3541 766 linguw
3576 714 3764 767 genus.

2203 784 2264 839 Si
2289 788 2358 838 ad
2408 788 2611 840 uerbum
2657 778 2989 854 interpretor,
3045 790 3265 841 absurde
3310 799 3554 851 resonat;
3597 789 3643 841 si
3692 789 3762 841 ob

2202 875 2555 928 necessitatem
2587 875 2786 944 aliquid
2824 879 2874 930 in
2904 877 3086 930 ordine
3114 878 3186 930 eel
3224 877 3276 930 in
3323 894 3559 933 sermone
3586 891 3765 931 muta-

2201 980 2340 1026 rero,
2381 965 2446 1017 ab
2495 967 2788 1036 interpretis
2838 969 3049 1022 ridebor
3091 969 3258 1038 ofﬁcio
3301 969 3587 1022 recessisse.
3634 968 3762 1023 llaec

2200 1054 2259 1110 S.
2300 1055 2681 1128 Hieronymus,
2711 1062 2907 1128 quibus
2935 1060 3066 1114 nihil
3097 1071 3269 1129 potest
3296 1060 3505 1128 planius
3535 1060 3612 1114 vel
3633 1060 3761 1126 ple-

2199 1148 2320 1200 nius
2346 1147 2412 1202 de
2441 1136 2826 1218 interpret-andi
2863 1149 3421 1216 dillicultatibusdiei;
3469 1151 3599 1220 quin
3637 1151 3759 1219 ipso

2198 1235 2406 1293 Tullius
2427 1240 2706 1308 eloquendi
2732 1242 3140 1304 disertissimus.
3163 1243 3249 1297 eui
3269 1243 3458 1296 ntirtun
3482 1251 3566 1296 est
3589 1244 3756 1296 verba

2197 1331 2383 1385 deesse
2430 1332 2668 1400 potuisse
2697 1334 2720 1385 ε’
2744 1347 2865 1385 cum
2899 1332 3012 1401 ipse
3039 1333 3081 1386 si
3115 1335 3238 1402 quis
3275 1333 3412 1389 alius
3445 1349 3756 1389 sermonem

2196 1422 2425 1492 patrium
2457 1424 2730 1489 ditaverit,
2774 1438 2953 1479 nonne
2981 1426 3135 1495 inops
3167 1441 3287 1480 esse
3318 1426 3420 1480 sibi
3452 1427 3662 1481 videtur
3697 1426 3754 1480 in

2194 1512 2544 1581 exprimenda
2580 1515 2628 1568 vi
2660 1525 2714 1569 et
2756 1517 2974 1585 euergia
3016 1515 3323 1570 Graecarum
3353 1517 3582 1571 vocum?
3619 1517 3753 1571 Nam

2195 1617 2316 1671 qua
2351 1603 2518 1659 Stoici
2549 1606 2875 1675 προηγμένα
2906 1615 2960 1662 et
3000 1608 3462 1678 ἀποπροηγμένα.
3525 1609 3636 1663 haec
3664 1609 3759 1663 ille

2193 1693 2479 1762 aliquando
2493 1706 2778 1765 pragntata
2800 1705 2852 1750 et
2869 1710 3281 1768 apoprcegmata,
3303 1699 3593 1768 aliquando
3615 1714 3758 1767 pra:-

2192 1783 2364 1849 poslta
2385 1784 2468 1838 vel
2490 1788 2757 1855 prccipua
2779 1797 2833 1841 et
2868 1787 3077 1857 νείατα,
3111 1805 3492 1861 nonnunquam
3515 1803 3757 1860 promota

2191 1874 2246 1928 et
2275 1885 2472 1950 remota
2501 1878 2683 1944 vertit;
2716 1891 2774 1934 ut
2801 1880 2955 1935 initio
2982 1881 3074 1935 lib.
3106 1897 3164 1938 ιιι
3194 1881 3268 1936 De
3295 1882 3487 1952 ﬁnibus
3518 1883 3618 1939 sub
3645 1886 3755 1940 Ca-

2197 1966 2342 2018 tonis
2364 1958 2589 2032 persana
2611 1984 2627 2022 :
2652 1967 2906 2037 Equidem
2925 1970 3065 2026 soleo
3085 1973 3260 2034 etiam,
3274 1973 3413 2043 quod
3437 1991 3538 2027 uno
3557 1971 3753 2041 Grati,

2190 2055 2240 2108 si
2269 2056 2425 2109 aliter
2449 2073 2552 2109 non
2577 2074 2809 2126 possunt,
2838 2062 2975 2115 idem
3004 2062 3240 2129 pluribus
3274 2066 3440 2118 verbis
3464 2079 3756 2133 exponere;

2192 2154 2239 2196 et
2270 2153 2442 2198 tamen
2462 2158 2586 2213 puto
2608 2149 2820 2202 concedi
2838 2152 2988 2204 nobis
3016 2163 3275 2219 oportere,
3303 2163 3358 2206 ut
3390 2149 3570 2209 Greece
3599 2156 3756 2209 uerbo

2192 2244 2424 2298 utamur,
2469 2239 2515 2291 si
2542 2239 2748 2309 quando
2771 2242 2947 2297 minus
2971 2253 3211 2299 occurrat
3251 2244 3516 2310 Latinum,
3561 2263 3623 2300 ne
3655 2248 3755 2300 hoc

2190 2326 2444 2397 ephippiis
2473 2340 2523 2382 et
2553 2331 2912 2399 acratophoris
2949 2334 3125 2403 potius
3168 2352 3324 2405 quam
3363 2322 3670 2406 prwgaienis
3699 2348 3754 2391 et

2187 2421 2594 2489 aporrtrgmenis
2639 2423 2970 2490 concedatur,
3027 2443 3322 2496 quanquam
3374 2426 3481 2481 hac
3530 2427 3744 2498 quidem

2188 2514 2474 2582 prwposita
2510 2521 2648 2566 recte
2674 2522 2725 2567 et
2767 2514 2963 2583 rejects
3006 2513 3180 2570 dicere
3223 2515 3416 2571 licebit.
3476 2516 3540 2572 ει
3589 2518 3756 2586 paulo

2189 2611 2309 2670 post
2359 2603 2412 2655 in
2459 2604 2647 2657 eodem
2685 2605 2820 2657 libro
2853 2605 2921 2658 de
2972 2605 3161 2658 iisdem
3211 2606 3453 2674 loquens,
3503 2605 3606 2660 Sed
3653 2625 3750 2673 ea,

2189 2696 2385 2765 inquit,
2424 2713 2540 2765 qua:
2585 2700 2870 2752 secundum
2919 2700 3090 2751 locum
3122 2700 3352 2754 obtinent
3387 2702 3752 2772 'npoqypiva,

2188 2787 2244 2844 id
2269 2797 2344 2842 est
2375 2789 2633 2857 producta
2665 2789 3023 2852 nuntiaantnr,
3053 2804 3168 2858 quis
3195 2791 3271 2845 vel
3305 2792 3379 2860 ita
3411 2793 3751 2862 appellemus,

2187 2879 2245 2934 id
2267 2881 2368 2935 erit
2396 2880 2606 2935 uerbum
2630 2896 2658 2934 ε
2695 2881 2869 2949 uerbo,
2921 2880 2999 2936 ecl
3027 2893 3272 2953 promota
3311 2893 3360 2940 et
3393 2895 3617 2950 remota,
3669 2885 3757 2940 uel

2189 2977 2247 3022 ut
2275 2969 2476 3022 dudum
2510 2970 2772 3036 diximus,
2814 2971 3121 3039 praepesita,
3167 2972 3245 3026 uel
3271 2973 3537 3045 praecipua
3565 2983 3614 3032 et
3651 2975 3754 3029 illa

2190 3061 2411 3130 reiecta.
2471 3058 2597 3115 llzec
2661 3059 2891 3118 Tullius.
2957 3062 3086 3129 Quas
3136 3063 3363 3117 duorum
3416 3076 3752 3119 summorum

2191 3153 2428 3208 virorum
2458 3155 2762 3209 testimonia
2797 3168 2863 3210 eo
2902 3157 3198 3224 producere
3238 3155 3405 3222 volui,
3448 3158 3577 3212 utsi
3609 3154 3752 3212 idem

2191 3243 2323 3297 mihi
2377 3245 2432 3297 in
2487 3245 2590 3301 hae
2635 3245 3076 3314 interpretatione
3131 3248 3406 3304 condenda
3458 3247 3756 3320 contigisse

2193 3332 2389 3400 fatear,
2437 3337 2556 3391 sine
2595 3338 2795 3401 pudore
2842 3338 3084 3395 conﬁteri
3126 3355 3361 3409 possem.
3406 3342 3584 3408 Quare
3622 3353 3748 3397 eum

2191 3430 2365 3480 essem
2399 3425 2540 3479 inter
2573 3425 2693 3480 illos
2723 3427 2854 3484 duos
2891 3429 3082 3484 modos
3128 3445 3222 3485 seu
3252 3431 3431 3500 p0tius
3479 3431 3614 3496 lines
3652 3443 3756 3487 et-

2195 3525 2396 3571 tremos
2431 3516 2772 3578 interclusus.
2809 3520 2864 3574 in
2909 3535 3133 3589 quorum
3159 3522 3474 3579 alterutrum
3506 3526 3552 3579 si
3581 3521 3753 3579 decli-

2193 3623 2399 3674 narem,
2431 3610 2482 3663 in
2516 3610 2702 3663 vitium
2729 3609 3078 3681 impiugerem
3103 3627 3122 3665 :
3152 3612 3493 3668 nimlrmnut
3521 3613 3600 3670 vel
3631 3627 3758 3668 ver-

2192 3700 2318 3754 bunt
2371 3715 2436 3754 ex
2476 3699 2638 3756 verbo
2693 3701 2972 3756 redderem
3007 3692 3216 3768 Greca,
3265 3700 3440 3759 Latini
3486 3705 3756 3760 sermonis

2194 3790 2388 3845 decore
2423 3790 2763 3858 posthabito;
2829 3791 2910 3846 Vel
2954 3807 3170 3847 sensum
3214 3792 3386 3850 solum
3427 3803 3749 3862 spectarem,

2193 3879 2334 3933 nulla
2368 3878 2680 3936 Gracarutn
2734 3897 2926 3937 vocum
2984 3883 3158 3939 habita
3215 3884 3460 3950 ratione,
3519 3899 3752 3956 quarunt

2192 3970 2510 4026 alterutrum
2548 3971 2765 4028 facilius
2801 3984 2854 4030 et
2884 3975 3172 4043 proclivius
3210 3976 3448 4032 futurum
3479 3989 3619 4044 erat,
3657 3993 3752 4034 se-

2191 4073 2350 4119 cutus
2391 4078 2511 4120 sum
2562 4064 2667 4120 tale
2716 4075 3219 4135 temperamentum,
3256 4080 3317 4125 ut
3360 4085 3460 4128 nec
3504 4071 3643 4126 facta
3679 4070 3751 4125 ad

2195 4153 2416 4208 verbum
2466 4157 2720 4212 evaderet
2765 4158 2943 4227 inepta
2998 4162 3311 4228 translatio;
3344 4172 3400 4217 et
3445 4174 3619 4218 tamen
3673 4161 3750 4216 ita

2193 4257 2389 4301 sensus
2419 4243 2606 4300 Latina
2640 4247 2822 4315 phrasi
2847 4263 2938 4304 seu
2987 4249 3168 4317 potius
3206 4236 3578 4322 complexione
3612 4268 3748 4306 cuu-

2194 4349 2485 4404 verterem,
2516 4349 2572 4392 ut
2601 4342 2778 4395 verbis
2808 4340 2971 4394 etiam
3001 4342 3226 4410 singulis
3260 4343 3447 4412 quoad,
3489 4342 3608 4414 ejus
3631 4342 3748 4397 lleri

2194 4440 2396 4499 posset,
2425 4431 2587 4484 verba
2623 4433 3027 4498 responderent.
3066 4432 3124 4488 ln
3157 4448 3264 4503 quo
3287 4435 3532 4503 equidem
3559 4432 3746 4488 elabo-

2195 4533 2344 4572 rasse
2379 4521 2506 4572 mihi
2540 4522 2757 4584 videor;
2800 4532 2978 4574 utrum
3009 4523 3110 4575 sint
3159 4537 3440 4578 assecutus
3483 4523 3571 4578 alii
3596 4521 3748 4593 judi-

2195 4619 2342 4662 cent.
2377 4609 2508 4660 lllud
2542 4607 2786 4676 profecto
2817 4625 2996 4663 verunt
3039 4613 3262 4665 dixcritu
3300 4615 3584 4668 nonnullas
3620 4625 3751 4668 seu-ﬁ

2200 4701 2414 4761 tentias,
2437 4701 2482 4750 si
2515 4714 2632 4752 meo
2655 4700 2834 4763 modo,
2853 4711 2904 4753 et
2935 4717 3102 4763 more,
3122 4710 3174 4754 et
3200 4717 3264 4756 eo
3283 4704 3548 4757 sermonis
3573 4701 3747 4757 Latini

2197 4788 2356 4858 stylo,
2394 4789 2478 4842 cui
2509 4804 2625 4841 sum
2657 4768 2931 4852 assuetus,
2956 4791 3228 4859 explicare
3256 4791 3515 4856 licuisset,
3537 4793 3752 4862 elegan-

2197 4879 2304 4933 tius
2344 4889 2399 4934 et
2447 4881 2762 4935 conciunius
2815 4896 2907 4935 eas
2945 4880 3118 4934 cllerri
3162 4882 3436 4950 potuisse;
3482 4885 3576 4938 sed
3624 4883 3749 4953 quia

2199 4968 2509 5036 interpretis
2539 4967 2713 5024 oﬂicio
2763 4969 2974 5039 ﬁdeque
3013 4971 3282 5038 obligatus
3328 4971 3458 5025 mihi
3507 4973 3748 5039 videbar,
3795 4998 3802 5003 '

2196 5073 2292 5113 eas
2325 5073 2430 5112 non
2480 5069 2540 5113 ut
2584 5060 2889 5123 voluissem.
2940 5062 3031 5115 sed
3078 5072 3137 5114 ut
3181 5062 3486 5116 debuissem
3528 5053 3749 5118 Latinas

2198 5149 2410 5205 fecisse.
2447 5149 2586 5217 Quin
2626 5149 2790 5206 etiam
2825 5152 2954 5205 illud
2983 5165 3205 5206 servare
3234 5152 3399 5218 volui,
3438 5163 3498 5206 ut
3530 5152 3644 5208 luce
3669 5154 3749 5207 in-

2203 5245 2563 5310 terprc-tatio,
2617 5245 3048 5314 quandoquidem
3109 5261 3169 5300 ea
3233 5259 3425 5303 usuros
3474 5245 3759 5312 crederem,

2199 5335 2363 5398 etiam
2403 5349 2500 5402 pro
2555 5345 2806 5406 suggcstu
2846 5350 3034 5390 sacros
3086 5346 3365 5402 oratores,
3417 5350 3522 5391 non
3578 5336 3651 5389 ita
3693 5335 3747 5389 in

2200 5424 2475 5480 Ciceronis
2508 5436 2688 5495 partes
2744 5429 3017 5490 transiret,
3055 5438 3112 5482 ut
3138 5443 3167 5481 a
3202 5429 3460 5496 religione
3501 5429 3746 5483 discede-

2203 5525 2311 5576 ret;
2345 5527 2398 5570 et
2420 5517 2543 5570 dmn
2578 5519 2736 5571 nin'tis
2764 5520 2931 5573 videri
2959 5521 3113 5587 cupio
3133 5520 3539 5582 Ciceronianus,
3573 5518 3749 5570 minus

2200 5608 2540 5664 Christianus
2560 5611 2793 5663 viderer.
2813 5609 2868 5664 Si
2895 5611 3058 5664 dictio
3085 5611 3296 5681 aliquod
3321 5607 3746 5666 ecclesiasticmll

2202 5707 2434 5764 saperet,
2468 5699 2515 5751 id
2548 5700 2675 5751 mihi
2709 5699 2848 5751 laudi
2887 5701 3062 5780 potius
3102 5717 3260 5769 quam
3305 5704 3433 5757 vitio
3477 5697 3752 5780 ascribun-

2206 5789 2332 5842 dnm
2369 5787 2518 5842 duxi.
2547 5787 2730 5857 itaque
2759 5803 2877 5843 cum
2909 5774 3092 5847 multis
3115 5791 3213 5846 SS.
3247 5791 3493 5848 [λιιι-ξι)οι
3518 5774 3748 5852 Latinis,
