3944 6332
470 306 576 378 Sili

1636 287 2130 354 THEOPHAXIS
2171 282 2512 347 CERAMEI

3617 271 3725 337 5ἳο

553 443 572 474 ι
607 421 672 475 Ut
696 431 825 490 ergo
850 413 1073 479 audivit,
1099 410 1222 482 quia
1253 405 1651 466 iniirmabatur,
1677 412 1803 456 tunc
1829 398 2042 468 quidem
2080 404 2096 459 Α

2227 415 2244 447 ι
2287 394 2380 457 Ὠς
2417 391 2511 447 οὖν
2568 392 2825 463 ἦκουσεν,
2858 391 2938 444 ὅτι
2970 390 3210 454 ἀσθενεῖ,
3235 389 3355 444 τότε
3416 386 3518 458 μὲν
3575 387 3729 458 Epu-

472 516 670 568 mansit
707 510 759 564 in
795 508 982 564 eodem
1033 506 1150 559 loco
1192 501 1403 556 duobus
1450 497 1660 561 dielms,
1693 492 1883 548 deinde
1929 497 2050 559 post

476 606 593 658 Iure
621 601 748 655 dicit
773 596 1048 668 discipulis
1073 595 1185 649 suis
1217 610 1232 646 :
1261 591 1460 645 Eamus
1485 588 1540 641 in
1560 584 1801 640 Jttdzeam
1830 582 2048 635 iterum;

477 695 674 750 Dicunt
726 693 775 746 ei
827 687 1070 758 discipuli
1120 702 1135 741 :
1177 682 1386 746 Rabbi,
1446 692 1589 733 nunc
1641 671 1950 744 quarebant
2004 679 2054 723 te

479 776 645 844 Judaei
698 783 955 854 lapidare.
1004 788 1059 833 et
1107 780 1304 832 iterum
1336 771 1484 828 vadis
1519 769 1680 824 illuc?
1726 785 1745 818 ι
1781 764 1926 819 Duos
1960 776 2056 817 ex-

481 887 690 954 spectat
724 878 839 931 dies
879 883 936 928 ut
971 881 1294 943 potestatem
1327 875 1533 920 natura:
1577 861 1739 917 faciat
1766 854 2054 913 exercendi

477 973 586 1026 vim
624 966 780 1039 162
811 980 1000 1030 suam;
1035 973 1091 1017 ut
1128 960 1358 1027 scilicet,
1391 967 1671 1029 postquam
1699 955 1849 1006 m‘ors
1891 947 2057 1003 auda-

480 1071 597 1116 eter
628 1060 900 1114 dominata
950 1055 1160 1117 fuisset,
1196 1051 1366 1118 majus
1411 1047 1790 1102 ostenderetur
1820 1040 2057 1095 miracu-

487 1155 593 1207 lmn
650 1165 703 1205 et
757 1150 928 1219 magis
977 1139 1334 1216 inopinatum.
1389 1139 1445 1195 Si
1477 1138 1621 1194 enim
1661 1152 1692 1191 e
1737 1133 1962 1202 vestigio
2006 1131 2057 1184 in

485 1243 802 1299 Bethaniam
856 1238 1132 1310 profectus
1177 1245 1342 1299 esset,
1408 1248 1513 1287 non
1565 1238 1684 1284 erat
1735 1225 2062 1282 conveniens

488 1337 749 1391 Lazarum
784 1333 957 1397 mori;
993 1345 1097 1385 uon
1130 1330 1272 1384 enim
1306 1326 1418 1381 lieri
1473 1332 1670 1393 potest,
1700 1329 1759 1374 ut
1793 1333 1939 1371 mors
1965 1330 2066 1385 po-

490 1437 609 1481 tens
657 1432 934 1494 appareat,
987 1422 1094 1474 vita
1140 1427 1428 1489 praesente.
1481 1410 1737 1480 Discipuli
1787 1408 1968 1477 igitur,
2005 1411 2067 1458 ut

491 1519 829 1572 audierunt:
883 1532 902 1564 ί
947 1513 1144 1566 Eamus
1190 1513 1242 1563 in
1283 1507 1544 1570 Judaeum,
1585 1521 1604 1555 ι
1649 1510 1704 1555 et
1739 1503 2065 1561 metuentes,

492 1626 561 1664 ne
604 1607 803 1662 Judasis
836 1605 1096 1658 Dominus
1143 1598 1345 1654 furoris
1373 1604 1515 1649 esset
1542 1593 1778 1664 occasio,
1811 1602 1920 1644 non
1952 1585 2067 1640 ausi

493 1702 709 1772 quidem
745 1708 867 1752 sunt
895 1695 1306 1751 contradicere.
1339 1687 1435 1742 sed
1467 1701 1564 1756 per
1609 1683 1842 1752 speciem
1879 1681 2069 1732 admo-

2158 504 2267 547 νεν,
2299 488 2358 538 ὲν
2379 478 2423 553 ᾧ
2467 479 2535 555 ἦν
2561 482 2734 552 τόπῳ,
2761 482 2856 535 δύο
2890 481 3104 552 ἡμέρας
3124 497 3136 509 ·
3171 480 3363 536 ἔπειτα
3380 480 3520 551 μετὰ
3543 477 3730 532 τοῦς-οι

2159 579 2312 646 λέγει
2340 577 2454 639 τοῖς
2493 573 2764 646 μαθηταῖς
2790 571 2956 626 αὐτοῦ
2979 590 2992 602 ·
3030 572 3293 642 Ἄγωμεν
3343 574 3422 635 εἰς
3456 571 3557 642 τὴν
3599 569 3728 622 ’1ου-

2158 671 2312 725 δαίαν
2335 669 2521 744 πᾲλιν.
2574 667 2841 737 Λέγουσιν
2870 664 3018 728 αὐτῷ
3069 667 3116 718 οἱ
3163 663 3407 734 μαθηται
3436 680 3451 694 ·
3504 661 3729 723 Ῥαϐεὶ,

2163 761 2259 815 νῦν
2277 761 2508 832 ἐζήτουν
2537 775 2597 813 σε
2623 760 2674 812 οἱ
2711 759 2959 812 Ἰουδαῖοι
3013 756 3257 820 λιθάσαι,
3291 753 3385 808 καὶ
3413 755 3577 809 πάλιν
3632 754 3736 806 ὑπ-

2164 855 2319 925 άγεις
2348 855 2498 921 hist;
2539 873 2557 905 ι
2595 853 2698 907 Δύο
2728 852 2943 924 ἡμέρας
2972 849 3299 922 προσμένει,
3335 847 3519 918 χώραν
3558 846 3738 910 διδοὺς

2162 947 2230 1016 τῇ
2255 942 2418 1013 φύσει
2442 944 2740 1014 ἐνεργῆσαι
2774 941 2835 996 τὸ
2864 941 3032 995 ἴδιονο
3064 942 3140 1004 ὡς
3166 943 3233 996 ἂν
3279 941 3365 994 ἔπ’
3396 938 3585 999 ἀδείας
3643 933 3741 989 τοῦ

2168 1036 2404 1092 θανάτου
2429 1035 2976 1107 κατακρατήσαντος,
3007 1033 3196 1104 δειχθῇ
3233 1033 3294 1087 τὸ
3323 1031 3512 1101 θαῦμα
3560 1046 3745 1100 παρα-

2166 1130 2467 1201 δοξότερον.
2500 1128 2562 1182 Ei
2591 1128 2700 1198 γὰρ
2732 1126 2894 1190 εὐθὺς
2929 1127 3010 1191 εἰς
3049 1125 3323 1196 Βηθανίαν
3386 1124 3744 1195 ἐξώρμησεν,

2168 1226 2268 1279 οὐκ
2295 1220 2364 1297 ἦν
2388 1223 2535 1286 εἰκὸς
2573 1220 2835 1275 τεθνάναι
2861 1219 2953 1273 τὸν
2980 1219 3255 1290 Λάζαρον.
3292 1219 3403 1272 Καὶ
3432 1216 3545 1287 γὰρ
3595 1215 3745 1285 ἀμή-

2171 1336 2356 1390 χανον,
2375 1316 2475 1387 τῆς
2497 1313 2646 1385 ζωῆς
2676 1313 2983 1384 παρούσης,
3007 1311 3232 1384 ἐνεργον
3260 1311 3493 1382 ὀφθῆναι
3526 1308 3620 1363 τδν
3649 1307 3748 1360 θά-

2172 1427 2351 1463 νατον.
2372 1411 2436 1462 Οἱ
2461 1407 2642 1462 τοίνυν
2672 1407 2913 1477 μαθηταὶ
2929 1406 3266 1468 ἀκούσαντες
3293 1402 3387 1458 τό·
3434 1421 3453 1454 ι
3484 1401 3749 1471 Ἄγωμεν

2174 1502 2256 1564 εἰς
2314 1499 2414 1571 τὴν
2456 1497 2790 1563 Ἰουδαίαν,ι
2825 1497 2923 1550 καὶ
2977 1496 3301 1559 δεδοικότες,
3358 1495 3434 1566 μὴ
3486 1494 3586 1563 τῆς
3645 1490 3752 1543 τῶν

2191 1590 2466 1645 Ἰουδαίων
2491 1589 2692 1660 λύττης
2722 1586 2885 1657 ἔργον
2912 1589 2940 1641 ό
2956 1586 3282 1648 διδάσκαλος
3303 1585 3558 1655 γένηται,
3577 1583 3754 1636 ἀντει-

2177 1686 2301 1737 πεῖν
2325 1682 2424 1754 μὶν
2444 1681 2545 1736 οὐκ
2579 1682 3017 1754 έθρασῦνθησαν,
3045 1681 3104 1733 ὲν
3136 1679 3498 1751 προσποιήσει
3528 1675 3586 1729 δὲ
3618 1676 3754 1728 ὑπο-

497 1793 658 1849 ncndi
691 1808 719 1845 a
751 1788 1014 1844 sententia
1051 1785 1198 1839 illum
1231 1779 1498 1836 deducere
1545 1775 1727 1833 conati
1761 1783 1923 1838 sunt;
1953 1779 2076 1839 apto

2202 1778 2434 1846 ινὴσεως
2468 1773 2725 1843 ἀπεῖρξαι
2773 1772 2964 1828 τοῦτον
2998 1768 3178 1841 ὁρμῆς
3223 1767 3624 1840 ἐπειράθησαν,
3670 1781 3759 1816 πι-

498 1885 752 1940 ttitnirum
809 1881 875 1934 ad
925 1874 1356 1948 persuadendum
1406 1871 1590 1926 dicere
1637 1864 2070 1937 aggrediuntur:

506 1996 526 2030 ι
570 1975 846 2044 Magister,
881 1983 1024 2024 nunc
1071 1966 1386 2036 querebaut
1434 1971 1484 2016 te
1513 1958 1684 2014 Judaei
1736 1954 1996 2024 lapidare,
2023 1957 2078 2005 et

502 2043 698 2124 iterum
734 2065 881 2118 vadis
907 2059 1066 2116 illuc?
1093 2077 1109 2110 ι
1149 2056 1287 2124 Quid
1320 2055 1486 2124 igitur
1518 2047 1802 2105 Salvator?
1828 2043 1933 2098 Per
1959 2055 2079 2096 set:-

503 2139 680 2218 sibilia
720 2159 914 2212 iterum
947 2161 1179 2206 mentem
1235 2160 1422 2202 eorum
1465 2141 1624 2212 erigit
1662 2141 1729 2194 ad
1762 2135 1977 2202 altiora,
2026 2141 2083 2187 et

506 2257 583 2312 ait
613 2251 717 2306 illis
748 2265 763 2302 :

584 2364 602 2397 ι
629 2342 814 2397 Nonne
841 2333 1122 2393 duodecim
1153 2340 1280 2388 sunt
1307 2329 1453 2385 hora:
1479 2323 1626 2383 diei?
1659 2322 1714 2380 Si
1745 2320 1869 2393 quis
1897 2319 2084 2374 ambu-

507 2435 700 2491 laverit
725 2434 776 2487 in
803 2432 912 2495 die,
943 2443 1047 2483 non
1075 2423 1320 2488 otl‘endit,
1349 2420 1475 2492 quia
1508 2418 1679 2474 lucem
1709 2414 1871 2485 hujus
1899 2410 2080 2469 mundi

508 2527 658 2581 videt
685 2544 699 2578 :
731 2525 773 2579 si
803 2533 982 2576 autem
1011 2515 1370 2571 ambulaverit
1397 2513 1452 2566 ιιι
1484 2519 1662 2575 nocte,
1691 2495 1935 2569 oiléndit,
1959 2503 2086 2574 quia

511 2618 601 2672 lux
649 2617 702 2670 in
738 2630 802 2669 co
834 2628 938 2666 non
985 2617 1088 2664 est.
1132 2624 1150 2658 ι
1183 2605 1391 2670 Quibus
1431 2600 1612 2657 verbis
1645 2599 1745 2652 hoc
1775 2595 2042 2666 signiﬁcat
2071 2609 2086 2646 :

516 2706 630 2765 Vos
658 2704 872 2776 quidem
909 2693 1685 2763 exhorruistis,existimantes
1713 2702 1800 2744 me
1831 2701 1860 2740 a
1890 2684 2090 2740 Judazis

521 2801 789 2873 lapidibus
819 2791 1184 2866 impeteudum
1213 2807 1230 2845 :
1259 2787 1356 2844 sed
1398 2787 1552 2855 longe
1581 2799 1612 2838 a
1650 2779 1929 2838 verisimili
1961 2794 2095 2834 cou-

515 2872 724 2964 jcctura
761 2886 1044 2945 oberratis.
1098 2883 1154 2938 Si
1197 2881 1340 2938 cnim
1370 2878 1462 2951 qui
1501 2878 1567 2931 de
1597 2877 1687 2931 die
1718 2874 1772 2930 in
1819 2872 1986 2928 horas
2013 2872 2097 2927 di-

524 2999 711 3040 menso
737 2979 1016 3034 duodecim
1072 2974 1332 3038 ambulat,
1367 2980 1513 3028 recta
1539 2969 1733 3040 pergit,
1762 2973 1815 3021 et
1845 2965 1963 3021 sine
1990 2962 2095 3018 ulla

523 3063 840 3138 offensione,
890 3082 1112 3137 tutoque
1159 3065 1380 3122 coniicit
1414 3064 1551 3129 iter,
1585 3059 1857 3130 quomodo
1901 3072 1997 3112 vos
2032 3055 2101 3110 de
2134 3118 2174 3142 ⁸

528 3163 754 3238 ιιιο,’‹ιιιῑ
792 3167 878 3217 lux
916 3160 1101 3215 mundi
1150 3161 1292 3222 sum,
1324 3153 1742 3226 pertimescitis?
1776 3150 1848 3205 Si'
1869 3151 1958 3205 lux
1991 3150 2104 3203 hare
2139 3156 2176 3181 δ

527 3259 772 3327 subjecta
811 3253 990 3310 sensui
1025 3253 1193 3321 ipsam
1225 3249 1498 3302 intuentes
1527 3252 1747 3314 praestat
1771 3241 2100 3303 incolumes,

533 3351 706 3420 magis
741 3363 863 3401 vera
901 3359 964 3398 ac
996 3343 1176 3397 divina
1232 3340 1322 3393 lux
1361 3339 1466 3392 ictu
1502 3336 1739 3404 lapidum
1776 3333 1952 3402 potior
1981 3331 2104 3385 erit.

530 3449 706 3512 Atque
733 3441 817 3494 hic
845 3451 974 3494 sane
1002 3445 1083 3489 est
1107 3431 1235 3488 dicti
1260 3430 1418 3499 hujus
1450 3442 1641 3484 sensus
1669 3426 1907 3482 exterior
1936 3442 1949 3479 :
1979 3439 2110 3478 cou-

532 3537 686 3592 veuit
715 3545 896 3589 autem
932 3544 1028 3585 uos
1061 3525 1398 3582 reconditum
1439 3520 1637 3591 aliquid
1679 3518 1904 3574 interius
1935 3517 2108 3572 intro-

535 3635 765 3704 spicere.
793 3629 945 3695 Quod
973 3625 1116 3680 cnim
1169 3618 1487 3693 profundius
1516 3616 1770 3687 quiddam
1800 3613 1914 3668 haec
1934 3609 2111 3668 oratio

537 3703 795 3789 involvat,
819 3721 1058 3777 ostcud.t
1088 3731 1174 3771 res
1207 3714 1322 3786 ipsa
1354 3712 1695 3766 dissentanea
1726 3704 1946 3761 rationi.
1977 3703 2109 3757 Nam

539 3832 712 3886 neque
737 3814 826 3884 qui
855 3821 1017 3864 noctu
1047 3805 1305 3865 ambulat,
1339 3801 1645 3857 necessario
1667 3796 1911 3862 oﬂendit,
1938 3809 2112 3864 neque

539 3884 788 3981 quisquis
841 3901 1096 3963 interdiu,
1125 3897 1191 3950 ab
1240 3891 1565 3949 offendicula
1611 3897 1759 3943 tutus
1805 3896 1906 3941 est.
1960 3884 2113 3939 Nunc

542 4001 798 4072 quoniam
840 3994 944 4049 diei
979 3988 1257 4046 distribuit
1305 3990 1488 4050 horas,
1519 3982 1707 4068 noctis
1730 3989 1907 4034 autem
1958 3991 2112 4030 tnen-
2148 3989 2152 3993 ·

540 4063 738 4149 ‘iouem
758 4090 983 4152 Iacicns,
1004 4082 1206 4140 nullum
1228 4081 1295 4136 de
1315 4078 1462 4134 horis
1479 4063 1684 4146 profert
1707 4072 1950 4133 verbum,
1972 4068 2114 4140 quod

541 4193 660 4239 erat
676 4181 699 4236 Ι·
701 4197 749 4235 ιιι
762 4195 913 4235 urmn
929 4191 993 4232 eo
1011 4185 1264 4232 sermone
1275 4167 1632 4225 adumbravit.
1650 4164 1728 4223 Ac
1744 4162 1882 4219 diem
1895 4160 2115 4234 quidem

543 4291 598 4332 ct
643 4281 814 4329 tut-cm
864 4272 1099 4340 seipsum
1149 4263 1468 4338 appellavit;
1513 4260 1666 4329 juxta
1708 4274 1865 4329 quem
1899 4270 2116 4312 sensum

547 4368 641 4422 tilii
686 4367 818 4441 tut-is
873 4373 927 4415 et
961 4360 1066 4414 diei
1102 4366 1362 4413 vocantur
1390 4352 1673 4408 credentes
1701 4349 1767 4404 ³⁹.
1796 4349 1858 4403 Et
1889 4346 2121 4404 fortasse

2181 1833 2358 1931 devii);
2393 1833 2559 1937 δῆθεν
2604 1833 3084 1938 έπιχιιιρῐιιιαντειξζ
3113 1833 3380 1928 (Ῥαὸσι,
3405 1833 3499 1915 νῦν
3530 1859 3759 1931 ἐζήτουν
3802 1833 3810 1841 ‘

2185 1976 2244 2012 σε
2274 1959 2325 2012 οι
2360 1956 2608 2011 Ἰουδαῖοι
2631 1956 2878 2024 λιθάσαι,
2900 1955 2997 2010 καὶ⁵
3033 1953 3197 2010 πάλιν
3229 1954 3382 2016 sitsi;
3409 1968 3429 2004 ι
3463 1950 3532 2004 Ti
3585 1945 3681 2004 οὖν
3733 1950 3762 2000 ό

2190 2051 2415 2120 Σωτήρς
2445 2049 2548 2101 Διά
2576 2047 2686 2103 τῶν
2715 2047 2993 2121 αἴσθητῶν
3032 2046 3196 2100 πάλιν
3243 2045 3439 2113 ἀνάγει
3484 2042 3580 2096 τὸν
3633 2041 3759 2095 νοῦν

2185 2141 2366 2198 αὐτῶν
2399 2143 2478 2206 εἰς
2501 2140 2570 2194 τὰ
2609 2139 2944 2211 ὑψηλότερα,
2969 2138 3148 2208 λέγων
3187 2139 3394 2200 αὐτοῖς’

2269 2345 2287 2377 ι
2310 2325 2448 2395 Οὐχὶ
2478 2321 2691 2378 δώδεκα
2717 2320 2859 2394 ωραι
2902 2318 3008 2373 εισι
3036 2318 3136 2390 τῆς
3184 2317 3398 2389 ἡμέρας
3429 2333 3444 2382 ;
3508 2313 3633 2369 Ἐάν
3682 2331 3765 2375 τις

2193 2415 2559 2489 περιπατήσει
2603 2417 2664 2469 ἐν
2702 2416 2770 2486 τῇ
2829 2413 3039 2484 ἡμέρᾳ,
3089 2411 3152 2464 οὐ
3194 2409 3548 2481 προσκόπτει,
3593 2407 3674 2461 ὅτι
3707 2407 3766 2458 τὸ

2193 2509 2308 2580 φῶς
2355 2508 2450 2562 τοῦ
2479 2508 2686 2578 κόσμου
2721 2503 2914 2580 τοιᾷτου
2961 2492 3186 2573 βλέπεισ
3257 2500 3351 2554 ἐὰν
3392 2499 3450 2552 δέ
3477 2517 3561 2563 τις
3610 2513 3767 2567 περι-

2194 2577 2357 2655 πατεῖ
2411 2603 2470 2654 ὲν
2515 2577 2595 2670 τῇ
2651 2577 2827 2662 νυκτί,
2886 2593 3246 2665 προσκόπτει,
3283 2593 3364 2646 ὅτι
3420 2589 3484 2643 τὸ
3549 2590 3666 2658 φῶς
3713 2590 3768 2640 ὲν

2196 2689 2345 2760 αὐτῷ
2367 2690 2466 2770 οὐκ
2494 2688 2660 2742 εστιν.
2689 2707 2710 2738 ι
2747 2688 2814 2740 Ὃ
2841 2685 2988 2754 λέγει
3049 2682 3295 2738 τοιοῦτόν
3350 2685 3443 2736 εστ
3455 2700 3504 2735 ιν
3523 2696 3540 2712 ·
3578 2681 3770 2751 Ὑμεῖς

2201 2783 2302 2855 μὲν
2331 2780 2825 2855 κατωρρωδήκατε,
2852 2775 3163 2848 νομίζοντες
3186 2773 3582 2829 ὑπδΊουδαῑων
3606 2788 3772 2827 κατα·

2198 2874 2492 2948 λευσθῆναι
2552 2889 2644 2946 με,
2697 2871 2842 2927 κατὰ
2899 2868 3037 2923 πολὺ
3102 2867 3160 2922 δὲ
3217 2866 3313 2921 τοῦ
3383 2865 3596 2930 εἰκότος
3657 2882 3774 2918 στο-

2202 2967 2418 3043 χασμοῦ
2444 2962 2871 3020 ὲκπεπτώκατε.
2909 2961 2973 3016 Ei
3003 2960 3111 3034 γὰρ
3135 2961 3237 3032 τῆς
3286 2959 3502 3031 ἡμέρας
3536 2960 3618 3022 εἰς
3670 2955 3772 3009 δὼ-

2204 3064 2336 3118 δεκα
2367 3061 2520 3132 ὥρας
2553 3058 2965 3131 διαιρουμένης,
2995 3059 3023 3112 ό
3061 3058 3119 3110 ὲν
3158 3057 3296 3125 αὐτῇ
3332 3051 3662 3123 περιπατῶν
3688 3050 3774 3103 εὑ-

2209 3155 2476 3226 στιὸἠτως
2501 3152 2799 3224 διέρχεται,
2834 3151 3224 3221 ἀπρόσκοπτον
3269 3147 3361 3200 καὶ
3408 3144 3630 3214 ἀσφαλῆ
3684 3158 3776 3195 που

2210 3248 2362 3318 ρείαν
2393 3245 2745 3314 ποιούμενος,
2773 3243 2890 3306 πῶς
2919 3245 3078 3312 ὑμεῖς
3106 3243 3235 3310 περὶ
3277 3238 3410 3311 ἐμοῦ
3456 3237 3553 3291 τοῦ
3606 3235 3775 3307 φωτὸς
3815 3269 3833 3281 ο

2208 3340 2303 3393 τοῦ
2343 3339 2552 3408 κόσμου
2589 3337 2938 3403 πεφρίκατες
2993 3336 3054 3387 El
3085 3334 3193 3403 γὰρ
3241 3333 3303 3386 τὺ
3354 3329 3613 3402 αἰσθητὸν
3668 3327 3776 3399 φῶς

2207 3432 2332 3494 τοὺς
2384 3429 2517 3483 αὐτὸ
2578 3427 2873 3497 βλέποντας
2931 3426 3352 3496 ἁπροσκόπτους
3392 3426 3577 3495 τηρεῖ,
3641 3421 3779 3475 κατὰ

2211 3523 2345 3578 πολὺ
2391 3519 2754 3591 τδάληθινδν
2782 3518 2877 3572 καὶ
2942 3517 3086 3571 θεῖον
3131 3518 3249 3586 φῶς
3305 3515 3580 3587 ἀνώτερον
3634 3514 3779 3566 ἔσται

2209 3617 2311 3687 τῆς
2336 3615 2445 3669 τῶν
2467 3614 2636 3668 λίθων
2667 3611 2858 3683 βολῆς.
2899 3609 3048 3681 Αὕτη
3078 3610 3180 3690 μὲν
3212 3609 3245 3678 ἠ
3291 3609 3437 3662 κατὰ
3487 3607 3551 3660 τδ
3596 3605 3780 3676 φαινόο

2217 3725 2376 3780 μενον
2405 3707 2613 3762 διάνοια
2641 3704 2736 3759 τοῦ
2766 3707 2936 3776 ῥητοῦ
2959 3721 2971 3733 ·
3008 3702 3114 3774 χρὴ
3143 3701 3198 3754 δὲ
3228 3702 3376 3772 ἡμᾶς
3406 3697 3501 3752 καὶ
3520 3698 3583 3752 τὸ
3642 3696 3780 3750 ἔνδον

2213 3801 2582 3880 κατοπτεῦσαι
2609 3801 2946 3871 ἀπόρρητον.
2972 3796 3098 3850 Ὀτι
3161 3796 3272 3867 γὰρ
3335 3792 3636 3864 βαϐὑτερόν
3680 3808 3730 3843 τι
3757 3790 3783 3842 ό

2216 3893 2378 3960 λόγος
2407 3892 2728 3956 αἰνίττεται,
2754 3891 2996 3944 δείκνυσι
3017 3889 3113 3944 τοῦ
3147 3889 3476 3959 πράγματος
3497 3887 3557 3939 τὸ
3616 3885 3784 3955 παρά·

2215 3983 2396 4050 λογον·
2427 3979 2551 4033 οὔτε
2574 3981 2684 4048 γὰρ
2705 3982 2764 4031 ἐν
2794 3979 2950 4032 νυκτὶ
2973 3979 3206 4050 βαδίζων
3241 3978 3300 4042 ἐξ
3325 3976 3583 4045 ἀνάγκης
3620 3988 3782 4044 πρῆσε

2217 4078 2430 4136 κόπτει,
2452 4070 2576 4126 οὔτε
2602 4074 2709 4134 πᾶς
2736 4073 2793 4124 ἐν
2824 4072 3009 4142 ἡμέρᾳ.
3039 4070 3360 4141 περιπατῶν
3390 4071 3543 4139 μένει
3586 4065 3779 4134 ἀπρόσ-

2218 4185 2416 4232 κοπτος
2461 4182 2476 4197 ο
2505 4165 2690 4235 ἐπειδὴ
2722 4163 2830 4235 γὰρ
2851 4165 2918 4231 τῇ
2955 4165 3053 4233 μὲν
3084 4161 3270 4233 ἡμέρᾳ
3303 4161 3477 4232 ὥρας’
3507 4160 3784 4226 ἀπένειμε,

2220 4259 2322 4329 τῆς
2341 4257 2398 4311 δὲ
2429 4256 2623 4320 νυκτὸς
2655 4253 2940 4325 μνησθεὶς,
2995 4251 3153 4323 ὡρῶν
3206 4251 3344 4314 ὅλως
3391 4253 3493 4305 οὐκ
3546 4251 3786 4322 έμνημὸο

2222 4365 2406 4414 νευσε,
2437 4349 2500 4401 τὸ
2533 4347 2730 4417 μέλλον
2763 4345 2843 4416 τῷ
2864 4345 3012 4415 λόγῳ
3053 4343 3525 4415 ὲσκιογρὰφησεν,
3583 4343 3785 4413 ἡμέραν

549 4460 614 4512 da
649 4435 749 4511 hoc
795 4453 881 4507 die
923 4453 1132 4505 locutus
1177 4458 1260 4500 est
1289 4445 1453 4499 David
1482 4461 1498 4501 :
1535 4461 1555 4494 ι
1591 4441 1697 4497 Per
1725 4442 1865 4495 diem
1899 4453 2004 4494 non
2050 4439 2096 4491 ti

2229 4445 2327 4514 μὲν
2348 4442 2443 4497 καὶ
2493 4441 2610 4510 φῶς
2652 4438 2834 4492 καλῶν
2858 4438 3232 4504 ἑαυτὸν,“›ιαο⁹
3263 4435 3292 4489 ὃ
3321 4435 3386 4508 δὴ
3405 4438 3502 4490 καὶ
3534 4435 3647 4490 υἱοὶ
3682 4450 3786 4501 cm-

551 4549 708 4604 tnebo
736 4546 814 4611 ‘°;
853 4562 873 4596 ι
905 4553 961 4596 et
988 4544 1051 4596 de
1079 4545 1180 4594 hac
1206 4542 1368 4593 etiam
1402 4537 1523 4591 luce
1551 4534 1693 4588 idem
1721 4531 1857 4585 dixit
1889 4542 2119 4597 evange-

551 4641 670 4697 lista
705 4655 718 4693 :
758 4655 776 4689 ι
819 4635 929 4689 Lux
957 4633 1010 4688 in
1043 4632 1276 4686 tenebris
1321 4629 1466 4683 lucet
1495 4625 1564 4679 “.
1605 4642 1626 4676 ι
1660 4619 1950 4676 Duodecim
1994 4631 2121 4672 vero

552 4735 699 4790 horae
735 4727 1025 4796 discipulos
1073 4723 1310 4794 signant,
1355 4719 1550 4790 quibus
1599 4711 1924 4785 praedicandi
1969 4724 2120 4765 com-

518 4874 526 4885 .
555 4825 697 4880 misit
731 4821 983 4876 ofﬁcium.
1017 4816 1118 4884 Qui
1167 4815 1329 4884 igitur
1358 4811 1410 4867 iu
1445 4810 1547 4864 [ide
1574 4807 1872 4862 Salvatoris
1899 4816 1952 4860 et
1986 4818 2122 4873 prte-

555 4915 822 4970 dicatione
852 4909 1215 4981 apostolomm
1251 4907 1353 4961 iter
1383 4904 1504 4959 vita:
1532 4897 1815 4970 peregerit,
1839 4913 1943 4952 non
1969 4910 2122 4951 erra-

557 5007 656 5062 bit.
687 5002 882 5058 Lucem
918 5017 1080 5070 porro
1119 4998 1345 5069 hujusce
1385 4993 1540 5065 163
1592 4990 1773 5046 tuuudi
1808 4988 1987 5051 tidem,
2019 5000 2125 5057 qua

562 5099 614 5152 in
647 5099 818 5165 ipsum
849 5095 1144 5157 credimus,
1168 5090 1492 5161 appellavit;
1516 5085 1659 5157 quod
1685 5081 1923 5154 profecto
1952 5081 2004 5134 in
2029 5078 2131 5133 hoc

563 5189 929 5254 mundoppus
965 5200 1122 5238 suum
1157 5185 1287 5238 lides
1313 5190 1595 5246 exerceat;
1633 5187 1843 5233 noctem
1874 5189 2001 5228 vero
2033 5172 2132 5226 ho-

564 5297 743 5336 rarum
779 5288 1054 5347 expertem
1108 5275 1435 5329 inﬁdelitatis
1482 5273 1790 5343 caliginem,
1840 5269 1892 5322 iu
1937 5281 2040 5334 qua
2089 5263 2136 5316 si

565 5374 690 5445 quis
714 5371 967 5435 ambulet,
995 5367 1242 5429 oﬂ'eudit,
1276 5375 1329 5421 et
1356 5366 1563 5434 plantas
1590 5365 1782 5420 anima:
1813 5358 2052 5429 inl'riugit
2085 5356 2136 5410 in

565 5463 873 5523 resistentia
922 5461 1112 5530 lapidis
1151 5458 1424 5528 angularia
1456 5457 1681 5522 Christi,
1712 5456 1802 5527 qui
1846 5455 2024 5509 dictus
2056 5456 2141 5504 est

566 5559 703 5629 lapis
754 5554 1054 5627 oﬂ'ensionis
1104 5553 1174 5604 ⁸³.
1237 5550 1362 5605 Haec
1409 5558 1586 5604 autem
1646 5552 1832 5605 dicens
1884 5545 2141 5601 Dominus

638 5736 682 5772 ³⁸
718 5736 915 5806 Ephes.
954 5751 1006 5803 ν,
1041 5733 1108 5802 8;
1157 5733 1201 5789 ll
1234 5733 1426 5790 Thess.
1462 5747 1524 5798 ιι,
1557 5733 1610 5787 3.
1684 5731 1731 5764 δ’
1761 5733 1904 5788 Psal.
1947 5746 2032 5794 LV,
2070 5729 2124 5787 5.

2221 4538 2314 4597 τὸς
2357 4536 2453 4587 καὶ
2485 4531 2699 4602 ἡμέρας
2734 4531 2785 4582 οι
2826 4532 3010 4583 πιστοὶ
3065 4530 3433 4600 ὀνομάζονται
3467 4546 3482 4560 ο
3509 4532 3610 4584 καὶ
3657 4530 3785 4597 τάχα

2229 4626 2359 4694 περὶ
2376 4622 2580 4691 ταύτης
2604 4621 2704 4692 τῆς
2733 4621 2950 4690 ἡμέρας
2984 4622 3171 4687 ἔλεγεν
3199 4625 3227 4674 ὁ
3263 4621 3464 4674 Δαείδο
3503 4641 3520 4670 ι
3553 4620 3785 4689 Ἡμέρας

2227 4716 2287 4769 οὐ
2325 4712 2736 4783 φοϐηθήσομαι’
2768 4729 2788 4762 ι
2842 4712 2940 4764 καὶ
2982 4712 3113 4780 περὶ
3169 4713 3362 4765 τούτου
3413 4713 3507 4764 τοῦ
3560 4711 3788 4780 φωτὺςό

2229 4805 2392 4867 αὐτὸς
2427 4799 2580 4856 εἶπεν
2627 4803 3027 4873 εὑαγγελιστής
3055 4819 3069 4832 ·
3129 4821 3146 4852 ι
3169 4801 3239 4853 Τὸ
3268 4800 3381 4871 φῶς
3407 4800 3464 4852 ὲν
3497 4803 3561 4870 τῇ
3585 4797 3787 4867 exorsi;

2233 4897 2436 4966 φαίνει.
2464 4914 2481 4946 ι
2513 4895 2736 4950 Δώδεκα
2777 4895 2835 4950 δὲ
2861 4890 3003 4966 ὧραι
3043 4891 3382 4964 οἱομαθηταὶ,
3410 4886 3490 4954 οἷς
3517 4893 3580 4944 τὺ
3630 4895 3787 4962 κήρυ-

2233 5006 2352 5061 γμα
2373 4989 2772 5044 ένεπίστευσεν.
2809 4989 2870 5042 ὐ
2894 4987 3027 5057 γοῦν
3051 4987 3110 5039 ἐν
3138 4985 3216 5056 τῷ
3241 4987 3381 5055 φωτὶ
3408 4984 3504 5039 τοῦ
3550 4985 3784 5054 Σωτῆρος

2235 5084 2328 5133 καὶ
2350 5081 2429 5152 τῷ
2462 5082 2782 5152 κηρύγματι
2811 5081 2921 5134 τῶν
2957 5078 3216 5150 μαθητῶν
3241 5077 3334 5131 τοῦ
3390 5077 3507 5148 βίου
3571 5074 3788 5130 διανύων

2234 5171 2376 5238 ὁδον,
2408 5175 2468 5226 οὗ
2505 5174 2863 5244 σφαλὴσεται.
2895 5171 3014 5234 Φῶς
3035 5169 3092 5224 δὲ
3124 5170 3220 5224 τοῦ
3254 5171 3460 5240 κόσμου
3498 5163 3788 5223 τούτουκαὶ

2234 5267 2335 5335 τὴν
2365 5267 2444 5329 εἰς
2474 5267 2640 5319 αὑτὸν
2672 5267 2856 5319 πίστιν
2883 5264 3192 5336 ὠνόμασεν,
3222 5263 3297 5326 ὡς
3326 5263 3468 5317 κατὰ
3513 5263 3664 5315 τόνδε
3685 5257 3788 5309 ’τὸν

2236 5356 2438 5427 κόσμον
2497 5357 2902 5428 ἐνεργουμένης
2938 5359 3037 5427 τῆς
3065 5359 3322 5418 πίστεως,
3353 5354 3470 5419 Νὺξ
3524 5353 3570 5408 δ’
3601 5353 3664 5408 ἂν
3713 5350 3785 5414 εἴη

2235 5446 2384 5519 ὧρας
2415 5448 2490 5521 μὴ
2550 5451 2750 5520 ἔχουσα
2775 5451 2808 5520 ἠ
2836 5449 2938 5517 τῆς
2998 5448 3256 5510 ἀπιστίας
3290 5447 3647 5514 σκοτόμαινα,
3680 5435 3790 5496 καθ’

2236 5541 2302 5608 ἢν
2334 5541 2429 5595 ὲάν
2474 5559 2558 5604 τις
2607 5542 2921 5612 περιπατεῖ,
2955 5539 3308 5609 προσκόπτῃ,
3353 5540 3450 5603 τὰς
3496 5538 3596 5607 τῆς
3630 5528 3788 5605 ψυχῆς

2203 5724 2245 5758 ⁸³
2282 5725 2441 5782 Joan.
2478 5741 2516 5794 ι,
2553 5725 2607 5780 5.
2683 5715 2727 5756 ⁸⁸
2763 5722 2782 5779 l
2819 5721 2963 5780 [ειν.
3000 5737 3060 5787 ιι,
3092 5723 3145 5777 8.
