4012 6334
253 253 383 357 θδτῙ

1620 296 1948 357 HOMILIA
1983 296 2077 364 13V

3320 304 3421 365 958

247 408 356 461 Διά
382 405 434 460 τί
461 406 519 459 δὲ
551 406 652 460 οὐκ
693 406 752 459 ὲν
809 406 1185 477 Ἰερουσαλὴμ,
1228 406 1340 459 ἀλλ’
1391 407 1470 470 εἰς
1514 406 1584 459 τά
1641 409 1782 477 μέρη

1892 410 2089 474 ﬁdeles,
2132 411 2374 466 indicans
2391 411 2816 477 coniunctionem
2849 411 3074 465 duarum
3106 411 3156 465 in
3189 427 3245 466 se
3274 425 3428 465 natu-

249 497 592 566 Καισαρείας
628 495 787 548 τοῦτο
816 498 992 562 ποιεῖς
1026 495 1175 565 Τάχα
1206 513 1306 547 που
1339 496 1426 549 τὸν
1466 495 1659 563 φθόνον
1694 498 1786 548 ὲκ-

249 587 448 639 κλίνων
496 586 604 640 τῶν
650 586 940 648 Ἰουδαίων,
985 587 1079 638 καὶ
1126 587 1188 638 τὸ
1237 586 1411 653 δόγμα
1461 588 1687 639 ἐκείνων
1728 586 1790 638 τδ

245 674 530 737 δυσσεῦές.
560 675 746 743 Δόγμα
776 675 882 742 γάρ
910 674 1112 738 ἔθεντο,
1157 675 1242 726 ἵνα
1290 676 1436 736 ὅστις
1482 675 1788 744 ὁμολογήσῃ

251 765 420 816 αὐτὸν
443 765 696 834 Χριστὸν,
722 763 1148 830 ἀποσυνάγωγος
1172 765 1418 833 γένηται.
1459 766 1670 832 Ἐξάγει
1696 762 1790 819 οὖν

249 856 382 917 τοὺς
421 853 667 924 μαθητάς
693 853 784 904 τοῦ
826 853 1108 921 περιδεοῦς
1139 855 1304 906 τόπου
1346 855 1557 923 μακρὰν
1581 895 1594 915 .
1625 856 1700 918 ὡς
1728 857 1792 908 ἂν

251 943 448 1004 πτοίας
496 945 585 994 καὶ
611 942 812 1004 δειλίας
842 943 1240 1011 ἀπαλλαγέντες
1291 945 1389 1013 τὴν
1416 945 1619 996 ἑαυτῶν
1652 943 1790 1012 γνὼ-

255 1050 368 1099 μην
397 1033 875 1100 ἀπαρακαλύπτως
915 1035 1244 1102 ἐμηφήνωσιν.
1289 1035 1362 1086 Οὐ
1413 1035 1586 1103 μάτην
1613 1036 1670 1087 δὲ
1699 1035 1789 1088 τοῦ

252 1122 427 1172 τόπου
464 1122 490 1170 6
531 1121 918 1191 εὐαγγελιστὴς
955 1124 1351 1191 ἐμνημόνευσεν
1393 1122 1562 1185 οὕτως
1590 1126 1785 1178 εἰπών·

259 1229 278 1260 ι
333 1210 529 1263 Ἐλθὼν
582 1214 610 1264 ό
661 1213 866 1281 Ἰησοῦς
895 1215 976 1274 εἰς
1014 1213 1082 1265 τά
1130 1214 1268 1283 μέρη
1322 1215 1656 1281 Καισαρείας
1691 1215 1790 1281 τῆς

251 1297 542 1352 Φιλίππου.
575 1316 595 1349 ι
643 1299 783 1352 Ἀλλ’
815 1301 1001 1369 ἐπειδὴ
1037 1301 1164 1368 ἔστη
1190 1303 1282 1352 καὶ
1305 1302 1438 1367 άλλη
1468 1301 1788 1371 Καισάρεια,

253 1388 287 1456 ή
322 1385 588 1456 λεγομένη
641 1387 729 1440 τοῦ
780 1390 1114 1458 Στράτωνος,
1172 1392 1258 1442 ἵνα
1295 1392 1366 1459 μή
1400 1407 1482 1453 τις
1516 1390 1689 1459 πλάνη
1728 1392 1791 1442 ὲκ

252 1478 356 1546 τῆς
387 1479 703 1547 ὁμωνυμίας
741 1469 965 1547 γένηται
997 1482 1108 1542 τοῖς
1137 1482 1430 1548 ἀκροαταῖς
1481 1482 1790 1547 ἀναγκαίως

248 1569 352 1636 τὴν
387 1569 704 1637 ὁμωνυμίαν
740 1567 1017 1625 δίέστειλε.

330 1676 350 1709 ι
375 1657 506 1710 τίνα
538 1677 603 1727 με
629 1659 879 1726 λέγουσιν
907 1663 957 1712 οί
973 1661 1259 1729 ,ἄνθρωποι
1284 1656 1421 1714 εἶναι
1439 1661 1529 1713 τὸν
1547 1660 1673 1713 Υίὸν
1693 1660 1786 1713 τοῦ

1896 516 2097 563 rarum,
2130 512 2187 554 ut
2215 503 2351 555 infra
2380 504 2601 557 dicetur.
2634 501 2809 566 Quare
2840 512 3016 555 autem
3041 518 3141 556 non
3175 502 3426 556 Hieroso-

1893 591 2051 660 lyma:
2078 592 2178 645 hoc
2207 602 2440 659 praestat,
2463 594 2554 646 sed
2585 593 2892 662 in'partibus
2913 591 3168 645 Ctesareae
3186 592 3207 642 ?
3226 593 3426 655 Forsan

1897 691 1956 734 ut
1995 680 2295 734 Judaaorum
2343 683 2540 734 devitet
2571 683 2819 735 invidiam
2848 689 2901 732 et
2935 681 3149 747 impium
3185 681 3307 732 illud
3340 683 3431 732 dc-

1895 781 2130 836 cretum;
2155 773 2522 824 decreveram.
2544 772 2684 826 enim
2717 780 2793 835 ut,
2827 772 2868 823 si
2893 773 3011 837 quis
3045 771 3214 836 ipsum
3260 771 3429 821 confi-

1897 870 2116 920 teretur,
2168 870 2317 913 extra
2365 861 2694 930 Synagogam
2742 861 2976 937 ﬁeretf.
3011 860 3052 910 Α
3100 860 3216 912 loco
3269 860 3429 926 igitur

1899 949 2241 1003 formidoloso
2270 950 2445 1001 educit
2481 951 2632 1017 longe
2674 949 2976 1016 discipulos,
3009 957 3064 1002 ιιι
3094 957 3232 1000 metu
3281 950 3427 1002 omni

1897 1054 1960 1092 ac
1993 1036 2276 1090 formidine
2317 1039 2498 1098 soluti,
2527 1047 2704 1104 aperte
2725 1038 3039 1090 sententiam
3090 1052 3236 1089 suam
3267 1037 3427 1090 effer-

1900 1137 2036 1179 rent.
2064 1125 2242 1194 Neque
2276 1142 2398 1180 vero
2430 1128 2544 1180 sine
2576 1143 2736 1179 causa
2789 1127 2886 1180 loci
2940 1128 3256 1180 mentionem
3279 1145 3286 1152 '
3309 1127 3431 1180 fecit

1883 1214 2238 1285 evangelista,
2283 1214 2364 1266 his
2393 1213 2606 1266 verbis:
2646 1233 2664 1264 ι
2692 1213 2936 1282 {Veniens
2964 1214 3117 1270 Jesus
3155 1217 3208 1268 in
3255 1227 3431 1284 partes

1894 1302 2148 1356 Caesarea:
2193 1302 2435 1370 Philippi.
2472 1321 2488 1350 ι
2523 1300 2654 1354 Nam
2707 1304 2956 1371 quoniam
3001 1312 3081 1358 est
3121 1305 3278 1357 etiam
3330 1306 3430 1358 alia

1868 1453 1874 1460 .
1897 1390 2135 1442 Caesarea
2171 1389 2436 1443 Stratonis
2461 1388 2569 1458 (64)
2593 1391 2753 1454 dicta,
2779 1405 2842 1443 ne
2863 1392 2981 1458 quis
3005 1407 3066 1443 ex
3086 1394 3432 1460 ambiguitate

1895 1481 2168 1530 nominum
2199 1480 2530 1531 auditoribus
2560 1493 2713 1534 error
2751 1479 3054 1546 obreperet,
3084 1494 3200 1533 eam
3239 1483 3430 1533 distin-

1895 1571 2070 1621 ctione
2101 1569 2280 1622 lollere
2320 1571 2676 1624 necessarium
2711 1571 2881 1624 visum
2917 1579 3021 1623 est.

1970 1675 1988 1706 ι
2026 1657 2190 1722 Quem
2217 1674 2298 1711 me
2320 1658 2504 1712 dicunt
2522 1661 2760 1713 homines
2779 1674 2895 1713 esse
2921 1658 3112 1712 Filium
3137 1661 3361 1712 hominis
3377 1661 3424 1711 ?i

250 1747 575 1814 ἀνθρώπου;
610 1767 628 1799 ι
675 1749 789 1802 Οὐκ
818 1746 993 1813 εἶπεν,
1037 1751 1169 1802 Τίνα
1201 1767 1268 1818 με
1307 1749 1554 1816 λέγουσιν
1599 1751 1646 1800 οἱ
1699 1748 1795 1806 dvr-

1896 1744 2008 1796 Non
2048 1747 2180 1798 dixit
2212 1764 2224 1798 ε
2253 1747 2419 1810 Quem
2463 1764 2546 1800 tne
2585 1749 2765 1818 dicunt
2803 1751 3048 1803 homines
3091 1763 3208 1803 esse
3244 1750 3430 1802 Filium

251 1835 464 1904 θρωποι
512 1833 653 1888 εἶναι
708 1839 797 1889 τὸν
849 1829 976 1889 Ῡίδν
1024 1838 1119 1889 τοῦ
1171 1837 1340 1901 θεοῢ;
1385 1838 1646 1890 ἐκκλίνων
1697 1838 1790 1889 τοῦ

252 1923 470 1991 κόμπου
523 1928 588 1976 τὰ
613 1927 854 1994 ῥήματα,
895 1926 1006 1979 ἀλλ’
1041 1926 1161 1995 ἐμὲ,
1194 1927 1351 1994 φησι,
1382 1927 1471 1979 τὸν
1508 1928 1793 1994 γενόμενον

250 2015 562 2085 ἄνθρωπον,
632 2001 722 2069 τόν
782 2021 840 2070 ὲν
899 2020 1137 2086 σχήματι
1211 2017 1395 2070 δούλου
1457 2018 1791 2086 φαινόμενον.

253 2107 391 2157 Οὐδὲ
433 2108 555 2175 περὶ
625 2106 929 2175 Φαρισαίων
975 2109 1066 2158 καὶ
1115 2107 1488 2177 Γραμματέων
1544 2107 1796 2175 φιλοπευ-

255 2195 416 2243 στεῖ·
469 2192 598 2244 Τίνα
652 2210 720 2261 με
777 2192 1023 2259 λέγουσιν
1074 2196 1121 2245 οί
1180 2195 1529 2262 Γραμματεῖς
1586 2195 1677 2245 καὶ
1744 2194 1795 2244 οἱ

252 2283 474 2349 ἐξαρχοι
521 2281 611 2332 τοῦ
648 2281 779 2332 λαοῦ
801 2299 816 2345 ;
836 2280 949 2351 ᾔδει
968 2283 1180 2352 γάρτὺν
1203 2285 1259 2334 ὲν
1280 2284 1462 2345 αὐτοῖς
1483 2283 1574 2336 τοῦ
1600 2284 1792 2351 φθόνου

254 2368 490 2430 καπνὸν,
541 2367 666 2429 ὅσος
733 2354 1452 2434 ὑποτυφόμενοςλῆν·άλλά
1509 2370 1635 2438 περὶ
1698 2369 1792 2420 τοῦ

253 2456 530 2510 ἀπλάστου
603 2455 696 2508 καὶ
771 2457 976 2508 ἀκάκου
1038 2457 1192 2511 λαοῦ.
1255 2457 1418 2510 Ὅθεν
1463 2461 1511 2511 οί
1555 2459 1794 2528 μαθηταὶ

251 2555 360 2620 τὴν
384 2545 637 2618 διάφορόν
669 2547 774 2601 τῶν
805 2549 901 2602 ἀνθ
911 2549 1105 2618 ρώπων
1123 2551 1248 2618 περὶ
1264 2551 1424 2603 αὑτοῦ
1441 2550 1592 2615 δόξαν
1612 2553 1796 2620 σαφῶς

255 2639 612 2707 ἐπιστάμενοι
656 2640 1076 2708 ἀποκρίνονται·
1123 2658 1142 2690 ι
1181 2641 1242 2712 Ol
1275 2640 1375 2708 μὲν
1423 2639 1671 2712 Ἰωάννην
1705 2641 1796 2694 τδν

257 2730 587 2801 Βαπτιστὴν,
617 2729 763 2782 ἄλλοι
792 2731 848 2782 δὲ
885 2731 1091 2793 Ἠλίαν,
1119 2730 1151 2798 ἦ
1181 2711 1275 2782 ἕνα
1301 2732 1408 2783 τῶν
1435 2711 1745 2802 προφητῶν.
1767 2751 1788 2784 ι

255 2823 327 2874 Τί
358 2821 452 2874 οὖν
484 2821 544 2871 τὸ
573 2823 763 2874 πεῖσαν
787 2821 910 2882 τοὺς
943 2822 1133 2889 δχλους
1175 2819 1305 2887 περὶ
1341 2821 1575 2888 Χριστοῦ
1622 2821 1794 2874 τοιάδε

256 2913 542 2976 ὕπονοεῖν;
575 2912 666 2982 Μὴ
695 2911 803 2979 γάρ
827 2913 926 2962 οὐκ
952 2910 1188 2978 ᾔδεισαν,
1217 2910 1298 2960 ὅτι
1337 2908 1533 2960 Ἠλίαν
1572 2908 1673 2976 μὲν
1719 2909 1795 2970 ὡς

255 3003 340 3064 εἰς
364 3003 624 3072 οὐρανοὺς
656 2999 981 3068 ἀνηρείψατο
1003 3002 1036 3068 ή
1061 2997 1169 3052 τῶν
1213 2999 1490 3068 φλογερῶν
1534 2999 1792 3068 ἁρμάτων
1819 3035 1863 3091 c

255 3092 530 3155 ὲπίόασις,
561 3092 653 3143 καὶ
675 3092 708 3159 ή
737 3089 1030 3158 τέθριππος
1061 3087 1168 3141 τῶν
1203 3088 1442 3158 πυρίνων
1460 3089 1639 3141 ἵππων
1673 3089 1794 3140 ἐπί-

255 3180 472 3244 ζευξις;
514 3180 786 3247 ’Ἰωάννην
833 3179 890 3233 δὴ
944 3178 1301 3247 ἐπεφονεύκει
1336 3181 1368 3249 ή
1417 3182 1517 3248 τῆς
1559 3179 1793 3250 Ἡρώδου

259 3271 510 3338 μοιχείας
552 3269 808 3330 ὑπόθεσις
847 3269 942 3322 καὶ
992 3270 1091 3336 τῆς
1126 3270 1492 3337 ποδοστρόφου
1529 3270 1795 3339 μαχλάδος

255 3363 290 3430 ἡ
321 3361 599 3429 ξδρχησιςς
659 3359 927 3430 Ἱερεμίας
976 3360 1034 3413 δὲ
1074 3361 1243 3423 λίθοις
1275 3361 1634 3422 ἀποκτανθεὶς
1677 3364 1794 3413 ἐτε-

253 3452 445 3503 λείωτο
463 3453 488 3514 ;’
513 3450 652 3502 Ἀλλ’
676 3450 862 3520 ἐπειδὴ
890 3452 1127 3520 Μωῦσῆς
1158 3453 1255 3518 μὲν
1284 3453 1411 3520 περὶ
1431 3451 1528 3518 τῆς
1553 3451 1790 3503 ἀναστά-

261 3559 402 3604 σεως
458 3543 611 3594 οὐδέν
678 3561 730 3596 τι
787 3543 1317 3612 ἀνακεκαλυμμένως
1387 3542 1743 3610 ἐνομοθέτησε
1773 3557 1789 3572 °

257 3635 473 3701 πρῶτος
522 3634 578 3685 δὲ
628 3633 792 3685 Δασὶδ
827 3631 995 3685 εἰπὼν
1030 3634 1156 3702 περὶ
1192 3633 1567 3695 ἀναστάσεως,
1607 3633 1669 3685 οὐ
1697 3651 1794 3702 τη-

258 3724 476 3790 λαυγῶς
504 3723 671 3788 ἔδειξε
698 3724 757 3777 τὸ
790 3725 1083 3794 μυστήριον
1102 3741 1115 3754 °
1139 3726 1186 3776 οί
1227 3725 1499 3793 προφῆται
1551 3724 1609 3776 δὲ
1657 3742 1790 3776 σπο-

262 3813 429 3882 ράδην
478 3815 743 3883 ἑνέφηναν
786 3815 1195 3883 αἰνιγματωδῶς
1224 3815 1322 3882 τὴν
1355 3815 1666 3877 ἀνάστασιν,
1706 3814 1792 3867 διὰ

257 3901 415 3954 τοῦτο
460 3903 735 3970 διαφόροις
785 3901 964 3966 δόξαις
1010 3903 1105 3955 καὶ⁸
1154 3904 1530 3971 πλανωμέναις
1573 3903 1793 3955 ὲταλαν-

257 3989 498 4046 τεύοντο.
531 3993 720 4061 ᾯοντο
742 3991 849 4062 γάρ
871 3994 929 4044 ὲν
961 3993 1037 4058 τῷ
1070 3994 1293 4061 παρόντι
1324 3993 1423 4062 βίῳ
1453 3991 1791 4061 ἐνεργεῖσθαι

257 4080 356 4149 τήν
388 4080 496 4131 τῶν
527 4080 733 4149 νεκρῶν
784 4080 1099 4134 ἀνασίωσιν.
1157 4082 1265 4131 Καὶ
1301 4082 1438 4147 τάχα
1493 4081 1692 4141 ταύτης
1723 4077 1790 4150 ἦν

257 4168 359 4234 τῆς
389 4169 546 4237 δόξης
605 4171 699 4222 καὶ
725 4173 753 4221 6
781 4170 1082 4238 τετράρχης
1116 4168 1377 4236 Ἡρώδης,
1400 4169 1457 4229 ὃς
1483 4169 1789 4232 ὲνωτισθεὶς
1812 4200 1824 4215 .

257 4252 353 4310 τοῦ
376 4257 581 4326 Κυρίου
609 4259 677 4308 τά
709 4256 981 4325 θαύματα,
1013 4254 1151 4325 ᾤετο
1174 4254 1790 4309 ἀναδεϐιωκέναιἹωάν-

258 4367 360 4419 νην
411 4349 504 4401 τὸν
549 4347 878 4415 Βαπτιστήν.
925 4347 1013 4398 Διὸ
1057 4347 1148 4398 καὶ
1196 4345 1418 4413 ἔλεγεν·
1472 4365 1491 4396 ι
1552 4349 1646 4400 Ὃν
1680 4348 1789 4415 ἐγὼ

258 4439 638 4506 ἀπεκεφάλισα
652 4437 922 4507 Ἰωάννην,
939 4435 1095 4498 αὐτὸς
1113 4436 1406 4506 ἐγήγερται
1435 4434 1499 4490 ἐκ
1525 4438 1783 4508 νεκρῶν.»

271 4530 370 4581 Ἐκ
422 4527 625 4596 ταύτης
655 4526 747 4578 οὖν
782 4527 876 4593 τῆς
908 4525 1266 4595 προφάσεως,
1320 4525 1367 4576 οί
1402 4525 1502 4593 μὲν
1541 4527 1792 4594 Ἰωάννην

258 4619 423 4672 αὐτὴν
471 4614 611 4681 εἶναι
670 4614 926 4678 εἴκαζον,
964 4617 1012 4666 οί
1064 4616 1119 4665 δὲ
1163 4614 1459 4683 Ἰερεμίαν,
1517 4617 1609 4667 καὶ
1646 4616 1793 4670 ἄλλοι

269 4707 477 4759 Ἠλίαν.
513 4708 672 4775 Φήμη
706 4707 812 4776 γάρ
850 4705 1162 4772 ἐπεκράτει,
1194 4705 1266 4765 ὡς
1297 4705 1415 4773 ήξει
1441 4706 1597 4757 πάλιν
1615 4707 1794 4769 Ἠλίας

257 4798 356 4849 ἐπὶ
379 4800 480 4865 τῆς
512 4800 636 4865 γῆς.
675 4795 1012 4861 Ἑλεγκτικδν
1047 4790 1140 4846 οὖν
1177 4794 1409 4861 ὁρῶντες
1439 4794 1527 4845 τὸν
1565 4795 1790 4862 Κύριον,

254 4885 676 4954 ὲπιστομίζοντα
727 4885 864 4953 μετὰ
947 4884 1251 4952 παρρησίας
1296 4884 1421 4944 τοὺς
1469 4885 1792 4954 Φαρισαίους

1821 4299 1865 4353 ι)

1855 1821 2029 1887 ~Dei?
2061 1843 2114 1886 ut
2168 1834 2413 1887 elationis
2466 1815 2627 1888 verba
2682 1836 2910 1900 vitaret;
2964 1837 3059 1890 sed
3117 1853 3223 1899 me,
3276 1839 3430 1901 dixit,

1895 1925 2158 1978 hominem
2205 1924 2420 1990 factum,
2448 1925 2499 1977 in
2538 1925 2720 1979 habitu
2760 1925 2897 1978 servi
2929 1937 3294 1992 apparentem.
3327 1928 3430 1981 Ne-

1897 2030 1998 2081 que
2025 2030 2151 2068 vero
2187 2015 2251 2068 de
2295 2014 2576 2068 Pharisaais
2605 2025 2657 2069 et
2703 2013 2905 2068 Scribis
2955 2015 3214 2082 inquirit:
3265 2017 3427 2080 Quem

1896 2120 1979 2157 me
2020 2105 2202 2157 dicunt
2255 2103 2474 2166 Scribte,
2531 2114 2586 2158 et
2644 2104 2912 2172 principes
2966 2101 3183 2170 populi?
3232 2105 3433 2160 sciebat

1868 2186 2294 2252 -enimquantus
2325 2185 2428 2236 illis
2460 2183 2661 2236 ollusus
2695 2191 2835 2235 esset
2856 2183 3064 2235 invidim
3101 2184 3306 2248 fumus;
3339 2187 3430 2237 sed

1892 2275 1957 2346 de
1991 2275 2177 2341 pepulo
2205 2274 2435 2325 versutie
2462 2287 2524 2325 ac
2553 2272 2750 2326 malitia
2786 2288 2974 2325 vacuo.
3009 2273 3156 2327 Unde
3187 2275 3428 2341 discipuli

1893 2379 2012 2417 cum
2051 2365 2204 2431 plane
2237 2365 2433 2416 scirent
2463 2363 2770 2416 diderentes
2817 2365 2881 2416 de
2907 2379 2970 2418 eo
3007 2365 3183 2431 populi
3220 2365 3429 2432 Opinio-

1839 2463 1845 2469 '
1893 2469 2010 2516 nes,
2046 2454 2434 2521 responderunt
2463 2471 2476 2505 :
2520 2471 2537 2503 ι
2578 2453 2678 2519 Alii
2708 2453 2961 2506 Joannem
2994 2452 3310 2521 Baptistam,
3344 2454 3430 2506 alii

1894 2559 2020 2597 vero
2063 2543 2228 2596 Eliam
2270 2555 2361 2596 aut
2402 2559 2564 2596 unutn
2598 2560 2659 2596 ex
2687 2544 2977 2612 prophetis.
3017 2564 3035 2594 ι
3071 2546 3207 2611 Quid
3250 2556 3428 2619 autem

1897 2636 2147 2704 populum
2188 2634 2238 2686 in
2291 2649 2383 2688 eas
2427 2635 2490 2688 de
2535 2634 2748 2687 Christo
2791 2637 3064 2703 Opiniones
3115 2636 3430 2688 induxerat!

1893 2726 1973 2777 An
1998 2725 2318 2792 ignorabant
2344 2724 2510 2776 Eliam
2539 2725 2748 2792 quidem
2780 2723 3049 2775 ﬂmnntato
3075 2738 3239 2776 curru
3266 2723 3428 2776 veiuti

1894 2826 2192 2881 correptum
2251 2817 2301 2866 in
2335 2814 2527 2865 caelum
2577 2812 2710 2881 (65),
2757 2821 2810 2865 et
2855 2798 3134 2879 igneornm
3173 2828 3428 2880 equorum

1863 2930 1866 2934 -
1893 2902 2146 2972 quadriga
2175 2904 2486 2955 subvectum
2518 2903 2606 2954 “1'
2629 2900 2889 2955 Joannem
2915 2916 3039 2956 vero
3070 2919 3165 2972 per
3191 2905 3432 2956 occasio-

1895 3006 2014 3046 nem
2055 2991 2302 3046 adulterii
2336 2990 2560 3045 Herodis
2591 3002 2658 3050 et,
2682 2992 2890 3046 lasciva
2917 2994 3101 3058 puella:
3146 2995 3432 3060 perniciter

1894 3084 2136 3138 saltantis
2165 3082 2448 3137 occisum?
2481 3081 2764 3136 Jeremiam
2799 3098 2925 3137 vero
2980 3084 3242 3150 lapidibus
3276 3099 3432 3139 exse-

1891 3185 2220 3243 ctuinatque
2270 3173 2740 3228 consummatum?
2779 3176 2870 3228 sed
2914 3175 3163 3243 quoniam
3219 3174 3426 3244 Moyses

1893 3274 2108 3342 quidem
2178 3272 2246 3325 de
2307 3271 2698 3324 resurrectione
2746 3269 2876 3323 nihil
2915 3270 2966 3322 in
3009 3271 3124 3338 lege
3181 3271 3427 3333 dixerat;

1892 3365 2094 3433 primus
2143 3378 2267 3422 vero
2298 3361 2458 3414 David
2485 3361 2548 3415 de
2581 3362 2968 3414 resurrectione
2991 3361 3195 3413 locutus
3223 3362 3379 3428 373
3405 3400 3420 3422 ,

1891 3469 1994 3508 non
2022 3461 2198 3506 tamen
2229 3460 2408 3518 aperte
2439 3452 2746 3519 mysterium
2791 3451 3120 3516 explicarat;
3154 3451 3427 3516 prolihetm

1889 3561 2019 3601 vero
2102 3544 2330 3612 sparsim
2379 3553 2428 3596 et
2491 3557 2585 3611 per
2636 3543 2914 3609 aenigmata
2970 3540 3422 3594 resurrectionem

1890 3637 2272 3709 signiﬁcaram,
2321 3634 2438 3688 ideo
2483 3633 2708 3689 diversis
2743 3633 3042 3686 errantibus
3089 3633 3424 3700 opinionibus

1890 3727 2164 3794 suspensis
2198 3725 2529 3797 tenebantur.
2564 3724 2769 3778 Etenim
2811 3725 2863 3776 in
2893 3724 2990 3776 hac
3020 3709 3127 3776 vita
3172 3732 3427 3789 prasente

1889 3815 2332 3871 resurrectionem
2355 3815 2632 3867 hominum
2655 3815 3007 3881 peragendam
3029 3813 3422 3865 existimabant.

1890 3905 1954 3959 Et
1975 3905 2219 3959 fortassis
2242 3904 2294 3956 in
2315 3903 2415 3957 hac
2442 3913 2558 3957 erat
2587 3903 2833 3970 opinione
2863 3900 3098 3954 Herodes
3132 3902 3421 3958 tetrarcba,

1891 3995 2008 4060 qui,
2037 3993 2245 4046 Domini
2280 3991 2472 4043 auditis
2517 3989 2809 4050 miraculis,
2835 3987 3092 4042 Joannem
3125 3988 3414 4056 Baptistam

1893 4083 2248 4138 resurrexisse
2289 4080 2579 4142 censebat;
2610 4080 2748 4130 unde
2789 4076 2999 4131 dicebat
3027 4095 3041 4128 :
3081 4095 3100 4128 ι
3130 4077 3294 4142 Quem
3327 4091 3423 4144 ego

1890 4171 2140 4228 decollari
2164 4170 2420 4224 Joannem
2451 4170 2562 4238 ipse
2591 4169 2825 4222 surrexit
2859 4182 2889 4221 a
2923 4169 3149 4222 mortuis
3179 4169 3245 4222 ".
3289 4186 3306 4218 ›
3345 4166 3421 4220 Ex

1891 4265 1992 4318 hac
2013 4263 2170 4330 igitur
2192 4275 2365 4314 causa:
2388 4260 2562 4328 specie
2583 4259 2670 4311 alii
2697 4257 2979 4322 Joannem,
3006 4259 3092 4312 alii
3114 4258 3420 4319 Jeremiam,

1892 4335 1978 4405 alii
2011 4349 2177 4404 Ellam
2208 4349 2490 4403 Dominum
2528 4361 2649 4403 esse
2665 4350 3094 4417 suspicabantur.
3125 4347 3240 4402 Jam
3279 4348 3418 4399 enim

1891 4444 2191 4498 obtinuerat
2241 4443 2381 4496 fama
2420 4451 2701 4498 venturum
2737 4455 2922 4494 rursus
2955 4441 3008 4492 in
3031 4449 3202 4492 terras
3227 4437 3418 4488 Eliam.

1892 4532 2023 4586 Cum
2055 4535 2212 4602 igitur
2253 4533 2533 4585 Dominum
2580 4530 2947 4598 castigatorem
2995 4540 3111 4580 esse
3158 4525 3419 4587 viderent,

1893 4635 2187 4689 magnaque
2238 4635 2357 4674 cum
2428 4620 2672 4672 libertate
2725 4615 3019 4669 Pharisaaos
3098 4611 3420 4681 Scribasque

1891 4712 2314 4780 redarguentem,
2333 4708 2654 4762 Eliamillum
2678 4719 2794 4759 esse
2813 4705 2990 4756 animo
3011 4717 3107 4757 suo
3134 4705 3417 4773 ﬁngebant.

1889 4798 1990 4852 Alii
2022 4814 2145 4853 vero
2185 4798 2493 4865 sapientiam
2525 4795 2590 4846 ab
2621 4794 2736 4862 ipso
2782 4792 2898 4860 ejus
2946 4793 3157 4861 ingenio
3199 4808 3302 4845 non
3353 4793 3420 4844 ab

1893 4890 1993 4943 ulla
2012 4889 2286 4956 disciplina
2307 4885 2600 4955 profectam
2622 4892 2929 4951 reputantes
2943 4885 3425 4952 obstupescebant;

330 5025 377 5058 "
407 5024 559 5079 Joan.
588 5037 662 5089 lx,
697 5021 786 5073 9.7.
860 5019 906 5051 “
932 5018 995 5073 IV
1029 5019 1158 5088 Reg.
1193 5035 1251 5082 tt,
1287 5017 1370 5071 12.
1446 5018 1493 5049 ³⁵
1519 5017 1682 5075 Marc.
1718 5039 1792 5086 νι,
1825 5023 1912 5077 16.

1454 5129 1767 5195 Francisci
1799 5137 2009 5198 Scorsi
2041 5144 2223 5196 notis.

332 5261 453 5330 (δι),
476 5260 590 5312 Alia
637 5254 1192 5330 CmareuAStratonis.
1237 5249 1602 5330 Josepharlih.
1649 5272 1666 5309 ι
1708 5259 1788 5330 ρο

259 5320 394 5388 δείιο
424 5320 664 5392 ζιιιάαὶι-ο,
694 5344 812 5394 cap.
850 5327 935 5388 i6,
964 5335 1017 5378 et
1042 5324 1133 5377 lib.
1167 5336 1231 5373 xv
1259 5320 1513 5388 Antiquit.
1553 5337 1668 5393 cap.
1700 5328 1785 5392 15,

257 5415 314 5460 et
349 5400 653 5466 llieronym.
691 5398 788 5449 hoc
827 5399 958 5466 loco.

1893 5259 2046 5313 llont.
2085 5259 2274 5325 Odyss.
2311 5256 2377 5322 ζ’.
2408 5259 2539 5315 Vide
2571 5262 2921 5316 Eustathium.
2945 5260 3231 5314 Deductum
3268 5261 3348 5314 est
3381 5276 3422 5313 θ

1888 5331 2069 5400 γει-ί)οῄ
2107 5328 2460 5400 ἀνερείπτειν.
2520 5332 2704 5400 Etym.
2760 5347 2894 5400 mag.
2941 5331 3080 5381 ἐστιν
3137 5331 3242 5397 ἄρα
3285 5331 3417 5397 ήγῆ

1885 5399 1948 5478 ἐκ
1982 5398 2168 5478 τούτου
2196 5398 2403 5478 γίνεται
2421 5398 2629 5477 ξρέπτω
2648 5400 2708 5478 τὸ
2730 5399 2934 5478 είς-γῆν
2954 5400 3298 5478 καταϐάλλω).
3318 5400 3414 5451 καί

333 5468 443 5539 (65)
467 5460 766 5539 ϐοὲτεριιιηι
791 5466 841 5514 in
865 5463 1068 5539 emtum.
1092 5460 1260 5538 Ornat
1288 5470 1339 5513 ct
1364 5468 1518 5539 auget
1542 5460 1644 5514 hoc
1671 5462 1786 5518 loco

1889 5469 1974 5539 ἀνε
1986 5468 2180 5539 ρέπτω,
2208 5460 2218 5463 ⁷
2244 5469 2336 5539 καὶ
2355 5537 2365 5539 ξ
2384 5460 2697 5539 πλεονασμῷ
2739 5460 2855 5539 τού
2880 5460 3204 5538 ἀνερείπτει.
3257 5460 3417 5523 Unde

250 5531 434 5601 {acer'
452 5543 632 5614 orator
659 5535 817 5611 verbo
847 5534 1051 5614 poetico
1072 5531 1542 5614 orationem,"dum
1574 5540 1783 5599 raptum

1889 5531 2233 5606 ἀνηρείψαντο
2265 5537 2312 5588 oi
2349 5537 2457 5590 θεοί
2481 5537 2587 5589 ἀπὸ
2616 5531 2711 5605 τῆς
2745 5537 2848 5606 γῆς
2883 5531 3226 5614 ἀνήρπασαν.

261 5596 390 5664 Elia:
423 5596 476 5661 in
505 5604 703 5675 caelum
740 5596 1022 5670 ritu'plane
1049 5596 1257 5669 poetico
1288 5596 1534 5668 explicat,
1567 5596 1781 5655 eo’usus
