4012 6334
591 352 694 412 963

1758 344 2239 407 THEOPHANIS
2275 346 2609 409 CERAMEI

3662 347 3764 412 968

587 462 755 531 patris
795 426 1003 525 l‘eccrit,
1037 473 1265 528 eumque
1303 458 1470 513 ﬂlium
1522 456 1670 514 Iona
1712 459 2031 529 appellarit?
2077 462 2128 513 in

2231 477 2424 514 νευσεν
2449 504 2464 524 ,
2516 462 2630 514 υἱὸν
2661 462 2822 516 αὐτὸν
2849 461 3018 515 εἰπὼν
3060 453 3243 528 ’ΐωνᾶ;
3275 461 3574 532 Μονονουχὶ
3617 463 3769 514 τοῦτο

588 554 727 606 hunc
761 537 1139 621 propemodum
1182 566 1402 606 sensum
1455 551 1710 619 loquitur.
1749 551 1918 605 Siculi
1951 562 2007 605 tu
2037 566 2128 605 na-

588 655 639 697 tu
651 645 826 696 raliter
848 643 983 695 ﬁlius
1005 656 1063 695 es
1087 641 1237 696 Jona
1259 642 1430 710 patris
1457 642 1650 704 tui,‘sic
1671 657 1771 709 ego
1790 641 2128 705 naturaliter,

587 737 874 788 secundum
903 736 1189 788 essentiam
1215 749 1332 787 sum
1369 733 1484 796 Dei,
1514 743 1567 786 et
1593 731 1766 786 Patris
1793 732 1983 786 Filius.
2017 732 2124 785 Seu

532 815 534 817 ’
584 826 756 892 potius
781 825 880 877 hoc
913 824 1061 888 dicit,
1113 824 1361 892 quoniam
1400 838 1503 875 non
1533 837 1562 875 a
1601 838 1763 877 carne
1790 832 1843 876 et
1874 825 2130 890 sanguine

583 913 870 981 profectam
922 915 1303 968 revelationem
1335 913 1568 978 dixerat,
1597 914 1690 967 sed
1728 927 1755 964 a
1801 911 1961 967 Patre
2008 927 2126 976 suo,

580 1014 739 1070 atque
776 1003 890 1056 hzec
932 1004 1187 1056 revelatio
1236 1016 1329 1070 per
1373 1000 1627 1069 Spiritum
1681 996 1926 1056 sanctum
1983 999 2128 1054 facta

582 1094 775 1156 fuerat,
805 1095 922 1148 ideo
951 1094 1097 1147 illum
1124 1095 1355 1161 Spiritus
1378 1093 1565 1147 Filium
1590 1103 1766 1148 vocat.
1794 1093 1959 1148 Jonas
1979 1095 2124 1147 enim

578 1183 874 1234 columbam
903 1191 1055 1234 sonat
1080 1182 1212 1250 (74).
1232 1181 1553 1236 Consuetum
1578 1197 1737 1251 porro
1756 1191 1839 1237 est
1869 1183 1920 1235 in
1949 1182 2125 1235 divina

581 1273 856 1339 Scriptura
906 1272 1077 1326 sancti
1131 1272 1381 1326 virtutem
1452 1273 1710 1327 columbae
1773 1271 2128 1340 appellatione

579 1365 792 1430 signare
843 1364 907 1427 ",
975 1365 1126 1431 cujus
1176 1379 1376 1431 pennas
1433 1364 1534 1416 sibi
1583 1365 1697 1417 dari
1747 1362 1907 1431 375
1957 1361 2123 1416 David

578 1456 740 1507 etiam
819 1454 906 1507 ille
976 1458 1227 1524 propheta
1294 1455 1563 1522 cupiebat.
1613 1471 1632 1505 ι
1683 1432 1876 1508 Beatus
1923 1468 2001 1518 es,
2035 1454 2126 1507 Si-

579 1561 699 1597 mon
745 1544 1028 1608 Bar-Jona,
1077 1548 1198 1613 quia
1255 1559 1386 1599 caro
1427 1554 1482 1597 et
1529 1545 1745 1613 sanguis
1783 1557 1888 1596 non
1928 1543 2129 1596 reVela-

575 1637 652 1688 vit
686 1637 820 1688 tibi:
860 1654 879 1686 ι
916 1637 999 1689 his
1024 1636 1198 1689 verbis
1228 1636 1329 1688 tale
1376 1633 1626 1702 quiddam
1671 1633 1976 1700 signiﬁcat:
2011 1633 2124 1687 Non

578 1726 630 1776 in
667 1740 827 1778 carne
860 1734 914 1778 et
974 1725 1235 1790 sanguine
1282 1726 1487 1776 haerens
1537 1724 1669 1774 hanc
1703 1722 1769 1775 de
1801 1737 1886 1775 me
1925 1723 2124 1776 revela-

581 1815 776 1865 tionem
815 1814 1088 1878 accepisti,
1121 1811 1214 1866 scd
1236 1827 1266 1864 e
1298 1811 1641 1864 sensibilibus
1669 1825 1890 1879 prorsus
1920 1811 2123 1863 abstra.
2158 1805 2200 1858 B

579 1916 700 1956 etus
739 1906 803 1955 de
845 1903 927 1954 his
956 1901 1230 1968 theologia:
1272 1901 1540 1970 mysteriis
1573 1901 1810 1953 initiatus
1839 1914 1918 1955 es.
1957 1899 2047 1952 Sic
2072 1910 2126 1952 et

582 1991 797 2056 Paulus,
828 1994 916 2059 qui
952 2006 1010 2043 se
1037 1998 1242 2055 raptum
1269 2005 1436 2058 usque
1470 1990 1536 2042 ad
1568 1990 1784 2042 tertium
1817 1988 2041 2052 ctelum,
2071 1996 2126 2041 et

584 2098 780 2136 arcana
832 2084 991 2135 verba
1046 2083 1258 2135 audisse
1295 2081 1449 2141 dicit,
1499 2095 1603 2133 non
1651 2093 1713 2132 ea
1758 2078 2122 2145 inquisitione,

582 2190 700 2243 quae
730 2190 982 2228 sensuum
1011 2172 1312 2227 ministerio
1337 2172 1394 2224 fit
1415 2173 1478 2225 ad
1508 2170 1854 2236 intelligibilia
1884 2178 2126 2222 contem-

583 2267 773 2334 planda
814 2280 946 2333 opus
977 2263 1182 2327 habuit,
1223 2261 1364 2326 quod
1397 2261 1604 2314 scilicet
1629 2260 1742 2326 ipse
1773 2267 1979 2312 suomet
2004 2271 2122 2310 ser-

583 2371 739 2409 mone
789 2356 1151 2422 signiticavit:
1188 2372 1208 2405 ι
1245 2354 1370 2407 Sive
1413 2353 1466 2406 in
1518 2364 1766 2420 corpore,
1810 2351 1923 2405 sive
1973 2357 2124 2404 extra

579 2461 793 2514 corpus,
829 2448 1006 2499 nescio
1032 2446 1100 2497 ’⁸.
1129 2463 1147 2496 ι
1834 2451 1845 2464 ‘

653 2555 670 2586 ι
711 2536 769 2588 Et
801 2551 902 2604 ego
949 2537 1070 2588 dico
1111 2533 1228 2598 tibi,
1273 2530 1405 2597 Quia
1450 2541 1503 2585 tu
1533 2545 1593 2585 es
1629 2531 1838 2594 Petrus,
1869 2536 1923 2582 et
1965 2543 2126 2596 super

583 2628 719 2679 hanc
758 2637 962 2693 petram
992 2625 1264 2678 aediﬁcabo
1291 2623 1579 2677 Ecclesiam
1610 2636 1804 2675 meam.
1845 2639 1864 2672 ι
1909 2620 2013 2683 Tu,
2041 2621 2125 2673 in-

583 2715 718 2781 quit,
757 2714 847 2780 qui
900 2724 1046 2779 petra
1079 2727 1136 2765 es
1179 2713 1316 2779 ('75),
1361 2721 1509 2779 petra
1563 2710 1657 2763 lies
1697 2709 1816 2762 ﬁdei
1850 2707 2032 2770 Verbi,
2071 2715 2125 2760 et

584 2800 968 2854 constituendae
1024 2799 1274 2852 Ecclesiae
1310 2799 1730 2860 fundamentum,
1769 2805 1822 2848 et
1858 2796 2125 2861 'spiritua-

583 2891 649 2946 lis
703 2891 908 2944 aedilicii
935 2891 1136 2958 primus
1180 2887 1375 2941 aditus.
1409 2886 1463 2940 ιιι
1491 2888 1591 2940 hac
1612 2887 1751 2939 enim
1772 2883 2123 2945 catil‘essione,

584 2999 685 3050 qua
711 2997 797 3034 me
829 2983 1094 3034 hominem
1130 2980 1374 3033 eumdem
1437 2989 1490 3030 et
1526 2977 1686 3031 Deum
1717 2974 2126 3039 essecoufessus

590 3089 668 3137 cs,
700 3073 752 3126 in
790 3074 908 3137 hac,
945 3074 1181 3140 inquam,
1219 3068 1518 3121 stahilietur
1546 3067 1792 3121 Ecclesia:
1816 3066 2125 3118 fundamen-

591 3175 725 3217 tum.
767 3164 875 3216 Hac
915 3163 1056 3216 enim
1090 3163 1202 3214 basi
1254 3159 1548 3229 Supposita,
1597 3159 1798 3225 reliqua
1836 3155 1998 3210 etiam
2039 3155 2132 3209 do-

589 3265 765 3323 gmata
788 3257 910 3305 "tuto
935 3259 1394 3321 superstruentur.

669 3487 688 3520 ι
740 3466 804 3520 Ει
863 3473 1027 3531 porta:
1087 3462 1240 3516 inferi
1309 3477 1412 3515 non
1468 3459 1826 3528 praevalebunt
1879 3458 2131 3510 adversus

587 3576 724 3614 eam.
767 3577 785 3609 ι
826 3557 998 3610 Putta:
1036 3537 1212 3616 inferi,
1258 3567 1376 3620 quze
1419 3558 1602 3604 contra
1659 3549 1946 3603 Ecclesiam
2001 3563 2133 3615 pra:—

589 3649 767 3702 valere
797 3662 899 3699 non
931 3653 1234 3713 potuerunt,
1268 3643 1482 3708 tyranni
1508 3639 1889 3708 intelligantur,
1930 3648 1986 3692 et
2023 3639 2133 3692 lite-

590 3753 763 3792 resum
798 3736 1064 3803 principes
1089 3749 1103 3787 :
1127 3733 1216 3802 qui
1240 3743 1407 3801 portat
1434 3730 1585 3783 inferi
1611 3727 1836 3798 figurate
1860 3729 2130 3792 dicuntur,

593 3839 777 3895 utpote
811 3826 902 3895 qui
933 3827 998 3878 ad
1027 3824 1314 3878 inferorum
1346 3824 1476 3876 retia
1507 3820 1815 3888 pertrabant
1843 3828 2134 3874 sectatores

589 3933 734 3981 suos,
762 3919 850 3984 qui
885 3913 1122 3983 profecto
1156 3913 1418 3964 incassum
1448 3907 1610 3962 multa
1642 3907 1849 3967 conati,
1878 3915 1932 3958 et
1962 3920 2132 3973 equo~

590 4019 706 4057 rum
765 4004 931 4053 instar
989 4003 1242 4051 adversus
1294 3995 1584 4048 Ecclesium
1641 3991 1991 4045 inirementes
2052 3989 2131 4043 nil

590 4092 875 4158 quidquam
914 4087 1132 4140 alterius
1174 4081 1476 4137 nocumenti
1515 4080 1589 4133 illi
1650 4078 1977 4142 intulerunt,
2032 4078 2133 4132 nisi

591 4183 728 4249 quod
766 4181 1111 4233 illustriorem
1144 4174 1387 4229 eﬂ'ecere.

671 4287 689 4318 ι
722 4267 786 4319 Ει
836 4269 927 4321 tibi
964 4266 1100 4317 dabo
1127 4264 1303 4317 claves
1339 4262 1484 4329 regni
1518 4259 1798 4314 calorum.
1838 4275 1856 4308 ι
1905 4257 2038 4310 Non,
2061 4257 2137 4310 ait

2229 569 2394 620 φησιν
2415 569 2429 581 ·
2457 553 2668 620 Ὠσπερ
2697 552 2859 613 αὐτὸς
2899 553 3014 616 υίὸς
3042 549 3094 604 εἶ
3119 553 3277 621 φύσει
3309 552 3400 605 τοῦ
3435 553 3529 605 συῦ
3567 554 3767 620 πατρ³ις

2239 643 2413 705 Ἰωνᾶ,
2444 640 2590 695 οὕτω
2627 641 2781 710 κάγὼ
2812 643 2974 710 φύσει
3034 644 3128 695 καὶ
3151 641 3271 694 κατ’
3295 642 3482 695 οὐσίαν
3513 641 3640 702 Υἱός
3656 645 3770 710 εἰμι

2225 735 2320 786 τοῦ
2348 734 2484 786 Θεοῦ
2540 735 2635 787 καὶ
2672 735 2902 804 Πατρός.
2945 734 3162 788 Μᾶλλον
3186 733 3265 798 δὲ,
3285 735 3468 803 ἐπειδὴ
3499 729 3770 801 τὴνθάπο-

2225 823 2459 894 κάλυψιν
2485 825 2586 877 οὐκ
2633 824 2742 877 ἀπὸ
2786 824 2986 892 σαρκὸς
3030 820 3148 877 εἷπε
3173 824 3501 892 γεγενῆσθαι
3557 823 3656 875 καὶ
3683 822 3768 876 ατ-

2231 935 2422 989 ματος,
2449 917 2567 970 ἀλλ’
2611 918 2675 969 ἑκ
2715 917 2808 970 τοῦ
2840 917 3050 986 Πατρδς
3083 915 3251 968 αὑτοῦ
3277 915 3370 968 τοῦ
3405 917 3464 968 ιν
3497 915 3768 982 οὐρανοῖς,

2226 1009 2366 1080 αὕτη
2403 1010 2459 1062 δὲ
2515 1011 2548 1077 ἠ
2591 1007 2932 1078 ἀποκάλυψις
2979 1007 3066 1060 διὰ
3117 1007 3212 1058 τοῦ
3255 1007 3412 1069 ἁγίου
3456 1006 3770 1074 Πνεύματος

2227 1100 2439 1168 γέγονε,
2468 1099 2558 1152 διὰ
2584 1099 2748 1152 τοῦτο
2769 1098 2896 1150 Υἱδν
2927 1096 3090 1170 αὐτὸν
3124 1096 3380 1165 ὀνομάζει
3400 1094 3492 1147 τοῦ
3520 1093 3769 1162 Πνεύμα-

2226 1204 2339 1251 τος.
2355 1189 2538 1250 Ἰωνᾶς
2568 1187 2675 1256 γὰρ
2701 1184 3018 1254 περιστερὰ
3041 1184 3420 1255 ἑρμηνεύεται.
3453 1181 3689 1250 sumes;
3713 1182 3769 1234 δὲ

2226 1282 2292 1348 τῇ
2325 1278 2515 1349 Γραφῇ
2549 1277 2721 1347 τούτῳ
2748 1276 2824 1346 τῷ
2841 1277 3066 1345 ὀνόματι
3095 1275 3195 1342 τῆς
3217 1274 3570 1343 περιστερᾶς,
3589 1271 3768 1324 καλεῖν

2226 1368 2323 1437 τὴν
2347 1367 2442 1421 τοῦ
2471 1367 2790 1437 Πνιύματος
2822 1366 3074 1434 δύναμιν,
3101 1359 3169 1435 ἦς
3189 1363 3288 1425 τὰς
3317 1364 3598 1433 πτέρυγας
3625 1362 3768 1426 γενέ-

2229 1459 2358 1511 σθαι
2432 1458 2580 1525 αὐτῷ
2643 1458 2740 1510 καὶ
2791 1456 2957 1509 Δασὶδ
2999 1441 3356 1523 θπροφήτης
3410 1451 3765 1518 ἐπιπόθησιν.

2232 1565 2251 1598 ι
2291 1548 2574 1615 Μακάριος
2609 1541 2661 1596 εἷ
2692 1545 2783 1611 σὺ,
2815 1545 2996 1613 Σίμων
3017 1541 3133 1611 Βὰρ
3172 1541 3350 1604 Ἰωνᾶ,
3396 1541 3478 1592 ὅτι
3510 1538 3648 1607 σὰρξ
3678 1538 3768 1589 καὶ

2227 1635 2366 1704 αἷμα
2396 1639 2494 1688 οὐκ
2519 1636 2836 1703 ἀπεκάλυψέ
2868 1653 2971 1688 σοι.
2999 1654 3019 1685 ι
3049 1636 3116 1687 Ὅ
3141 1634 3290 1699 λέγει
3317 1631 3560 1683 τοιοῦτόν
3583 1631 3726 1682 ἐστιν
3747 1644 3764 1658 ο

2230 1729 2430 1792 Οὐκ-ἐν
2460 1728 2645 1794 σαρκὶ,
2685 1726 2839 1795 φησὶ,
2896 1725 3075 1791 μένων
3113 1725 3206 1777 καὶ
3252 1727 3442 1792 αῐματι
3473 1720 3636 1784 ἐδέξω
3670 1718 3767 1786 τὴν

2231 1820 2359 1885 περὶ
2407 1816 2544 1886 ἐμοῦ
2598 1797 2982 1882 ἀποκάλυψιν
3019 1812 3135 1866 ἀλλ’
3185 1811 3290 1874 ἔξω
3343 1812 3452 1863 τῶν
3496 1808 3763 1873 αἰσθητῶν

2231 1909 2409 1977 πάντη
2436 1908 2726 1975 γενόμενος
2747 1943 2763 1968 ,
2788 1907 2857 1956 τὰ
2882 1905 2980 1972 τῆς
3012 1902 3289 1970 θεολογίας
3331 1899 3766 1969 μεμυσταγώγη-

2232 2015 2340 2051 σαι.
2374 1995 2561 2056 Οὕτως
2589 1993 2683 2046 καὶ
2706 1992 2918 2052 Παῦλος
2949 1992 3183 2061 ἀρθῆναι
3231 1989 3402 2044 είπὼν
3432 1990 3534 2048 Em;
3588 1987 3764 2055 τρίτου

2231 2089 2484 2158 ούρανοῦ,
2514 2085 2606 2137 καὶ
2641 2084 2901 2154 ῥημάτων
2925 2084 3176 2152 ἀρρήτων
3200 2080 3450 2148 γενέσθαι
3476 2076 3763 2146 ἀκροατὴς,

2230 2177 2290 2229 ού
2328 2175 2648 2246 σωματικῆς
2693 2172 2983 2240 ἀκριϐείας
3029 2169 3220 2239 ἐδεήθη
3250 2171 3308 2220 ὲν
3337 2171 3402 2237 τῇ
3433 2167 3632 2234 θεωρία
3660 2165 3764 2216 τῶν

2231 2267 2436 2336 νοητῶν
2463 2280 2476 2294 ’
2512 2265 2672 2317 τοῦτο
2709 2264 2813 2332 γὰρ
2845 2265 2936 2315 καὶ
2958 2261 3117 2322 αὐτὸς
3144 2259 3221 2328 τῷ
3253 2259 3367 2326 ίδίῳ
3398 2258 3542 2325 λόγῳ
3575 2258 3766 2321 ἐπεση-

2233 2359 2472 2426 μήνατο*
2505 2373 2524 2406 ι
2561 2354 2686 2408 Εἴτε
2712 2356 2772 2405 ὲν
2801 2351 3035 2419 σώματι,
3072 2349 3183 2401 εῐτε
3205 2348 3362 2409 ἐκτὸς
3396 2347 3488 2398 τοῦ
3525 2345 3765 2410 σώματος

2229 2451 2328 2502 οὐκ
2358 2445 2498 2501 οἶδα.
2535 2464 2556 2498 ι

2303 2559 2321 2590 ι
2358 2537 2526 2605 Κάγὼ
2560 2536 2618 2590 δέ
2679 2551 2762 2588 σοι
2801 2535 2942 2601 λέγω
2977 2533 3060 2586 ὃτι
3097 2530 3162 2584 σὺ
3192 2525 3242 2582 εῐ
3269 2530 3497 2598 Πέτρος,
3555 2543 3648 2578 και
3676 2535 3764 2575 erit

2227 2629 2401 2700 ταύτῃ
2429 2629 2496 2697 τῇ
2535 2627 2709 2695 πέτρᾳ
2741 2624 3081 2692 οἰκοδομήσω
3103 2637 3206 2690 μου
3230 2621 3328 2689 τὴν
3368 2617 3712 2685 Ἐκκλησίαν.
3738 2633 3756 2664 ι

2231 2718 2326 2782 Σὺ,
2353 2717 2510 2786 φησὶ,
2545 2715 2747 2784 Πέτρος
2785 2712 2884 2776 ὢν,
2909 2712 3080 2779 πέτρα
3105 2710 3341 2778 γεννήσῃ
3371 2708 3468 2774 τῆς
3519 2705 3659 2756 κατὰ
3682 2703 3764 2753 λό-

2231 2824 2326 2873 γον
2357 2807 2619 2867 πίστεως,
2655 2805 2747 2856 καὶ
2776 2803 2875 2870 τῆς
2909 2798 3274 2870 ὲδραζομένης
3324 2795 3647 2862 Ἐκκλησίας
3683 2791 3762 2842 θε-

2235 2896 2435 2966 μέλιος,
2461 2894 2555 2947 καὶ
2572 2891 2760 2963 πρώτη
2779 2891 2877 2960 τῆς
2899 2887 3272 2959 πνευματικῆς
3297 2885 3582 2952 οἰκοδομῆς
3605 2888 3766 2952 depop-

2234 2988 2329 3057 μή.
2369 2987 2493 3038 Ἐπὶ
2546 2987 2612 3055 τῇ
2641 2982 2900 3053 ὁμολογίᾳ,
2949 2982 3057 3048 γὰρ
3111 2971 3366 3050 ταύτῃ,ᾗ
3411 2975 3760 3044 ὁμολόγησας,

2231 3080 2322 3132 τὸν
2355 3078 2514 3130 αὐτὸν
2569 3074 2706 3128 εἷναί
2741 3091 2808 3143 με
2849 3073 2974 3126 Υἱὸν
2997 3071 3153 3136 Θεοῦ,
3181 3071 3278 3122 καὶ
3300 3068 3434 3120 Υίὸν
3460 3065 3760 3135 ἀνθρώπου,

2225 3170 2324 3219 ἐπὶ
2376 3166 2543 3235 ταύτῃ
2590 3166 2686 3234 τῆς
2753 3162 3132 3231 Ἑκκλησίαςύ
3185 3158 3434 3227 θεμέλιος
3491 3159 3759 3216 στήσεται.

2232 3255 2501 3324 Τοιαύτης
2535 3256 2642 3323 γὰρ
2663 3253 2761 3322 τῆς
2790 3252 3050 3322 κρηπῖδος
3083 3249 3356 3317 τεθείσης,
3389 3245 3482 3299 καὶ
3509 3245 3580 3297 τὰ
3609 3244 3787 3300 λοιπὰ,

2229 3347 2476 3414 δόγματα
2510 3344 2763 3411 ἀσφαλῶς
2791 3329 3295 3412 οἰκοδομηθήσεται.

2304 3455 2324 3487 ι
2356 3437 2466 3488 Καὶ
2491 3435 2657 3486 πύλαι
2685 3434 2813 3503 ᾅδου
2837 3433 2898 3486 οὔ
2925 3433 3343 3500 κατισχύσουσιν
3376 3429 3571 3496 αὐτῆς.
3613 3447 3632 3479 ι
3658 3425 3758 3478 Πύ-

2229 3526 2318 3578 λαι
2354 3526 2407 3578 δὲ
2435 3525 2559 3596 ᾅδου
2592 3525 2690 3591 τῆς
2728 3521 3048 3592 Ἐκκλησίας
3104 3519 3178 3588 μὴ
3207 3519 3618 3587 κατισχύουσαι,
3657 3511 3758 3567 εἷεν

2232 3617 2297 3670 ἂν
2316 3618 2366 3669 οἱ
2395 3615 2596 3684 ταύτην
2626 3613 2907 3675 διώκοντες
2955 3610 3358 3682 τύραννοι,,καὶ
3393 3609 3443 3660 oi.
3469 3609 3576 3659 τῶν
3607 3604 3749 3674 αἱρέ-

2235 3723 2375 3759 σεων
2406 3706 2642 3776 ἐξαρχοι,
2669 3703 2833 3756 πύλαι
2859 3703 2984 3774 ᾅδου
3025 3701 3298 3772 τροπικῶς
3357 3695 3758 3766 ὀνομασθέντες.

2229 3799 2304 3861 ὡς
2332 3801 2457 3861 τοὺς
2488 3797 2840 3864 πειθομένους
2873 3795 3053 3855 αὐτοῖς
3113 3795 3192 3854 είς
3249 3789 3375 3860 ᾂδου
3412 3785 3760 3860 καθέλκονται

2230 3893 2532 3960 πέταυρονσ
2559 3888 2609 3940 οἶ
2661 3888 2725 3954 δὴ
2775 3885 2943 3938 πολλὰ
2997 3885 3351 3954 μογήσαντες,
3379 3879 3474 3931 καὶ
3501 3875 3642 3930 κατὰ
3673 3876 3762 3941 τῆς

2233 3980 2562 4048 Ἐκκλησίας
2595 3976 2820 4044 ἱππηδὸν
2844 3975 3236 4044 φρυαξάμενοι,
3267 3968 3540 4022 οὐδοτιοῦν
3565 3965 3760 4030 ταύτην

2232 4069 2608 4139 παρέσλαψαν,
2652 4068 2686 4136 ἦ
2724 4069 2805 4118 ὅτι
2841 4061 3590 4135 λαμπροτέραν,εῐργάσαντο.

2309 4261 2329 4294 ι
2366 4240 2476 4294 Καὶ
2506 4239 2660 4292 δώσω
2697 4254 2790 4302 σοι,
2807 4238 2902 4298 τὰς
2949 4235 3094 4296 κλεῖς
3114 4233 3211 4302 τῆς
3237 4230 3512 4303 βασιλείας
3540 4230 3649 4282 τῶν
3683 4227 3760 4281 οὐ⁸

602 4358 665 4409 do
710 4357 804 4406 tibi
841 4371 998 4407 nunc.
1046 4355 1136 4406 sed
1169 4353 1341 4416 dabo;
1374 4321 1576 4418 tempus
1606 4349 1806 4401 scilicet
1859 4347 1986 4399 illud
2015 4351 2132 4414 post

2238 4335 2435 4408 ρανῶν.
2481 4352 2501 4385 ι
2533 4334 2643 4384 Οὐκ
2695 4326 2837 4394 εἷπε,
2867 4327 3066 4396 Δίδωμί
3101 4343 3182 4378 σοι
3231 4325 3348 4386 νῦν,
3402 4323 3568 4386 ἀλλὰ,
3605 4321 3762 4371 Δώσω

613 4443 1055 4494 resurrectionem
1092 4441 1321 4491 luturum
1347 4441 1656 4505 praedicens,
1678 4437 1888 4504 quando
1903 4444 1956 4488 et
1973 4437 2132 4488 sancti

2243 4444 2345 4488 σοι,
2371 4426 2460 4475 τδν
2493 4422 2630 4491 μετὰ
2651 4422 2745 4488 τὴν
2770 4419 3062 4471 ἀνάστασιν
3108 4415 3385 4485 προλέγων
3409 4413 3619 4482 καιρὸν,
3651 4409 3759 4461 καθ’

610 4532 844 4597 Spiritus
891 4529 1113 4596 gratiam
1142 4528 1212 4578 illi
1249 4502 1546 4592 impertitus
1576 4502 1710 4588 cst,i_
1733 4535 1785 4577 et
1825 4533 2132 4589 potestatem

2242 4517 2300 4566 ὃν
2345 4513 2489 4580 αὐτῷ
2548 4512 2638 4564 καὶ
2697 4510 2794 4578 τὴν
2834 4511 2989 4579 χάριν
3029 4508 3122 4560 τοῦ
3158 4507 3312 4574 ἁγίου
3347 4505 3485 4558 Πνεύ
3498 4521 3663 4572 ματος
3685 4502 3760 4554 δὲο

601 4620 797 4688 ligandi
857 4629 1018 4684 atque
1049 4616 1286 4668 solvendi
1343 4614 1666 4681 permisit”,
1713 4623 1766 4664 et
1798 4611 2132 4662 rationalibus

2242 4603 2400 4665 δωκε,
2433 4602 2527 4650 καὶ
2548 4600 2644 4672 τῂν
2691 4601 2934 4659 ἐξουσίαν
2973 4598 3066 4649 τοῦ
3103 4599 3320 4663 δεσμεῖν
3357 4598 3451 4647 καὶ
3481 4593 3650 4656 λύειν,
3677 4590 3762 4642 καὶ

601 4715 787 4767 ovibus
815 4720 1084 4779 pastorem
1124 4706 1381 4776 praefecit.
1419 4703 1608 4756 Verum
1637 4716 1754 4768 quae
1800 4701 1978 4752 claves
2035 4697 2132 4759 hae,

2240 4693 2349 4745 τῶν
2381 4691 2612 4756 λογικῶν
2658 4689 2942 4756 προϐάτων
2992 4688 3299 4754 ἀγελάρχην
3345 4683 3757 4752 ἐχειροτόνησεν.

601 4818 824 4870 quarum
893 4809 1165 4867 portarum
1227 4795 1460 4860 claviger
1513 4788 1851 4842 constituitur
1913 4783 2132 4837 Petrus!

2251 4777 2412 4832 Ἀλλὰ
2435 4776 2576 4836 τίνες
2619 4776 2674 4827 αί
2703 4775 2925 4837 κλεῖδες,
2971 4772 3147 4842 Θυρῶν
3175 4773 3232 4824 δὲ
3267 4772 3432 4824 ποίων
3463 4770 3759 4838 κλειδοῦχος

674 4933 716 4964 ⁸⁷
748 4931 892 4984 Psal.
925 4886 1033 4992 LIV:
1076 4926 1128 4982 Ἰ.
1203 4925 1248 4958 ³⁸
1291 4922 1331 4976 ll
1362 4922 1481 4977 Cor.
1513 4935 1608 4985 xit,
1639 4919 1693 4973 5.
1767 4919 1815 4950 "
1839 4915 1991 4971 Joan.
2017 4915 2218 4976 “.23.

1794 5005 2107 5066 Francisci
2138 5001 2345 5065 Scorsi
2373 5008 2551 5061 noue.

679 5139 787 5208 (Η)
822 5139 984 5208 Jonas
1023 5135 1480 5208 enint_columbam
1522 5139 1691 5208 sonat.
1723 5137 1832 5208 mp?
1876 5126 2132 5208 cgiumba,

602 5195 867 5273 tui/ilius.
896 5207 1018 5258 Vide
1049 5206 1104 5256 ὃ.
1136 5203 1534 5271 Hieronymum,
1559 5203 1612 5253 iu
1639 5199 1879 5253 eamdem
1905 5195 2132 5264 Etymol.

608 5277 1048 5343 ἀλληγορίζοντα.
1371 5339 1411 5343 __
1577 5337 1635 5343 ___
1759 5337 1773 5343 _
1867 5334 1879 5343 ,
2123 5332 2135 5343 ,

679 5334 1009 5416 (Ἱδγρεινα
1058 5360 1147 5416 ἐς,
1203 5350 1308 5394 etc.
1371 5334 1912 5416 llunc_'l'heoplianis
1970 5334 2138 5412 nostri

607 5400 783 5473 locum,
799 5455 814 5478 ,
844 5423 899 5462 ut
929 5400 1252 5462 luculentum
1289 5409 1648 5478 testimonium
1686 5400 1970 5478 catholica;
1992 5400 2138 5478 veri-

610 5469 752 5546 istis,
779 5469 841 5534 ex
877 5496 976 5545 qua
1017 5479 1196 5532 Petrus
1229 5476 1766 5546 caputEcclesiamt
1797 5472 1913 5546 ﬁdei
1947 5469 2139 5546 funda-

610 5538 844 5608 mentum
880 5538 1132 5600 asseritur
1151 5538 1336 5598 contra
1366 5545 1842 5612 Hagdeburgenses
1865 5538 2140 5612 Centuria—

612 5637 770 5683 tores,
803 5620 986 5671 iisdem
1028 5616 1243 5666 omnino
1271 5607 1708 5683 verbisfprotulit
1743 5611 1880 5683 inter
1911 5607 2135 5682 aliorum

611 5676 842 5744 veterum
871 5686 1084 5739 Patrum
1115 5685 1270 5748 dicta,
1301 5696 1433 5749 quos
1461 5676 1637 5734 itidem
1666 5679 1790 5733 citat
1822 5676 2135 5729 Franciscus

2237 5121 2487 5175 Turrian.
2519 5134 2628 5174 soc.
2658 5126 2871 5177 nostrae,
2897 5115 2964 5166 de
3002 5127 3106 5181 quo
3146 5112 3292 5178 plura
3335 5113 3386 5164 in
3421 5109 3649 5166 Proem.
3681 5129 3759 5176 tu,

2239 5192 2378 5261 quod
2419 5191 2612 5261 relege.
2648 5187 2900 5261 Porran
2945 5186 3043 5236 hac
3083 5181 3432 5261 explicatione
3463 5191 3517 5233 et
3547 5182 3758 5261 veritate

2239 5248 2580 5313 consentiunt
2609 5270 2792 5308 omnes
2822 5253 3004 5304 Patres
3043 5262 3149 5303 tam
3184 5248 3375 5312 Graeci,
3403 5263 3559 5316 quam
3596 5249 3756 5300 Latini

2237 5343 2374 5385 (tuos
2400 5336 2639 5379 recenset
2668 5325 2825 5374 etiam
2856 5320 3089 5372 Maldon.
3118 5320 3290 5385 arguit
3319 5319 3478 5370 etiam
3511 5318 3600 5371 hic
3627 5321 3759 5370 locus

2291 5411 2454 5451 necas
2489 5397 2630 5461 ipsos
2663 5387 3486 5461 scltismatiizos,_quiprimatum
3521 5386 3759 5438 Ecclesia:

2240 5455 2525 5524 Romanae,
2556 5470 2607 5512 et
2649 5472 3013 5513 successorum
3054 5457 3196 5510 Petri
3236 5455 3424 5507 nolunt
3466 5468 3758 5524 agnoscere.

2241 5533 2313 5585 De
2361 5545 2466 5599 quo
2512 5521 2753 5599 pluribus
2799 5541 2958 5599 supra
3010 5526 3062 5576 in
3111 5529 3210 5599 hic
3257 5525 3428 5591 hom.,
3459 5521 3569 5576 ιιυι.
3602 5521 3687 5586 61,
3713 5529 3759 5572 et

2241 5593 2392 5654 hom:
2411 5593 2644 5664 37,'not.
2677 5596 2771 5658 68,
2798 5604 2851 5668 et
2875 5593 2963 5658 54,
2993 5604 3103 5646 not.
3129 5593 3217 5648 49.
