4012 6334
100 344 195 402 965

1439 333 1770 395 HOMILIA
1820 337 1934 395 LV.
3189 336 3291 396 966

99 453 125 501 ὁ
153 450 363 518 Πέτρος
389 448 712 502 καθίσταται
739 464 756 514 ;
788 447 938 514 Θύρα
961 449 1059 518 μὲν
1089 447 1250 510 αὑτός
1280 449 1424 500 ἐστιν
1446 450 1474 499 ὁ
1508 448 1643 516 Χρι-

1755 446 1906 501 Porta
1948 445 2058 497 bare
2085 442 2334 497 Christus
2373 451 2454 495 est
2482 439 2593 513 (76)
2624 441 2740 512 ipse
2782 444 2873 512 qui
2905 443 3079 497 ἀιιίιι
3115 461 3134 494 ι
3181 446 3290 513 Ego

104 542 244 605 στδς,
291 544 324 594 6
371 540 572 593 εἰπών’
611 559 629 591 ι
667 540 810 608 Ἐγώ
865 543 980 611 εἰμι
1037 541 1071 611 ἡ
1121 539 1298 610 θύρα⁶
1342 558 1360 589 ι
1421 539 1562 600 κλεῖς
1588 538 1644 589 δὲ

100 632 303 701 ταύτης
355 631 454 700 τῆς
499 631 665 701 θύρας
695 633 728 699 ἡ
758 632 962 696 πίστις,
989 631 1055 700 ἣν
1120 627 1413 698 ἐγχειρίζει
1452 628 1526 696 τῷ
1556 645 1645 679 κο-

105 722 317 789 ρυφαίῳ
346 722 373 770 6
424 721 625 790 Κύριος
649 736 662 749 ’
696 721 790 772 καὶ
833 724 973 790 τάχα
1029 719 1202 788 τούτῳ
1236 721 1315 788 τῷ
1344 718 1580 787 κλείθρῳ
1613 719 1646 787 ἡ

103 811 480 878 ᾁσματίζουσα
526 809 712 877 νύμφη
781 809 1039 878 διήνοιγε,
1087 809 1324 861 ποθοῦσα
1370 808 1458 859 τὸν
1483 808 1648 858 καλὸν

102 898 419 966 ἀδελφιδοῦν
479 901 859 964 ὑποδέξασθαι,
909 900 1079 968 ταύτη
1127 917 1211 951 τοι
1277 899 1372 950 καὶ
1424 898 1646 964 ἔλεγεν·

107 1009 125 1040 r
169 989 294 1040 Ἐπὶ
346 990 536 1059 θύραις
590 990 681 1041 τοῦ
718 990 965 1059 κλείθρου
1023 990 1207 1058 ἠνοιξα
1251 987 1362 1054 ἐγὼ
1387 988 1464 1056 τῷ
1495 987 1648 1041 αδελ-

101 1080 235 1149 φιδῷ
267 1098 394 1150 μου.
428 1100 446 1130 ι
476 1081 699 1133 Δίδωσιν
724 1077 816 1133 οῦν
869 1081 1054 1148 Πέτρῳ
1099 1080 1329 1139 καὶτοῖς
1361 1079 1479 1130 κατ’
1513 1078 1652 1128 ἐκεῖ·

101 1188 184 1220 νον
222 1169 326 1231 τὰς
356 1170 523 1236 κλεῖς,
577 1171 651 1232 ὼς
694 1173 759 1223 ἂν
803 1173 900 1240 μὲν
924 1174 1036 1231 τοῖς
1074 1171 1367 1239 αἱρετικοῖς
1389 1168 1587 1229 ἄϐατος
1617 1167 1649 1235 ἡ

101 1260 234 1328 θύρα
275 1261 361 1329 εῐη
412 1262 508 1330 τῆς
540 1262 648 1312 τῶν
700 1263 942 1330 οὐρανῶν
987 1261 1288 1330 βασιλείας,
1317 1261 1410 1312 καὶ
1459 1262 1648 1325 ἄδυτος

99 1353 203 1410 τοῖς
244 1350 299 1400 δὲ
338 1353 550 1410 πιστοῖς
575 1351 916 1412 εύεπίὸατος,
952 1351 1026 1412 ὡς
1057 1349 1404 1418 βεϐαιοῦσθαι
1434 1349 1530 1418 τὴν
1556 1352 1648 1403 τοῦ

105 1443 306 1508 Κυρίου
342 1442 637 1508 ἀπόφασιν.
689 1460 706 1492 ι
746 1443 915 1502 Εἴτις
960 1443 1019 1494 ού
1062 1441 1296 1510 γεννηθῇ
1336 1441 1403 1492 δι’
1439 1443 1647 1506 ὓδατος,

104 1532 194 1582 καὶ
223 1533 564 1601 Πνεύματος,
621 1533 680 1584 ού
719 1533 793 1601 μὴ
841 1534 1057 1603 εἰσέλθη
1112 1537 1191 1597 είς
1225 1535 1322 1604 τὴν
1373 1536 1650 1604 βασιλείαν

103 1623 204 1675 τῶν
238 1626 504 1692 οὐρανῶν.
543 1646 562 1678 ι
595 1631 655 1680 Οἱ
681 1629 776 1694 μὲν
799 1625 891 1681 οὖν
917 1629 1145 1682 ἐναντίοι
1176 1631 1273 1700 τῆς
1295 1631 1530 1693 πίστεως
1559 1631 1651 1682 καὶ

108 1714 356 1782 πολέμιοι
388 1716 553 1769 πύλαι
611 1710 738 1787 ᾅδου
797 1718 1125 1788 ἐκλήθησαν,
1185 1723 1212 1771 6
1261 1721 1317 1771 δὲ
1376 1721 1650 1788 Δεσπότης

114 1804 479 1873 Ἐμμανουὴλ,
514 1807 649 1876 θύρα
681 1808 773 1860 καὶ
819 1809 960 1876 πύλη
994 1810 1092 1877 τῆς
1118 1809 1390 1878 βασιλείας
1421 1811 1527 1862 τῶν
1561 1813 1648 1862 οὐ·

107 1893 298 1959 ραπ-ιῶν.
332 1895 422 1945 Διὸ
456 1896 551 1948 καὶ
601 1898 983 1967 προτροπάδην
1024 1900 1156 1950 πᾶσι
1189 1898 1284 1966 βοᾷ
1310 1917 1321 1927 ·
1356 1918 1375 1948 ι
1405 1898 1484 1950 Δι’
1514 1901 1646 1967 ἐμοῦ

104 1986 191 2036 ἐάν
212 2002 298 2044 τις
354 1987 606 2063 εἰσέλθοι,
633 1988 955 2055 σωθήσεται,
994 2007 1014 2038 ι
1041 1990 1156 2051 καὶ,
1192 1989 1532 2042 ι-Εἰσέλθετε
1562 1989 1650 2042 διὰ

103 2078 190 2142 τῆς
214 2077 406 2144 στενῆς
429 2077 620 2148 πύλης,
649 2099 666 2131 ι
693 2081 790 2141 τὰς
810 2079 1071 2142 πλατείας
1089 2081 1180 2134 καὶ
1203 2081 1278 2141 είς
1304 2081 1427 2150 ᾅδου
1456 2081 1650 2150 φερού-

105 2182 200 2226 σας
232 2167 606 2230 ἐκκλίναντες.
667 2218 671 2222 ι

168 2255 311 2306 Ἀλλ’
349 2259 400 2308 οἱ
432 2258 530 2326 τῆς
568 2257 881 2326 Ἑλληνικῆς
928 2259 1144 2318 ἀπάτης
1200 2261 1295 2327 τὴν
1331 2259 1506 2329 τρύγα
1558 2261 1649 2329 ep-

109 2347 426 2412 ροςρηκὸτες,
480 2349 573 2398 καὶ
635 2337 776 2401 κατὰ
829 2342 927 2415 τῆς
993 2349 1178 2414 ὑγιοῦς
1224 2349 1381 2418 ἡμῶν
1409 2350 1646 2411 πίστεως

107 2434 298 2496 πολλὼς
335 2436 668 2504 δυσφημίας,
722 2437 796 2498 ὦς
824 2456 945 2489 τινα
988 2439 1250 2507 βόρῦορον
1269 2438 1646 2507 ὲρευξὰμενοι,

109 2528 239 2592 πρός
267 2527 376 2587 τοίς
407 2525 615 2588 ἄλλοις
637 2527 918 2595 ληρήμασι
975 2526 1068 2579 καὶ
1096 2527 1252 2578 τοῦτο
1282 2529 1456 2577 εἰπεῖν
1487 2527 1646 2596 ἐθρα-

116 2614 406 2684 σύνθησαν,
441 2618 556 2677 πῶς
607 2620 635 2669 6
677 2620 879 2687 Πέτρος
924 2618 1172 2684 ἀξιωθεὶς
1200 2621 1632 2686 τοιούτουεμακα

112 2707 327 2774 ρισμοῦ,
358 2708 451 2758 καὶ
487 2707 857 2776 μαρτυρηθεὶς
889 2709 992 2760 ὑπὸ
1017 2707 1190 2778 Ἰησοῦ
1227 2713 1289 2761 ὲκ
1319 2710 1414 2762 τοῦ
1445 2711 1651 2780 [ἰατρὸς

110 2796 348 2864 δεδέχθαι
379 2798 480 2863 τὴν
542 2798 905 2866 ἀποκάλυψιν,
937 2799 1029 2851 καὶ
1082 2801 1178 2861 τὰς
1211 2801 1356 2862 κλεῖς
1415 2799 1651 2868 εἰληφὼς

109 2888 204 2954 τῆς
241 2887 519 2954 βασιλείας
574 2888 682 2940 τῶν
709 2889 953 2958 οὐρανῶν
975 2930 989 2952 ,
1021 2889 1159 2942 κατὰ
1192 2891 1280 2942 τὸν
1317 2891 1411 2943 τοῦ
1443 2891 1652 2953 Πάθους

111 2977 296 3045 καιρὸν
321 2978 501 3044 τρίτον
526 2979 796 3049 ἠρνήσατο
816 2980 908 3031 τὸν
925 2974 1267 3042 διδάσκαλον,
1292 2982 1504 3050 φαύλης
1527 3000 1654 3034 παι-

111 3065 292 3137 ὖίσκης
314 3066 502 3118 τοῦτον
523 3069 957 3136 μορμολυξάσης,
982 3070 1052 3132 ὡς
1081 3071 1398 3140 βρεφύλλιον
1423 3090 1437 3135 ;
1469 3073 1653 3126 Ταῦτὰ
1682 3111 1723 3164 C

114 3173 274 3220 φασιν
307 3159 356 3209 oi
391 3158 714 3229 τῇ,άληθείᾳ
748 3162 1078 3230 μαχόμενοι·
1100 3161 1216 3214 ἀλλ’
1246 3164 1404 3231 ἡμεῖς
1426 3164 1498 3225 ὡς
1522 3165 1651 3234 βέλη

114 3249 316 3312 νηπίων
341 3250 440 3308 τὰς
491 3249 744 3312 τοιαύτας
790 3252 1002 3320 πληγὰς
1049 3253 1156 3304 τῶν
1184 3254 1439 3305 ἐναντίοιν
1481 3256 1651 3323 ἡγού-

117 3353 278 3402 μενοι,
338 3338 481 3388 οὓτω
534 3341 735 3399 ταύτας
783 3343 1222 3411 ἀποκρουόμεθα.
1265 3346 1448 3412 Φαμὲν
1517 3347 1648 3414 γὰρ,

114 3427 183 3488 ὼς
214 3428 495 3496 οἰκονομία
520 3424 586 3498 ἦν
615 3431 679 3482 ἐκ
701 3430 833 3482 Θεοῦ
866 3436 1261 3503 παραχώρησις
1295 3437 1393 3504 τῆς
1418 3436 1510 3488 τοῦ
1547 3439 1655 3489 1ιέ-

115 3535 239 3585 τρου
272 3521 573 3588 ἀρνήσεως.
605 3521 822 3591 Ἐπειδὴ
850 3525 968 3592 γὰρ’
992 3525 1132 3592 ὑπὲρ
1167 3527 1291 3586 τοὺς
1310 3526 1497 3586 ἄλλους
1518 3543 1654 3596 συμ-

115 3611 368 3677 φοιτητὰς
402 3612 746 3680 ἐκαυχήσατο
766 3611 1152 3663 συναποθανεῖν
1180 3613 1257 3680 τῷ
1282 3614 1647 3684 μυσταγωγῷ,

115 3701 172 3751 οὐ
201 3702 342 3753 πάνυ
377 3701 850 3770 περισκεψάμενος
872 3702 969 3769 τῆς
995 3702 1194 3771 σαρκὸς
1215 3704 1313 3770 τὴν
1330 3703 1609 3756 ἀσθένειαν
1635 3721 1648 3735 ·

115 3791 285 3842 καίτοι
359 3791 452 3845 τοῦ
521 3793 723 3860 Κυρίου
772 3791 1229 3854 διαϐεϐαιοῦντος,
1309 3795 1384 3855 ὡς
1457 3796 1656 3858 πάντες

116 3881 630 3952 σκανδαλισθήσεσθε
654 3899 668 3911 ·
705 3882 796 3933 διὰ
843 3883 1000 3934 τοῦτο
1040 3882 1148 3935 ἔδει
1185 3884 1278 3936 καὶ
1309 3885 1468 3937 αὑτὸν
1500 3887 1654 3953 ελεγ-

115 3969 303 4038 χθῆναι
362 3972 438 4033 ὡς
483 3960 769 4040 ἄνθρωπος
811 3967 900 4042 ἦν,
934 3973 1108 4043 δειλίᾳ
1157 3977 1392 4044 σαρκικῇ
1430 3976 1654 4028 ὑποκεί-

119 4078 293 4126 μενος,
328 4064 421 4113 καὶ
446 4062 541 4115 τοῦ
569 4064 774 4132 Κυρίου
820 4065 1097 4134 δειχθῆναι
1126 4065 1217 4118 τὸν
1263 4066 1419 4134 λόγον
1447 4068 1652 4137 ἐπαλη-

118 4149 356 4215 θεύοντα,
400 4154 494 4204 καὶ
543 4151 640 4222 τὴν
703 4153 930 4222 ἄρνησιν
981 4154 1428 4224 προμηνύσαντα.
1483 4155 1654 4208 Τοῦτο

119 4227 346 4290 πέπονθε
382 4242 478 4292 καὶ
505 4242 670 4292 Δαὸὶδ
694 4243 723 4292 6
769 4243 1057 4309 προφήτης
1103 4245 1197 4292 καὶ
1238 4242 1507 4310 βασιλεύς.
1546 4245 1655 4311 Τῆς

119 4331 427 4398 πρεπούσης
483 4334 589 4400 γὰρ
647 4335 846 4394 ἐκστὰς
886 4334 1298 4395 καταστάσεως,
1322 4335 1418 4401 τὴν
1448 4335 1655 4401 ὑπερή-

1745 551 1862 589 sum
1898 533 2192 597 ostium”;
2229 550 2248 583 ι
2305 533 2420 600 ejus
2444 548 2569 585 vero
2602 533 2766 587 clavis
2808 545 2891 587 est
2922 533 3086 600 ﬁdes,
3131 549 3290 604 quam

1749 623 2001 676 Dominus
2052 623 2432 692 discipulorum
2494 623 2780 691 coryphazo
2843 625 3150 677 committit.
3230 623 3297 675 Et

1747 711 1991 766 fortassis
2030 715 2129 766 hoc
2165 713 2428 781 pessulum
2468 715 2678 781 aperuit
2718 716 2926 767 cantrix
2965 731 3158 781 sponsa
3212 716 3294 767 di-

1748 801 1940 854 lectum
1994 817 2146 854 suum
2204 799 2483 870 pificbt’um
2541 804 2786 869 excipere
2837 805 3078 870 cupiens,
3136 816 3296 870 atque
3360 833 3362 836 ν

1748 890 1906 941 verba
1952 891 2253 954 hujusmodi
2297 891 2506 942 dicebat
2537 907 2550 942 :
2588 908 2605 938 ι
2639 890 2916 942 Pessulum
2945 893 3068 942 ostii
3113 892 3296 958 aperui

1746 994 1846 1046 ego
1871 979 2062 1031 dilecto
2093 995 2230 1032 meo.
2260 998 2279 1030 ι
2307 982 2403 1033 Dat
2425 981 2585 1046 igitur
2609 980 2786 1041 Petro,
2820 991 2874 1032 et
2897 982 3296 1033 succeSsoribus

1747 1059 1875 1137 ejus
1911 1068 2022 1136 (77)
2054 1069 2250 1132 claves,
2287 1081 2346 1121 ut
2397 1071 2664 1122 haereticis
2698 1070 2908 1135 quidem
2938 1071 3191 1136 impervia
3243 1080 3298 1123 et

1757 1158 2176 1226 impenetrabilis
2224 1159 2293 1209 sit
2320 1158 2480 1223 janua
2518 1163 2666 1226 regni
2722 1160 3002 1212 caelestis:
3056 1161 3299 1212 ﬁdelibus

1747 1261 1874 1298 vero
1906 1249 1970 1297 ad
2004 1262 2120 1299 eam
2164 1257 2344 1314 pateat
2388 1248 2599 1312 aditus;
2648 1259 2808 1314 atque
2838 1248 2909 1300 ita
2965 1249 3052 1300 illa
3091 1248 3298 1300 Domini

1747 1337 1910 1405 376
1932 1338 2191 1389 sententia
2227 1336 2376 1387 ﬁrma
2414 1338 2767 1403 permaneat?
2812 1355 2830 1387 ι
2877 1338 2989 1391 Nisi
3046 1339 3166 1407 quis
3219 1353 3306 1391 re-

1749 1439 1904 1480 natus
1933 1428 2090 1480 fuerit
2117 1443 2180 1480 ex
2209 1441 2344 1494 aqua
2375 1439 2428 1480 et
2457 1428 2660 1495 Spiritu
2696 1439 2904 1489 sancto,
2947 1447 3050 1482 non
3082 1431 3302 1482 intrabit

1753 1517 1805 1569 in
1836 1534 2058 1586 regnum
2093 1520 2432 1585 caelorum“.
2461 1538 2479 1570 ι
2514 1520 2677 1588 Igitur
2713 1520 3006 1573 adversarii
3035 1532 3087 1573 et
3126 1521 3304 1573 hostes

1752 1610 1870 1662 ﬁdei
1916 1625 2082 1679 ponte
2129 1612 2284 1664 inferi
2333 1613 2580 1680 appellati
2620 1623 2764 1664 sunt.
2816 1614 3072 1666 Dominus
3127 1624 3301 1665 autent
3384 1617 3387 1620 ’

1753 1703 2088 1763 Emmanuel,
2141 1704 2340 1756 ostium
2386 1713 2440 1754 et
2463 1713 2614 1770 porta
2670 1705 2815 1770 regni
2849 1705 3127 1766 caelorum;
3165 1701 3305 1754 unde

1753 1796 2084 1848 adhortando
2118 1807 2302 1845 omnes
2351 1794 2548 1844 clamat
2590 1808 2605 1845 :
2648 1811 2666 1843 ι
2706 1794 2806 1847 Per
2860 1809 2944 1846 me
2995 1795 3037 1847 si
3072 1795 3191 1861 quis
3225 1794 3308 1844 iu-

1755 1887 1986 1947 troierit,
2017 1884 2303 1956 salvabitur
2323 1883 2402 1946 "-,
2434 1901 2454 1933 ι
2489 1893 2541 1937 et
2571 1901 2583 1934 :
2625 1902 2642 1933 t
2670 1885 2866 1936 Intrate
2911 1900 3005 1952 per
3031 1895 3305 1951 angustam

1753 1975 2053 2045 portatu";
2091 1993 2110 2024 ι
2148 1973 2281 2028 latas
2314 1974 2431 2029 illas
2462 1989 2684 2041 quaeque
2737 1977 2802 2026 ad
2849 1973 3053 2027 inferos
3082 1974 3304 2036 ducunt,

1753 2071 2100 2125 declinantes.

1830 2249 2024 2302 Verum
2057 2249 2146 2315 qui
2178 2247 2483 2302 Graecorum
2516 2261 2728 2301 errores
2759 2248 2923 2299 instar
2951 2247 3096 2299 Lucis
3119 2249 3305 2300 absoro

1754 2343 1950 2403 bnere,
2011 2350 2065 2392 et
2125 2352 2310 2392 contra
2365 2355 2552 2392 sanam
2612 2365 2620 2373 -
2682 2352 2848 2393 stram
2907 2327 3059 2393 ﬁdem
3095 2323 3306 2394 Imultas

1757 2431 2116 2497 blaspitetnias
2141 2469 2156 2492 ,
2193 2429 2342 2495 quasi
2393 2443 2604 2483 cautum
2639 2440 2916 2494 eructant;
2948 2434 3156 2484 est-teris
3209 2431 3307 2484 de-

1759 2521 2055 2575 liramentis
2079 2523 2179 2573 hoc
2199 2521 2360 2572 etiam
2383 2509 2494 2572 ausi
2515 2529 2640 2572 sunt
2665 2521 2878 2582 addere,
2907 2521 3168 2587 quomodo
3218 2522 3310 2576 Pe-

1757 2623 1870 2669 trus
1899 2631 1962 2668 eo
2012 2614 2286 2682 dignitatis
2345 2595 2583 2678 evectus,
2623 2622 2679 2666 ut
2716 2624 2768 2666 et
2799 2612 2922 2666 Jesu
2956 2629 3083 2666 voce
3124 2617 3308 2667 lieatus

1757 2706 2156 2774 praedicaretur,
2184 2714 2239 2756 et
2257 2702 2492 2772 ejusdem
2520 2706 2820 2758 testimonio
2866 2721 2893 2756 a
2918 2705 3073 2757 Patre
3105 2707 3309 2759 revela-

1758 2797 1958 2849 tionem
1987 2795 2238 2849 habuisse
2270 2797 2557 2858 diceretur,
2592 2804 2646 2848 et
2689 2797 2864 2848 claves
2896 2796 3040 2860 regni
3072 2796 3308 2851 caelestis

1758 2888 2043 2955 acciperet,
2071 2886 2344 2940 Passionis
2372 2894 2614 2952 tempore
2649 2893 2730 2937 ter
2755 2887 2964 2950 negavit
2995 2885 3306 2952 magistrum

1759 2960 1963 3039 suum,
2005 2978 2154 3046 quasi
2205 2977 2468 3045 pucllulus
2527 2976 2654 3028 levis
2708 2976 2983 3043 cujusdam
3046 2976 3309 3027 ancillula:

1762 3070 1901 3122 larva
1949 3068 2411 3136 perterrefactus?
2441 3065 2563 3122 Haec
2607 3068 2831 3130 dicunt,
2886 3068 2973 3133 qui
3028 3070 3309 3120 veritatem

1758 3169 2087 3228 oppugnant.
2142 3158 2255 3212 Nos
2315 3173 2444 3212 vero
2501 3159 2596 3212 ltos
2657 3159 3083 3212 adversariorum
3146 3159 3307 3221 ictus,

1758 3253 1907 3319 quasi
1943 3250 2223 3303 infantium
2259 3252 2358 3304 tela
2409 3260 2741 3318 reputantes,
2773 3251 2852 3303 sic
2884 3265 2942 3302 ea
2967 3249 3306 3316 depellitnus.

1763 3343 1996 3395 Dicimus
2024 3342 2166 3394 enim
2219 3342 2311 3395 Dei
2346 3342 3112 3408 tlispensationevnegationem
3163 3340 3308 3392 Petri

1759 3429 2098 3500 permissam.l
2128 3432 2389 3496 Quoniam
2412 3433 2554 3484 enim
2584 3446 2743 3499 super
2773 3442 2994 3483 caeteros
3025 3431 3311 3496 discipulus

1759 3537 1816 3576 se
1877 3523 2190 3590 gloriatione
2240 3524 2531 3585 eﬂ‘erebat,
2586 3522 3022 3574 commoriturum
3079 3536 3135 3573 se
3188 3538 3307 3573 cum

1759 3609 1982 3662 Domino
2026 3611 2270 3676 jactaus,
2323 3609 2946 3663 carnisimbecillitatem
3010 3624 3113 3660 non
3172 3612 3306 3663 bene

1757 3701 2078 3770 dispiciens;
2107 3697 2224 3753 cum
2254 3700 2549 3769 praesertim
2584 3701 2895 3754 scandalum
2924 3714 3176 3768 passuros
3198 3715 3312 3772 om-

1759 3807 1856 3845 nes
1892 3793 2143 3845 Dominus
2184 3791 2535 3855 allirmasset;
2593 3792 2710 3844 ideo
2744 3793 3027 3858 oportebat
3077 3790 3308 3852 ostendi,

1760 3883 1929 3949 ipsum
1983 3895 2194 3949 quoque
2222 3881 2492 3934 hominem
2539 3896 2659 3935 esse
2697 3882 2932 3935 humano
2964 3882 3138 3935 timori
3182 3882 3311 3932 sub-

1755 3973 1979 4041 jectmn,
2013 3983 2068 4026 et
2117 3973 2400 4026 Dominum
2450 3988 2571 4026 vera
2605 3973 2804 4035 dicere,
2840 3974 2926 4039 qui
2977 3973 3312 4039 negationem

1761 4076 1885 4116 ante
1912 4065 2250 4131 pmdixeral.
2289 4064 2401 4116 Hoc
2429 4065 2586 4116 etiam
2622 4064 2780 4115 David
2815 4061 3082 4127 propheta:
3121 4069 3172 4112 et
3196 4062 3304 4128 regi

1761 4152 2005 4218 contigit.
2061 4154 2190 4202 tium
2245 4152 2387 4203 enim
2421 4150 2487 4201 de
2536 4159 2675 4202 statu
2724 4151 2919 4200 mentis
2963 4149 3308 4200 eottveniente

1760 4243 2107 4303 excessisset,
2157 4242 2438 4306 superbam
2493 4237 2634 4290 illam
2668 4253 2850 4290 vocem
2885 4237 3056 4290 emisit
3090 4252 3104 4286 :
3139 4254 3154 4285 ι
3195 4235 3308 4288 Νοιι

1761 4333 2018 4383 movebor
2061 4331 2113 4381 in
2138 4339 2393 4380 aeternum
2415 4327 2480 4379 “.
2520 4346 2538 4378 ι
2572 4327 2694 4380 Ideo
2730 4343 2847 4380 cum
2871 4343 2897 4379 a
2925 4328 3097 4379 divina
3140 4329 3307 4395 ipsam

120 4435 278 4486 φανον
308 4423 524 4496 ἐκείνην
575 4423 752 4489 ἀφῆκε
779 4422 982 4491 φωνὴν,
1015 4440 1032 4471 ι
1071 4423 1144 4474 Οὐ
1195 4423 1268 4489 μὴ
1301 4423 1540 4473 σαλευθὼ
1572 4425 1652 4486 είς

1763 4427 2078 4489 protegente
2126 4418 2319 4472 virtute
2376 4418 2666 4471 destitutus
2727 4418 2997 4485 paulisper
3046 4429 3222 4481 esset,
3279 4434 3310 4470 ιι

115 4512 198 4559 τδν
246 4512 436 4567 αἰῶνα.
487 4530 506 4562 ι
539 4513 640 4564 Διὰ
718 4512 876 4564 τοῦτο
961 4513 1158 4582 μικρὸν
1207 4513 1655 4581 ἐγκαταλειφθεὶς

1760 4510 1907 4563 lteda
1960 4510 2232 4577 voluptate
2265 4510 2521 4562 subactus
2550 4520 2742 4577 pra'ter
2783 4508 3028 4560 adulterii
3056 4507 3309 4576 ﬂagitium

186 4690 232 4720 ”
252 4687 415 4744 John.
448 4705 510 4756 ι,
537 4692 592 4747 9.
665 4695 707 4727 ³¹
742 4693 897 4748 Joan.
925 4712 1006 4761 ιιι,
1034 4695 1085 4748 5.
1130 4695 1175 4726 ²¹
1201 4691 1355 4747 Joan.
1389 4709 1443 4758 ι,
1475 4693 1530 4749 9.
1605 4694 1650 4726 ³³

1765 4664 1864 4746 tth.
1895 4707 1992 4754 vn,
2022 4692 2108 4745 i3.
2179 4675 2395 4744 h’Psal.
2423 4707 2567 4753 xxts,
2601 4691 2654 4743 7.

1253 4826 1260 4832 ’
1329 4840 1646 4902 Fran‘cisci
1678 4840 1884 4901 Scorsi
1919 4847 2106 4903 notua.

188 4979 297 5047 L76)
351 4977 517 5032 Porta
568 4982 679 5035 Ita'c
731 4982 971 5035 Christus
1017 4991 1116 5036 est.
1161 4981 1335 5036 Pauca
1386 4983 1667 5036 admodum
1764 4994 2184 5048 succedentium,
2212 4998 2502 5048 eorumque
2536 4983 2906 5038 auctoritatem
2938 4985 3310 5044 amrmandam

120 5047 413 5118 fragmenta
443 5052 629 5103 deesse
657 5052 709 5101 in
741 5066 842 5102 ms.
872 5050 995 5104 Vat.
1024 5053 1258 5118 comperi
1288 5067 1350 5106 ex
1383 5052 1500 5103 aliis
1530 5067 1664 5104 mss.

123 5133 233 5183 quae
263 5117 440 5170 habui.
469 5131 529 5171 ac
563 5121 856 5183 praesertim
874 5134 936 5171 ex
957 5120 1204 5174 Pati-ibus
1220 5121 1284 5173 de
1308 5121 1497 5186 quibus
1514 5136 1662 5186 supr.

125 5195 227 5237 not.
251 5186 344 5238 54.
363 5187 526 5252 Igitur
551 5188 661 5238 haec
684 5187 826 5254 θύρα
851 5188 948 5253 μὲν
971 5191 1130 5250 αὑτός
1155 5193 1320 5252 ἐστιν,
1344 5189 1412 5242 ibi
1438 5194 1660 5251 omissa,

121 5265 170 5306 et
197 5258 408 5322 quidem
443 5255 571 5308 vitio
600 5257 933 5322 properantis
964 5258 1168 5310 librarii
1199 5259 1318 5326 quis
1350 5272 1453 5309 non
1484 5259 1663 5310 videt?

123 5338 270 5395 supra
313 5326 473 5395 etiam
501 5326 674 5395 Δφήμῃ
722 5326 832 5393 γὰρ
883 5328 1172 5394 ἐπικρατεί
1214 5327 1288 5387 ὡς
1335 5327 1457 5395 ἥξει
1497 5327 1658 5379 πάλιν

130 5392 305 5453 Ἠλίας
339 5394 432 5441 ἐπὶ
465 5392 563 5460 τῆς
582 5392 719 5460 γῆς,
749 5392 865 5460 qua:
897 5392 1135 5459 subjecta
1171 5398 1303 5448 ratio
1337 5392 1404 5448 ab
1437 5410 1658 5449 aucwre

125 5474 330 5530 sensum
355 5460 493 5511 illius
533 5464 756 5528 complet
786 5479 802 5528 ;
836 5467 1191 5530 praetertttissa
1231 5480 1356 5518 vero
1391 5463 1567 5516 fuerat
1604 5467 1654 5517 in

128 5526 236 5580 Vat.
261 5531 441 5580 eodem
473 5531 622 5583 vitio.

188 5600 295 5673 (Π)
328 5597 402 5673 Et
422 5602 800 5673 successoribus
827 5606 961 5673 ejus.
992 5604 1128 5669 Quid
1165 5605 1265 5655 hoc
1296 5603 1573 5667 illustrius,
1601 5615 1655 5656 et

126 5667 312 5721 clarius
340 5668 404 5722 ad
435 5671 628 5723 seriem
659 5667 1035 5728 [scutariorum
1048 5676 1354 5740 pontificum
1409 5673 1465 5726 S.
1495 5674 1654 5729 l'ctro

1763 5055 1957 5122 quibus
2000 5069 2119 5107 cum
2155 5057 2301 5105 datas
2334 5052 2512 5105 claves
2547 5053 2634 5122 ltie
2667 5053 2825 5107 Pater
2859 5067 3061 5110 asserat
3092 5059 3310 5111 δίδωσιν

1762 5120 1854 5176 οὖν
1899 5124 2120 5191 Πέτρῳ,
2153 5123 2246 5173 καὶ
2289 5126 2400 5181 τοῖς
2445 5121 2564 5173 κατ’
2599 5125 2810 5184 ἐκεῖνον,
2850 5129 2946 5188 τὰς
2988 5126 3130 5187 κλεῖῚῖ
3159 5144 3171 5158 .
3206 5129 3307 5181 θαι

1760 5192 1924 5265 igitur
1967 5189 2152 5252 Petro,
2185 5199 2232 5242 et
2279 5192 2663 5265 successoribus
2709 5194 2822 5263 ejus
2872 5196 3070 5258 claves,
3105 5199 3311 5265 absque

1761 5261 1922 5313 dubio
1967 5275 2057 5312 eos
2113 5275 2233 5313 esse
2282 5273 2437 5327 caput
2490 5264 2653 5315 totius
2706 5261 2953 5317 Ecclesia:
2999 5261 3302 5319 fatetur-el

1759 5332 1943 5394 docet;
1973 5330 2189 5400 quidad
2223 5328 2334 5382 haec
2363 5346 2634 5398 oggerere,
2655 5334 2736 5384 vel
2765 5335 3055 5400 obgannire
3086 5345 3305 5400 passum

1759 5399 1984 5471 (ἑταιρειΙὶ
2022 5396 2242 5471 hujusce
2283 5396 2535 5465 temporis
2572 5396 2942 5454 scbismatici?
2971 5396 3098 5471 quid
3131 5405 3302 5455 haere~

1759 5469 1849 5521 tici
1897 5467 2076 5538 caeteri
2124 5477 2437 5534 novatores;
2477 5471 2738 5538 adversus
2781 5487 2916 5538 quos
2963 5467 3092 5524 satis
3139 5471 3304 5523 multa

1757 5537 1908 5588 multi
1966 5537 2254 5602 scriptores
2308 5552 2422 5593 suc.
2473 5536 2665 5592 Bellar.
2726 5536 2971 5593 Coatrae.
3027 5545 3104 5590 de'
3145 5540 3302 5590 Pam.

1753 5604 2015 5728 ξωηοῖιά
2060 5603 2252 5662 Franc.
2281 5607 2438 5663 Turr.
2470 5613 2590 5666 loco
2611 5623 2774 5678 supra
2799 5611 2964 5663 titato
2989 5608 3218 5661 Haldou.
3247 5622 3303 5660 in

1796 5689 1896 5728 unc
1946 5689 2122 5728 ocum.

1796 5689 1896 5729 uuc
1928 5689 2122 5730 locum.
