3958 5200
424 371 508 432 "te
1474 366 1837 426 REGINONIS
1876 343 2288 423 PRUMIENSIS
2311 365 2600 424 seems
3627 355 3716 429 te‘

439 491 748 542 nostrorum
791 481 1120 550 temporibus
1147 477 1338 566 litteris
1366 482 1788 553 comprehendi,
1821 491 2013 538 vestrae
2040 485 2086 544 Α
2116 481 2286 535 danda
2318 481 2541 538 idoneus
2567 482 2815 536 inventus
2851 479 2870 512 ⁵
2895 478 3076 545 fuerit,
3108 480 3331 537 notariis
3353 480 3376 513 ‘
3403 494 3498 552 per
3538 481 3697 538 incu-

440 573 702 646 singulari
756 571 1054 644 prudentiae
1114 571 1528 627 ex’aminandam
1596 575 1914 644 transmisi,
1960 587 2020 634 ut

438 671 623 720 vestro
651 661 946 732 perspicaci
970 659 1174 730 judicio
1218 669 1312 715 aut
1355 662 1720 731 approbetur,
1753 674 1848 720 aut
1887 681 2020 722 con-

435 754 740 810 demnetur.
786 752 956 818 Quam
1003 752 1057 805 in
1093 751 1299 808 duobus
1339 751 1533 823 libellis
1581 753 1823 822 distinxi,
1863 771 2020 812 exor-

431 843 583 897 dium
613 842 829 911 capiens
858 856 886 894 a
909 841 1085 912 primo
1117 841 1502 898 incarnationis
1535 843 1824 900 Dominicae
1849 863 2016 913 anno,

436 943 489 987 et
518 947 898 989 consummans
943 941 1180 1003 emptum
1226 948 1360 1002 opus
1408 949 1578 1002 usque
1607 935 1660 989 in
1696 948 2016 1006 praesentem

427 1040 632 1079 annum
668 1066 683 1090 ,
737 1025 830 1094 qui
879 1033 1223 1094 computatur
1270 1041 1301 1079 a
1359 1025 1584 1096 praefata
1644 1028 2017 1086 incarnatione

433 1117 644 1172 Domini
691 1117 1131 1187 nongentesimus
1176 1127 1417 1172 octavus.
1479 1119 1761 1189 Indignum
1814 1122 2014 1177 etenim

431 1208 560 1261 mihi
595 1208 768 1263 visum
799 1220 901 1272 est,
943 1219 1001 1263 ut
1031 1224 1154 1263 cum
1192 1208 1541 1266 Ilebrmorum
1574 1253 1590 1278 ,
1621 1211 1932 1269 Graecorum
1961 1224 2017 1270 et

427 1296 846 1369 Romanorum,
903 1299 1239 1369 aliarumque
1289 1302 1531 1370 gentium
1592 1303 2012 1376 historiographi

429 1400 519 1440 res
545 1387 598 1440 in
643 1386 832 1442 diebus
858 1389 969 1443 suis
1005 1398 1154 1460 gesta
1195 1391 1414 1460 scriptis
1459 1408 1630 1464 usque
1667 1395 1733 1448 ad
1773 1405 2014 1450 nostram

431 1476 676 1530 notitiam
710 1479 1128 1545 transmiserint,
1166 1481 1231 1535 de
1262 1482 1460 1537 nostris
1482 1523 1497 1547 ,
1525 1498 1832 1554 quanquam
1860 1485 2014 1556 longe

424 1566 806 1635 inferioribus,
869 1572 1202 1641 temporibus
1250 1573 1324 1626 ita
1372 1584 1686 1644 perpetuum
1739 1576 2011 1631 silentium

423 1657 522 1724 sit,
569 1666 629 1712 ut
673 1659 829 1729 quasi
877 1661 932 1715 in
963 1661 1151 1717 diebus
1193 1664 1393 1718 nostris
1428 1673 1521 1718 aut
1562 1665 1836 1720 hominum
1871 1668 2013 1722 actio

425 1751 742 1816 cessaverit,
789 1759 882 1806 aut
918 1753 1165 1808 fortassis
1193 1753 1266 1808 nil
1313 1753 1530 1826 dignum
1563 1757 1704 1824 quod
1731 1757 2010 1812 memoria:

2123 572 2260 627 riam
2308 573 2420 627 otio
2472 571 2823 642 torpentibus.
2882 570 2996 626 Hac
3044 572 3223 641 itaque
3270 573 3336 628 de
3383 588 3544 629 causa
3589 589 3697 630 non

2120 675 2312 730 passus
2341 675 2460 716 sum
2506 669 2747 730 tempora
2790 669 3003 730 patrum
3051 670 3360 717 nostrorum
3408 671 3464 717 et
3511 677 3696 718 nosua

2121 767 2217 822 per
2265 750 2444 806 omnia
2474 752 2673 806 intacta
2712 751 3009 822 praeterire,
3041 750 3136 805 sed
3181 765 3247 806 ex
3297 751 3480 806 multis
3521 765 3696 824 pauca

2120 852 2310 897 notare
2344 841 2550 906 curavi,
2581 851 2635 896 et
2661 841 2749 896 ubi
2793 843 2860 896 ad
2892 841 3175 912 praesentia
3208 851 3448 911 tempora
3476 851 3694 896 ventum

2117 941 2223 997 est,
2267 931 2404 1002 stylo
2454 932 2746 1001 temperavi
2790 942 3010 1002 propter
3055 932 3410 1001 quorumdam
3437 924 3696 987 offensam

2119 1023 2209 1094 qui
2264 1024 2440 1078 adhuc
2482 1032 2608 1078 sunt
2657 1025 3020 1094 superstites,
3077 1023 3240 1078 latius
3293 1024 3408 1080 lucc
3463 1025 3696 1094 posteris

2118 1115 2458 1185 exsequenda
2509 1114 2836 1186 relinquens.
2870 1115 3117 1185 Accipite
3160 1130 3289 1186 ergo
3329 1116 3431 1170 hoc
3467 1130 3694 1186 parvum

2118 1207 2496 1264 munusculum
2524 1222 2585 1262 ea
2617 1208 2948 1277 benignitate
2975 1223 3080 1277 qua
3133 1207 3418 1263 devotione
3470 1207 3695 1262 missum

2116 1311 2200 1358 est
2227 1319 2254 1356 a
2287 1318 2402 1357 mea
2433 1303 2717 1372 parvitate.
2750 1301 2806 1354 In
2853 1300 3001 1356 calce
3045 1308 3226 1354 autem
3252 1301 3480 1355 obsecro
3527 1299 3696 1354 lecto-

2117 1409 2250 1459 rem,
2287 1401 2345 1447 ut
2375 1395 2419 1450 si
2449 1393 2523 1448 illi
2561 1393 2674 1448 haec
2715 1393 2856 1448 dicta
2889 1401 3072 1447 nostra
3118 1391 3513 1462 qualiacunque
3560 1391 3694 1456 sint,

2115 1486 2434 1556 placuerint,
2473 1495 2526 1541 et
2565 1501 2626 1541 ea
2655 1483 2755 1539 sibi
2797 1483 3027 1538 describi
3059 1482 3305 1546 voluerit,
3337 1481 3475 1535 hanc
3501 1477 3695 1550 praefa-

2115 1579 2407 1634 tiunculam
2438 1577 2745 1632 nullatenus
2777 1575 2994 1630 omittat
3042 1573 3193 1645 [quin
3219 1574 3241 1606 "
3265 1588 3386 1628 eam
3431 1573 3482 1627 in
3515 1571 3689 1642 prima

2114 1671 2293 1728 fronte
2319 1669 2504 1740 Llibelli
2547 1667 2793 1724 adnotari
2842 1665 3047 1739 faciat].
3090 1665 3326 1722 Gloriam
3355 1663 3694 1720 celsitudinis

2116 1772 2310 1818 vestra!
2355 1762 2648 1817 multorum
2697 1759 3017 1815 utilitatibus
3073 1758 3410 1828 profuturam
3458 1769 3691 1827 superna

423 1838 590 1895 fuerit
638 1843 1123 1899 commendandum
1174 1845 1426 1915 egerint,
1475 1854 1570 1900 aut
1612 1863 1656 1902 sn
1701 1862 1788 1903 res
1831 1847 2007 1918 digna:
2041 1834 2084 1893 Β
2113 1851 2445 1922 providentia
2475 1851 2567 1906 diu
2597 1848 2921 1906 incolumem
2949 1863 3272 1905 conservare
3294 1845 3562 1916 dignetur.

425 1943 729 1990 memoratu
777 1943 942 2004 gesta:
981 1945 1142 2003 sunt,
1170 1935 1349 1993 nullus
1375 1937 1443 1992 ad
1471 1938 1587 1994 haec
1630 1938 1825 1995 litteris
1853 1955 2008 1994 man-

1732 2065 1980 2104 EXPLICIT
2037 2062 2315 2104 amarum
2337 2047 2381 2100 ⁸.

1711 2182 1941 2237 VARI/IS
1979 2177 2381 2237 LECTIONES.

495 2297 516 2326 ⁸
555 2296 803 2350 inventus
875 2293 1035 2349 fuerit
1083 2295 1364 2357 notarius,
1411 2308 1507 2363 per
1555 2293 1607 2348 6.

1707 2292 1728 2323 °
1765 2292 2030 2346 notarius.
2081 2331 2097 2346 .
2156 2329 2170 2345 .

2228 2299 2448 2359 torpens
2495 2288 2546 2359 _77.
2642 2287 2662 2318 "
2690 2285 2818 2359 quin
2847 2299 2965 2359 eam
2999 2323 3022 2359 _.
3067 2323 3081 2338 .
3125 2323 3141 2338 .
3183 2283 3344 2359 faciat
3388 2285 3526 2359 deest
3553 2285 3685 2359 1,2,

398 2365 478 2420 ’5.
581 2365 602 2397 ⁸
639 2365 860 2434 explicit
933 2363 1199 2433 praefatio.
1250 2354 1426 2418 Multi'
1461 2365 1738 2420 decertant
1791 2371 1846 2416 et
1904 2362 2082 2416 adhuc
2125 2361 2232 2434 sub
2271 2354 2452 2434 judice
2499 2357 2564 2412 lis
2616 2354 2725 2434 est,
2772 2356 3012 2434 Femiqei
3081 2356 3296 2427 generis
3358 2354 3439 2410 vel
3507 2355 3686 2411 neutri

382 2435 675 2490 ..chronica
710 2426 1038 2499 'conste'nt,
1100 2433 1205 2489 Sed
1279 2434 1435 2489 nobis
1503 2434 1693 2504 pocius
1757 2441 1950 2487 neutro
2017 2426 2286 2502 proferre
2324 2429 2556 2484 videtur.
2599 2429 2684 2484 .ita
2739 2427 2902 2482 codex
2936 2426 2992 2480 2.

1749 2570 1992 2582 ——-

3417 2564 3628 2581 —————~

1417 2718 1955 2833 INCIPIT
2041 2713 2716 2830 LIBELLUS

729 3015 889 3167 an
995 3008 1709 3168 TEMPolllBUS
1815 3006 2374 3166 DolllNlﬂll
2481 3006 3412 3167 nummum.
3505 3221 3508 3226 _

484 3471 641 3524 Anno
668 3465 896 3537 imperii
959 3465 1236 3522 Octaviani
1290 3467 1532 3521 Caesaris
1579 3465 1994 3537 quadragesimo
2024 3477 2067 3537 (ζ
2169 3467 2495 3524 Duodecimo
2517 3482 2628 3522 suae
2660 3467 2836 3523 aetatis
2853 3483 2996 3523 anno
3016 3467 3277 3523 Dominus
3303 3465 3459 3523 Jesus
3496 3466 3678 3522 Hiero-

412 3559 649 3617 secundo
703 3555 861 3614 Jesus
910 3556 1198 3622 Christus,
1257 3556 1426 3610 Filius
1477 3556 1611 3623 Dei,
1666 3566 1825 3611 natus
1892 3565 1995 3611 est.

410 3650 608 3706 Eadem
637 3657 796 3705 nocte
825 3646 894 3701 ab
919 3646 1126 3716 angelis
1155 3645 1579 3717 evangelizatur,
1617 3662 1647 3701 a
1691 3646 1999 3714 pastoribus

409 3739 685 3804 visitatur,
735 3746 928 3792 octava
971 3736 1058 3791 die
1107 3735 1534 3802 circumciditur,
1587 3738 1746 3792 tertio
1791 3737 1999 3792 decimo

410 3830 516 3896 die,
562 3829 732 3884 stella
779 3829 914 3883 duce
945 3866 960 3893 ,
1008 3843 1039 3881 a
1086 3827 1257 3897 magis
1310 3828 1586 3895 adoratur,
1643 3837 1699 3882 et
1754 3829 1996 3901 mysticis

409 3922 726 3978 muneribus
769 3920 1113 3992 praedicatur.
1162 3919 1584 3990 Quadragesimo
1652 3920 1738 3974 die
1778 3920 1831 3975 in
1863 3928 1997 3974 tem-

408 4015 558 4085 plum
613 4029 734 4068 eum
801 4012 1072 4069 oblatione
1148 4027 1176 4065 a
1231 4013 1546 4082 parentibus
1597 4011 1913 4077 inducitur,
1963 4027 1992 4065 a

410 4096 680 4174 Symeone
727 4101 1038 4171 suscipitur,
1076 4100 1144 4155 ab
1165 4100 1318 4154 Anna
1363 4101 1699 4170 agnoscitur,
1732 4109 1854 4170 post
1881 4101 1996 4155 haec

409 4197 462 4250 in
493 4194 787 4266 JEgyptum
816 4194 1151 4265 deportatur,
1176 4191 1267 4248 ubi
1296 4199 1477 4246 manet
1504 4206 1674 4262 usque
1695 4192 1763 4247 ad
1791 4192 1994 4248 obitum

409 4285 658 4340 llerodis.

475 4375 634 4432 Anno
693 4375 983 4430 Dominica:
1031 4375 1421 4430 incarnationis
1469 4376 1705 4431 secundo
1754 4373 1993 4430 Herodes

357 4490 362 4500 ε
405 4469 627 4524 mittens
659 4470 710 4523 in
761 4469 1032 4524 Bethleem
1084 4477 1138 4524 et
1185 4470 1237 4523 in
1291 4470 1544 4524 omnibus
1600 4470 1800 4525 finibus
1851 4469 1989 4538 ejus,

405 4574 602 4628 pueros
667 4561 984 4616 innocentes
1045 4559 1294 4630 jugulare
1359 4562 1633 4631 praecepit.
1689 4561 1892 4617 Deinde
1938 4563 1990 4616 in

405 4649 735 4704 domesticos
804 4665 954 4704 arma
1037 4659 1400 4716 convertens,
1470 4651 1665 4707 multos
1727 4653 1988 4723 perimit,

404 4737 655 4793 dilectam
688 4738 790 4793 sibi
815 4739 1107 4810 .eonjugem
1137 4739 1494 4807 Mariamnem
1525 4741 1816 4809 interfecit,
1850 4743 1990 4798 ﬁlios

2099 3560 2360 3632 solymam
2393 3561 2724 3626 conscendit,
2757 3561 2938 3630 ibique
2965 3561 3016 3614 in
3054 3559 3253 3629 templo
3291 3560 3344 3614 in
3375 3559 3553 3615 medio
3583 3559 3677 3613 do-

2099 3663 2310 3708 ctorum
2341 3655 2584 3710 residens
2621 3693 2636 3719 ,
2690 3668 2721 3708 a
2776 3653 3094 3722 parentibus
3153 3661 3275 3722 post
3328 3652 3562 3706 triduum
3595 3651 3678 3704 in-

2094 3744 2330 3798 venitur.

2165 3831 2322 3887 Anno
2367 3831 2659 3887 Dominicze
2687 3831 2949 3887 incarnat.
2981 3830 3068 3886 15.
3097 3830 3394 3886 Archelaus
3423 3846 3454 3885 a
3480 3829 3678 3886 ludatis

2096 3921 2236 3990 apud
2264 3920 2530 3976 Caesarem
2565 3931 2871 3988 accusatus,
2925 3922 2978 3975 in
3021 3921 3285 3976 Viennam
3329 3921 3514 3975 urbem
3551 3919 3678 3975 Gal-

2095 4010 2180 4066 lia:
2239 4012 2432 4066 exsilio
2490 4011 2776 4082 relegatur.
2847 4011 3093 4082 Regnum
3162 4010 3463 4066 Judazorum
3533 4010 3679 4064 inter

2093 4108 2327 4169 quatuor
2348 4100 2542 4156 fratres
2569 4099 2686 4168 ejus
2715 4100 3004 4166 Herodem,
3030 4100 3385 4170 Antipatrem,
3414 4098 3674 4153 Lisanam

2093 4197 2148 4243 et
2176 4188 2483 4259 Philippum
2533 4189 2809 4244 dividitur.
2858 4188 3041 4244 Caesar
3082 4191 3356 4260 Augustus
3385 4197 3675 4259 postquam

2092 4279 2163 4334 56
2188 4281 2346 4335 annis
2375 4289 2430 4336 et
2466 4281 2499 4336 6
2534 4280 2809 4337 mensibus
2840 4279 3141 4336 Romanum
3178 4281 3318 4335 rexit
3366 4279 3672 4350 imperium,

2091 4371 2343 4426 moritur.

2160 4464 2320 4519 Anno
2365 4464 2520 4520 Dom.
2550 4465 2814 4520 incarnat.
2846 4465 2912 4520 16
2937 4464 3188 4521 Tiberius
3210 4478 3439 4537 regnare
3474 4467 3671 4536 coepit,

2090 4565 2145 4611 et
2183 4557 2428 4626 regnavit
2457 4571 2630 4613 annos
2651 4556 2741 4612 26.

2158 4647 2316 4702 Anno
2360 4648 2653 4704 Dominicte
2694 4649 3078 4706 incarnationis
3121 4649 3188 4704 27
3227 4649 3435 4707 Pilatth
3472 4649 3673 4706 Judmaa

2088 4749 2408 4810 procurator
2436 4756 2467 4795 a
2495 4739 2713 4796 Tiberio
2739 4741 3008 4812 dirigitur.

407 4843 544 4896 quos
580 4843 646 4883 ex
691 4843 754 4882 ea
787 4839 1099 4900 susceperat
1138 4829 1506 4886 Aristobulum
1534 4843 1588 4888 et
1611 4833 1982 4889 Alexandrum
2015 4821 2064 4879 Ι)
2157 4829 2314 4886 Anno
2364 4832 2654 4888 Dominiczn
2685 4833 3072 4888 incarnalionis
3117 4835 3206 4899 50,
3256 4835 3456 4891 Tiberii
3488 4845 3668 4890 autem

403 4916 458 4971 in
487 4917 734 4972 Samaria
777 4919 1102 4990 strangulari
1128 4921 1300 4991 jubet,
1328 4923 1620 4979 novissime
1643 4925 1983 4994 Antipatrem

402 5021 470 5064 ex
521 5009 718 5063 Doside
771 5019 1000 5076 natum,
1059 5011 1394 5067 iucentorem
1455 5022 1511 5068 et
1562 5013 1984 5072 insimulatorem

405 5099 646 5152 omnium
676 5099 957 5152 malorum.
989 5101 1166 5156 gladio
1201 5103 1448 5153 nereulit.
1498 5104 1621 5145 Dnc'
1666 5105 1773 5128 |-~--
1824 5123 1831 5126 -
1883 5106 1894 5118 -

2089 4919 2178 4984 15,
2209 4919 2484 4977 Iohannes
2531 4923 2676 4978 circa
2723 4923 2997 4993 regionem
3041 4923 3293 4981 Jordanis
3341 4927 3670 4996 baptismum

2086 5013 2418 5082 paenitentia:
2460 5013 2514 5067 in
2564 5013 2936 5069 remissionem
2993 5025 3343 5082 peccatorum
3383 5018 3664 5087 pncdicat,

2181 5103 2214 5119 “’
2416 5103 2430 5116 ’
2546 5105 2557 5114 ’
2710 5105 2721 5111 ’
3015 5123 3021 5130 ·
3066 5106 3238 5142 “mm-
3274 5111 3697 5184 redemptorem.
