  <div class='ocr_page' id='page_1' title='image "/cluster/home/n/w/nwhite01/storage/ocr_20150623/132/hvd.32044015471733/014.png"; bbox 0 0 3958 5468; ppageno 0'>
   <div class='ocr_carea' id='block_1_1' title="bbox 279 338 3540 401">
    <p class='ocr_par' dir='ltr' id='par_1_1' title="bbox 279 338 3540 401">
     <span class='ocr_line' id='line_1_1' title="bbox 279 338 3540 401; baseline 0.001 -5"><span class='ocrx_word' id='word_1_1' title='bbox 279 339 350 396; x_wconf 81' lang='grc'><strong>17</strong></span> <span class='ocrx_word' id='word_1_2' title='bbox 1517 338 1929 398; x_wconf 80' lang='lat' dir='ltr'><strong>CHRONICON.</strong></span> <span class='ocrx_word' id='word_1_3' title='bbox 1968 371 2038 382; x_wconf 91' lang='lat'><strong>—</strong></span> <span class='ocrx_word' id='word_1_4' title='bbox 2072 340 2182 397; x_wconf 87' lang='lat' dir='ltr'><strong>AN.</strong></span> <span class='ocrx_word' id='word_1_5' title='bbox 2222 341 2445 398; x_wconf 80' lang='grc' dir='ltr'><strong>55ο101.</strong></span> <span class='ocrx_word' id='word_1_6' title='bbox 3458 342 3540 401; x_wconf 71' lang='grc'><strong>18-</strong></span> 
     </span>
    </p>
   </div>
   <div class='ocr_carea' id='block_1_2' title="bbox 272 449 3580 528">
    <p class='ocr_par' dir='ltr' id='par_1_2' title="bbox 272 449 3580 528">
     <span class='ocr_line' id='line_1_2' title="bbox 272 449 3580 528; baseline 0.003 -24"><span class='ocrx_word' id='word_1_7' title='bbox 272 461 385 518; x_wconf 75' lang='lat' dir='ltr'><strong>sta,</strong></span> <span class='ocrx_word' id='word_1_8' title='bbox 419 449 710 509; x_wconf 84' lang='lat' dir='ltr'><strong>insidiante</strong></span> <span class='ocrx_word' id='word_1_9' title='bbox 744 451 1046 511; x_wconf 85' lang='lat' dir='ltr'><strong>Herodiade</strong></span> <span class='ocrx_word' id='word_1_10' title='bbox 1073 496 1087 522; x_wconf 95' lang='lat'><strong>,</strong></span> <span class='ocrx_word' id='word_1_11' title='bbox 1129 455 1286 526; x_wconf 82' lang='lat' dir='ltr'><strong>jussu</strong></span> <span class='ocrx_word' id='word_1_12' title='bbox 1332 453 1474 528; x_wconf 87' lang='lat' dir='ltr'><strong>regis</strong></span> <span class='ocrx_word' id='word_1_13' title='bbox 1501 459 1751 524; x_wconf 75' lang='lat' dir='ltr'><strong>Herodis,</strong></span> <span class='ocrx_word' id='word_1_14' title='bbox 1794 458 1846 512; x_wconf 92' lang='lat' dir='ltr'><strong>in</strong></span> <span class='ocrx_word' id='word_1_15' title='bbox 1875 465 1920 522; x_wconf 72' lang='grc' dir='ltr'><strong>Α</strong></span> <span class='ocrx_word' id='word_1_16' title='bbox 1956 451 2154 506; x_wconf 86' lang='lat' dir='ltr'><strong>Eodem</strong></span> <span class='ocrx_word' id='word_1_17' title='bbox 2211 469 2353 507; x_wconf 89' lang='lat' dir='ltr'><strong>anno</strong></span> <span class='ocrx_word' id='word_1_18' title='bbox 2402 455 2574 511; x_wconf 80' lang='lat' dir='ltr'><strong>fames</strong></span> <span class='ocrx_word' id='word_1_19' title='bbox 2621 455 2942 526; x_wconf 89' lang='lat' dir='ltr'><strong>gravissima</strong></span> <span class='ocrx_word' id='word_1_20' title='bbox 3009 455 3150 511; x_wconf 80' lang='lat' dir='ltr'><strong>facta</strong></span> <span class='ocrx_word' id='word_1_21' title='bbox 3199 465 3283 512; x_wconf 89' lang='lat' dir='ltr'><strong>est</strong></span> <span class='ocrx_word' id='word_1_22' title='bbox 3313 497 3330 523; x_wconf 92' lang='lat'><strong>,</strong></span> <span class='ocrx_word' id='word_1_23' title='bbox 3374 457 3580 528; x_wconf 23' lang='lat' dir='ltr'><strong>cujus.</strong></span> 
     </span>
    </p>
   </div>
   <div class='ocr_carea' id='block_1_3' title="bbox 271 547 1029 617">
    <p class='ocr_par' dir='ltr' id='par_1_3' title="bbox 271 547 1029 617">
     <span class='ocr_line' id='line_1_3' title="bbox 271 547 1029 617; baseline 0.009 -19"><span class='ocrx_word' id='word_1_24' title='bbox 271 559 493 600; x_wconf 84' lang='lat' dir='ltr'><strong>carcere</strong></span> <span class='ocrx_word' id='word_1_25' title='bbox 525 547 702 617; x_wconf 86' lang='lat' dir='ltr'><strong>capite</strong></span> <span class='ocrx_word' id='word_1_26' title='bbox 733 556 1029 604; x_wconf 80' lang='lat' dir='ltr'><strong>truncatur.</strong></span> 
     </span>
    </p>
   </div>
   <div class='ocr_carea' id='block_1_4' title="bbox 342 634 1849 719">
    <p class='ocr_par' dir='ltr' id='par_1_4' title="bbox 342 634 1849 719">
     <span class='ocr_line' id='line_1_4' title="bbox 342 634 1849 719; baseline 0.011 -32"><span class='ocrx_word' id='word_1_27' title='bbox 342 634 501 690; x_wconf 87' lang='lat' dir='ltr'><strong>Anno</strong></span> <span class='ocrx_word' id='word_1_28' title='bbox 532 634 825 693; x_wconf 65' lang='lat' dir='ltr'><strong>Dominicze</strong></span> <span class='ocrx_word' id='word_1_29' title='bbox 851 639 1240 700; x_wconf 84' lang='lat' dir='ltr'><strong>incarnationis</strong></span> <span class='ocrx_word' id='word_1_30' title='bbox 1275 644 1344 702; x_wconf 93' lang='grc'><strong>55</strong></span> <span class='ocrx_word' id='word_1_31' title='bbox 1367 647 1584 719; x_wconf 91' lang='lat' dir='ltr'><strong>Tyberii</strong></span> <span class='ocrx_word' id='word_1_32' title='bbox 1612 665 1740 707; x_wconf 88' lang='lat' dir='ltr'><strong>vero</strong></span> <span class='ocrx_word' id='word_1_33' title='bbox 1765 651 1849 706; x_wconf 89' lang='grc'><strong>18.</strong></span> 
     </span>
    </p>
   </div>
   <div class='ocr_carea' id='block_1_5' title="bbox 270 723 1854 810">
    <p class='ocr_par' dir='ltr' id='par_1_5' title="bbox 270 723 1854 810">
     <span class='ocr_line' id='line_1_5' title="bbox 270 723 1854 810; baseline 0.009 -32"><span class='ocrx_word' id='word_1_34' title='bbox 270 723 533 780; x_wconf 86' lang='lat' dir='ltr'><strong>Dominus</strong></span> <span class='ocrx_word' id='word_1_35' title='bbox 556 740 650 781; x_wconf 86' lang='lat' dir='ltr'><strong>sua</strong></span> <span class='ocrx_word' id='word_1_36' title='bbox 676 728 927 798; x_wconf 75' lang='lat' dir='ltr'><strong>passione</strong></span> <span class='ocrx_word' id='word_1_37' title='bbox 957 733 1213 787; x_wconf 92' lang='lat' dir='ltr'><strong>mundum</strong></span> <span class='ocrx_word' id='word_1_38' title='bbox 1241 736 1487 803; x_wconf 86' lang='lat' dir='ltr'><strong>redemit,</strong></span> <span class='ocrx_word' id='word_1_39' title='bbox 1508 739 1599 793; x_wconf 77' lang='grc'><strong>40.</strong></span> <span class='ocrx_word' id='word_1_40' title='bbox 1625 740 1710 795; x_wconf 89' lang='lat' dir='ltr'><strong>die</strong></span> <span class='ocrx_word' id='word_1_41' title='bbox 1731 747 1854 810; x_wconf 89' lang='lat' dir='ltr'><strong>post</strong></span> 
     </span>
    </p>
   </div>
   <div class='ocr_carea' id='block_1_6' title="bbox 271 816 1851 901">
    <p class='ocr_par' dir='ltr' id='par_1_6' title="bbox 271 816 1851 901">
     <span class='ocr_line' id='line_1_6' title="bbox 271 816 1851 901; baseline 0.01 -32"><span class='ocrx_word' id='word_1_42' title='bbox 271 816 724 873; x_wconf 84' lang='lat' dir='ltr'><strong>resurrectionem</strong></span> <span class='ocrx_word' id='word_1_43' title='bbox 749 821 944 875; x_wconf 57' lang='lat' dir='ltr'><strong>caelum</strong></span> <span class='ocrx_word' id='word_1_44' title='bbox 975 825 1238 890; x_wconf 86' lang='lat' dir='ltr'><strong>ascendit,</strong></span> <span class='ocrx_word' id='word_1_45' title='bbox 1267 826 1355 882; x_wconf 83' lang='lat'><strong>58.</strong></span> <span class='ocrx_word' id='word_1_46' title='bbox 1389 828 1650 898; x_wconf 82' lang='lat' dir='ltr'><strong>Spiritum</strong></span> <span class='ocrx_word' id='word_1_47' title='bbox 1688 845 1851 901; x_wconf 87' lang='lat' dir='ltr'><strong>para-</strong></span> 
     </span>
    </p>
   </div>
   <div class='ocr_carea' id='block_1_7' title="bbox 1954 543 3453 611">
    <p class='ocr_par' dir='ltr' id='par_1_7' title="bbox 1954 543 3453 611">
     <span class='ocr_line' id='line_1_7' title="bbox 1954 543 3453 611; baseline 0.003 -13"><span class='ocrx_word' id='word_1_48' title='bbox 1954 543 2123 600; x_wconf 86' lang='lat' dir='ltr'><strong>Lucas</strong></span> <span class='ocrx_word' id='word_1_49' title='bbox 2149 547 2392 600; x_wconf 89' lang='lat' dir='ltr'><strong>meminit</strong></span> <span class='ocrx_word' id='word_1_50' title='bbox 2418 587 2432 611; x_wconf 92' lang='lat'><strong>,</strong></span> <span class='ocrx_word' id='word_1_51' title='bbox 2461 556 2510 601; x_wconf 93' lang='lat' dir='ltr'><strong>et</strong></span> <span class='ocrx_word' id='word_1_52' title='bbox 2541 546 2796 602; x_wconf 90' lang='lat' dir='ltr'><strong>Claudius</strong></span> <span class='ocrx_word' id='word_1_53' title='bbox 2819 547 3150 602; x_wconf 82' lang='lat' dir='ltr'><strong>Britanniam</strong></span> <span class='ocrx_word' id='word_1_54' title='bbox 3179 547 3453 603; x_wconf 90' lang='lat' dir='ltr'><strong>intravit..</strong></span> 
     </span>
    </p>
   </div>
   <div class='ocr_carea' id='block_1_8' title="bbox 2021 633 3530 696">
    <p class='ocr_par' dir='ltr' id='par_1_8' title="bbox 2021 633 3530 696">
     <span class='ocr_line' id='line_1_8' title="bbox 2021 633 3530 696; baseline 0.007 -10"><span class='ocrx_word' id='word_1_55' title='bbox 2021 633 2178 689; x_wconf 87' lang='lat' dir='ltr'><strong>Anno</strong></span> <span class='ocrx_word' id='word_1_56' title='bbox 2209 634 2496 690; x_wconf 68' lang='lat' dir='ltr'><strong>Dominicaa</strong></span> <span class='ocrx_word' id='word_1_57' title='bbox 2523 636 2912 692; x_wconf 91' lang='lat' dir='ltr'><strong>incarnationis</strong></span> <span class='ocrx_word' id='word_1_58' title='bbox 2939 636 3009 693; x_wconf 94' lang='grc'><strong>55</strong></span> <span class='ocrx_word' id='word_1_59' title='bbox 3037 637 3295 693; x_wconf 85' lang='lat' dir='ltr'><strong>Claudius</strong></span> <span class='ocrx_word' id='word_1_60' title='bbox 3316 635 3530 696; x_wconf 69' lang='lat' dir='ltr'><strong>Judaeos</strong></span> 
     </span>
    </p>
   </div>
   <div class='ocr_carea' id='block_1_9' title="bbox 1956 721 2794 796">
    <p class='ocr_par' dir='ltr' id='par_1_9' title="bbox 1956 721 2794 796">
     <span class='ocr_line' id='line_1_9' title="bbox 1956 721 2794 796; baseline 0.01 -23"><span class='ocrx_word' id='word_1_61' title='bbox 1956 721 2337 778; x_wconf 90' lang='lat' dir='ltr'><strong>tumultuantes</strong></span> <span class='ocrx_word' id='word_1_62' title='bbox 2369 723 2536 778; x_wconf 79' lang='lat' dir='ltr'><strong>Roma</strong></span> <span class='ocrx_word' id='word_1_63' title='bbox 2575 726 2794 796; x_wconf 76' lang='lat' dir='ltr'><strong>expulit.</strong></span> 
     </span>
    </p>
   </div>
   <div class='ocr_carea' id='block_1_10' title="bbox 2023 811 3548 889">
    <p class='ocr_par' dir='ltr' id='par_1_10' title="bbox 2023 811 3548 889">
     <span class='ocr_line' id='line_1_10' title="bbox 2023 811 3548 889; baseline 0.005 -24"><span class='ocrx_word' id='word_1_64' title='bbox 2023 811 2177 866; x_wconf 89' lang='lat' dir='ltr'><strong>Anno</strong></span> <span class='ocrx_word' id='word_1_65' title='bbox 2231 815 2517 870; x_wconf 70' lang='lat' dir='ltr'><strong>Dominicre</strong></span> <span class='ocrx_word' id='word_1_66' title='bbox 2561 817 2945 872; x_wconf 90' lang='lat' dir='ltr'><strong>incarnationis</strong></span> <span class='ocrx_word' id='word_1_67' title='bbox 3009 818 3078 873; x_wconf 84' lang='grc'><strong>59</strong></span> <span class='ocrx_word' id='word_1_68' title='bbox 3146 817 3288 874; x_wconf 85' lang='lat' dir='ltr'><strong>Nero</strong></span> <span class='ocrx_word' id='word_1_69' title='bbox 3343 827 3548 889; x_wconf 80' lang='lat' dir='ltr'><strong>regnat&#39;</strong></span> 
     </span>
    </p>
   </div>
   <div class='ocr_carea' id='block_1_11' title="bbox 270 904 2834 977">
    <p class='ocr_par' dir='ltr' id='par_1_11' title="bbox 270 904 2834 977">
     <span class='ocr_line' id='line_1_11' title="bbox 270 904 2834 977; baseline 0.009 -16"><span class='ocrx_word' id='word_1_70' title='bbox 270 907 460 963; x_wconf 89' lang='lat' dir='ltr'><strong>clitum</strong></span> <span class='ocrx_word' id='word_1_71' title='bbox 513 909 680 964; x_wconf 89' lang='lat' dir='ltr'><strong>misit.</strong></span> <span class='ocrx_word' id='word_1_72' title='bbox 735 909 992 968; x_wconf 82' lang='lat' dir='ltr'><strong>Matthias</strong></span> <span class='ocrx_word' id='word_1_73' title='bbox 1045 915 1098 970; x_wconf 91' lang='lat' dir='ltr'><strong>in</strong></span> <span class='ocrx_word' id='word_1_74' title='bbox 1147 916 1268 972; x_wconf 90' lang='lat' dir='ltr'><strong>loco</strong></span> <span class='ocrx_word' id='word_1_75' title='bbox 1312 917 1462 974; x_wconf 68' lang='lat' dir='ltr'><strong>Judte</strong></span> <span class='ocrx_word' id='word_1_76' title='bbox 1509 922 1854 977; x_wconf 88' lang='lat' dir='ltr'><strong>constituitur</strong></span> <span class='ocrx_word' id='word_1_77' title='bbox 1951 917 2120 957; x_wconf 63' lang='lat'><strong>3&quot;“03</strong></span> <span class='ocrx_word' id='word_1_78' title='bbox 2150 904 2237 968; x_wconf 72' lang='grc' dir='ltr'><strong>ίδν</strong></span> <span class='ocrx_word' id='word_1_79' title='bbox 2269 919 2486 959; x_wconf 68' lang='lat' dir='ltr'><strong>menses</strong></span> <span class='ocrx_word' id='word_1_80' title='bbox 2522 906 2574 971; x_wconf 67' lang='lat' dir='ltr'><strong>7v</strong></span> <span class='ocrx_word' id='word_1_81' title='bbox 2604 907 2718 961; x_wconf 67' lang='lat' dir='ltr'><strong>dies</strong></span> <span class='ocrx_word' id='word_1_82' title='bbox 2744 906 2834 961; x_wconf 53' lang='lat'><strong>28°</strong></span> 
     </span>
    </p>
   </div>
   <div class='ocr_carea' id='block_1_12' title="bbox 269 996 1851 1069">
    <p class='ocr_par' dir='ltr' id='par_1_12' title="bbox 269 996 1851 1069">
     <span class='ocr_line' id='line_1_12' title="bbox 269 996 1851 1069; baseline 0.012 -20"><span class='ocrx_word' id='word_1_83' title='bbox 269 996 568 1067; x_wconf 85' lang='lat' dir='ltr'><strong>apostolus.</strong></span> <span class='ocrx_word' id='word_1_84' title='bbox 616 997 850 1057; x_wconf 89' lang='lat' dir='ltr'><strong>Jacobus</strong></span> <span class='ocrx_word' id='word_1_85' title='bbox 900 1001 1067 1058; x_wconf 75' lang='lat' dir='ltr'><strong>frater</strong></span> <span class='ocrx_word' id='word_1_86' title='bbox 1103 1006 1315 1064; x_wconf 90' lang='lat' dir='ltr'><strong>Domini</strong></span> <span class='ocrx_word' id='word_1_87' title='bbox 1364 1009 1851 1069; x_wconf 86' lang='lat' dir='ltr'><strong>Hierosolimorum</strong></span> 
     </span>
    </p>
   </div>
   <div class='ocr_carea' id='block_1_13' title="bbox 269 1087 1849 1160">
    <p class='ocr_par' dir='ltr' id='par_1_13' title="bbox 269 1087 1849 1160">
     <span class='ocr_line' id='line_1_13' title="bbox 269 1087 1849 1160; baseline 0.012 -18"><span class='ocrx_word' id='word_1_88' title='bbox 269 1087 554 1158; x_wconf 85' lang='lat' dir='ltr'><strong>episcOpus</strong></span> <span class='ocrx_word' id='word_1_89' title='bbox 595 1091 960 1148; x_wconf 88' lang='lat' dir='ltr'><strong>constituitur.</strong></span> <span class='ocrx_word' id='word_1_90' title='bbox 1003 1095 1035 1148; x_wconf 89' lang='lat'><strong>7</strong></span> <span class='ocrx_word' id='word_1_91' title='bbox 1075 1095 1284 1153; x_wconf 88' lang='lat' dir='ltr'><strong>diaconi</strong></span> <span class='ocrx_word' id='word_1_92' title='bbox 1331 1101 1672 1158; x_wconf 83' lang='lat' dir='ltr'><strong>ordinantur.</strong></span> <span class='ocrx_word' id='word_1_93' title='bbox 1727 1103 1849 1160; x_wconf 86' lang='lat' dir='ltr'><strong>Ste-</strong></span> 
     </span>
    </p>
   </div>
   <div class='ocr_carea' id='block_1_14' title="bbox 269 1179 794 1250">
    <p class='ocr_par' dir='ltr' id='par_1_14' title="bbox 269 1179 794 1250">
     <span class='ocr_line' id='line_1_14' title="bbox 269 1179 794 1250; baseline 0.004 -16"><span class='ocrx_word' id='word_1_94' title='bbox 269 1179 483 1248; x_wconf 86' lang='lat' dir='ltr'><strong>phanus</strong></span> <span class='ocrx_word' id='word_1_95' title='bbox 508 1181 794 1250; x_wconf 88' lang='lat' dir='ltr'><strong>lapidatur.</strong></span> 
     </span>
    </p>
   </div>
   <div class='ocr_carea' id='block_1_15' title="bbox 343 1268 1852 1357">
    <p class='ocr_par' dir='ltr' id='par_1_15' title="bbox 343 1268 1852 1357">
     <span class='ocr_line' id='line_1_15' title="bbox 343 1268 1852 1357; baseline 0.013 -33"><span class='ocrx_word' id='word_1_96' title='bbox 343 1268 502 1326; x_wconf 82' lang='lat' dir='ltr'><strong>Anno</strong></span> <span class='ocrx_word' id='word_1_97' title='bbox 526 1270 682 1328; x_wconf 85' lang='lat' dir='ltr'><strong>Dom.</strong></span> <span class='ocrx_word' id='word_1_98' title='bbox 726 1275 933 1332; x_wconf 91' lang='lat' dir='ltr'><strong>incarn.</strong></span> <span class='ocrx_word' id='word_1_99' title='bbox 979 1277 1048 1332; x_wconf 72' lang='grc'><strong>54</strong></span> <span class='ocrx_word' id='word_1_100' title='bbox 1077 1281 1372 1335; x_wconf 90' lang='lat' dir='ltr'><strong>secundum</strong></span> <span class='ocrx_word' id='word_1_101' title='bbox 1414 1283 1671 1351; x_wconf 89' lang='lat' dir='ltr'><strong>Latinos,‘</strong></span> <span class='ocrx_word' id='word_1_102' title='bbox 1693 1287 1787 1357; x_wconf 91' lang='lat' dir='ltr'><strong>qui</strong></span> <span class='ocrx_word' id='word_1_103' title='bbox 1821 1303 1852 1342; x_wconf 90' lang='lat' dir='ltr'><strong>a</strong></span> 
     </span>
    </p>
   </div>
   <div class='ocr_carea' id='block_1_16' title="bbox 271 1360 1853 1441">
    <p class='ocr_par' dir='ltr' id='par_1_16' title="bbox 271 1360 1853 1441">
     <span class='ocr_line' id='line_1_16' title="bbox 271 1360 1853 1441; baseline 0.011 -25"><span class='ocrx_word' id='word_1_104' title='bbox 271 1360 535 1416; x_wconf 80' lang='lat' dir='ltr'><strong>Januario</strong></span> <span class='ocrx_word' id='word_1_105' title='bbox 563 1379 763 1419; x_wconf 89' lang='lat' dir='ltr'><strong>annum</strong></span> <span class='ocrx_word' id='word_1_106' title='bbox 813 1367 1077 1438; x_wconf 91' lang='lat' dir='ltr'><strong>incipiunt</strong></span> <span class='ocrx_word' id='word_1_107' title='bbox 1117 1382 1453 1441; x_wconf 84' lang='lat' dir='ltr'><strong>computare,</strong></span> <span class='ocrx_word' id='word_1_108' title='bbox 1493 1375 1693 1432; x_wconf 85' lang='lat' dir='ltr'><strong>Paulus</strong></span> <span class='ocrx_word' id='word_1_109' title='bbox 1729 1394 1853 1434; x_wconf 89' lang='lat' dir='ltr'><strong>cum</strong></span> 
     </span>
    </p>
   </div>
   <div class='ocr_carea' id='block_1_17' title="bbox 272 1455 1853 1534">
    <p class='ocr_par' dir='ltr' id='par_1_17' title="bbox 272 1455 1853 1534">
     <span class='ocr_line' id='line_1_17' title="bbox 272 1455 1853 1534; baseline 0.013 -30"><span class='ocrx_word' id='word_1_110' title='bbox 272 1461 526 1522; x_wconf 81' lang='lat' dir='ltr'><strong>pergeret</strong></span> <span class='ocrx_word' id='word_1_111' title='bbox 569 1455 887 1511; x_wconf 88' lang='lat' dir='ltr'><strong>Damascum</strong></span> <span class='ocrx_word' id='word_1_112' title='bbox 916 1497 932 1522; x_wconf 95' lang='lat'><strong>,</strong></span> <span class='ocrx_word' id='word_1_113' title='bbox 981 1474 1012 1512; x_wconf 91' lang='lat' dir='ltr'><strong>a</strong></span> <span class='ocrx_word' id='word_1_114' title='bbox 1046 1459 1264 1516; x_wconf 85' lang='lat' dir='ltr'><strong>Christo</strong></span> <span class='ocrx_word' id='word_1_115' title='bbox 1309 1463 1376 1518; x_wconf 89' lang='lat' dir='ltr'><strong>de</strong></span> <span class='ocrx_word' id='word_1_116' title='bbox 1423 1465 1561 1520; x_wconf 69' lang='lat' dir='ltr'><strong>cudo</strong></span> <span class='ocrx_word' id='word_1_117' title='bbox 1607 1477 1853 1534; x_wconf 86' lang='lat' dir='ltr'><strong>vocatus,</strong></span> 
     </span>
    </p>
   </div>
   <div class='ocr_carea' id='block_1_18' title="bbox 275 1544 1854 1619">
    <p class='ocr_par' dir='ltr' id='par_1_18' title="bbox 275 1544 1854 1619">
     <span class='ocr_line' id='line_1_18' title="bbox 275 1544 1854 1619; baseline 0.012 -23"><span class='ocrx_word' id='word_1_118' title='bbox 275 1544 568 1598; x_wconf 84' lang='lat' dir='ltr'><strong>secundum</strong></span> <span class='ocrx_word' id='word_1_119' title='bbox 613 1545 866 1603; x_wconf 71' lang='lat' dir='ltr'><strong>Hebraeos</strong></span> <span class='ocrx_word' id='word_1_120' title='bbox 905 1549 996 1619; x_wconf 90' lang='lat' dir='ltr'><strong>qui</strong></span> <span class='ocrx_word' id='word_1_121' title='bbox 1041 1566 1073 1604; x_wconf 91' lang='lat' dir='ltr'><strong>a</strong></span> <span class='ocrx_word' id='word_1_122' title='bbox 1124 1551 1316 1610; x_wconf 83' lang='lat' dir='ltr'><strong>Martio</strong></span> <span class='ocrx_word' id='word_1_123' title='bbox 1363 1555 1574 1611; x_wconf 90' lang='lat' dir='ltr'><strong>initium</strong></span> <span class='ocrx_word' id='word_1_124' title='bbox 1607 1561 1735 1613; x_wconf 90' lang='lat' dir='ltr'><strong>anni</strong></span> <span class='ocrx_word' id='word_1_125' title='bbox 1763 1576 1854 1614; x_wconf 90' lang='lat' dir='ltr'><strong>ca-</strong></span> 
     </span>
    </p>
   </div>
   <div class='ocr_carea' id='block_1_19' title="bbox 282 1637 1846 1719">
    <p class='ocr_par' dir='ltr' id='par_1_19' title="bbox 282 1637 1846 1719">
     <span class='ocr_line' id='line_1_19' title="bbox 282 1637 1846 1719; baseline 0.014 -32"><span class='ocrx_word' id='word_1_126' title='bbox 282 1637 464 1705; x_wconf 90' lang='lat' dir='ltr'><strong>piunt,</strong></span> <span class='ocrx_word' id='word_1_127' title='bbox 515 1638 706 1692; x_wconf 88' lang='lat' dir='ltr'><strong>eodem</strong></span> <span class='ocrx_word' id='word_1_128' title='bbox 746 1655 888 1695; x_wconf 88' lang='lat' dir='ltr'><strong>anno</strong></span> <span class='ocrx_word' id='word_1_129' title='bbox 945 1657 1054 1712; x_wconf 93' lang='lat' dir='ltr'><strong>quo</strong></span> <span class='ocrx_word' id='word_1_130' title='bbox 1104 1645 1364 1704; x_wconf 90' lang='lat' dir='ltr'><strong>Dominus</strong></span> <span class='ocrx_word' id='word_1_131' title='bbox 1417 1663 1612 1719; x_wconf 88' lang='lat' dir='ltr'><strong>passus</strong></span> <span class='ocrx_word' id='word_1_132' title='bbox 1657 1661 1743 1708; x_wconf 89' lang='lat' dir='ltr'><strong>est</strong></span> <span class='ocrx_word' id='word_1_133' title='bbox 1786 1653 1846 1710; x_wconf 90' lang='grc'><strong>11</strong></span> 
     </span>
    </p>
   </div>
   <div class='ocr_carea' id='block_1_20' title="bbox 283 1727 1246 1812">
    <p class='ocr_par' dir='ltr' id='par_1_20' title="bbox 283 1727 1246 1812">
     <span class='ocr_line' id='line_1_20' title="bbox 283 1727 1246 1812; baseline 0.011 -33"><span class='ocrx_word' id='word_1_134' title='bbox 283 1741 480 1791; x_wconf 87' lang='lat' dir='ltr'><strong>mense,</strong></span> <span class='ocrx_word' id='word_1_135' title='bbox 510 1727 564 1781; x_wconf 88' lang='lat' dir='ltr'><strong>id</strong></span> <span class='ocrx_word' id='word_1_136' title='bbox 592 1738 677 1783; x_wconf 92' lang='lat' dir='ltr'><strong>est</strong></span> <span class='ocrx_word' id='word_1_137' title='bbox 699 1729 752 1783; x_wconf 91' lang='lat'><strong>8.</strong></span> <span class='ocrx_word' id='word_1_138' title='bbox 781 1729 1051 1788; x_wconf 80' lang='lat' dir='ltr'><strong>Kalendas</strong></span> <span class='ocrx_word' id='word_1_139' title='bbox 1084 1733 1246 1812; x_wconf 80' lang='lat' dir='ltr'><strong>Febr.</strong></span> 
     </span>
    </p>
   </div>
   <div class='ocr_carea' id='block_1_21' title="bbox 2022 994 3545 1070">
    <p class='ocr_par' dir='ltr' id='par_1_21' title="bbox 2022 994 3545 1070">
     <span class='ocr_line' id='line_1_21' title="bbox 2022 994 3545 1070; baseline 0.003 -22"><span class='ocrx_word' id='word_1_140' title='bbox 2022 994 2179 1050; x_wconf 81' lang='lat' dir='ltr'><strong>Anno</strong></span> <span class='ocrx_word' id='word_1_141' title='bbox 2217 995 2511 1052; x_wconf 71' lang='lat' dir='ltr'><strong>Dominica:</strong></span> <span class='ocrx_word' id='word_1_142' title='bbox 2561 997 2946 1053; x_wconf 89' lang='lat' dir='ltr'><strong>incarnationis</strong></span> <span class='ocrx_word' id='word_1_143' title='bbox 2987 997 3048 1052; x_wconf 87' lang='grc'><strong>61</strong></span> <span class='ocrx_word' id='word_1_144' title='bbox 3101 998 3292 1055; x_wconf 86' lang='lat' dir='ltr'><strong>Festus</strong></span> <span class='ocrx_word' id='word_1_145' title='bbox 3340 1014 3545 1070; x_wconf 73' lang='lat' dir='ltr'><strong>procu-‘</strong></span> 
     </span>
    </p>
   </div>
   <div class='ocr_carea' id='block_1_22' title="bbox 1955 1085 3601 1148">
    <p class='ocr_par' dir='ltr' id='par_1_22' title="bbox 1955 1085 3601 1148">
     <span class='ocr_line' id='line_1_22' title="bbox 1955 1085 3601 1148; baseline 0.006 -10"><span class='ocrx_word' id='word_1_146' title='bbox 1955 1093 2107 1140; x_wconf 90' lang='lat' dir='ltr'><strong>rator</strong></span> <span class='ocrx_word' id='word_1_147' title='bbox 2135 1088 2378 1141; x_wconf 79' lang='lat' dir='ltr'><strong>succedit</strong></span> <span class='ocrx_word' id='word_1_148' title='bbox 2407 1085 2593 1142; x_wconf 87' lang='lat' dir='ltr'><strong>Felici.</strong></span> <span class='ocrx_word' id='word_1_149' title='bbox 2648 1086 2850 1142; x_wconf 85' lang='lat' dir='ltr'><strong>Paulus</strong></span> <span class='ocrx_word' id='word_1_150' title='bbox 2894 1088 3104 1143; x_wconf 86' lang='lat' dir='ltr'><strong>vinctus</strong></span> <span class='ocrx_word' id='word_1_151' title='bbox 3151 1090 3374 1144; x_wconf 73' lang='lat' dir='ltr'><strong>Romam</strong></span> <span class='ocrx_word' id='word_1_152' title='bbox 3404 1091 3531 1144; x_wconf 90' lang='lat' dir='ltr'><strong>mit-</strong></span> <span class='ocrx_word' id='word_1_153' title='bbox 3595 1119 3601 1148; x_wconf 74' lang='grc' dir='ltr'><strong>τ</strong></span> 
     </span>
    </p>
   </div>
   <div class='ocr_carea' id='block_1_23' title="bbox 1956 1175 2574 1232">
    <p class='ocr_par' dir='ltr' id='par_1_23' title="bbox 1956 1175 2574 1232">
     <span class='ocr_line' id='line_1_23' title="bbox 1956 1175 2574 1232; baseline -0.003 -1"><span class='ocrx_word' id='word_1_154' title='bbox 1956 1176 2085 1231; x_wconf 93' lang='lat' dir='ltr'><strong>titur</strong></span> <span class='ocrx_word' id='word_1_155' title='bbox 2111 1192 2250 1232; x_wconf 90' lang='lat' dir='ltr'><strong>anno</strong></span> <span class='ocrx_word' id='word_1_156' title='bbox 2272 1177 2307 1231; x_wconf 90' lang='lat'><strong>2</strong></span> <span class='ocrx_word' id='word_1_157' title='bbox 2329 1175 2574 1232; x_wconf 81' lang='lat' dir='ltr'><strong>Neronis.</strong></span> 
     </span>
    </p>
   </div>
   <div class='ocr_carea' id='block_1_24' title="bbox 2024 1269 3619 1327">
    <p class='ocr_par' dir='ltr' id='par_1_24' title="bbox 2024 1269 3619 1327">
     <span class='ocr_line' id='line_1_24' title="bbox 2024 1269 3619 1327; baseline 0.001 -6"><span class='ocrx_word' id='word_1_158' title='bbox 2024 1269 2181 1323; x_wconf 87' lang='lat' dir='ltr'><strong>Anno</strong></span> <span class='ocrx_word' id='word_1_159' title='bbox 2231 1270 2523 1326; x_wconf 77' lang='lat' dir='ltr'><strong>Dominica:</strong></span> <span class='ocrx_word' id='word_1_160' title='bbox 2559 1270 2946 1327; x_wconf 90' lang='lat' dir='ltr'><strong>incarnationis</strong></span> <span class='ocrx_word' id='word_1_161' title='bbox 2984 1272 3052 1326; x_wconf 86' lang='grc'><strong>65</strong></span> <span class='ocrx_word' id='word_1_162' title='bbox 3100 1270 3332 1326; x_wconf 89' lang='lat' dir='ltr'><strong>Jacobus</strong></span> <span class='ocrx_word' id='word_1_163' title='bbox 3366 1270 3552 1324; x_wconf 72' lang='lat' dir='ltr'><strong>frater&quot;</strong></span> <span class='ocrx_word' id='word_1_164' title='bbox 3617 1287 3619 1289; x_wconf 56' lang='grc' dir='ltr'>ί</span> 
     </span>
    </p>
   </div>
   <div class='ocr_carea' id='block_1_25' title="bbox 1954 1360 3535 1436">
    <p class='ocr_par' dir='ltr' id='par_1_25' title="bbox 1954 1360 3535 1436">
     <span class='ocr_line' id='line_1_25' title="bbox 1954 1360 3535 1436; baseline -0.001 -20"><span class='ocrx_word' id='word_1_165' title='bbox 1954 1361 2164 1416; x_wconf 89' lang='lat' dir='ltr'><strong>Domini</strong></span> <span class='ocrx_word' id='word_1_166' title='bbox 2189 1377 2219 1416; x_wconf 90' lang='lat' dir='ltr'><strong>a</strong></span> <span class='ocrx_word' id='word_1_167' title='bbox 2242 1360 2443 1418; x_wconf 67' lang='lat' dir='ltr'><strong>Judaeis</strong></span> <span class='ocrx_word' id='word_1_168' title='bbox 2468 1362 2753 1434; x_wconf 87' lang='lat' dir='ltr'><strong>lapidatur.</strong></span> <span class='ocrx_word' id='word_1_169' title='bbox 2777 1364 2938 1420; x_wconf 86' lang='lat' dir='ltr'><strong>Festo</strong></span> <span class='ocrx_word' id='word_1_170' title='bbox 2965 1365 3312 1436; x_wconf 81' lang='lat' dir='ltr'><strong>magistratus</strong></span> <span class='ocrx_word' id='word_1_171' title='bbox 3337 1361 3535 1416; x_wconf 67' lang='lat' dir='ltr'><strong>Judaxe</strong></span> 
     </span>
    </p>
   </div>
   <div class='ocr_carea' id='block_1_26' title="bbox 1954 1451 2957 1516">
    <p class='ocr_par' dir='ltr' id='par_1_26' title="bbox 1954 1451 2957 1516">
     <span class='ocr_line' id='line_1_26' title="bbox 1954 1451 2957 1516; baseline 0.001 -10"><span class='ocrx_word' id='word_1_172' title='bbox 1954 1451 2216 1506; x_wconf 87' lang='lat' dir='ltr'><strong>successit</strong></span> <span class='ocrx_word' id='word_1_173' title='bbox 2240 1451 2486 1516; x_wconf 84' lang='lat' dir='ltr'><strong>Albinus,</strong></span> <span class='ocrx_word' id='word_1_174' title='bbox 2517 1452 2711 1510; x_wconf 83' lang='lat' dir='ltr'><strong>Albino</strong></span> <span class='ocrx_word' id='word_1_175' title='bbox 2745 1454 2957 1509; x_wconf 89' lang='lat' dir='ltr'><strong>Florus.</strong></span> 
     </span>
    </p>
   </div>
   <div class='ocr_carea' id='block_1_27' title="bbox 2027 1542 3538 1614">
    <p class='ocr_par' dir='ltr' id='par_1_27' title="bbox 2027 1542 3538 1614">
     <span class='ocr_line' id='line_1_27' title="bbox 2027 1542 3538 1614; baseline 0.001 -18"><span class='ocrx_word' id='word_1_176' title='bbox 2027 1543 2183 1598; x_wconf 85' lang='lat' dir='ltr'><strong>Anno</strong></span> <span class='ocrx_word' id='word_1_177' title='bbox 2249 1542 2542 1598; x_wconf 68' lang='lat' dir='ltr'><strong>Dominicre</strong></span> <span class='ocrx_word' id='word_1_178' title='bbox 2624 1545 3008 1600; x_wconf 88' lang='lat' dir='ltr'><strong>incarnationis</strong></span> <span class='ocrx_word' id='word_1_179' title='bbox 3061 1544 3130 1599; x_wconf 85' lang='lat'><strong>70</strong></span> <span class='ocrx_word' id='word_1_180' title='bbox 3175 1544 3538 1614; x_wconf 86' lang='lat' dir='ltr'><strong>Vespasianus</strong></span> 
     </span>
    </p>
   </div>
   <div class='ocr_carea' id='block_1_28' title="bbox 1956 1633 3537 1703">
    <p class='ocr_par' dir='ltr' id='par_1_28' title="bbox 1956 1633 3537 1703">
     <span class='ocr_line' id='line_1_28' title="bbox 1956 1633 3537 1703; baseline 0.001 -16"><span class='ocrx_word' id='word_1_181' title='bbox 1956 1634 2216 1703; x_wconf 84' lang='lat' dir='ltr'><strong>magister</strong></span> <span class='ocrx_word' id='word_1_182' title='bbox 2260 1634 2465 1690; x_wconf 74' lang='lat' dir='ltr'><strong>militia:</strong></span> <span class='ocrx_word' id='word_1_183' title='bbox 2514 1651 2636 1691; x_wconf 92' lang='lat' dir='ltr'><strong>cum</strong></span> <span class='ocrx_word' id='word_1_184' title='bbox 2708 1637 2949 1692; x_wconf 81' lang='lat' dir='ltr'><strong>exercitu</strong></span> <span class='ocrx_word' id='word_1_185' title='bbox 3002 1637 3056 1690; x_wconf 94' lang='lat' dir='ltr'><strong>in</strong></span> <span class='ocrx_word' id='word_1_186' title='bbox 3112 1633 3350 1690; x_wconf 68' lang='lat' dir='ltr'><strong>Judacam</strong></span> <span class='ocrx_word' id='word_1_187' title='bbox 3410 1635 3537 1688; x_wconf 86' lang='lat' dir='ltr'><strong>mit-</strong></span> 
     </span>
    </p>
   </div>
   <div class='ocr_carea' id='block_1_29' title="bbox 1957 1724 2109 1778">
    <p class='ocr_par' dir='ltr' id='par_1_29' title="bbox 1957 1724 2109 1778">
     <span class='ocr_line' id='line_1_29' title="bbox 1957 1724 2109 1778; baseline 0 -1"><span class='ocrx_word' id='word_1_188' title='bbox 1957 1724 2109 1778; x_wconf 89' lang='lat' dir='ltr'><strong>titttr.</strong></span> 
     </span>
    </p>
   </div>
   <div class='ocr_carea' id='block_1_30' title="bbox 343 1815 3539 1906">
    <p class='ocr_par' dir='ltr' id='par_1_30' title="bbox 343 1815 3539 1906">
     <span class='ocr_line' id='line_1_30' title="bbox 343 1815 3539 1906; baseline 0.007 -52"><span class='ocrx_word' id='word_1_189' title='bbox 343 1815 500 1870; x_wconf 78' lang='grc' dir='ltr'><strong>Αηηο</strong></span> <span class='ocrx_word' id='word_1_190' title='bbox 555 1817 846 1874; x_wconf 48' lang='lat' dir='ltr'><strong>Domini”:</strong></span> <span class='ocrx_word' id='word_1_191' title='bbox 895 1821 1287 1882; x_wconf 52' lang='lat' dir='ltr'><strong>incarnationis</strong></span> <span class='ocrx_word' id='word_1_192' title='bbox 1345 1828 1415 1883; x_wconf 73' lang='lat'><strong>59</strong></span> <span class='ocrx_word' id='word_1_193' title='bbox 1460 1831 1622 1889; x_wconf 67' lang='lat' dir='ltr'><strong>Caius</strong></span> <span class='ocrx_word' id='word_1_194' title='bbox 1665 1816 1933 1906; x_wconf 53' lang='grc' dir='ltr'><strong>,θεηειιι</strong></span> <span class='ocrx_word' id='word_1_195' title='bbox 2028 1815 2186 1871; x_wconf 83' lang='lat' dir='ltr'><strong>Auno</strong></span> <span class='ocrx_word' id='word_1_196' title='bbox 2238 1817 2528 1875; x_wconf 63' lang='lat' dir='ltr'><strong>Dominicze</strong></span> <span class='ocrx_word' id='word_1_197' title='bbox 2581 1820 2968 1877; x_wconf 90' lang='lat' dir='ltr'><strong>incarnationis</strong></span> <span class='ocrx_word' id='word_1_198' title='bbox 3012 1819 3080 1874; x_wconf 86' lang='lat'><strong>72</strong></span> <span class='ocrx_word' id='word_1_199' title='bbox 3136 1819 3321 1875; x_wconf 51' lang='lat' dir='ltr'><strong>Romae</strong></span> <span class='ocrx_word' id='word_1_200' title='bbox 3347 1817 3539 1875; x_wconf 88' lang='lat' dir='ltr'><strong>Petrus</strong></span> 
     </span>
    </p>
   </div>
   <div class='ocr_carea' id='block_1_31' title="bbox 273 1905 1856 1990">
    <p class='ocr_par' dir='ltr' id='par_1_31' title="bbox 273 1905 1856 1990">
     <span class='ocr_line' id='line_1_31' title="bbox 273 1905 1856 1990; baseline 0.016 -33"><span class='ocrx_word' id='word_1_201' title='bbox 273 1919 446 1960; x_wconf 86' lang='lat' dir='ltr'><strong>annos</strong></span> <span class='ocrx_word' id='word_1_202' title='bbox 475 1905 530 1972; x_wconf 72' lang='grc'><strong>4,</strong></span> <span class='ocrx_word' id='word_1_203' title='bbox 572 1921 786 1964; x_wconf 91' lang='lat' dir='ltr'><strong>menses</strong></span> <span class='ocrx_word' id='word_1_204' title='bbox 818 1911 903 1977; x_wconf 88' lang='grc'><strong>10,</strong></span> <span class='ocrx_word' id='word_1_205' title='bbox 947 1911 1063 1967; x_wconf 90' lang='lat' dir='ltr'><strong>dies</strong></span> <span class='ocrx_word' id='word_1_206' title='bbox 1101 1913 1156 1979; x_wconf 92' lang='lat'><strong>8,</strong></span> <span class='ocrx_word' id='word_1_207' title='bbox 1198 1916 1284 1972; x_wconf 87' lang='lat' dir='ltr'><strong>his</strong></span> <span class='ocrx_word' id='word_1_208' title='bbox 1312 1932 1440 1990; x_wconf 88' lang='lat' dir='ltr'><strong>ergo</strong></span> <span class='ocrx_word' id='word_1_209' title='bbox 1470 1920 1536 1975; x_wconf 85' lang='grc'><strong>10</strong></span> <span class='ocrx_word' id='word_1_210' title='bbox 1580 1905 1856 1982; x_wconf 87' lang='lat' dir='ltr'><strong>mensibus</strong></span> 
     </span>
    </p>
   </div>
   <div class='ocr_carea' id='block_1_32' title="bbox 272 1997 1853 2085">
    <p class='ocr_par' dir='ltr' id='par_1_32' title="bbox 272 1997 1853 2085">
     <span class='ocr_line' id='line_1_32' title="bbox 272 1997 1853 2085; baseline 0.013 -33"><span class='ocrx_word' id='word_1_211' title='bbox 272 1997 319 2052; x_wconf 90' lang='lat' dir='ltr'><strong>si</strong></span> <span class='ocrx_word' id='word_1_212' title='bbox 350 1999 612 2056; x_wconf 89' lang='lat' dir='ltr'><strong>addamus</strong></span> <span class='ocrx_word' id='word_1_213' title='bbox 657 2003 690 2055; x_wconf 84' lang='lat'><strong>6</strong></span> <span class='ocrx_word' id='word_1_214' title='bbox 719 2003 810 2073; x_wconf 91' lang='lat' dir='ltr'><strong>qui</strong></span> <span class='ocrx_word' id='word_1_215' title='bbox 840 2019 1002 2075; x_wconf 89' lang='lat' dir='ltr'><strong>super</strong></span> <span class='ocrx_word' id='word_1_216' title='bbox 1031 2005 1233 2063; x_wconf 85' lang='lat' dir='ltr'><strong>fuerint</strong></span> <span class='ocrx_word' id='word_1_217' title='bbox 1267 2009 1337 2065; x_wconf 82' lang='lat'><strong>56</strong></span> <span class='ocrx_word' id='word_1_218' title='bbox 1367 2014 1525 2069; x_wconf 90' lang='lat' dir='ltr'><strong>annis</strong></span> <span class='ocrx_word' id='word_1_219' title='bbox 1549 2013 1853 2085; x_wconf 86' lang='lat' dir='ltr'><strong>Octaviani,</strong></span> 
     </span>
    </p>
   </div>
   <div class='ocr_carea' id='block_1_33' title="bbox 271 2093 1854 2176">
    <p class='ocr_par' dir='ltr' id='par_1_33' title="bbox 271 2093 1854 2176">
     <span class='ocr_line' id='line_1_33' title="bbox 271 2093 1854 2176; baseline 0.015 -34"><span class='ocrx_word' id='word_1_220' title='bbox 271 2099 434 2144; x_wconf 89' lang='lat' dir='ltr'><strong>erunt</strong></span> <span class='ocrx_word' id='word_1_221' title='bbox 480 2106 695 2148; x_wconf 90' lang='lat' dir='ltr'><strong>menses</strong></span> <span class='ocrx_word' id='word_1_222' title='bbox 740 2093 806 2148; x_wconf 83' lang='lat' dir='ltr'><strong>l7</strong></span> <span class='ocrx_word' id='word_1_223' title='bbox 835 2134 851 2159; x_wconf 90' lang='lat'><strong>,</strong></span> <span class='ocrx_word' id='word_1_224' title='bbox 903 2110 970 2150; x_wconf 83' lang='lat' dir='ltr'><strong>ex</strong></span> <span class='ocrx_word' id='word_1_225' title='bbox 1019 2098 1216 2166; x_wconf 87' lang='lat' dir='ltr'><strong>quibus</strong></span> <span class='ocrx_word' id='word_1_226' title='bbox 1267 2111 1499 2169; x_wconf 91' lang='lat' dir='ltr'><strong>quatuor</strong></span> <span class='ocrx_word' id='word_1_227' title='bbox 1552 2105 1808 2164; x_wconf 88' lang='lat' dir='ltr'><strong>detractis</strong></span> <span class='ocrx_word' id='word_1_228' title='bbox 1837 2149 1854 2176; x_wconf 94' lang='lat'><strong>,</strong></span> 
     </span>
    </p>
   </div>
   <div class='ocr_carea' id='block_1_34' title="bbox 275 2183 1856 2258">
    <p class='ocr_par' dir='ltr' id='par_1_34' title="bbox 275 2183 1856 2258">
     <span class='ocr_line' id='line_1_34' title="bbox 275 2183 1856 2258; baseline 0.013 -22"><span class='ocrx_word' id='word_1_229' title='bbox 275 2197 451 2238; x_wconf 78' lang='lat' dir='ltr'><strong>annus</strong></span> <span class='ocrx_word' id='word_1_230' title='bbox 498 2183 708 2256; x_wconf 78' lang='lat' dir='ltr'><strong>integer</strong></span> <span class='ocrx_word' id='word_1_231' title='bbox 755 2196 1018 2252; x_wconf 90' lang='lat' dir='ltr'><strong>remanet,</strong></span> <span class='ocrx_word' id='word_1_232' title='bbox 1053 2191 1144 2258; x_wconf 93' lang='lat' dir='ltr'><strong>qui</strong></span> <span class='ocrx_word' id='word_1_233' title='bbox 1171 2190 1273 2247; x_wconf 87' lang='lat' dir='ltr'><strong>hoc</strong></span> <span class='ocrx_word' id='word_1_234' title='bbox 1304 2193 1357 2248; x_wconf 93' lang='lat' dir='ltr'><strong>in</strong></span> <span class='ocrx_word' id='word_1_235' title='bbox 1394 2194 1514 2252; x_wconf 92' lang='lat' dir='ltr'><strong>loco</strong></span> <span class='ocrx_word' id='word_1_236' title='bbox 1539 2198 1856 2257; x_wconf 88' lang='lat' dir='ltr'><strong>inserendus</strong></span> 
     </span>
    </p>
   </div>
   <div class='ocr_carea' id='block_1_35' title="bbox 269 2267 1858 2360">
    <p class='ocr_par' dir='ltr' id='par_1_35' title="bbox 269 2267 1858 2360">
     <span class='ocr_line' id='line_1_35' title="bbox 269 2267 1858 2360; baseline 0.014 -36"><span class='ocrx_word' id='word_1_237' title='bbox 269 2271 505 2327; x_wconf 84' lang='lat' dir='ltr'><strong>videtur.</strong></span> <span class='ocrx_word' id='word_1_238' title='bbox 553 2271 797 2330; x_wconf 83' lang='lat' dir='ltr'><strong>Herodes</strong></span> <span class='ocrx_word' id='word_1_239' title='bbox 839 2267 1074 2346; x_wconf 79' lang='lat' dir='ltr'><strong>Agrippa</strong></span> <span class='ocrx_word' id='word_1_240' title='bbox 1119 2277 1428 2338; x_wconf 71' lang='lat' dir='ltr'><strong>Judzeorum</strong></span> <span class='ocrx_word' id='word_1_241' title='bbox 1481 2289 1626 2357; x_wconf 86' lang='lat' dir='ltr'><strong>genti</strong></span> <span class='ocrx_word' id='word_1_242' title='bbox 1679 2291 1858 2360; x_wconf 85' lang='lat' dir='ltr'><strong>praeﬁ-</strong></span> 
     </span>
    </p>
   </div>
   <div class='ocr_carea' id='block_1_36' title="bbox 267 2362 434 2418">
    <p class='ocr_par' dir='ltr' id='par_1_36' title="bbox 267 2362 434 2418">
     <span class='ocr_line' id='line_1_36' title="bbox 267 2362 434 2418; baseline 0.012 -2"><span class='ocrx_word' id='word_1_243' title='bbox 267 2362 434 2418; x_wconf 91' lang='lat' dir='ltr'><strong>citur.</strong></span> 
     </span>
    </p>
   </div>
   <div class='ocr_carea' id='block_1_37' title="bbox 341 2456 1860 2530">
    <p class='ocr_par' dir='ltr' id='par_1_37' title="bbox 341 2456 1860 2530">
     <span class='ocr_line' id='line_1_37' title="bbox 341 2456 1860 2530; baseline 0.015 -22"><span class='ocrx_word' id='word_1_244' title='bbox 341 2456 503 2512; x_wconf 81' lang='lat' dir='ltr'><strong>Anno</strong></span> <span class='ocrx_word' id='word_1_245' title='bbox 553 2457 842 2517; x_wconf 72' lang='lat' dir='ltr'><strong>Dominicze</strong></span> <span class='ocrx_word' id='word_1_246' title='bbox 875 2463 1270 2524; x_wconf 88' lang='lat' dir='ltr'><strong>incarnationis</strong></span> <span class='ocrx_word' id='word_1_247' title='bbox 1298 2469 1368 2524; x_wconf 68' lang='grc'><strong>45</strong></span> <span class='ocrx_word' id='word_1_248' title='bbox 1399 2469 1638 2528; x_wconf 85' lang='lat' dir='ltr'><strong>Herodes</strong></span> <span class='ocrx_word' id='word_1_249' title='bbox 1667 2481 1860 2530; x_wconf 87' lang='lat' dir='ltr'><strong>tetrar-</strong></span> 
     </span>
    </p>
   </div>
   <div class='ocr_carea' id='block_1_38' title="bbox 264 2547 1858 2634">
    <p class='ocr_par' dir='ltr' id='par_1_38' title="bbox 264 2547 1858 2634">
     <span class='ocr_line' id='line_1_38' title="bbox 264 2547 1858 2634; baseline 0.014 -36"><span class='ocrx_word' id='word_1_250' title='bbox 264 2547 377 2600; x_wconf 92' lang='lat' dir='ltr'><strong>cha</strong></span> <span class='ocrx_word' id='word_1_251' title='bbox 443 2562 568 2602; x_wconf 92' lang='lat' dir='ltr'><strong>cum</strong></span> <span class='ocrx_word' id='word_1_252' title='bbox 622 2550 924 2611; x_wconf 88' lang='lat' dir='ltr'><strong>Herodiade</strong></span> <span class='ocrx_word' id='word_1_253' title='bbox 977 2558 1033 2612; x_wconf 90' lang='lat' dir='ltr'><strong>in</strong></span> <span class='ocrx_word' id='word_1_254' title='bbox 1087 2558 1342 2630; x_wconf 82' lang='lat' dir='ltr'><strong>Hispania</strong></span> <span class='ocrx_word' id='word_1_255' title='bbox 1386 2575 1620 2618; x_wconf 75' lang='lat' dir='ltr'><strong>mcerore</strong></span> <span class='ocrx_word' id='word_1_256' title='bbox 1677 2565 1858 2634; x_wconf 91' lang='lat' dir='ltr'><strong>periit.</strong></span> 
     </span>
    </p>
   </div>
   <div class='ocr_carea' id='block_1_39' title="bbox 265 2637 1862 2728">
    <p class='ocr_par' dir='ltr' id='par_1_39' title="bbox 265 2637 1862 2728">
     <span class='ocr_line' id='line_1_39' title="bbox 265 2637 1862 2728; baseline 0.013 -36"><span class='ocrx_word' id='word_1_257' title='bbox 265 2637 499 2706; x_wconf 83' lang='lat' dir='ltr'><strong>Pilatus,</strong></span> <span class='ocrx_word' id='word_1_258' title='bbox 521 2643 611 2710; x_wconf 92' lang='lat' dir='ltr'><strong>qui</strong></span> <span class='ocrx_word' id='word_1_259' title='bbox 645 2643 696 2698; x_wconf 92' lang='lat' dir='ltr'><strong>in</strong></span> <span class='ocrx_word' id='word_1_260' title='bbox 726 2645 816 2701; x_wconf 91' lang='lat' dir='ltr'><strong>Dei</strong></span> <span class='ocrx_word' id='word_1_261' title='bbox 839 2649 1089 2717; x_wconf 90' lang='lat' dir='ltr'><strong>passione</strong></span> <span class='ocrx_word' id='word_1_262' title='bbox 1110 2652 1304 2708; x_wconf 91' lang='lat' dir='ltr'><strong>mortis</strong></span> <span class='ocrx_word' id='word_1_263' title='bbox 1329 2655 1653 2710; x_wconf 88' lang='lat' dir='ltr'><strong>sententiam</strong></span> <span class='ocrx_word' id='word_1_264' title='bbox 1674 2665 1862 2728; x_wconf 89' lang='lat' dir='ltr'><strong>protu-</strong></span> 
     </span>
    </p>
   </div>
   <div class='ocr_carea' id='block_1_40' title="bbox 267 2728 1029 2805">
    <p class='ocr_par' dir='ltr' id='par_1_40' title="bbox 267 2728 1029 2805">
     <span class='ocr_line' id='line_1_40' title="bbox 267 2728 1029 2805; baseline 0.017 -24"><span class='ocrx_word' id='word_1_265' title='bbox 267 2728 354 2792; x_wconf 90' lang='lat' dir='ltr'><strong>lit,</strong></span> <span class='ocrx_word' id='word_1_266' title='bbox 382 2744 480 2784; x_wconf 92' lang='lat' dir='ltr'><strong>sua</strong></span> <span class='ocrx_word' id='word_1_267' title='bbox 510 2747 570 2786; x_wconf 80' lang='lat' dir='ltr'><strong>se</strong></span> <span class='ocrx_word' id='word_1_268' title='bbox 591 2746 749 2788; x_wconf 90' lang='lat' dir='ltr'><strong>manu</strong></span> <span class='ocrx_word' id='word_1_269' title='bbox 775 2739 1029 2805; x_wconf 90' lang='lat' dir='ltr'><strong>peremit.</strong></span> 
     </span>
    </p>
   </div>
   <div class='ocr_carea' id='block_1_41' title="bbox 1957 1907 3537 1978">
    <p class='ocr_par' dir='ltr' id='par_1_41' title="bbox 1957 1907 3537 1978">
     <span class='ocr_line' id='line_1_41' title="bbox 1957 1907 3537 1978; baseline 0.001 -16"><span class='ocrx_word' id='word_1_270' title='bbox 1957 1907 2333 1978; x_wconf 90' lang='lat' dir='ltr'><strong>cruciﬁgitur,</strong></span> <span class='ocrx_word' id='word_1_271' title='bbox 2391 1911 2588 1968; x_wconf 86' lang='lat' dir='ltr'><strong>Paulus</strong></span> <span class='ocrx_word' id='word_1_272' title='bbox 2655 1912 2969 1968; x_wconf 90' lang='lat' dir='ltr'><strong>decollatur.</strong></span> <span class='ocrx_word' id='word_1_273' title='bbox 3050 1911 3163 1966; x_wconf 90' lang='lat' dir='ltr'><strong>Sub</strong></span> <span class='ocrx_word' id='word_1_274' title='bbox 3230 1909 3537 1967; x_wconf 84' lang='lat' dir='ltr'><strong>Neroniana</strong></span> 
     </span>
    </p>
   </div>
   <div class='ocr_carea' id='block_1_42' title="bbox 1956 2001 3538 2074">
    <p class='ocr_par' dir='ltr' id='par_1_42' title="bbox 1956 2001 3538 2074">
     <span class='ocr_line' id='line_1_42' title="bbox 1956 2001 3538 2074; baseline 0.001 -21"><span class='ocrx_word' id='word_1_275' title='bbox 1956 2001 2328 2069; x_wconf 83' lang='lat' dir='ltr'><strong>persecutione</strong></span> <span class='ocrx_word' id='word_1_276' title='bbox 2375 2014 2664 2060; x_wconf 86' lang='lat' dir='ltr'><strong>coronatur</strong></span> <span class='ocrx_word' id='word_1_277' title='bbox 2712 2005 2896 2060; x_wconf 77' lang='lat' dir='ltr'><strong>Romae</strong></span> <span class='ocrx_word' id='word_1_278' title='bbox 2927 2003 3230 2074; x_wconf 70' lang='lat' dir='ltr'><strong>Processus</strong></span> <span class='ocrx_word' id='word_1_279' title='bbox 3279 2012 3334 2058; x_wconf 89' lang='lat' dir='ltr'><strong>et</strong></span> <span class='ocrx_word' id='word_1_280' title='bbox 3393 2002 3538 2056; x_wconf 83' lang='lat' dir='ltr'><strong>Mar-</strong></span> 
     </span>
    </p>
   </div>
   <div class='ocr_carea' id='block_1_43' title="bbox 1957 2092 3538 2168">
    <p class='ocr_par' dir='ltr' id='par_1_43' title="bbox 1957 2092 3538 2168">
     <span class='ocr_line' id='line_1_43' title="bbox 1957 2092 3538 2168; baseline 0.002 -23"><span class='ocrx_word' id='word_1_281' title='bbox 1957 2092 2194 2149; x_wconf 82' lang='lat' dir='ltr'><strong>tinianus</strong></span> <span class='ocrx_word' id='word_1_282' title='bbox 2236 2094 2326 2162; x_wconf 70' lang='lat'><strong>47,</strong></span> <span class='ocrx_word' id='word_1_283' title='bbox 2373 2097 2463 2166; x_wconf 90' lang='lat' dir='ltr'><strong>qui</strong></span> <span class='ocrx_word' id='word_1_284' title='bbox 2494 2097 2754 2168; x_wconf 83' lang='lat' dir='ltr'><strong>baptizati</strong></span> <span class='ocrx_word' id='word_1_285' title='bbox 2792 2106 2917 2152; x_wconf 90' lang='lat' dir='ltr'><strong>sunt</strong></span> <span class='ocrx_word' id='word_1_286' title='bbox 2945 2114 2974 2151; x_wconf 91' lang='lat' dir='ltr'><strong>a</strong></span> <span class='ocrx_word' id='word_1_287' title='bbox 3013 2097 3174 2153; x_wconf 89' lang='lat' dir='ltr'><strong>beato</strong></span> <span class='ocrx_word' id='word_1_288' title='bbox 3211 2095 3374 2150; x_wconf 88' lang='lat' dir='ltr'><strong>Petro</strong></span> <span class='ocrx_word' id='word_1_289' title='bbox 3400 2103 3455 2149; x_wconf 89' lang='lat' dir='ltr'><strong>et</strong></span> <span class='ocrx_word' id='word_1_290' title='bbox 3485 2095 3538 2148; x_wconf 93' lang='lat' dir='ltr'><strong>in</strong></span> 
     </span>
    </p>
   </div>
   <div class='ocr_carea' id='block_1_44' title="bbox 1955 2183 3544 2257">
    <p class='ocr_par' dir='ltr' id='par_1_44' title="bbox 1955 2183 3544 2257">
     <span class='ocr_line' id='line_1_44' title="bbox 1955 2183 3544 2257; baseline 0.003 -21"><span class='ocrx_word' id='word_1_291' title='bbox 1955 2183 2198 2240; x_wconf 90' lang='lat' dir='ltr'><strong>custodia</strong></span> <span class='ocrx_word' id='word_1_292' title='bbox 2245 2185 2550 2241; x_wconf 84' lang='lat' dir='ltr'><strong>Mamortini</strong></span> <span class='ocrx_word' id='word_1_293' title='bbox 2600 2189 2819 2243; x_wconf 90' lang='lat' dir='ltr'><strong>retrusi.</strong></span> <span class='ocrx_word' id='word_1_294' title='bbox 2857 2188 3085 2257; x_wconf 80' lang='lat' dir='ltr'><strong>Torpes,</strong></span> <span class='ocrx_word' id='word_1_295' title='bbox 3136 2186 3442 2251; x_wconf 77' lang='lat' dir='ltr'><strong>Marcellus,</strong></span> <span class='ocrx_word' id='word_1_296' title='bbox 3488 2196 3544 2241; x_wconf 90' lang='lat' dir='ltr'><strong>et</strong></span> 
     </span>
    </p>
   </div>
   <div class='ocr_carea' id='block_1_45' title="bbox 1954 2274 3549 2349">
    <p class='ocr_par' dir='ltr' id='par_1_45' title="bbox 1954 2274 3549 2349">
     <span class='ocr_line' id='line_1_45' title="bbox 1954 2274 3549 2349; baseline 0.001 -20"><span class='ocrx_word' id='word_1_297' title='bbox 1954 2274 2230 2344; x_wconf 79' lang='lat' dir='ltr'><strong>Apuleius,</strong></span> <span class='ocrx_word' id='word_1_298' title='bbox 2265 2277 2604 2333; x_wconf 73' lang='lat' dir='ltr'><strong>Alexandria:</strong></span> <span class='ocrx_word' id='word_1_299' title='bbox 2643 2278 2852 2334; x_wconf 82' lang='lat' dir='ltr'><strong>Marcus</strong></span> <span class='ocrx_word' id='word_1_300' title='bbox 2881 2277 3211 2349; x_wconf 78' lang='lat' dir='ltr'><strong>evangelista</strong></span> <span class='ocrx_word' id='word_1_301' title='bbox 3241 2291 3432 2348; x_wconf 85' lang='lat' dir='ltr'><strong>passus</strong></span> <span class='ocrx_word' id='word_1_302' title='bbox 3460 2287 3549 2332; x_wconf 85' lang='lat' dir='ltr'><strong>est.</strong></span> 
     </span>
    </p>
   </div>
   <div class='ocr_carea' id='block_1_46' title="bbox 1957 2365 3546 2434">
    <p class='ocr_par' dir='ltr' id='par_1_46' title="bbox 1957 2365 3546 2434">
     <span class='ocr_line' id='line_1_46' title="bbox 1957 2365 3546 2434; baseline 0.001 -14"><span class='ocrx_word' id='word_1_303' title='bbox 1957 2365 1990 2420; x_wconf 92' lang='lat'><strong>8</strong></span> <span class='ocrx_word' id='word_1_304' title='bbox 2036 2382 2180 2422; x_wconf 91' lang='lat' dir='ltr'><strong>anno</strong></span> <span class='ocrx_word' id='word_1_305' title='bbox 2229 2366 2476 2424; x_wconf 86' lang='lat' dir='ltr'><strong>Neronis.</strong></span> <span class='ocrx_word' id='word_1_306' title='bbox 2544 2369 2860 2424; x_wconf 84' lang='lat' dir='ltr'><strong>Mcdiolanis</strong></span> <span class='ocrx_word' id='word_1_307' title='bbox 2908 2369 3174 2424; x_wconf 87' lang='lat' dir='ltr'><strong>Nazarius</strong></span> <span class='ocrx_word' id='word_1_308' title='bbox 3224 2378 3278 2424; x_wconf 92' lang='lat' dir='ltr'><strong>et</strong></span> <span class='ocrx_word' id='word_1_309' title='bbox 3327 2367 3546 2434; x_wconf 86' lang='lat' dir='ltr'><strong>Celsus,</strong></span> 
     </span>
    </p>
   </div>
   <div class='ocr_carea' id='block_1_47' title="bbox 1959 2456 3536 2531">
    <p class='ocr_par' dir='ltr' id='par_1_47' title="bbox 1959 2456 3536 2531">
     <span class='ocr_line' id='line_1_47' title="bbox 1959 2456 3536 2531; baseline 0.003 -22"><span class='ocrx_word' id='word_1_310' title='bbox 1959 2457 2100 2526; x_wconf 87' lang='lat' dir='ltr'><strong>apud</strong></span> <span class='ocrx_word' id='word_1_311' title='bbox 2153 2456 2427 2513; x_wconf 85' lang='lat' dir='ltr'><strong>Miceriam</strong></span> <span class='ocrx_word' id='word_1_312' title='bbox 2484 2460 2731 2530; x_wconf 85' lang='lat' dir='ltr'><strong>Aquileia</strong></span> <span class='ocrx_word' id='word_1_313' title='bbox 2795 2460 3154 2531; x_wconf 87' lang='lat' dir='ltr'><strong>Hermagoras</strong></span> <span class='ocrx_word' id='word_1_314' title='bbox 3209 2461 3536 2531; x_wconf 89' lang='lat' dir='ltr'><strong>episcopus,</strong></span> 
     </span>
    </p>
   </div>
   <div class='ocr_carea' id='block_1_48' title="bbox 1960 2546 3312 2616">
    <p class='ocr_par' dir='ltr' id='par_1_48' title="bbox 1960 2546 3312 2616">
     <span class='ocr_line' id='line_1_48' title="bbox 1960 2546 3312 2616; baseline 0.004 -16"><span class='ocrx_word' id='word_1_315' title='bbox 1960 2546 2292 2604; x_wconf 82' lang='lat' dir='ltr'><strong>Fortunatus</strong></span> <span class='ocrx_word' id='word_1_316' title='bbox 2320 2549 2601 2616; x_wconf 84' lang='lat' dir='ltr'><strong>diaconus,</strong></span> <span class='ocrx_word' id='word_1_317' title='bbox 2628 2551 2800 2604; x_wconf 76' lang='lat' dir='ltr'><strong>Ftelix</strong></span> <span class='ocrx_word' id='word_1_318' title='bbox 2828 2567 2948 2606; x_wconf 92' lang='lat' dir='ltr'><strong>cum</strong></span> <span class='ocrx_word' id='word_1_319' title='bbox 2975 2551 3312 2608; x_wconf 91' lang='lat' dir='ltr'><strong>Constantia.</strong></span> 
     </span>
    </p>
   </div>
   <div class='ocr_carea' id='block_1_49' title="bbox 2029 2641 3548 2717">
    <p class='ocr_par' dir='ltr' id='par_1_49' title="bbox 2029 2641 3548 2717">
     <span class='ocr_line' id='line_1_49' title="bbox 2029 2641 3548 2717; baseline 0.006 -24"><span class='ocrx_word' id='word_1_320' title='bbox 2029 2641 2188 2696; x_wconf 91' lang='lat' dir='ltr'><strong>Anno</strong></span> <span class='ocrx_word' id='word_1_321' title='bbox 2258 2641 2549 2699; x_wconf 72' lang='lat' dir='ltr'><strong>Dominicze</strong></span> <span class='ocrx_word' id='word_1_322' title='bbox 2623 2645 3007 2701; x_wconf 87' lang='lat' dir='ltr'><strong>incarnationis</strong></span> <span class='ocrx_word' id='word_1_323' title='bbox 3059 2647 3127 2702; x_wconf 88' lang='grc'><strong>75</strong></span> <span class='ocrx_word' id='word_1_324' title='bbox 3180 2645 3548 2717; x_wconf 73' lang='lat' dir='ltr'><strong>Vespasnanus</strong></span> 
     </span>
    </p>
   </div>
   <div class='ocr_carea' id='block_1_50' title="bbox 1962 2736 3534 2804">
    <p class='ocr_par' dir='ltr' id='par_1_50' title="bbox 1962 2736 3534 2804">
     <span class='ocr_line' id='line_1_50' title="bbox 1962 2736 3534 2804; baseline 0.002 -16"><span class='ocrx_word' id='word_1_325' title='bbox 1962 2743 2150 2804; x_wconf 84' lang='lat' dir='ltr'><strong>regnat</strong></span> <span class='ocrx_word' id='word_1_326' title='bbox 2176 2749 2346 2791; x_wconf 91' lang='lat' dir='ltr'><strong>annos</strong></span> <span class='ocrx_word' id='word_1_327' title='bbox 2372 2736 2426 2802; x_wconf 91' lang='lat'><strong>9,</strong></span> <span class='ocrx_word' id='word_1_328' title='bbox 2483 2753 2698 2792; x_wconf 89' lang='lat' dir='ltr'><strong>menses</strong></span> <span class='ocrx_word' id='word_1_329' title='bbox 2746 2739 3014 2803; x_wconf 87' lang='lat' dir='ltr'><strong>undecim,</strong></span> <span class='ocrx_word' id='word_1_330' title='bbox 3057 2739 3173 2794; x_wconf 90' lang='lat' dir='ltr'><strong>dies</strong></span> <span class='ocrx_word' id='word_1_331' title='bbox 3217 2738 3327 2803; x_wconf 89' lang='lat'><strong>22;</strong></span> <span class='ocrx_word' id='word_1_332' title='bbox 3361 2738 3446 2792; x_wconf 89' lang='lat' dir='ltr'><strong>his</strong></span> <span class='ocrx_word' id='word_1_333' title='bbox 3474 2737 3534 2792; x_wconf 91' lang='grc'><strong>11</strong></span> 
     </span>
    </p>
   </div>
   <div class='ocr_carea' id='block_1_51' title="bbox 339 2820 3540 2909">
    <p class='ocr_par' dir='ltr' id='par_1_51' title="bbox 339 2820 3540 2909">
     <span class='ocr_line' id='line_1_51' title="bbox 339 2820 3540 2909; baseline 0.006 -45"><span class='ocrx_word' id='word_1_334' title='bbox 339 2820 498 2877; x_wconf 74' lang='lat' dir='ltr'><strong>Anno</strong></span> <span class='ocrx_word' id='word_1_335' title='bbox 539 2822 831 2885; x_wconf 58' lang='grc' dir='ltr'><strong>υοηιίηίοω</strong></span> <span class='ocrx_word' id='word_1_336' title='bbox 875 2820 1262 2889; x_wconf 50' lang='lat' dir='ltr'><strong>incarnationis</strong></span> <span class='ocrx_word' id='word_1_337' title='bbox 1291 2834 1361 2890; x_wconf 62' lang='grc' dir='ltr'><strong>ιδ</strong></span> <span class='ocrx_word' id='word_1_338' title='bbox 1387 2834 1644 2892; x_wconf 70' lang='lat' dir='ltr'><strong>Claudius</strong></span> <span class='ocrx_word' id='word_1_339' title='bbox 1671 2847 1860 2909; x_wconf 60' lang='lat' dir='ltr'><strong>regna;</strong></span> <span class='ocrx_word' id='word_1_340' title='bbox 1961 2823 2235 2879; x_wconf 88' lang='lat' dir='ltr'><strong>mensibus</strong></span> <span class='ocrx_word' id='word_1_341' title='bbox 2263 2825 2427 2880; x_wconf 90' lang='lat' dir='ltr'><strong>additi</strong></span> <span class='ocrx_word' id='word_1_342' title='bbox 2457 2827 2487 2880; x_wconf 95' lang='lat'><strong>7</strong></span> <span class='ocrx_word' id='word_1_343' title='bbox 2517 2825 2766 2893; x_wconf 90' lang='lat' dir='ltr'><strong>Neronis,</strong></span> <span class='ocrx_word' id='word_1_344' title='bbox 2825 2827 2958 2882; x_wconf 86' lang='lat' dir='ltr'><strong>ﬁunt</strong></span> <span class='ocrx_word' id='word_1_345' title='bbox 2999 2830 3092 2894; x_wconf 89' lang='lat' dir='ltr'><strong>l8;</strong></span> <span class='ocrx_word' id='word_1_346' title='bbox 3123 2840 3179 2884; x_wconf 90' lang='lat' dir='ltr'><strong>et</strong></span> <span class='ocrx_word' id='word_1_347' title='bbox 3220 2830 3304 2884; x_wconf 89' lang='lat' dir='ltr'><strong>bis</strong></span> <span class='ocrx_word' id='word_1_348' title='bbox 3327 2828 3401 2883; x_wconf 90' lang='lat'><strong>22</strong></span> <span class='ocrx_word' id='word_1_349' title='bbox 3431 2829 3540 2883; x_wconf 88' lang='lat' dir='ltr'><strong>die-</strong></span> 
     </span>
    </p>
   </div>
   <div class='ocr_carea' id='block_1_52' title="bbox 271 2913 3550 2998">
    <p class='ocr_par' dir='ltr' id='par_1_52' title="bbox 271 2913 3550 2998">
     <span class='ocr_line' id='line_1_52' title="bbox 271 2913 3550 2998; baseline 0.006 -43"><span class='ocrx_word' id='word_1_350' title='bbox 271 2928 446 2969; x_wconf 69' lang='lat' dir='ltr'><strong>annos</strong></span> <span class='ocrx_word' id='word_1_351' title='bbox 474 2915 558 2979; x_wconf 63' lang='lat'><strong>1&#39;5,</strong></span> <span class='ocrx_word' id='word_1_352' title='bbox 594 2933 807 2976; x_wconf 66' lang='lat' dir='ltr'><strong>menses</strong></span> <span class='ocrx_word' id='word_1_353' title='bbox 829 2921 861 2972; x_wconf 78' lang='lat'><strong>7</strong></span> <span class='ocrx_word' id='word_1_354' title='bbox 880 2961 897 2987; x_wconf 47' lang='grc' dir='ltr'><strong>ν</strong></span> <span class='ocrx_word' id='word_1_355' title='bbox 936 2922 1052 2978; x_wconf 69' lang='lat' dir='ltr'><strong>dies</strong></span> <span class='ocrx_word' id='word_1_356' title='bbox 1080 2924 1170 2979; x_wconf 51' lang='lat'><strong>23,</strong></span> <span class='ocrx_word' id='word_1_357' title='bbox 1199 2925 1476 2981; x_wconf 66' lang='lat' dir='ltr'><strong>Addamus</strong></span> <span class='ocrx_word' id='word_1_358' title='bbox 1509 2927 1799 2998; x_wconf 54' lang='lat' dir='ltr'><strong>itaquehis</strong></span> <span class='ocrx_word' id='word_1_359' title='bbox 1824 2928 1858 2983; x_wconf 85' lang='lat'><strong>7</strong></span> <span class='ocrx_word' id='word_1_360' title='bbox 1961 2913 2062 2968; x_wconf 90' lang='lat' dir='ltr'><strong>bus</strong></span> <span class='ocrx_word' id='word_1_361' title='bbox 2093 2914 2234 2969; x_wconf 93' lang='lat' dir='ltr'><strong>illius</strong></span> <span class='ocrx_word' id='word_1_362' title='bbox 2257 2917 2327 2972; x_wconf 93' lang='lat'><strong>28</strong></span> <span class='ocrx_word' id='word_1_363' title='bbox 2360 2916 2491 2972; x_wconf 90' lang='lat' dir='ltr'><strong>ﬁunt</strong></span> <span class='ocrx_word' id='word_1_364' title='bbox 2519 2918 2587 2972; x_wconf 83' lang='lat'><strong>50</strong></span> <span class='ocrx_word' id='word_1_365' title='bbox 2615 2919 2750 2984; x_wconf 91' lang='lat' dir='ltr'><strong>dies,</strong></span> <span class='ocrx_word' id='word_1_366' title='bbox 2781 2921 2834 2975; x_wconf 92' lang='lat' dir='ltr'><strong>id</strong></span> <span class='ocrx_word' id='word_1_367' title='bbox 2861 2929 2942 2976; x_wconf 89' lang='lat' dir='ltr'><strong>est</strong></span> <span class='ocrx_word' id='word_1_368' title='bbox 2972 2936 3174 2988; x_wconf 89' lang='lat' dir='ltr'><strong>annus,</strong></span> <span class='ocrx_word' id='word_1_369' title='bbox 3200 2922 3230 2975; x_wconf 90' lang='lat'><strong>7</strong></span> <span class='ocrx_word' id='word_1_370' title='bbox 3259 2937 3469 2978; x_wconf 89' lang='lat' dir='ltr'><strong>menses</strong></span> <span class='ocrx_word' id='word_1_371' title='bbox 3491 2930 3550 2978; x_wconf 87' lang='lat' dir='ltr'><strong>et</strong></span> 
     </span>
    </p>
   </div>
   <div class='ocr_carea' id='block_1_53' title="bbox 273 3002 1854 3084">
    <p class='ocr_par' dir='ltr' id='par_1_53' title="bbox 273 3003 1854 3084">
     <span class='ocr_line' id='line_1_53' title="bbox 273 3003 1854 3084; baseline 0.012 -27"><span class='ocrx_word' id='word_1_372' title='bbox 273 3003 556 3060; x_wconf 83' lang='lat' dir='ltr'><strong>mensibus</strong></span> <span class='ocrx_word' id='word_1_373' title='bbox 578 3005 634 3072; x_wconf 72' lang='grc'><strong>1,</strong></span> <span class='ocrx_word' id='word_1_374' title='bbox 664 3009 757 3078; x_wconf 88' lang='lat' dir='ltr'><strong>qui</strong></span> <span class='ocrx_word' id='word_1_375' title='bbox 798 3025 960 3080; x_wconf 88' lang='lat' dir='ltr'><strong>supra</strong></span> <span class='ocrx_word' id='word_1_376' title='bbox 1005 3015 1380 3077; x_wconf 88' lang='lat' dir='ltr'><strong>remanserint,</strong></span> <span class='ocrx_word' id='word_1_377' title='bbox 1417 3015 1550 3071; x_wconf 89' lang='lat' dir='ltr'><strong>ﬁunt</strong></span> <span class='ocrx_word' id='word_1_378' title='bbox 1592 3019 1680 3084; x_wconf 76' lang='grc'><strong>11,</strong></span> <span class='ocrx_word' id='word_1_379' title='bbox 1726 3029 1782 3074; x_wconf 89' lang='lat' dir='ltr'><strong>et</strong></span> <span class='ocrx_word' id='word_1_380' title='bbox 1824 3020 1854 3076; x_wconf 82' lang='grc'><strong>8</strong></span> 
     </span>
    </p>
   </div>
   <div class='ocr_carea' id='block_1_54' title="bbox 1978 3002 3187 3084">
    <p class='ocr_par' dir='ltr' id='par_1_54' title="bbox 1978 3002 3187 3073">
     <span class='ocr_line' id='line_1_54' title="bbox 1978 3002 3187 3073; baseline 0.008 -17"><span class='ocrx_word' id='word_1_381' title='bbox 1978 3002 2030 3057; x_wconf 71' lang='grc'><strong>10</strong></span> <span class='ocrx_word' id='word_1_382' title='bbox 2054 3003 2186 3067; x_wconf 91' lang='lat' dir='ltr'><strong>dies,</strong></span> <span class='ocrx_word' id='word_1_383' title='bbox 2219 3006 2308 3073; x_wconf 86' lang='lat' dir='ltr'><strong>qui</strong></span> <span class='ocrx_word' id='word_1_384' title='bbox 2343 3022 2517 3061; x_wconf 90' lang='lat' dir='ltr'><strong>annus</strong></span> <span class='ocrx_word' id='word_1_385' title='bbox 2547 3007 2649 3062; x_wconf 84' lang='lat' dir='ltr'><strong>hoc</strong></span> <span class='ocrx_word' id='word_1_386' title='bbox 2681 3007 2734 3061; x_wconf 93' lang='lat' dir='ltr'><strong>in</strong></span> <span class='ocrx_word' id='word_1_387' title='bbox 2764 3008 2882 3064; x_wconf 89' lang='lat' dir='ltr'><strong>loco</strong></span> <span class='ocrx_word' id='word_1_388' title='bbox 2910 3009 3187 3066; x_wconf 78' lang='lat' dir='ltr'><strong>inseritur.</strong></span> 
     </span>
    </p>
   </div>
   <div class='ocr_carea' id='block_1_55' title="bbox 269 3095 1856 3179">
    <p class='ocr_par' dir='ltr' id='par_1_55' title="bbox 269 3095 1856 3179">
     <span class='ocr_line' id='line_1_55' title="bbox 269 3095 1856 3179; baseline 0.011 -31"><span class='ocrx_word' id='word_1_389' title='bbox 269 3095 390 3150; x_wconf 88' lang='lat' dir='ltr'><strong>dies</strong></span> <span class='ocrx_word' id='word_1_390' title='bbox 418 3096 504 3152; x_wconf 86' lang='lat' dir='ltr'><strong>his</strong></span> <span class='ocrx_word' id='word_1_391' title='bbox 530 3097 600 3152; x_wconf 89' lang='lat'><strong>28</strong></span> <span class='ocrx_word' id='word_1_392' title='bbox 622 3099 834 3166; x_wconf 89' lang='lat' dir='ltr'><strong>diebus,</strong></span> <span class='ocrx_word' id='word_1_393' title='bbox 861 3111 1023 3158; x_wconf 91' lang='lat' dir='ltr'><strong>erunt</strong></span> <span class='ocrx_word' id='word_1_394' title='bbox 1050 3103 1140 3168; x_wconf 87' lang='grc'><strong>56,</strong></span> <span class='ocrx_word' id='word_1_395' title='bbox 1167 3105 1218 3159; x_wconf 90' lang='lat' dir='ltr'><strong>id</strong></span> <span class='ocrx_word' id='word_1_396' title='bbox 1240 3114 1326 3160; x_wconf 91' lang='lat' dir='ltr'><strong>est</strong></span> <span class='ocrx_word' id='word_1_397' title='bbox 1353 3122 1548 3173; x_wconf 88' lang='lat' dir='ltr'><strong>annus,</strong></span> <span class='ocrx_word' id='word_1_398' title='bbox 1575 3118 1630 3164; x_wconf 91' lang='lat' dir='ltr'><strong>et</strong></span> <span class='ocrx_word' id='word_1_399' title='bbox 1655 3111 1688 3165; x_wconf 91' lang='lat'><strong><em>6</em></strong></span> <span class='ocrx_word' id='word_1_400' title='bbox 1716 3111 1856 3179; x_wconf 88' lang='lat' dir='ltr'><strong>dies,</strong></span> 
     </span>
    </p>
   </div>
   <div class='ocr_carea' id='block_1_56' title="bbox 269 3187 1650 3262">
    <p class='ocr_par' dir='ltr' id='par_1_56' title="bbox 269 3187 1650 3262">
     <span class='ocr_line' id='line_1_56' title="bbox 269 3187 1650 3262; baseline 0.01 -23"><span class='ocrx_word' id='word_1_401' title='bbox 269 3187 362 3257; x_wconf 93' lang='lat' dir='ltr'><strong>qui</strong></span> <span class='ocrx_word' id='word_1_402' title='bbox 392 3187 551 3256; x_wconf 91' lang='lat' dir='ltr'><strong>hujus</strong></span> <span class='ocrx_word' id='word_1_403' title='bbox 579 3193 910 3262; x_wconf 86' lang='lat' dir='ltr'><strong>temporibus</strong></span> <span class='ocrx_word' id='word_1_404' title='bbox 941 3193 1376 3252; x_wconf 87' lang='lat' dir='ltr'><strong>adnumerandus</strong></span> <span class='ocrx_word' id='word_1_405' title='bbox 1414 3198 1650 3253; x_wconf 89' lang='lat' dir='ltr'><strong>videtur.</strong></span> 
     </span>
    </p>
   </div>
   <div class='ocr_carea' id='block_1_57' title="bbox 257 3279 1858 3347">
    <p class='ocr_par' dir='ltr' id='par_1_57' title="bbox 257 3279 1858 3347">
     <span class='ocr_line' id='line_1_57' title="bbox 257 3279 1858 3347; baseline 0.011 -17"><span class='ocrx_word' id='word_1_406' title='bbox 257 3323 262 3328; x_wconf 92' lang='lat'><strong>.</strong></span> <span class='ocrx_word' id='word_1_407' title='bbox 342 3279 502 3332; x_wconf 87' lang='lat' dir='ltr'><strong>Anno</strong></span> <span class='ocrx_word' id='word_1_408' title='bbox 556 3279 846 3338; x_wconf 73' lang='lat' dir='ltr'><strong>Dominicze</strong></span> <span class='ocrx_word' id='word_1_409' title='bbox 892 3284 1279 3341; x_wconf 88' lang='lat' dir='ltr'><strong>incarnationis</strong></span> <span class='ocrx_word' id='word_1_410' title='bbox 1319 3287 1387 3342; x_wconf 68' lang='lat'><strong>47</strong></span> <span class='ocrx_word' id='word_1_411' title='bbox 1415 3286 1649 3345; x_wconf 80' lang='lat' dir='ltr'><strong>Jacobus</strong></span> <span class='ocrx_word' id='word_1_412' title='bbox 1689 3289 1858 3347; x_wconf 90' lang='lat' dir='ltr'><strong>l‘rater</strong></span> 
     </span>
    </p>
   </div>
   <div class='ocr_carea' id='block_1_58' title="bbox 272 3366 1857 3441">
    <p class='ocr_par' dir='ltr' id='par_1_58' title="bbox 272 3366 1857 3441">
     <span class='ocr_line' id='line_1_58' title="bbox 272 3366 1857 3441; baseline 0.008 -19"><span class='ocrx_word' id='word_1_413' title='bbox 272 3366 535 3424; x_wconf 80' lang='lat' dir='ltr'><strong>Johannis</strong></span> <span class='ocrx_word' id='word_1_414' title='bbox 562 3369 628 3425; x_wconf 92' lang='lat' dir='ltr'><strong>ab</strong></span> <span class='ocrx_word' id='word_1_415' title='bbox 658 3370 868 3428; x_wconf 84' lang='lat' dir='ltr'><strong>Herode</strong></span> <span class='ocrx_word' id='word_1_416' title='bbox 892 3373 1210 3441; x_wconf 89' lang='lat' dir='ltr'><strong>decollatur,</strong></span> <span class='ocrx_word' id='word_1_417' title='bbox 1236 3375 1428 3432; x_wconf 88' lang='lat' dir='ltr'><strong>Petrus</strong></span> <span class='ocrx_word' id='word_1_418' title='bbox 1475 3378 1531 3432; x_wconf 93' lang='lat' dir='ltr'><strong>in</strong></span> <span class='ocrx_word' id='word_1_419' title='bbox 1578 3395 1857 3436; x_wconf 90' lang='lat' dir='ltr'><strong>carcerem</strong></span> 
     </span>
    </p>
   </div>
   <div class='ocr_carea' id='block_1_59' title="bbox 279 3459 1858 3537">
    <p class='ocr_par' dir='ltr' id='par_1_59' title="bbox 279 3459 1858 3537">
     <span class='ocr_line' id='line_1_59' title="bbox 279 3459 1858 3537; baseline 0.011 -26"><span class='ocrx_word' id='word_1_420' title='bbox 279 3459 527 3514; x_wconf 89' lang='lat' dir='ltr'><strong>mittitur.</strong></span> <span class='ocrx_word' id='word_1_421' title='bbox 565 3461 710 3518; x_wconf 83' lang='lat' dir='ltr'><strong>Idem</strong></span> <span class='ocrx_word' id='word_1_422' title='bbox 739 3461 979 3520; x_wconf 86' lang='lat' dir='ltr'><strong>Herodes</strong></span> <span class='ocrx_word' id='word_1_423' title='bbox 1003 3465 1071 3520; x_wconf 89' lang='lat' dir='ltr'><strong>ab</strong></span> <span class='ocrx_word' id='word_1_424' title='bbox 1097 3465 1292 3537; x_wconf 88' lang='lat' dir='ltr'><strong>angelo</strong></span> <span class='ocrx_word' id='word_1_425' title='bbox 1320 3469 1635 3536; x_wconf 88' lang='lat' dir='ltr'><strong>percutitur,</strong></span> <span class='ocrx_word' id='word_1_426' title='bbox 1672 3470 1858 3530; x_wconf 82' lang='lat' dir='ltr'><strong>Antio-</strong></span> 
     </span>
    </p>
   </div>
   <div class='ocr_carea' id='block_1_60' title="bbox 280 3551 1858 3632">
    <p class='ocr_par' dir='ltr' id='par_1_60' title="bbox 280 3551 1858 3632">
     <span class='ocr_line' id='line_1_60' title="bbox 280 3551 1858 3632; baseline 0.009 -28"><span class='ocrx_word' id='word_1_427' title='bbox 280 3551 410 3606; x_wconf 62' lang='lat' dir='ltr'><strong>chiae</strong></span> <span class='ocrx_word' id='word_1_428' title='bbox 456 3551 693 3622; x_wconf 87' lang='lat' dir='ltr'><strong>Spiritus</strong></span> <span class='ocrx_word' id='word_1_429' title='bbox 718 3564 939 3610; x_wconf 89' lang='lat' dir='ltr'><strong>sanctus</strong></span> <span class='ocrx_word' id='word_1_430' title='bbox 982 3554 1274 3626; x_wconf 86' lang='lat' dir='ltr'><strong>discipulos</strong></span> <span class='ocrx_word' id='word_1_431' title='bbox 1303 3557 1594 3630; x_wconf 90' lang='lat' dir='ltr'><strong>alloquitur</strong></span> <span class='ocrx_word' id='word_1_432' title='bbox 1625 3579 1638 3615; x_wconf 75' lang='grc' dir='ltr'><em>τ</em></span> <span class='ocrx_word' id='word_1_433' title='bbox 1674 3560 1858 3632; x_wconf 70' lang='lat' dir='ltr'><strong>Segre-</strong></span> 
     </span>
    </p>
   </div>
   <div class='ocr_carea' id='block_1_61' title="bbox 275 3643 1859 3723">
    <p class='ocr_par' dir='ltr' id='par_1_61' title="bbox 275 3643 1859 3723">
     <span class='ocr_line' id='line_1_61' title="bbox 275 3643 1859 3723; baseline 0.01 -28"><span class='ocrx_word' id='word_1_434' title='bbox 275 3651 393 3711; x_wconf 84' lang='lat' dir='ltr'><strong>gate</strong></span> <span class='ocrx_word' id='word_1_435' title='bbox 441 3645 570 3698; x_wconf 81' lang='lat' dir='ltr'><strong>mihi</strong></span> <span class='ocrx_word' id='word_1_436' title='bbox 629 3643 858 3700; x_wconf 84' lang='lat' dir='ltr'><strong>Paulum</strong></span> <span class='ocrx_word' id='word_1_437' title='bbox 917 3657 964 3702; x_wconf 88' lang='lat' dir='ltr'><strong>et</strong></span> <span class='ocrx_word' id='word_1_438' title='bbox 1020 3647 1346 3704; x_wconf 86' lang='lat' dir='ltr'><strong>Barnabam.</strong></span> <span class='ocrx_word' id='word_1_439' title='bbox 1428 3651 1664 3723; x_wconf 81' lang='lat' dir='ltr'><strong>Agrippa</strong></span> <span class='ocrx_word' id='word_1_440' title='bbox 1717 3653 1859 3712; x_wconf 88' lang='lat' dir='ltr'><strong>ﬁlius</strong></span> 
     </span>
    </p>
   </div>
   <div class='ocr_carea' id='block_1_62' title="bbox 274 3729 1854 3809">
    <p class='ocr_par' dir='ltr' id='par_1_62' title="bbox 274 3729 1854 3809">
     <span class='ocr_line' id='line_1_62' title="bbox 274 3729 1854 3809; baseline 0.009 -23"><span class='ocrx_word' id='word_1_441' title='bbox 274 3729 502 3790; x_wconf 83' lang='lat' dir='ltr'><strong>Herodis</strong></span> <span class='ocrx_word' id='word_1_442' title='bbox 556 3735 613 3790; x_wconf 92' lang='lat' dir='ltr'><strong>in</strong></span> <span class='ocrx_word' id='word_1_443' title='bbox 656 3733 839 3791; x_wconf 68' lang='lat' dir='ltr'><strong>Judaaa</strong></span> <span class='ocrx_word' id='word_1_444' title='bbox 882 3745 1114 3808; x_wconf 89' lang='lat' dir='ltr'><strong>regnat,</strong></span> <span class='ocrx_word' id='word_1_445' title='bbox 1159 3754 1331 3809; x_wconf 81' lang='lat' dir='ltr'><strong>usque</strong></span> <span class='ocrx_word' id='word_1_446' title='bbox 1356 3740 1424 3795; x_wconf 90' lang='lat' dir='ltr'><strong>ad</strong></span> <span class='ocrx_word' id='word_1_447' title='bbox 1471 3744 1854 3800; x_wconf 79' lang='lat' dir='ltr'><strong>exterminium</strong></span> 
     </span>
    </p>
   </div>
   <div class='ocr_carea' id='block_1_63' title="bbox 268 3821 600 3882">
    <p class='ocr_par' dir='ltr' id='par_1_63' title="bbox 268 3821 600 3882">
     <span class='ocr_line' id='line_1_63' title="bbox 268 3821 600 3882; baseline 0.003 -4"><span class='ocrx_word' id='word_1_448' title='bbox 268 3821 600 3882; x_wconf 69' lang='lat' dir='ltr'><strong>Judaeorum.</strong></span> 
     </span>
    </p>
   </div>
   <div class='ocr_carea' id='block_1_64' title="bbox 338 3915 1856 3994">
    <p class='ocr_par' dir='ltr' id='par_1_64' title="bbox 338 3915 1856 3994">
     <span class='ocr_line' id='line_1_64' title="bbox 338 3915 1856 3994; baseline 0.009 -25"><span class='ocrx_word' id='word_1_449' title='bbox 338 3915 496 3972; x_wconf 87' lang='lat' dir='ltr'><strong>Anno</strong></span> <span class='ocrx_word' id='word_1_450' title='bbox 530 3917 824 3974; x_wconf 73' lang='lat' dir='ltr'><strong>Dominica:</strong></span> <span class='ocrx_word' id='word_1_451' title='bbox 871 3921 1260 3978; x_wconf 87' lang='lat' dir='ltr'><strong>incarnationis</strong></span> <span class='ocrx_word' id='word_1_452' title='bbox 1292 3922 1398 3988; x_wconf 76' lang='grc'><strong>48,</strong></span> <span class='ocrx_word' id='word_1_453' title='bbox 1432 3925 1700 3994; x_wconf 84' lang='lat' dir='ltr'><strong>passionis</strong></span> <span class='ocrx_word' id='word_1_454' title='bbox 1726 3941 1856 3982; x_wconf 90' lang='lat' dir='ltr'><strong>vero</strong></span> 
     </span>
    </p>
   </div>
   <div class='ocr_carea' id='block_1_65' title="bbox 271 4006 1856 4074">
    <p class='ocr_par' dir='ltr' id='par_1_65' title="bbox 271 4006 1856 4074">
     <span class='ocr_line' id='line_1_65' title="bbox 271 4006 1856 4074; baseline 0.007 -13"><span class='ocrx_word' id='word_1_455' title='bbox 271 4006 371 4071; x_wconf 70' lang='grc'><strong>14,</strong></span> <span class='ocrx_word' id='word_1_456' title='bbox 397 4016 452 4061; x_wconf 92' lang='lat' dir='ltr'><strong>et</strong></span> <span class='ocrx_word' id='word_1_457' title='bbox 477 4007 684 4064; x_wconf 90' lang='lat' dir='ltr'><strong>Claudii</strong></span> <span class='ocrx_word' id='word_1_458' title='bbox 725 4011 758 4064; x_wconf 73' lang='grc'><strong>4</strong></span> <span class='ocrx_word' id='word_1_459' title='bbox 785 4051 800 4074; x_wconf 91' lang='grc'><strong>,</strong></span> <span class='ocrx_word' id='word_1_460' title='bbox 828 4010 1026 4068; x_wconf 89' lang='lat' dir='ltr'><strong>Paulus</strong></span> <span class='ocrx_word' id='word_1_461' title='bbox 1070 4023 1125 4068; x_wconf 90' lang='lat' dir='ltr'><strong>et</strong></span> <span class='ocrx_word' id='word_1_462' title='bbox 1170 4013 1447 4070; x_wconf 88' lang='lat' dir='ltr'><strong>Barnabas</strong></span> <span class='ocrx_word' id='word_1_463' title='bbox 1494 4017 1856 4072; x_wconf 87' lang='lat' dir='ltr'><strong>ascenderunt</strong></span> 
     </span>
    </p>
   </div>
   <div class='ocr_carea' id='block_1_66' title="bbox 273 4096 1856 4178">
    <p class='ocr_par' dir='ltr' id='par_1_66' title="bbox 273 4096 1856 4178">
     <span class='ocr_line' id='line_1_66' title="bbox 273 4096 1856 4178; baseline 0.008 -26"><span class='ocrx_word' id='word_1_464' title='bbox 273 4096 719 4170; x_wconf 82' lang='lat' dir='ltr'><strong>Hierosolymam.</strong></span> <span class='ocrx_word' id='word_1_465' title='bbox 754 4101 829 4157; x_wconf 90' lang='lat' dir='ltr'><strong>De</strong></span> <span class='ocrx_word' id='word_1_466' title='bbox 873 4102 976 4158; x_wconf 88' lang='lat' dir='ltr'><strong>hac</strong></span> <span class='ocrx_word' id='word_1_467' title='bbox 1007 4105 1324 4161; x_wconf 87' lang='lat' dir='ltr'><strong>ascensione</strong></span> <span class='ocrx_word' id='word_1_468' title='bbox 1350 4121 1447 4160; x_wconf 93' lang='lat' dir='ltr'><strong>sua</strong></span> <span class='ocrx_word' id='word_1_469' title='bbox 1493 4107 1693 4162; x_wconf 84' lang='lat' dir='ltr'><strong>Paulus</strong></span> <span class='ocrx_word' id='word_1_470' title='bbox 1739 4109 1856 4178; x_wconf 90' lang='lat' dir='ltr'><strong>ipse</strong></span> 
     </span>
    </p>
   </div>
   <div class='ocr_carea' id='block_1_67' title="bbox 266 4189 1851 4263">
    <p class='ocr_par' dir='ltr' id='par_1_67' title="bbox 266 4189 1851 4263">
     <span class='ocr_line' id='line_1_67' title="bbox 266 4189 1851 4263; baseline 0.005 -19"><span class='ocrx_word' id='word_1_471' title='bbox 266 4189 460 4245; x_wconf 82' lang='lat' dir='ltr'><strong>scribit</strong></span> <span class='ocrx_word' id='word_1_472' title='bbox 513 4193 581 4247; x_wconf 90' lang='lat' dir='ltr'><strong>ad</strong></span> <span class='ocrx_word' id='word_1_473' title='bbox 603 4191 915 4248; x_wconf 68' lang='lat' dir='ltr'><strong>Galatasu</strong></span> <span class='ocrx_word' id='word_1_474' title='bbox 946 4195 1150 4249; x_wconf 86' lang='lat' dir='ltr'><strong>Deinde</strong></span> <span class='ocrx_word' id='word_1_475' title='bbox 1204 4205 1325 4263; x_wconf 91' lang='lat' dir='ltr'><strong>post</strong></span> <span class='ocrx_word' id='word_1_476' title='bbox 1375 4211 1542 4252; x_wconf 90' lang='lat' dir='ltr'><strong>annos</strong></span> <span class='ocrx_word' id='word_1_477' title='bbox 1598 4199 1851 4254; x_wconf 88' lang='lat' dir='ltr'><strong>tredecim</strong></span> 
     </span>
    </p>
   </div>
   <div class='ocr_carea' id='block_1_68' title="bbox 2033 3093 3548 3170">
    <p class='ocr_par' dir='ltr' id='par_1_68' title="bbox 2033 3093 3548 3170">
     <span class='ocr_line' id='line_1_68' title="bbox 2033 3093 3548 3170; baseline 0.007 -23"><span class='ocrx_word' id='word_1_478' title='bbox 2033 3093 2190 3149; x_wconf 85' lang='lat' dir='ltr'><strong>Anno</strong></span> <span class='ocrx_word' id='word_1_479' title='bbox 2217 3093 2510 3151; x_wconf 76' lang='lat' dir='ltr'><strong>Dominica:</strong></span> <span class='ocrx_word' id='word_1_480' title='bbox 2547 3097 2936 3153; x_wconf 87' lang='lat' dir='ltr'><strong>incarnationis</strong></span> <span class='ocrx_word' id='word_1_481' title='bbox 2983 3098 3052 3152; x_wconf 73' lang='grc'><strong>74</strong></span> <span class='ocrx_word' id='word_1_482' title='bbox 3086 3115 3307 3170; x_wconf 90' lang='lat' dir='ltr'><strong>regnum</strong></span> <span class='ocrx_word' id='word_1_483' title='bbox 3348 3099 3548 3157; x_wconf 66' lang='lat' dir='ltr'><strong>Judmaz</strong></span> 
     </span>
    </p>
   </div>
   <div class='ocr_carea' id='block_1_69' title="bbox 1881 3159 3548 3263">
    <p class='ocr_par' dir='ltr' id='par_1_69' title="bbox 1881 3159 3548 3263">
     <span class='ocr_line' id='line_1_69' title="bbox 1881 3159 3548 3263; baseline 0.004 -23"><span class='ocrx_word' id='word_1_484' title='bbox 1881 3159 1932 3223; x_wconf 64' lang='grc' dir='ltr'><strong>ο</strong></span> <span class='ocrx_word' id='word_1_485' title='bbox 1963 3201 1992 3240; x_wconf 89' lang='lat' dir='ltr'><strong>a</strong></span> <span class='ocrx_word' id='word_1_486' title='bbox 2021 3184 2143 3240; x_wconf 86' lang='lat' dir='ltr'><strong>Tito</strong></span> <span class='ocrx_word' id='word_1_487' title='bbox 2190 3188 2539 3253; x_wconf 86' lang='lat' dir='ltr'><strong>subvertitur,</strong></span> <span class='ocrx_word' id='word_1_488' title='bbox 2590 3189 2955 3261; x_wconf 89' lang='lat' dir='ltr'><strong>templumque</strong></span> <span class='ocrx_word' id='word_1_489' title='bbox 3005 3193 3322 3247; x_wconf 89' lang='lat' dir='ltr'><strong>destruitur.</strong></span> <span class='ocrx_word' id='word_1_490' title='bbox 3377 3192 3548 3263; x_wconf 81' lang='lat' dir='ltr'><strong>Hujus</strong></span> 
     </span>
    </p>
   </div>
   <div class='ocr_carea' id='block_1_70' title="bbox 1962 3277 3544 3352">
    <p class='ocr_par' dir='ltr' id='par_1_70' title="bbox 1962 3277 3544 3352">
     <span class='ocr_line' id='line_1_70' title="bbox 1962 3277 3544 3352; baseline 0.008 -24"><span class='ocrx_word' id='word_1_491' title='bbox 1962 3277 2292 3345; x_wconf 80' lang='lat' dir='ltr'><strong>temporibus</strong></span> <span class='ocrx_word' id='word_1_492' title='bbox 2325 3278 2693 3350; x_wconf 88' lang='lat' dir='ltr'><strong>Appollinaris</strong></span> <span class='ocrx_word' id='word_1_493' title='bbox 2727 3282 3043 3352; x_wconf 86' lang='lat' dir='ltr'><strong>espiscopus</strong></span> <span class='ocrx_word' id='word_1_494' title='bbox 3091 3298 3122 3336; x_wconf 90' lang='lat' dir='ltr'><strong>a</strong></span> <span class='ocrx_word' id='word_1_495' title='bbox 3181 3284 3341 3340; x_wconf 86' lang='lat' dir='ltr'><strong>beato</strong></span> <span class='ocrx_word' id='word_1_496' title='bbox 3379 3283 3544 3340; x_wconf 85' lang='lat' dir='ltr'><strong>Petro</strong></span> 
     </span>
    </p>
   </div>
   <div class='ocr_carea' id='block_1_71' title="bbox 1963 3365 2832 3429">
    <p class='ocr_par' dir='ltr' id='par_1_71' title="bbox 1963 3365 2832 3429">
     <span class='ocr_line' id='line_1_71' title="bbox 1963 3365 2832 3429; baseline 0.007 -8"><span class='ocrx_word' id='word_1_497' title='bbox 1963 3365 2222 3423; x_wconf 78' lang='lat' dir='ltr'><strong>Ravenna</strong></span> <span class='ocrx_word' id='word_1_498' title='bbox 2254 3371 2492 3427; x_wconf 91' lang='lat' dir='ltr'><strong>directus</strong></span> <span class='ocrx_word' id='word_1_499' title='bbox 2518 3382 2832 3429; x_wconf 90' lang='lat' dir='ltr'><strong>coronatur.</strong></span> 
     </span>
    </p>
   </div>
   <div class='ocr_carea' id='block_1_72' title="bbox 2030 3459 3546 3539">
    <p class='ocr_par' dir='ltr' id='par_1_72' title="bbox 2030 3459 3546 3539">
     <span class='ocr_line' id='line_1_72' title="bbox 2030 3459 3546 3539; baseline 0.009 -27"><span class='ocrx_word' id='word_1_500' title='bbox 2030 3459 2188 3515; x_wconf 88' lang='lat' dir='ltr'><strong>Anno</strong></span> <span class='ocrx_word' id='word_1_501' title='bbox 2226 3460 2520 3518; x_wconf 84' lang='lat' dir='ltr'><strong>Dominicae</strong></span> <span class='ocrx_word' id='word_1_502' title='bbox 2571 3463 2964 3520; x_wconf 84' lang='lat' dir='ltr'><strong>incarnationis</strong></span> <span class='ocrx_word' id='word_1_503' title='bbox 3011 3464 3081 3521; x_wconf 91' lang='grc'><strong>85</strong></span> <span class='ocrx_word' id='word_1_504' title='bbox 3111 3465 3264 3521; x_wconf 89' lang='lat' dir='ltr'><strong>Titus</strong></span> <span class='ocrx_word' id='word_1_505' title='bbox 3304 3468 3546 3539; x_wconf 79' lang='lat' dir='ltr'><strong>regnavit</strong></span> 
     </span>
    </p>
   </div>
   <div class='ocr_carea' id='block_1_73' title="bbox 1963 3552 2550 3621">
    <p class='ocr_par' dir='ltr' id='par_1_73' title="bbox 1963 3552 2550 3621">
     <span class='ocr_line' id='line_1_73' title="bbox 1963 3552 2550 3621; baseline 0.009 -17"><span class='ocrx_word' id='word_1_506' title='bbox 1963 3566 2136 3605; x_wconf 88' lang='lat' dir='ltr'><strong>annos</strong></span> <span class='ocrx_word' id='word_1_507' title='bbox 2163 3552 2222 3621; x_wconf 91' lang='lat'><strong>2,</strong></span> <span class='ocrx_word' id='word_1_508' title='bbox 2257 3569 2469 3608; x_wconf 87' lang='lat' dir='ltr'><strong>menses</strong></span> <span class='ocrx_word' id='word_1_509' title='bbox 2496 3555 2550 3608; x_wconf 90' lang='lat'><strong>2.</strong></span> 
     </span>
    </p>
   </div>
   <div class='ocr_carea' id='block_1_74' title="bbox 2027 3641 3547 3703">
    <p class='ocr_par' dir='ltr' id='par_1_74' title="bbox 2027 3641 3547 3703">
     <span class='ocr_line' id='line_1_74' title="bbox 2027 3641 3547 3703; baseline 0.006 -9"><span class='ocrx_word' id='word_1_510' title='bbox 2027 3641 2185 3696; x_wconf 84' lang='lat' dir='ltr'><strong>Anno</strong></span> <span class='ocrx_word' id='word_1_511' title='bbox 2234 3641 2528 3700; x_wconf 73' lang='lat' dir='ltr'><strong>Dominicze</strong></span> <span class='ocrx_word' id='word_1_512' title='bbox 2596 3644 2984 3701; x_wconf 51' lang='lat' dir='ltr'><strong>incarnationis</strong></span> <span class='ocrx_word' id='word_1_513' title='bbox 3062 3646 3132 3703; x_wconf 86' lang='grc'><strong>85</strong></span> <span class='ocrx_word' id='word_1_514' title='bbox 3209 3647 3547 3703; x_wconf 80' lang='lat' dir='ltr'><strong>Domitianus</strong></span> 
     </span>
    </p>
   </div>
   <div class='ocr_carea' id='block_1_75' title="bbox 1958 3733 3545 3802">
    <p class='ocr_par' dir='ltr' id='par_1_75' title="bbox 1958 3733 3545 3802">
     <span class='ocr_line' id='line_1_75' title="bbox 1958 3733 3545 3802; baseline 0.004 -17"><span class='ocrx_word' id='word_1_515' title='bbox 1958 3733 2201 3802; x_wconf 87' lang='lat' dir='ltr'><strong>regnavit</strong></span> <span class='ocrx_word' id='word_1_516' title='bbox 2225 3749 2399 3790; x_wconf 91' lang='lat' dir='ltr'><strong>annos</strong></span> <span class='ocrx_word' id='word_1_517' title='bbox 2429 3735 2517 3801; x_wconf 88' lang='grc'><strong>15,</strong></span> <span class='ocrx_word' id='word_1_518' title='bbox 2549 3750 2762 3792; x_wconf 89' lang='lat' dir='ltr'><strong>menses</strong></span> <span class='ocrx_word' id='word_1_519' title='bbox 2783 3736 2848 3802; x_wconf 85' lang='lat'><strong>5;</strong></span> <span class='ocrx_word' id='word_1_520' title='bbox 2891 3737 2976 3792; x_wconf 87' lang='lat' dir='ltr'><strong>his</strong></span> <span class='ocrx_word' id='word_1_521' title='bbox 3004 3737 3037 3792; x_wconf 83' lang='lat'><strong>5</strong></span> <span class='ocrx_word' id='word_1_522' title='bbox 3070 3737 3343 3793; x_wconf 89' lang='lat' dir='ltr'><strong>mensibus</strong></span> <span class='ocrx_word' id='word_1_523' title='bbox 3377 3738 3545 3792; x_wconf 83' lang='lat' dir='ltr'><strong>adda-</strong></span> 
     </span>
    </p>
   </div>
   <div class='ocr_carea' id='block_1_76' title="bbox 1958 3823 3543 3900">
    <p class='ocr_par' dir='ltr' id='par_1_76' title="bbox 1958 3823 3543 3900">
     <span class='ocr_line' id='line_1_76' title="bbox 1958 3823 3543 3900; baseline 0.004 -22"><span class='ocrx_word' id='word_1_524' title='bbox 1958 3840 2078 3879; x_wconf 89' lang='lat' dir='ltr'><strong>mus</strong></span> <span class='ocrx_word' id='word_1_525' title='bbox 2102 3824 2132 3876; x_wconf 93' lang='lat'><strong>7</strong></span> <span class='ocrx_word' id='word_1_526' title='bbox 2161 3823 2498 3897; x_wconf 87' lang='lat' dir='ltr'><strong>Vespasiani,</strong></span> <span class='ocrx_word' id='word_1_527' title='bbox 2527 3829 2828 3898; x_wconf 90' lang='lat' dir='ltr'><strong>completur</strong></span> <span class='ocrx_word' id='word_1_528' title='bbox 2853 3832 3124 3900; x_wconf 89' lang='lat' dir='ltr'><strong>annusqui</strong></span> <span class='ocrx_word' id='word_1_529' title='bbox 3153 3832 3240 3886; x_wconf 89' lang='lat' dir='ltr'><strong>hic</strong></span> <span class='ocrx_word' id='word_1_530' title='bbox 3268 3832 3543 3887; x_wconf 88' lang='lat' dir='ltr'><strong>inseritur.</strong></span> 
     </span>
    </p>
   </div>
   <div class='ocr_carea' id='block_1_77' title="bbox 1957 3913 3547 3990">
    <p class='ocr_par' dir='ltr' id='par_1_77' title="bbox 1957 3913 3547 3990">
     <span class='ocr_line' id='line_1_77' title="bbox 1957 3913 3547 3990; baseline 0.006 -23"><span class='ocrx_word' id='word_1_531' title='bbox 1957 3913 2130 3984; x_wconf 89' lang='lat' dir='ltr'><strong>llujus</strong></span> <span class='ocrx_word' id='word_1_532' title='bbox 2176 3918 2509 3986; x_wconf 88' lang='lat' dir='ltr'><strong>temporibus</strong></span> <span class='ocrx_word' id='word_1_533' title='bbox 2536 3915 2808 3975; x_wconf 88' lang='lat' dir='ltr'><strong>Johanncs</strong></span> <span class='ocrx_word' id='word_1_534' title='bbox 2833 3921 3107 3990; x_wconf 87' lang='lat' dir='ltr'><strong>apostolus</strong></span> <span class='ocrx_word' id='word_1_535' title='bbox 3137 3921 3322 3976; x_wconf 69' lang='lat' dir='ltr'><strong>Romae</strong></span> <span class='ocrx_word' id='word_1_536' title='bbox 3349 3922 3403 3976; x_wconf 91' lang='lat' dir='ltr'><strong>in</strong></span> <span class='ocrx_word' id='word_1_537' title='bbox 3438 3922 3547 3976; x_wconf 79' lang='lat' dir='ltr'><strong>fer-</strong></span> 
     </span>
    </p>
   </div>
   <div class='ocr_carea' id='block_1_78' title="bbox 1955 4007 3542 4083">
    <p class='ocr_par' dir='ltr' id='par_1_78' title="bbox 1955 4007 3542 4083">
     <span class='ocr_line' id='line_1_78' title="bbox 1955 4007 3542 4083; baseline 0.005 -24"><span class='ocrx_word' id='word_1_538' title='bbox 1955 4007 2132 4060; x_wconf 81' lang='lat' dir='ltr'><strong>ventis</strong></span> <span class='ocrx_word' id='word_1_539' title='bbox 2175 4007 2279 4062; x_wconf 93' lang='lat' dir='ltr'><strong>olei</strong></span> <span class='ocrx_word' id='word_1_540' title='bbox 2334 4009 2533 4064; x_wconf 89' lang='lat' dir='ltr'><strong>dolium</strong></span> <span class='ocrx_word' id='word_1_541' title='bbox 2570 4011 2822 4077; x_wconf 91' lang='lat' dir='ltr'><strong>mittitur,</strong></span> <span class='ocrx_word' id='word_1_542' title='bbox 2869 4021 2995 4067; x_wconf 91' lang='lat' dir='ltr'><strong>ante</strong></span> <span class='ocrx_word' id='word_1_543' title='bbox 3023 4021 3231 4083; x_wconf 89' lang='lat' dir='ltr'><strong>portam</strong></span> <span class='ocrx_word' id='word_1_544' title='bbox 3273 4013 3542 4078; x_wconf 90' lang='lat' dir='ltr'><strong>Latinam,</strong></span> 
     </span>
    </p>
   </div>
   <div class='ocr_carea' id='block_1_79' title="bbox 1955 4096 3544 4175">
    <p class='ocr_par' dir='ltr' id='par_1_79' title="bbox 1955 4096 3544 4175">
     <span class='ocr_line' id='line_1_79' title="bbox 1955 4096 3544 4175; baseline 0.006 -24"><span class='ocrx_word' id='word_1_545' title='bbox 1955 4106 2011 4151; x_wconf 91' lang='lat' dir='ltr'><strong>et</strong></span> <span class='ocrx_word' id='word_1_546' title='bbox 2041 4097 2092 4149; x_wconf 92' lang='lat' dir='ltr'><strong>in</strong></span> <span class='ocrx_word' id='word_1_547' title='bbox 2137 4096 2395 4154; x_wconf 89' lang='lat' dir='ltr'><strong>Pathmos</strong></span> <span class='ocrx_word' id='word_1_548' title='bbox 2426 4101 2652 4155; x_wconf 89' lang='lat' dir='ltr'><strong>insulam</strong></span> <span class='ocrx_word' id='word_1_549' title='bbox 2703 4103 2991 4173; x_wconf 90' lang='lat' dir='ltr'><strong>relegatur.</strong></span> <span class='ocrx_word' id='word_1_550' title='bbox 3026 4103 3126 4158; x_wconf 89' lang='lat' dir='ltr'><strong>Ubi</strong></span> <span class='ocrx_word' id='word_1_551' title='bbox 3167 4104 3544 4175; x_wconf 87' lang='lat' dir='ltr'><strong>Apocalypsim</strong></span> 
     </span>
    </p>
   </div>
   <div class='ocr_carea' id='block_1_80' title="bbox 1955 4186 3543 4250">
    <p class='ocr_par' dir='ltr' id='par_1_80' title="bbox 1955 4186 3543 4250">
     <span class='ocr_line' id='line_1_80' title="bbox 1955 4186 3543 4250; baseline 0.006 -10"><span class='ocrx_word' id='word_1_552' title='bbox 1955 4186 2161 4240; x_wconf 84' lang='lat' dir='ltr'><strong>scribit.</strong></span> <span class='ocrx_word' id='word_1_553' title='bbox 2228 4187 2417 4244; x_wconf 87' lang='lat' dir='ltr'><strong>Flavia</strong></span> <span class='ocrx_word' id='word_1_554' title='bbox 2470 4190 2739 4245; x_wconf 90' lang='lat' dir='ltr'><strong>Domitilla</strong></span> <span class='ocrx_word' id='word_1_555' title='bbox 2805 4193 2858 4246; x_wconf 92' lang='lat' dir='ltr'><strong>in</strong></span> <span class='ocrx_word' id='word_1_556' title='bbox 2927 4192 3246 4248; x_wconf 91' lang='lat' dir='ltr'><strong>Pontianam</strong></span> <span class='ocrx_word' id='word_1_557' title='bbox 3313 4195 3543 4250; x_wconf 91' lang='lat' dir='ltr'><strong>insulam</strong></span> 
     </span>
    </p>
   </div>
   <div class='ocr_carea' id='block_1_81' title="bbox 266 4275 3546 4356">
    <p class='ocr_par' dir='ltr' id='par_1_81' title="bbox 266 4275 3546 4356">
     <span class='ocr_line' id='line_1_81' title="bbox 266 4275 3546 4356; baseline 0.007 -22"><span class='ocrx_word' id='word_1_558' title='bbox 266 4282 488 4337; x_wconf 90' lang='lat' dir='ltr'><strong>ascendi</strong></span> <span class='ocrx_word' id='word_1_559' title='bbox 527 4282 956 4355; x_wconf 81' lang='lat' dir='ltr'><strong>Hierosolymam</strong></span> <span class='ocrx_word' id='word_1_560' title='bbox 1003 4299 1125 4338; x_wconf 91' lang='lat' dir='ltr'><strong>cum</strong></span> <span class='ocrx_word' id='word_1_561' title='bbox 1176 4285 1447 4350; x_wconf 78' lang='lat' dir='ltr'><strong>Barnaba,</strong></span> <span class='ocrx_word' id='word_1_562' title='bbox 1494 4296 1773 4356; x_wconf 91' lang='lat' dir='ltr'><strong>assumpto</strong></span> <span class='ocrx_word' id='word_1_563' title='bbox 1801 4297 1857 4343; x_wconf 90' lang='lat' dir='ltr'><strong>et</strong></span> <span class='ocrx_word' id='word_1_564' title='bbox 1954 4275 2224 4330; x_wconf 63' lang='lat' dir='ltr'><strong>exmalur-</strong></span> <span class='ocrx_word' id='word_1_565' title='bbox 2273 4277 2564 4334; x_wconf 62' lang='grc' dir='ltr'><strong>Αειθείθιυε</strong></span> <span class='ocrx_word' id='word_1_566' title='bbox 2590 4295 2730 4351; x_wconf 65' lang='lat' dir='ltr'><strong>Pal.&quot;l</strong></span> <span class='ocrx_word' id='word_1_567' title='bbox 2771 4283 2956 4338; x_wconf 69' lang='grc' dir='ltr'><strong>ῑεηίυδ</strong></span> <span class='ocrx_word' id='word_1_568' title='bbox 2999 4291 3122 4354; x_wconf 80' lang='lat' dir='ltr'><strong>P0Sl</strong></span> <span class='ocrx_word' id='word_1_569' title='bbox 3149 4283 3368 4342; x_wconf 67' lang='grc' dir='ltr'><strong>Ρθιΐυηι</strong></span> <span class='ocrx_word' id='word_1_570' title='bbox 3401 4305 3546 4343; x_wconf 72' lang='grc' dir='ltr'><strong>Πιπ-</strong></span> 
     </span>
    </p>
   </div>
   <div class='ocr_carea' id='block_1_82' title="bbox 268 4372 1850 4446">
    <p class='ocr_par' dir='ltr' id='par_1_82' title="bbox 268 4372 1850 4446">
     <span class='ocr_line' id='line_1_82' title="bbox 268 4372 1850 4446; baseline 0.004 -20"><span class='ocrx_word' id='word_1_571' title='bbox 268 4372 412 4439; x_wconf 82' lang='grc' dir='ltr'><strong>Τίιο,</strong></span> <span class='ocrx_word' id='word_1_572' title='bbox 453 4381 509 4429; x_wconf 90' lang='lat' dir='ltr'><strong>et</strong></span> <span class='ocrx_word' id='word_1_573' title='bbox 545 4374 748 4428; x_wconf 82' lang='lat' dir='ltr'><strong>contuli</strong></span> <span class='ocrx_word' id='word_1_574' title='bbox 792 4390 916 4429; x_wconf 87' lang='lat' dir='ltr'><strong>cum</strong></span> <span class='ocrx_word' id='word_1_575' title='bbox 966 4373 1110 4440; x_wconf 92' lang='lat' dir='ltr'><strong>illis,</strong></span> <span class='ocrx_word' id='word_1_576' title='bbox 1159 4374 1214 4428; x_wconf 91' lang='lat' dir='ltr'><strong>id</strong></span> <span class='ocrx_word' id='word_1_577' title='bbox 1266 4384 1350 4429; x_wconf 90' lang='lat' dir='ltr'><strong>est</strong></span> <span class='ocrx_word' id='word_1_578' title='bbox 1400 4391 1522 4430; x_wconf 90' lang='lat' dir='ltr'><strong>cum</strong></span> <span class='ocrx_word' id='word_1_579' title='bbox 1569 4377 1850 4446; x_wconf 90' lang='lat' dir='ltr'><strong>apostolis,</strong></span> 
     </span>
    </p>
   </div>
   <div class='ocr_carea' id='block_1_83' title="bbox 265 4465 1854 4540">
    <p class='ocr_par' dir='ltr' id='par_1_83' title="bbox 265 4465 1854 4540">
     <span class='ocr_line' id='line_1_83' title="bbox 265 4465 1854 4540; baseline 0.004 -20"><span class='ocrx_word' id='word_1_580' title='bbox 265 4465 607 4537; x_wconf 88' lang='lat' dir='ltr'><strong>evangelium</strong></span> <span class='ocrx_word' id='word_1_581' title='bbox 643 4467 785 4536; x_wconf 89' lang='lat' dir='ltr'><strong>quod</strong></span> <span class='ocrx_word' id='word_1_582' title='bbox 829 4467 1062 4538; x_wconf 68' lang='lat' dir='ltr'><strong>praedico</strong></span> <span class='ocrx_word' id='word_1_583' title='bbox 1107 4467 1161 4522; x_wconf 91' lang='lat' dir='ltr'><strong>in</strong></span> <span class='ocrx_word' id='word_1_584' title='bbox 1189 4467 1460 4537; x_wconf 82' lang='lat' dir='ltr'><strong>gentibus.</strong></span> <span class='ocrx_word' id='word_1_585' title='bbox 1495 4488 1524 4520; x_wconf 75' lang='grc' dir='ltr'><strong>ι.</strong></span> <span class='ocrx_word' id='word_1_586' title='bbox 1552 4469 1618 4524; x_wconf 92' lang='grc'><strong>15</strong></span> <span class='ocrx_word' id='word_1_587' title='bbox 1671 4471 1854 4540; x_wconf 85' lang='lat' dir='ltr'><strong>itaque</strong></span> 
     </span>
    </p>
   </div>
   <div class='ocr_carea' id='block_1_84' title="bbox 267 4557 1849 4628">
    <p class='ocr_par' dir='ltr' id='par_1_84' title="bbox 267 4557 1849 4628">
     <span class='ocr_line' id='line_1_84' title="bbox 267 4557 1849 4628; baseline 0.004 -18"><span class='ocrx_word' id='word_1_588' title='bbox 267 4572 415 4612; x_wconf 90' lang='lat' dir='ltr'><strong>anno</strong></span> <span class='ocrx_word' id='word_1_589' title='bbox 456 4557 726 4627; x_wconf 89' lang='lat' dir='ltr'><strong>passionis</strong></span> <span class='ocrx_word' id='word_1_590' title='bbox 756 4557 1052 4612; x_wconf 74' lang='lat' dir='ltr'><strong>Dominica:</strong></span> <span class='ocrx_word' id='word_1_591' title='bbox 1090 4558 1248 4628; x_wconf 84' lang='lat' dir='ltr'><strong>juxta</strong></span> <span class='ocrx_word' id='word_1_592' title='bbox 1287 4559 1595 4614; x_wconf 89' lang='lat' dir='ltr'><strong>condictum</strong></span> <span class='ocrx_word' id='word_1_593' title='bbox 1639 4558 1849 4628; x_wconf 81' lang='lat' dir='ltr'><strong>Jacobi,</strong></span> 
     </span>
    </p>
   </div>
   <div class='ocr_carea' id='block_1_85' title="bbox 267 4646 1854 4720">
    <p class='ocr_par' dir='ltr' id='par_1_85' title="bbox 267 4646 1854 4720">
     <span class='ocr_line' id='line_1_85' title="bbox 267 4646 1854 4720; baseline 0.003 -19"><span class='ocrx_word' id='word_1_594' title='bbox 267 4646 471 4716; x_wconf 66' lang='lat' dir='ltr'><strong>Zephaa</strong></span> <span class='ocrx_word' id='word_1_595' title='bbox 518 4656 574 4703; x_wconf 91' lang='lat' dir='ltr'><strong>et</strong></span> <span class='ocrx_word' id='word_1_596' title='bbox 623 4646 888 4703; x_wconf 90' lang='lat' dir='ltr'><strong>Johannis</strong></span> <span class='ocrx_word' id='word_1_597' title='bbox 945 4647 1013 4701; x_wconf 91' lang='lat' dir='ltr'><strong>ad</strong></span> <span class='ocrx_word' id='word_1_598' title='bbox 1063 4648 1303 4718; x_wconf 86' lang='lat' dir='ltr'><strong>gentium</strong></span> <span class='ocrx_word' id='word_1_599' title='bbox 1366 4649 1738 4720; x_wconf 91' lang='lat' dir='ltr'><strong>magisterium</strong></span> <span class='ocrx_word' id='word_1_600' title='bbox 1798 4658 1854 4706; x_wconf 91' lang='lat' dir='ltr'><strong>et</strong></span> 
     </span>
    </p>
   </div>
   <div class='ocr_carea' id='block_1_86' title="bbox 268 4736 1854 4812">
    <p class='ocr_par' dir='ltr' id='par_1_86' title="bbox 268 4736 1854 4812">
     <span class='ocr_line' id='line_1_86' title="bbox 268 4736 1854 4812; baseline 0.003 -19"><span class='ocrx_word' id='word_1_601' title='bbox 268 4737 634 4809; x_wconf 81' lang='lat' dir='ltr'><strong>apostolatum</strong></span> <span class='ocrx_word' id='word_1_602' title='bbox 665 4737 866 4794; x_wconf 86' lang='lat' dir='ltr'><strong>Paulus</strong></span> <span class='ocrx_word' id='word_1_603' title='bbox 891 4736 1166 4808; x_wconf 76' lang='lat' dir='ltr'><strong>profectus</strong></span> <span class='ocrx_word' id='word_1_604' title='bbox 1197 4747 1299 4804; x_wconf 89' lang='lat' dir='ltr'><strong>est,</strong></span> <span class='ocrx_word' id='word_1_605' title='bbox 1333 4739 1423 4794; x_wconf 93' lang='lat' dir='ltr'><strong>ubi</strong></span> <span class='ocrx_word' id='word_1_606' title='bbox 1454 4757 1710 4796; x_wconf 91' lang='lat' dir='ltr'><strong>numerus</strong></span> <span class='ocrx_word' id='word_1_607' title='bbox 1740 4743 1854 4812; x_wconf 90' lang='lat' dir='ltr'><strong>ipse</strong></span> 
     </span>
    </p>
   </div>
   <div class='ocr_carea' id='block_1_87' title="bbox 265 4829 1854 4900">
    <p class='ocr_par' dir='ltr' id='par_1_87' title="bbox 265 4829 1854 4900">
     <span class='ocr_line' id='line_1_87' title="bbox 265 4829 1854 4900; baseline 0.001 -16"><span class='ocrx_word' id='word_1_608' title='bbox 265 4844 432 4900; x_wconf 85' lang='lat' dir='ltr'><strong>quem</strong></span> <span class='ocrx_word' id='word_1_609' title='bbox 480 4830 700 4900; x_wconf 89' lang='lat' dir='ltr'><strong>posuit,</strong></span> <span class='ocrx_word' id='word_1_610' title='bbox 751 4829 1113 4884; x_wconf 91' lang='lat' dir='ltr'><strong>recensendus</strong></span> <span class='ocrx_word' id='word_1_611' title='bbox 1160 4837 1243 4882; x_wconf 91' lang='lat' dir='ltr'><strong>est</strong></span> <span class='ocrx_word' id='word_1_612' title='bbox 1298 4843 1585 4886; x_wconf 89' lang='lat' dir='ltr'><strong>annorum.</strong></span> <span class='ocrx_word' id='word_1_613' title='bbox 1639 4829 1854 4886; x_wconf 83' lang='lat' dir='ltr'><strong>Scimus</strong></span> 
     </span>
    </p>
   </div>
   <div class='ocr_carea' id='block_1_88' title="bbox 264 4917 1851 4992">
    <p class='ocr_par' dir='ltr' id='par_1_88' title="bbox 264 4917 1851 4992">
     <span class='ocr_line' id='line_1_88' title="bbox 264 4917 1851 4992; baseline 0 -16"><span class='ocrx_word' id='word_1_614' title='bbox 264 4920 414 4976; x_wconf 87' lang='lat' dir='ltr'><strong>enim</strong></span> <span class='ocrx_word' id='word_1_615' title='bbox 455 4920 676 4976; x_wconf 89' lang='lat' dir='ltr'><strong>Petrum</strong></span> <span class='ocrx_word' id='word_1_616' title='bbox 721 4930 778 4976; x_wconf 92' lang='lat' dir='ltr'><strong>et</strong></span> <span class='ocrx_word' id='word_1_617' title='bbox 816 4917 1041 4974; x_wconf 87' lang='lat' dir='ltr'><strong>Paulum</strong></span> <span class='ocrx_word' id='word_1_618' title='bbox 1092 4918 1365 4990; x_wconf 87' lang='lat' dir='ltr'><strong>apostolos</strong></span> <span class='ocrx_word' id='word_1_619' title='bbox 1393 4930 1516 4991; x_wconf 88' lang='lat' dir='ltr'><strong>post</strong></span> <span class='ocrx_word' id='word_1_620' title='bbox 1543 4923 1851 4992; x_wconf 90' lang='lat' dir='ltr'><strong>passionem</strong></span> 
     </span>
    </p>
   </div>
   <div class='ocr_carea' id='block_1_89' title="bbox 263 5009 1853 5082">
    <p class='ocr_par' dir='ltr' id='par_1_89' title="bbox 263 5009 1853 5082">
     <span class='ocr_line' id='line_1_89' title="bbox 263 5009 1853 5082; baseline 0 -14"><span class='ocrx_word' id='word_1_621' title='bbox 263 5013 458 5070; x_wconf 90' lang='lat' dir='ltr'><strong>Domni</strong></span> <span class='ocrx_word' id='word_1_622' title='bbox 487 5013 580 5081; x_wconf 88' lang='grc'><strong>58,</strong></span> <span class='ocrx_word' id='word_1_623' title='bbox 610 5013 663 5069; x_wconf 89' lang='lat' dir='ltr'><strong>id</strong></span> <span class='ocrx_word' id='word_1_624' title='bbox 693 5020 779 5069; x_wconf 89' lang='lat' dir='ltr'><strong>est</strong></span> <span class='ocrx_word' id='word_1_625' title='bbox 806 5013 997 5068; x_wconf 91' lang='lat' dir='ltr'><strong>ultimo</strong></span> <span class='ocrx_word' id='word_1_626' title='bbox 1025 5009 1256 5066; x_wconf 87' lang='lat' dir='ltr'><strong>Neronis</strong></span> <span class='ocrx_word' id='word_1_627' title='bbox 1286 5026 1429 5068; x_wconf 88' lang='lat' dir='ltr'><strong>anno</strong></span> <span class='ocrx_word' id='word_1_628' title='bbox 1448 5027 1640 5082; x_wconf 89' lang='lat' dir='ltr'><strong>passos</strong></span> <span class='ocrx_word' id='word_1_629' title='bbox 1664 5013 1853 5076; x_wconf 83' lang='lat' dir='ltr'><strong>fuisse,</strong></span> 
     </span>
    </p>
   </div>
   <div class='ocr_carea' id='block_1_90' title="bbox 263 5101 1852 5176">
    <p class='ocr_par' dir='ltr' id='par_1_90' title="bbox 263 5101 1852 5176">
     <span class='ocr_line' id='line_1_90' title="bbox 263 5101 1852 5176; baseline -0.001 -14"><span class='ocrx_word' id='word_1_630' title='bbox 263 5116 322 5162; x_wconf 90' lang='lat' dir='ltr'><strong>et</strong></span> <span class='ocrx_word' id='word_1_631' title='bbox 354 5105 567 5163; x_wconf 88' lang='lat' dir='ltr'><strong>beatum</strong></span> <span class='ocrx_word' id='word_1_632' title='bbox 598 5105 819 5162; x_wconf 90' lang='lat' dir='ltr'><strong>Petrum</strong></span> <span class='ocrx_word' id='word_1_633' title='bbox 851 5105 1042 5160; x_wconf 82' lang='lat' dir='ltr'><strong>Romae</strong></span> <span class='ocrx_word' id='word_1_634' title='bbox 1064 5101 1250 5171; x_wconf 88' lang='lat' dir='ltr'><strong>viginti</strong></span> <span class='ocrx_word' id='word_1_635' title='bbox 1283 5105 1522 5176; x_wconf 86' lang='lat' dir='ltr'><strong>quinque</strong></span> <span class='ocrx_word' id='word_1_636' title='bbox 1548 5105 1706 5160; x_wconf 87' lang='lat' dir='ltr'><strong>annis</strong></span> <span class='ocrx_word' id='word_1_637' title='bbox 1737 5104 1852 5176; x_wconf 91' lang='lat' dir='ltr'><strong>epi-</strong></span> 
     </span>
    </p>
   </div>
   <div class='ocr_carea' id='block_1_91' title="bbox 261 5195 1854 5272">
    <p class='ocr_par' dir='ltr' id='par_1_91' title="bbox 261 5195 1854 5272">
     <span class='ocr_line' id='line_1_91' title="bbox 261 5195 1854 5272; baseline -0.004 -14"><span class='ocrx_word' id='word_1_638' title='bbox 261 5201 531 5272; x_wconf 87' lang='lat' dir='ltr'><strong>scopalem</strong></span> <span class='ocrx_word' id='word_1_639' title='bbox 561 5201 770 5260; x_wconf 88' lang='lat' dir='ltr'><strong>sedisse</strong></span> <span class='ocrx_word' id='word_1_640' title='bbox 809 5195 1163 5256; x_wconf 82' lang='lat' dir='ltr'><strong>cathedram:</strong></span> <span class='ocrx_word' id='word_1_641' title='bbox 1207 5195 1282 5249; x_wconf 81' lang='lat'><strong>25</strong></span> <span class='ocrx_word' id='word_1_642' title='bbox 1311 5207 1492 5254; x_wconf 89' lang='lat' dir='ltr'><strong>autem</strong></span> <span class='ocrx_word' id='word_1_643' title='bbox 1537 5198 1665 5252; x_wconf 90' lang='lat' dir='ltr'><strong>anui</strong></span> <span class='ocrx_word' id='word_1_644' title='bbox 1705 5206 1762 5253; x_wconf 92' lang='lat' dir='ltr'><strong>et</strong></span> <span class='ocrx_word' id='word_1_645' title='bbox 1789 5197 1854 5252; x_wconf 76' lang='lat' dir='ltr'><strong>M</strong></span> 
     </span>
    </p>
   </div>
   <div class='ocr_carea' id='block_1_92' title="bbox 261 5285 1854 5366">
    <p class='ocr_par' dir='ltr' id='par_1_92' title="bbox 261 5285 1854 5366">
     <span class='ocr_line' id='line_1_92' title="bbox 261 5285 1854 5366; baseline -0.003 -18"><span class='ocrx_word' id='word_1_646' title='bbox 261 5309 366 5350; x_wconf 85' lang='lat' dir='ltr'><strong>non</strong></span> <span class='ocrx_word' id='word_1_647' title='bbox 411 5295 499 5366; x_wconf 87' lang='grc'><strong>58,</strong></span> <span class='ocrx_word' id='word_1_648' title='bbox 525 5296 622 5354; x_wconf 85' lang='lat' dir='ltr'><strong>sed</strong></span> <span class='ocrx_word' id='word_1_649' title='bbox 668 5293 738 5350; x_wconf 87' lang='grc'><strong>59</strong></span> <span class='ocrx_word' id='word_1_650' title='bbox 767 5292 999 5349; x_wconf 78' lang='lat' dir='ltr'><strong>faciunt.</strong></span> <span class='ocrx_word' id='word_1_651' title='bbox 1059 5285 1316 5357; x_wconf 86' lang='lat' dir='ltr'><strong>Sequitur</strong></span> <span class='ocrx_word' id='word_1_652' title='bbox 1359 5305 1489 5362; x_wconf 90' lang='lat' dir='ltr'><strong>ergo</strong></span> <span class='ocrx_word' id='word_1_653' title='bbox 1537 5297 1600 5344; x_wconf 91' lang='lat' dir='ltr'><strong>ut</strong></span> <span class='ocrx_word' id='word_1_654' title='bbox 1635 5289 1854 5345; x_wconf 90' lang='lat' dir='ltr'><strong>beatum</strong></span> 
     </span>
    </p>
   </div>
   <div class='ocr_carea' id='block_1_93' title="bbox 268 5379 1849 5457">
    <p class='ocr_par' dir='ltr' id='par_1_93' title="bbox 268 5379 1849 5457">
     <span class='ocr_line' id='line_1_93' title="bbox 268 5379 1849 5457; baseline -0.003 -15"><span class='ocrx_word' id='word_1_655' title='bbox 268 5387 484 5444; x_wconf 87' lang='lat' dir='ltr'><strong>Petrum</strong></span> <span class='ocrx_word' id='word_1_656' title='bbox 507 5389 703 5447; x_wconf 90' lang='lat' dir='ltr'><strong>eodem</strong></span> <span class='ocrx_word' id='word_1_657' title='bbox 730 5386 800 5442; x_wconf 88' lang='grc'><strong>15</strong></span> <span class='ocrx_word' id='word_1_658' title='bbox 825 5391 950 5457; x_wconf 90' lang='lat' dir='ltr'><strong>post</strong></span> <span class='ocrx_word' id='word_1_659' title='bbox 973 5379 1187 5436; x_wconf 91' lang='lat' dir='ltr'><strong>Domini</strong></span> <span class='ocrx_word' id='word_1_660' title='bbox 1211 5381 1515 5448; x_wconf 87' lang='lat' dir='ltr'><strong>passionem</strong></span> <span class='ocrx_word' id='word_1_661' title='bbox 1545 5397 1711 5448; x_wconf 91' lang='lat' dir='ltr'><strong>anno,</strong></span> <span class='ocrx_word' id='word_1_662' title='bbox 1742 5398 1849 5452; x_wconf 91' lang='lat' dir='ltr'><strong>quo</strong></span> 
     </span>
    </p>
   </div>
   <div class='ocr_carea' id='block_1_94' title="bbox 1882 4521 1931 4581">
    <p class='ocr_par' dir='ltr' id='par_1_94' title="bbox 1882 4521 1931 4581">
     <span class='ocr_line' id='line_1_94' title="bbox 1882 4521 1931 4581; baseline 0 0"><span class='ocrx_word' id='word_1_663' title='bbox 1882 4521 1931 4581; x_wconf 93' lang='lat' dir='ltr'><strong>D</strong></span> 
     </span>
    </p>
   </div>
   <div class='ocr_carea' id='block_1_95' title="bbox 1957 4366 2446 4437">
    <p class='ocr_par' dir='ltr' id='par_1_95' title="bbox 1957 4366 2446 4437">
     <span class='ocr_line' id='line_1_95' title="bbox 1957 4366 2446 4437; baseline 0.016 -19"><span class='ocrx_word' id='word_1_664' title='bbox 1957 4366 2096 4437; x_wconf 85' lang='lat' dir='ltr'><strong>tyrio</strong></span> <span class='ocrx_word' id='word_1_665' title='bbox 2130 4379 2446 4428; x_wconf 87' lang='lat' dir='ltr'><strong>coronatur.</strong></span> 
     </span>
    </p>
   </div>
   <div class='ocr_carea' id='block_1_96' title="bbox 2025 4457 3535 4543">
    <p class='ocr_par' dir='ltr' id='par_1_96' title="bbox 2025 4457 3535 4543">
     <span class='ocr_line' id='line_1_96' title="bbox 2025 4457 3535 4543; baseline 0.011 -34"><span class='ocrx_word' id='word_1_666' title='bbox 2025 4457 2181 4512; x_wconf 88' lang='lat' dir='ltr'><strong>Anno</strong></span> <span class='ocrx_word' id='word_1_667' title='bbox 2218 4458 2510 4516; x_wconf 85' lang='lat' dir='ltr'><strong>Dominicae</strong></span> <span class='ocrx_word' id='word_1_668' title='bbox 2548 4462 2936 4521; x_wconf 88' lang='lat' dir='ltr'><strong>incarnationis</strong></span> <span class='ocrx_word' id='word_1_669' title='bbox 2972 4467 3040 4522; x_wconf 91' lang='lat'><strong>90</strong></span> <span class='ocrx_word' id='word_1_670' title='bbox 3080 4467 3253 4524; x_wconf 88' lang='lat' dir='ltr'><strong>Nerva</strong></span> <span class='ocrx_word' id='word_1_671' title='bbox 3286 4472 3535 4543; x_wconf 85' lang='lat' dir='ltr'><strong>regnavit</strong></span> 
     </span>
    </p>
   </div>
   <div class='ocr_carea' id='block_1_97' title="bbox 1959 4560 3537 4626">
    <p class='ocr_par' dir='ltr' id='par_1_97' title="bbox 1959 4560 3537 4626">
     <span class='ocr_line' id='line_1_97' title="bbox 1959 4560 3537 4626; baseline 0.013 -25"><span class='ocrx_word' id='word_1_672' title='bbox 1959 4563 2160 4603; x_wconf 88' lang='lat' dir='ltr'><strong>annum</strong></span> <span class='ocrx_word' id='word_1_673' title='bbox 2194 4566 2382 4617; x_wconf 88' lang='lat' dir='ltr'><strong>unum,</strong></span> <span class='ocrx_word' id='word_1_674' title='bbox 2423 4569 2638 4610; x_wconf 89' lang='lat' dir='ltr'><strong>menses</strong></span> <span class='ocrx_word' id='word_1_675' title='bbox 2665 4569 2920 4626; x_wconf 86' lang='lat' dir='ltr'><strong>quatuor,</strong></span> <span class='ocrx_word' id='word_1_676' title='bbox 2951 4560 3066 4616; x_wconf 87' lang='lat' dir='ltr'><strong>dies</strong></span> <span class='ocrx_word' id='word_1_677' title='bbox 3091 4571 3232 4616; x_wconf 88' lang='lat' dir='ltr'><strong>octo.</strong></span> <span class='ocrx_word' id='word_1_678' title='bbox 3260 4561 3537 4620; x_wconf 87' lang='lat' dir='ltr'><strong>Johannes</strong></span> 
     </span>
    </p>
   </div>
   <div class='ocr_carea' id='block_1_98' title="bbox 1961 4634 3542 4726">
    <p class='ocr_par' dir='ltr' id='par_1_98' title="bbox 1961 4634 3542 4726">
     <span class='ocr_line' id='line_1_98' title="bbox 1961 4634 3542 4726; baseline 0.011 -31"><span class='ocrx_word' id='word_1_679' title='bbox 1961 4641 2236 4712; x_wconf 90' lang='lat' dir='ltr'><strong>apostolus</strong></span> <span class='ocrx_word' id='word_1_680' title='bbox 2277 4645 2345 4699; x_wconf 92' lang='lat' dir='ltr'><strong>ab</strong></span> <span class='ocrx_word' id='word_1_681' title='bbox 2392 4634 2556 4701; x_wconf 75' lang='lat' dir='ltr'><strong>exilio</strong></span> <span class='ocrx_word' id='word_1_682' title='bbox 2589 4658 2873 4705; x_wconf 91' lang='lat' dir='ltr'><strong>revocatur</strong></span> <span class='ocrx_word' id='word_1_683' title='bbox 2906 4693 2922 4719; x_wconf 96' lang='lat'><strong>,</strong></span> <span class='ocrx_word' id='word_1_684' title='bbox 2973 4663 3029 4707; x_wconf 90' lang='lat' dir='ltr'><strong>et</strong></span> <span class='ocrx_word' id='word_1_685' title='bbox 3079 4655 3222 4725; x_wconf 88' lang='lat' dir='ltr'><strong>apud</strong></span> <span class='ocrx_word' id='word_1_686' title='bbox 3268 4655 3542 4726; x_wconf 88' lang='lat' dir='ltr'><strong>Ephesum</strong></span> 
     </span>
    </p>
   </div>
   <div class='ocr_carea' id='block_1_99' title="bbox 1961 4734 3544 4818">
    <p class='ocr_par' dir='ltr' id='par_1_99' title="bbox 1961 4734 3544 4818">
     <span class='ocr_line' id='line_1_99' title="bbox 1961 4734 3544 4818; baseline 0.009 -29"><span class='ocrx_word' id='word_1_687' title='bbox 1961 4734 2302 4805; x_wconf 89' lang='lat' dir='ltr'><strong>evangelium</strong></span> <span class='ocrx_word' id='word_1_688' title='bbox 2361 4740 2570 4795; x_wconf 90' lang='lat' dir='ltr'><strong>scribit.</strong></span> <span class='ocrx_word' id='word_1_689' title='bbox 2627 4739 2797 4811; x_wconf 90' lang='lat' dir='ltr'><strong>Hujus</strong></span> <span class='ocrx_word' id='word_1_690' title='bbox 2838 4746 3172 4816; x_wconf 89' lang='lat' dir='ltr'><strong>temporibus</strong></span> <span class='ocrx_word' id='word_1_691' title='bbox 3221 4749 3366 4818; x_wconf 90' lang='lat' dir='ltr'><strong>passi</strong></span> <span class='ocrx_word' id='word_1_692' title='bbox 3418 4760 3544 4804; x_wconf 91' lang='lat' dir='ltr'><strong>sunt</strong></span> 
     </span>
    </p>
   </div>
   <div class='ocr_carea' id='block_1_100' title="bbox 1962 4825 3544 4909">
    <p class='ocr_par' dir='ltr' id='par_1_100' title="bbox 1962 4825 3544 4909">
     <span class='ocr_line' id='line_1_100' title="bbox 1962 4825 3544 4909; baseline 0.01 -29"><span class='ocrx_word' id='word_1_693' title='bbox 1962 4825 2148 4881; x_wconf 72' lang='lat' dir='ltr'><strong>Roma:</strong></span> <span class='ocrx_word' id='word_1_694' title='bbox 2167 4827 2406 4897; x_wconf 89' lang='lat' dir='ltr'><strong>Eutices,</strong></span> <span class='ocrx_word' id='word_1_695' title='bbox 2439 4833 2749 4890; x_wconf 79' lang='lat' dir='ltr'><strong>Victorinus</strong></span> <span class='ocrx_word' id='word_1_696' title='bbox 2785 4845 2841 4890; x_wconf 92' lang='lat' dir='ltr'><strong>et</strong></span> <span class='ocrx_word' id='word_1_697' title='bbox 2879 4837 3028 4894; x_wconf 87' lang='lat' dir='ltr'><strong>Maro</strong></span> <span class='ocrx_word' id='word_1_698' title='bbox 3068 4840 3208 4909; x_wconf 90' lang='lat' dir='ltr'><strong>apud</strong></span> <span class='ocrx_word' id='word_1_699' title='bbox 3256 4842 3544 4897; x_wconf 84' lang='lat' dir='ltr'><strong>Amiterni-</strong></span> 
     </span>
    </p>
   </div>
   <div class='ocr_carea' id='block_1_101' title="bbox 1961 4917 3540 4996">
    <p class='ocr_par' dir='ltr' id='par_1_101' title="bbox 1961 4917 3540 4996">
     <span class='ocr_line' id='line_1_101' title="bbox 1961 4917 3540 4996; baseline 0.009 -27"><span class='ocrx_word' id='word_1_700' title='bbox 1961 4931 2089 4970; x_wconf 89' lang='lat' dir='ltr'><strong>nam</strong></span> <span class='ocrx_word' id='word_1_701' title='bbox 2121 4917 2335 4984; x_wconf 88' lang='lat' dir='ltr'><strong>urbem,</strong></span> <span class='ocrx_word' id='word_1_702' title='bbox 2372 4919 2682 4978; x_wconf 83' lang='lat' dir='ltr'><strong>Victorinus</strong></span> <span class='ocrx_word' id='word_1_703' title='bbox 2726 4926 3011 4996; x_wconf 90' lang='lat' dir='ltr'><strong>episcopus</strong></span> <span class='ocrx_word' id='word_1_704' title='bbox 3060 4927 3230 4982; x_wconf 87' lang='lat' dir='ltr'><strong>frater</strong></span> <span class='ocrx_word' id='word_1_705' title='bbox 3273 4928 3540 4986; x_wconf 90' lang='lat' dir='ltr'><strong>Severini.</strong></span> 
     </span>
    </p>
   </div>
   <div class='ocr_carea' id='block_1_102' title="bbox 2029 5008 3544 5092">
    <p class='ocr_par' dir='ltr' id='par_1_102' title="bbox 2029 5008 3544 5092">
     <span class='ocr_line' id='line_1_102' title="bbox 2029 5008 3544 5092; baseline 0.009 -31"><span class='ocrx_word' id='word_1_706' title='bbox 2029 5008 2187 5063; x_wconf 90' lang='lat' dir='ltr'><strong>Anno</strong></span> <span class='ocrx_word' id='word_1_707' title='bbox 2213 5008 2506 5069; x_wconf 70' lang='lat' dir='ltr'><strong>Dominica:</strong></span> <span class='ocrx_word' id='word_1_708' title='bbox 2531 5014 2923 5073; x_wconf 89' lang='lat' dir='ltr'><strong>incarnationis</strong></span> <span class='ocrx_word' id='word_1_709' title='bbox 2950 5019 3010 5073; x_wconf 89' lang='grc'><strong>91</strong></span> <span class='ocrx_word' id='word_1_710' title='bbox 3057 5019 3319 5090; x_wconf 84' lang='lat' dir='ltr'><strong>Trajanus</strong></span> <span class='ocrx_word' id='word_1_711' title='bbox 3351 5036 3544 5092; x_wconf 87' lang='lat' dir='ltr'><strong>regna-</strong></span> 
     </span>
    </p>
   </div>
   <div class='ocr_carea' id='block_1_103' title="bbox 1965 5099 3543 5177">
    <p class='ocr_par' dir='ltr' id='par_1_103' title="bbox 1965 5099 3543 5177">
     <span class='ocr_line' id='line_1_103' title="bbox 1965 5099 3543 5177; baseline 0.01 -24"><span class='ocrx_word' id='word_1_712' title='bbox 1965 5099 2043 5154; x_wconf 90' lang='lat' dir='ltr'><strong>vit</strong></span> <span class='ocrx_word' id='word_1_713' title='bbox 2085 5115 2258 5156; x_wconf 90' lang='lat' dir='ltr'><strong>annos</strong></span> <span class='ocrx_word' id='word_1_714' title='bbox 2288 5102 2375 5170; x_wconf 88' lang='grc'><strong>19,</strong></span> <span class='ocrx_word' id='word_1_715' title='bbox 2409 5119 2624 5163; x_wconf 90' lang='lat' dir='ltr'><strong>menses</strong></span> <span class='ocrx_word' id='word_1_716' title='bbox 2665 5120 2779 5172; x_wconf 84' lang='lat' dir='ltr'><strong>sex,</strong></span> <span class='ocrx_word' id='word_1_717' title='bbox 2803 5110 2918 5165; x_wconf 90' lang='lat' dir='ltr'><strong>dies</strong></span> <span class='ocrx_word' id='word_1_718' title='bbox 2943 5111 3038 5177; x_wconf 81' lang='lat' dir='ltr'><strong>l5;</strong></span> <span class='ocrx_word' id='word_1_719' title='bbox 3073 5113 3157 5167; x_wconf 90' lang='lat' dir='ltr'><strong>his</strong></span> <span class='ocrx_word' id='word_1_720' title='bbox 3198 5111 3231 5164; x_wconf 84' lang='lat'><strong>5</strong></span> <span class='ocrx_word' id='word_1_721' title='bbox 3267 5112 3543 5168; x_wconf 90' lang='lat' dir='ltr'><strong>mensibus</strong></span> 
     </span>
    </p>
   </div>
   <div class='ocr_carea' id='block_1_104' title="bbox 1958 5190 3540 5272">
    <p class='ocr_par' dir='ltr' id='par_1_104' title="bbox 1958 5190 3540 5272">
     <span class='ocr_line' id='line_1_104' title="bbox 1958 5190 3540 5272; baseline 0.009 -28"><span class='ocrx_word' id='word_1_722' title='bbox 1958 5190 2004 5244; x_wconf 89' lang='lat' dir='ltr'><strong>si</strong></span> <span class='ocrx_word' id='word_1_723' title='bbox 2053 5191 2422 5250; x_wconf 88' lang='lat' dir='ltr'><strong>addiderimus</strong></span> <span class='ocrx_word' id='word_1_724' title='bbox 2469 5196 2578 5252; x_wconf 89' lang='lat' dir='ltr'><strong>Titi</strong></span> <span class='ocrx_word' id='word_1_725' title='bbox 2626 5198 2913 5266; x_wconf 86' lang='lat' dir='ltr'><strong>secundus,</strong></span> <span class='ocrx_word' id='word_1_726' title='bbox 2941 5199 3130 5256; x_wconf 71' lang='lat' dir='ltr'><strong>Nervae</strong></span> <span class='ocrx_word' id='word_1_727' title='bbox 3171 5199 3302 5256; x_wconf 67' lang='lat' dir='ltr'><strong>“it</strong></span> <span class='ocrx_word' id='word_1_728' title='bbox 3345 5218 3540 5272; x_wconf 88' lang='lat' dir='ltr'><strong>annus,</strong></span> 
     </span>
    </p>
   </div>
   <div class='ocr_carea' id='block_1_105' title="bbox 1958 5284 3544 5365">
    <p class='ocr_par' dir='ltr' id='par_1_105' title="bbox 1958 5284 3544 5365">
     <span class='ocr_line' id='line_1_105' title="bbox 1958 5284 3544 5365; baseline 0.01 -27"><span class='ocrx_word' id='word_1_729' title='bbox 1958 5284 2051 5354; x_wconf 89' lang='lat' dir='ltr'><strong>qui</strong></span> <span class='ocrx_word' id='word_1_730' title='bbox 2081 5284 2186 5341; x_wconf 92' lang='lat' dir='ltr'><strong>hoc</strong></span> <span class='ocrx_word' id='word_1_731' title='bbox 2212 5284 2264 5340; x_wconf 92' lang='lat' dir='ltr'><strong>in</strong></span> <span class='ocrx_word' id='word_1_732' title='bbox 2293 5284 2411 5344; x_wconf 92' lang='lat' dir='ltr'><strong>loco</strong></span> <span class='ocrx_word' id='word_1_733' title='bbox 2443 5296 2694 5361; x_wconf 83' lang='lat' dir='ltr'><strong>aptatur;</strong></span> <span class='ocrx_word' id='word_1_734' title='bbox 2723 5292 3139 5349; x_wconf 84' lang='lat' dir='ltr'><strong>remanentdies</strong></span> <span class='ocrx_word' id='word_1_735' title='bbox 3160 5292 3231 5349; x_wconf 85' lang='lat'><strong>28</strong></span> <span class='ocrx_word' id='word_1_736' title='bbox 3260 5293 3352 5363; x_wconf 90' lang='lat' dir='ltr'><strong>qui</strong></span> <span class='ocrx_word' id='word_1_737' title='bbox 3382 5309 3544 5365; x_wconf 81' lang='lat' dir='ltr'><strong>supra</strong></span> 
     </span>
    </p>
   </div>
   <div class='ocr_carea' id='block_1_106' title="bbox 1958 5382 2298 5437">
    <p class='ocr_par' dir='ltr' id='par_1_106' title="bbox 1958 5382 2298 5437">
     <span class='ocr_line' id='line_1_106' title="bbox 1958 5382 2298 5437; baseline 0.003 -2"><span class='ocrx_word' id='word_1_738' title='bbox 1958 5382 2130 5437; x_wconf 85' lang='lat' dir='ltr'><strong>notati</strong></span> <span class='ocrx_word' id='word_1_739' title='bbox 2153 5391 2298 5437; x_wconf 88' lang='lat' dir='ltr'><strong>sunt.</strong></span> 
     </span>
    </p>
   </div>
  </div>
