3958 5620
475 386 547 449 {9
1464 389 1833 449 REGINONIS
1864 392 2275 452 l‘RUMlENSlS
2308 397 2349 450 A
2358 394 2597 452 BBATlS
3660 397 3741 459 20

475 501 595 558 eius
640 499 884 569 Balbina,
936 499 1200 570 Sulpitius
1240 500 1728 571 et.Servilianus,
1785 504 2054 561 Domitilla
2083 514 2131 571 Α
2228 508 2383 589 Auno
2408 490 2697 567 Dominicae
2721 511 3113 569 incarnationis
3133 516 3427 572 centesimo
3447 524 3738 588 septuage-

472 602 529 650 et
580 591 844 665 Seraphia
895 592 1152 664 virgines,
1198 592 1407 650 Nereus
1453 604 1509 651 et
1554 596 1850 662 Achilleus,
1904 596 2057 668 lgna-

474 684 585 739 tius
628 684 960 740 Antiocenns
1006 684 1332 756 episcOpus;
1386 683 1773 765 Hierosolymis
1818 685 2049 759 Symeou

476 774 762 846 episcopus
803 774 943 830 ﬁlius
971 774 1230 846 Cleophe,
1258 775 1311 830 in
1343 775 1516 832 Ponto
1544 776 1716 833 Focas
1745 777 2048 849 episcopus.

545 865 704 921 Anno
744 866 1038 923 Dominicae
1082 866 1472 924 incarnationis
1518 869 1643 935 111,
1672 869 1944 925 Adrianus
1973 883 2054 926 re-

475 957 660 1026 gnavit
687 972 861 1013 annos
885 957 1155 1014 undecim.
1192 957 1363 1030 Hujus
1395 961 1727 1031 temporibus
1753 961 1895 1034 passi
1928 970 2055 1017 sunt

472 1047 661 1104 Roma:
682 1048 868 1106 Sixtus
888 1065 1051 1121 papa,
1085 1049 1350 1119 Getulius,
1385 1052 1606 1119 Sabina,
1650 1053 1913 1125 Seraphia
1944 1054 2053 1110 vir-

473 1154 542 1211 go
585 1158 599 1196 :
644 1140 788 1210 apud
833 1139 1106 1198 Mesenam
1151 1142 1422 1200 civitatem
1460 1145 1685 1215 Apuliae.
1713 1145 2055 1203 Eleutherius

473 1232 763 1304 episcopus
809 1248 931 1290 cum
977 1233 1180 1291 Anthia
1226 1243 1420 1293 matre.
1443 1236 1598 1308 Apud
1634 1236 1877 1294 Athenas
1912 1237 2055 1306 Qua-

474 1323 663 1379 dratus
683 1333 739 1379 et
756 1324 1045 1381 Atristides
1059 1324 1196 1400 clari
1219 1326 1507 1394 habentur,
1533 1325 1819 1400 Dionysius
1845 1327 2055 1398 episco-

466 1428 577 1484 pus
612 1414 923 1488 Ariopagita
955 1434 968 1471 :
1011 1416 1157 1487 apud
1186 1402 1674 1476 Tiburnamurbem
1698 1418 1870 1475 Italiae
1896 1418 2054 1483 Svm-

468 1506 705 1576 phorosa
737 1522 860 1563 cum
889 1517 1095 1580 septem
1130 1508 1275 1565 filiis.

536 1600 697 1660 Anno
754 1599 1051 1657 Dominicze
1090 1600 1477 1660 incarnationis
1531 1603 1634 1660 123
1687 1604 1998 1662 Antoninus
2028 1646 2044 1673 ,

471 1697 835 1761 cognomento
860 1689 1011 1757 Pius,
1038 1706 1161 1747 cum
1190 1691 1316 1749 ﬁliis
1338 1692 1561 1749 Aurelio
1589 1703 1647 1749 et
1672 1693 1839 1751 Lucio
1859 1710 2048 1766 regna—

472 1778 549 1834 vit
595 1796 765 1838 annos
814 1780 926 1849 22,
970 1796 1186 1838 menses
1224 1791 1357 1839 tres.
1409 1781 1657 1841 Justinus
1698 1784 2049 1857 philosophus

2153 601 2293 658 simo
2315 602 2623 659 Antoninus
2653 614 3014 676 cognomento
3041 605 3319 664 Caracalla
3346 606 3532 666 Severi
3566 609 3737 679 filius,

2155 701 2343 763 regnat
2371 706 2542 749 annos
2577 704 2804 762 septem.

2221 782 2380 838 Anno
2404 783 2699 841 Dominica:
2720 784 3107 843 incarnationis
3133 787 3226 844 l7l
3252 786 3522 844 Macrinus
3547 798 3743 861 regnat

2153 886 2353 927 annum
2380 886 2565 927 unum.
3316 885 3322 891 ’

2223 961 2382 1016 Auno
2412 962 2705 1019 Dominicae
2750 962 3137 1021 incarnationis
3178 964 3278 1020 172
3312 964 3526 1022 Marcus
3565 965 3741 1022 Aure-

2153 1049 2260 1106 lius
2284 1050 2591 1107 Antoninus
2620 1053 2862 1109 regnavit
2892 1068 3063 1108 annos
3088 1054 3144 1110 1.

2221 1142 2377 1199 Anno
2414 1144 2706 1201 Dominicaa
2753 1147 3142 1202 incarnationis
3176 1146 3276 1203 l76
3317 1146 3570 1203 Aur'clius
3613 1148 3744 1206 Ale-

2154 1236 2361 1289 xander
2393 1250 2564 1291 annos
2590 1235 2850 1291 tredecim
2881 1237 3142 1309 regnavit.
3185 1235 3444 1310 Origenes
3471 1247 3585 1294 toto
3617 1241 3749 1296 orbi

2153 1323 2333 1382 clarus
2367 1324 2617 1383 habetur.
2646 1325 2815 1398 Hujus
2840 1329 3171 1399 temporibus
3197 1339 3527 1385 coronantur
3551 1329 3751 1386 Roma:

2153 1420 2388 1478 Calistus
2415 1437 2575 1493 papa,
2607 1421 2860 1480 Urbanus
2905 1439 3065 1496 papa,
3104 1424 3317 1482 Caecilia
3346 1424 3522 1495 virgo,
3544 1424 3744 1481 Tibur-

2153 1511 2260 1567 tius
2296 1517 2350 1566 et
2385 1509 2705 1568 Valerianus
2729 1552 2747 1579 ,
2794 1511 3119 1584 Calepodius
3159 1512 3462 1585 presbyter,
3492 1513 3754 1570 Asterius

2152 1602 2454 1674 presbyter,
2497 1601 2795 1660 Palmatius
2839 1603 3027 1660 consul
3057 1619 3179 1661 cum
3215 1617 3386 1661 uxore
3413 1614 3471 1661 et
3498 1604 3645 1671 (iliis,
3686 1611 3744 1661 et

2155 1692 2468 1765 Simplicius
2494 1704 2736 1752 senator.

2222 1784 2380 1840 Anno
2412 1784 2707 1841 Dominica:
2738 1784 3127 1842 incarnationis
3153 1785 3259 1843 l89
3285 1783 3614 1842 Maximinus
3647 1801 3738 1842 ηδ

468 1866 660 1955 claret.
694 1868 898 1941 Suppio
943 1871 1199 1944 episcopo
1243 1871 1471 1929 Hermes
1496 1872 1691 1929 librum
1717 1874 1925 1942 scribit,
1956 1876 2048 1947 qui
2081 1895 2125 1955 Β
2156 1883 2289 1946 gnat
2320 1891 2491 1931 annos
2521 1875 2574 1930 '5.
2617 1873 2785 1945 Hujus
2827 1877 3161 1948 temporibus
3198 1887 3529 1932 coronantur
3556 1876 3744 1933 Roma:

488 1954 679 2015 linitur
697 1957 962 2017 Pastoris.

539 2049 696 2108 Anno
725 2052 1021 2109 Dominicze
1058 2052 1448 2113 incarnationis
1488 2056 1593 2112 125
1633 2056 1847 2113 Marcus
1885 2058 2052 2114 Anto-

468 2136 631 2194 ninus
658 2138 833 2196 Verus
887 2156 1011 2197 cum
1062 2139 1230 2199 fratre
1277 2142 1449 2202 Lucio
1487 2146 1710 2201 Aurelio
1750 2145 2053 2203 Commodo

469 2226 629 2282 annis
680 2227 769 2295 19,
797 2243 988 2285 mense
1030 2245 1158 2287 uno.
1201 2230 1406 2287 Horum
1464 2241 1518 2289 et
1567 2249 1728 2305 supra
1784 2235 2062 2291 dictorum.

468 2320 807 2391 temporibus
850 2324 1094 2379 coronati
1143 2333 1271 2380 sunt
1321 2326 1505 2382 Romae
1560 2326 1818 2385 Anicetus
1871 2343 2006 2400 papa
2034 2371 2050 2397 ,

471 2411 665 2469 Victor
689 2430 849 2486 papa,
882 2415 1171 2473 Simetrius
1206 2419 1509 2491 presbyter,
1549 2420 1805 2477 Felicitas
1850 2437 1973 2477 cum
2020 2423 2050 2475 7

380 2538 387 2543 ε
464 2504 612 2572 ﬁliis,
658 2504 836 2562 Julius
870 2515 922 2562 et
952 2506 1256 2566 Antoninus
1280 2551 1295 2577 ,
1335 2509 1602 2567 Eusebius
1627 2521 1683 2567 et
1712 2512 2008 2569 Pontianus
2034 2553 2049 2579 ,

470 2599 799 2672 Peregrinus
822 2609 877 2657 et
906 2602 1260 2671 Vincentius;
1290 2604 1432 2675 apud
1464 2604 1746 2661 Sebastem
1776 2607 2050 2664 Armeniae

470 2692 701 2748 minoris
746 2693 818 2748 40
875 2702 1147 2765 martyres
1201 2695 1301 2751 sub
1346 2696 1599 2768 Agricola
1641 2695 1844 2766 judice.
1894 2698 2051 2770 Apud

471 2779 772 2851 Spoletum,
806 2782 1156 2839 Coneordius.
1189 2783 1345 2854 Apud
1388 2784 1701 2858 Smyrnam,
1725 2788 2054 2861 Polycarpus

471 2871 761 2944 episcopus
798 2873 1092 2946 discipulus
1114 2876 1290 2932 sancti
1317 2875 1599 2933 Johannis.
1622 2878 1756 2935 ltem
1777 2878 2053 2936 Germani-

472 2977 571 3019 eus
602 2972 659 3019 et
680 2963 921 3031 Pionius,
954 2966 1095 3035 apud
1124 2966 1439 3037 Apamiam,
1471 2966 1778 3026 Alexander
1803 2978 1858 3027 et
1886 2969 2052 3029 Gaius

467 3057 609 3127 apud
638 3055 855 3112 Cretam
886 3058 1103 3126 urbem,
1133 3058 1387 3127 Cortinze,
1424 3060 1703 3133 Philippus
1743 3063 2049 3135 episcopus,

471 3149 612 3219 apud
657 3148 983 3218 Pergamum
1012 3149 1157 3208 Asiae
1208 3152 1422 3220 urbem,
1468 3152 1680 3224 Carpus
1728 3155 2048 3226 episcopus,

2155 1965 2430 2021 Antheros
2465 1980 2602 2036 papa
2630 2005 2647 2031 ,
2689 1964 2947 2021 Potianus
2975 1980 3113 2036 papa
3133 2006 3149 2033 ,
3181 1964 3425 2021 Czesarea
3461 1964 3755 2022 Palestina}

2154 2058 2468 2132 Pamphilus
2492 2069 2547 2116 et
2575 2060 2842 2117 Maximus
2867 2060 3185 2133 presbyteri.

2224 2152 2382 2207 Anno
2409 2151 2705 2206 Dominica:
2753 2151 3141 2206 incarnationis
3173 2149 3283 2206 192
3318 2149 3619 2205 Gordianus
3647 2163 3744 2205 re—

2154 2243 2338 2313 gnavit
2385 2258 2557 2299 annos
2603 2258 2719 2299 sex.
2767 2242 3027 2315 Origenes
3072 2242 3125 2296 in
3161 2242 3407 2317 Caesarea
3454 2240 3744 2296 Palestinre

2155 2333 2493 2391 Theodorum
2504 2375 2517 2400 ,
2535 2342 2893 2405 cognomento
2907 2333 3247 2406 Gregorium.
3263 2342 3319 2389 et
3337 2332 3745 2388 Antenodorum

2152 2425 2351 2483 fratres
2386 2427 2567 2482 divina
2592 2426 2935 2497 philosophia
2966 2426 3179 2481 imbuit.

2158 2517 2162 2521 ’
2220 2515 2379 2572 Anno
2421 2516 2714 2572 Dominiete
2754 2516 3146 2572 incarnationis
3176 2515 3274 2572 l98
3303 2513 3579 2586 Philippus
3606 2529 3731 2570 cum

2150 2605 2264 2661 lilio
2283 2605 2532 2678 Philippo
2550 2606 2796 2676 regnavit
2819 2621 2990 2662 annos
3011 2622 3106 2662 sex
3126 2623 3141 2671 ;
3165 2607 3252 2662 hie
3277 2606 3483 2677 primus
3503 2605 3745 2661 omnium

2151 2694 2537 2765 imperatorum
2572 2693 2907 2750 christianus
2938 2693 3058 2749 fuit.
3496 2698 3503 2701 '

2219 2785 2377 2841 Anno
2418 2784 2709 2841 Dominicis
2744 2784 3136 2849 incarnationis
3169 2784 3276 2839 204
3318 2788 3514 2839 ἀθειυε
3544 2796 3739 2855 regna-

2150 2878 2229 2933 vit
2254 2893 2454 2933 annum
2495 2893 2697 2941 unum,
2738 2892 2955 2933 menses
2989 2885 3117 2933 tres.
3151 2875 3247 2931 His
3285 2874 3563 2931 mensibus
3608 2874 3747 2930 adde

2157 2966 2414 3023 Antonini
2439 2966 2520 3022 Pii
2550 2975 2680 3034 tres,
2709 2966 2875 3022 Marci
2901 2967 3157 3022 Antonini
3188 2981 3371 3028 unum,
3401 2964 3540 3021 Helii
3568 2964 3743 3020 Perti-

2151 3058 2301 3114 nacis
2321 3072 2441 3125 sex,
2464 3058 2525 3112 ﬁt
2544 3072 2741 3124 annus,
2763 3058 2854 3128 qui
2880 3058 2982 3113 hoc
3005 3056 3061 3113 in
3082 3056 3200 3114 loco
3220 3056 3473 3127 ponitur;
3500 3062 3747 3111 remanet

2154 3148 2353 3204 mensis
2402 3148 2427 3203 1
2464 3156 2522 3202 et
2549 3148 2665 3204 dies
2704 3147 2894 3219 viginti
2924 3157 3050 3204 octo
3074 3187 3092 3214 ,
3134 3161 3297 3218 supra
3337 3145 3526 3201 notati.
3574 3143 3745 3213 Hujus

470 3237 721 3309 Papirius
764 3238 1025 3297 diaconus
1071 3248 1127 3296 et
1175 3239 1420 3299 Justinus
1474 3243 1850 3313 philosophus,
1907 3242 2047 3313 apud
2076 3244 2121 3306 C
2155 3241 2486 3310 temporibus
2513 3240 2772 3312 martyrio
2800 3249 3129 3295 coronantur
3143 3237 3636 3305 Romae,.Fabianus
3656 3252 3745 3309 pa-

466 3328 790 3401 Lugdunum
821 3329 1041 3398 Galliae,
1071 3330 1336 3389 Hireneus
1363 3332 1647 3404 episcopus
1685 3349 1809 3389 cum
1842 3333 2042 3402 multis,

463 3420 691 3477 Fotinus
718 3423 1006 3493 episcopus
1038 3423 1279 3494 ejusdem
1309 3425 1461 3482 urbis
1512 3433 1569 3481 et
1613 3423 1875 3481 Blandina
1924 3439 2046 3481 cum

466 3512 591 3569 aliis
611 3508 704 3580 48,
732 3513 1028 3589 Epipodius
1057 3524 1111 3571 et
1133 3515 1474 3583 Alexander;
1504 3516 1560 3572 in
1592 3517 1751 3589 Syria
1779 3517 1967 3574 Victor
1995 3526 2051 3574 et

466 3604 701 3673 Cerona,
754 3588 1069 3664 Mediolanis
1117 3608 1368 3674 Faustus,
1414 3588 1692 3665 Cabillone
1742 3608 2048 3675 Marcellus,

471 3697 601 3752 item
656 3698 709 3752 in
762 3698 1037 3754 territorio
1084 3698 1466 3765 Cabillonensi,
1523 3699 1716 3757 Castro
1764 3698 2050 3756 Trenortio

472 3787 810 3852 Valerianus,
855 3787 1183 3844 Alexandria
1214 3789 1542 3845 Tholomeus
1569 3798 1625 3845 et
1649 3789 1867 3845 Lucius.

535 3878 693 3935 Anno
731 3881 1024 3936 Dominicae
1071 3881 1461 3938 incarnationis
1504 3882 1608 3938 141
1649 3881 1849 3938 Lucius
1884 3883 2051 3939 Anto-

471 3970 633 4027 uinus
655 3969 1003 4037 Commodus,
1028 3983 1153 4042 post
1174 3982 1404 4028 mortem
1435 3973 1609 4044 patris
1642 3973 1903 4028 Antonini
1926 3971 2051 4028 Veri

472 4064 723 4135 regnavit
750 4079 922 4121 annos
955 4064 1043 4120 l3.
1070 4063 1242 4136 Hujus
1273 4066 1606 4135 temporibus
1632 4064 1871 4121 nonnulli
1910 4065 2053 4136 passi

468 4164 598 4213 sunt
632 4170 769 4228 quos
824 4171 987 4227 supra
1028 4155 1356 4213 notavimus.
1398 4155 1505 4213 Sed
1552 4156 1752 4212 iccirco
1791 4156 1909 4212 haec
1944 4172 2051 4212 non

467 4260 567 4315 per
587 4246 841 4302 ordinem
862 4246 1029 4302 certis
1056 4246 1442 4316 imperatorum
1471 4245 1808 4317 temporibus
1823 4246 2053 4317 exprimi

468 4335 766 4405 potuimus,
799 4335 925 4406 quia
948 4336 1003 4390 in
1030 4335 1350 4405 quibusdam
1378 4336 1718 4405 passionibus
1744 4345 2057 4391 sanctorum

468 4440 629 4495 supra
658 4426 1087 4491 nominatorum,
1114 4426 1500 4497 imperatorum
1523 4426 1783 4483 vocabula
1814 4427 1887 4481 ita
1925 4440 2056 4481 con-

470 4516 591 4573 fuse
614 4518 791 4588 posita
829 4527 976 4586 sunt,
1016 4527 1077 4573 ut
1122 4534 1243 4574 cum
1274 4519 1420 4574 dicat
1457 4534 1572 4574 rem
1621 4519 1721 4575 sub
1772 4518 2052 4574 Antonino

2150 3346 2239 3403 pa,
2263 3331 2451 3388 X-istus
2471 3347 2629 3403 papa,
2652 3331 2995 3396 Laurentius,
3017 3331 3386 3387 Felieissimus
3408 3339 3465 3387 et
3482 3330 3754 3402 Agapitus

2151 3422 2384 3487 diaconi,
2406 3421 2562 3477 Abdo
2591 3428 2647 3476 et
2671 3420 2900 3486 Sennes,
2938 3419 3161 3492 [politus
3181 3429 3239 3475 et
3258 3418 3586 3483 Concordia,
3612 3418 3744 3473 Hie-

2153 3527 2348 3569 reneus
2374 3521 2428 3568 et
2454 3511 2773 3578 Habundus,
2798 3513 3082 3569 Cornelius
3112 3526 3274 3584 papa,
3298 3512 3541 3569 Victoria
3567 3512 3745 3582 virgo,

2152 3600 2399 3658 Miniates
2424 3642 2438 3667 ,
2489 3600 2776 3658 Antiochia
2823 3600 3062 3659 Bahillus
3091 3603 3416 3674 episcopus;
3459 3600 3751 3673 Apollonia

2148 3694 2369 3750 civitate
2397 3695 2624 3761 Leacus,
2656 3696 2846 3751 Tirsus
2880 3705 2938 3751 et
2969 3695 3317 3761 Gallinecus;
3373 3694 3749 3766 Hierosolyma

2152 3786 2459 3842 Alexander
2482 3788 2798 3858 episcopus;
2836 3788 3090 3844 Nazanzo
3115 3788 3367 3860 Trypho;
3403 3788 3456 3842 in
3486 3786 3745 3858 Egypto,

2153 3877 2374 3933 civitate
2408 3893 2529 3949 quae
2556 3876 2753 3933 dicitur
2781 3878 3040 3945 Thinius,
3088 3878 3305 3934 Phileas
3331 3878 3617 3949 episcOpus
3636 3918 3652 3942 ,
3689 3888 3747 3934 et

2153 3964 2497 4022 Philoronius
2544 3966 2807 4022 tribunus
2849 3982 2972 4023 cum
3026 3967 3146 4024 aliis
3178 3966 3395 4031 multis,
3424 3967 3478 4021 in
3525 3965 3744 4027 Sicilia,

2153 4054 2375 4111 civitate
2399 4056 2815 4122 Catanensium,
2835 4056 3048 4125 Agatha
3080 4057 3263 4128 virgo:
3299 4059 3350 4112 in
3376 4055 3624 4121 Perside,
3649 4055 3751 4111 Po-

2155 4142 2428 4201 locronius
2469 4143 2762 4202 Babiloniae
2800 4156 2857 4202 et
2896 4146 3213 4204 Ctesil‘ontis
3254 4148 3558 4220 episcopus,
3594 4146 3745 4218 Egeo

2155 4236 2494 4308 Pamphiliae,
2543 4236 2738 4295 Nestor
2773 4240 3060 4311 episcopus
3106 4241 3159 4296 in
3204 4239 3454 4296 Corduba
3502 4239 3747 4307 civitate,

2156 4326 2473 4385 Parmenius
2528 4331 2810 4402 presbyter
2849 4345 2972 4386 eum
3020 4330 3183 4386 sociis
3237 4331 3379 4401 apud
3431 4328 3747 4385 Circensem

2154 4422 2454 4491 Coloniam,
2476 4423 2748 4480 Marianus
2766 4433 2821 4480 et
2842 4424 3075 4481 Iacobus
3100 4424 3155 4480 in
3181 4423 3344 4496 Tyro;
3376 4422 3667 4478 Anatholia
3690 4431 3751 4478 et

2158 4513 2346 4569 Audax
2377 4514 2517 4585 apud
2553 4514 2816 4580 Africam,
2866 4514 3220 4573 Nemesianus
3249 4524 3304 4570 et
3329 4514 3504 4580 Felix,
3534 4513 3750 4585 Rogan-

471 4618 702 4679 gestam,
732 4609 1008 4681 ignoretur
1035 4617 1219 4665 utrum
1249 4610 1350 4666 sub
1378 4595 1476 4664 Pio
1500 4618 1595 4664 aut
1622 4609 1722 4665 sub
1749 4606 2045 4663 Commodo
2076 4598 2125 4659 D
2151 4605 2331 4661 tianus
2378 4607 2665 4678 presbyter
2699 4616 2755 4662 et
2781 4606 3153 4664 Felicissimus
3198 4621 3321 4663 cum
3374 4606 3559 4662 multis
3581 4605 3747 4672 aliis;

476 4708 657 4755 actum
688 4700 779 4766 sit,
817 4709 872 4755 et
912 4716 1041 4756 cum
1082 4701 1211 4757 dicit
1241 4700 1341 4757 sub
1373 4699 1562 4767 Lucio,
1601 4699 1914 4770 ambiguum
1957 4699 2050 4765 sit,

469 4797 654 4844 utrum
685 4789 787 4845 sub
819 4788 1043 4846 Aurelio
1064 4798 1159 4846 aut
1200 4791 1307 4847 sub
1335 4788 1635 4846 Commodo
1663 4796 1757 4843 aut
1801 4788 1901 4844 sub
1941 4787 2055 4842 An-

474 4880 662 4935 tonino
712 4889 921 4951 gestum
969 4882 1058 4937 sit.
1086 4881 1291 4936 Ferunt
1327 4888 1506 4935 tamen
1539 4878 1683 4950 quod
1720 4876 1880 4947 hujus
1918 4887 2055 4933 tem-

476 4971 698 5042 poribus
726 4971 992 5028 Ilirenens
1017 4973 1300 5044 episcopus
1324 4970 1707 5043 Lugdunensis
1743 4983 1934 5038 passus
1958 4969 2049 5023 sit.

542 5061 701 5117 Anno
718 5062 1014 5117 Dominicse
1052 5061 1440 5119 incarnationis
1467 5060 1567 5115 157
1596 5057 1779 5114 Helius
1803 5058 2055 5114 Pertinax

473 5164 667 5225 regnat
691 5169 906 5211 menses
935 5171 1049 5211 sex.

540 5247 701 5304 Anno
739 5248 1035 5304 Dominicae
1074 5246 1465 5302 incarnationis
1507 5245 1609 5300 l58
1656 5244 1890 5299 Severus
1924 5243 2055 5298 Per-

473 5339 625 5393 tinax
688 5332 937 5409 regnavit
989 5353 1160 5393 annos
1216 5332 1305 5392 17.
1366 5330 2057 5392 ΟιοιῐιθηεἈιεχθηίιιυίηίε

474 5427 720 5484 ecclesiae
753 5428 918 5484 Pater
942 5436 998 5482 et
1024 5427 1302 5482 Pantenus
1326 5424 1681 5496 philosophus
1720 5423 2049 5479 clarescunt.

474 5520 765 5577 Narcissus
818 5520 1309 5591 Hierosolymorum
1364 5517 1665 5588 episcopus,
1724 5515 2056 5586 Theophilus

2157 4696 2457 4753 Antiochiae
2482 4737 2498 4764 ,
2569 4698 2920 4769 Asclepiades
3005 4700 3333 4770 episcopus;
3404 4696 3753 4753 Alexandriae

2155 4788 2367 4859 Agatho
2412 4798 2467 4845 et
2511 4788 2813 4860 Seraphion
2840 4830 2856 4856 ,
2900 4790 3161 4846 Arsenius
3194 4799 3251 4846 et
3290 4789 3581 4845 Dioscorus
3619 4802 3749 4844 cum

2156 4879 2319 4935 sociis
2349 4881 2480 4935 suis.

2226 4971 2381 5027 Anno
2408 4971 2700 5027 Dominicaa
2727 4972 3120 5029 incarnationis
3145 4973 3252 5029 206
3275 4970 3459 5027 Gallus
3482 4987 3605 5026 cum
3637 4968 3746 5025 Vo-

2158 5062 2366 5119 lusiano
2389 5063 2498 5119 ﬁlio
2523 5063 2769 5133 regnavit
2789 5078 2962 5119 annos
2985 5064 3146 5129 duos,
3176 5076 3387 5118 menses
3400 5075 3454 5116 ιι.
3480 5061 3746 5132 Origenes

2156 5152 2346 5209 doctor
2376 5153 2604 5207 moritur
2629 5160 2683 5207 et
2714 5152 2765 5207 in
2793 5153 2938 5223 Tyro
2968 5153 3245 5224 sepelitur.

2225 5243 2384 5299 Anno
2430 5244 2725 5299 Dominicae
2774 5244 3166 5299 incarnationis
3212 5242 3317 5298 209
3347 5240 3594 5297 Valerius
3618 5256 3742 5296 cum

2153 5333 2377 5390 Galieuo
2402 5334 2647 5403 regnavit
2676 5348 2845 5388 annos
2869 5333 2955 5388 15.
2989 5334 3193 5390 Horum
3224 5331 3558 5402 temporibus
3581 5345 3743 5386 coro-

2159 5436 2358 5483 nantur
2381 5428 2566 5482 Romae
2595 5426 2903 5496 Stephanus
2941 5441 3102 5498 papa,
3134 5425 3369 5497 Eugenia
3402 5424 3577 5494 virgo,
3607 5423 3742 5477 lovi-

2160 5532 2262 5573 nus
2288 5526 2345 5571 et
2386 5516 2649 5580 Basileus,
2682 5516 2880 5571 Lucius
2920 5531 3087 5586 papa,
3137 5514 3367 5580 Basilla,
3417 5512 3651 5575 Ruﬁna,
3687 5520 3745 5567 et
