4010 6404
281 359 348 424 gr
969 337 978 345 ’
1429 355 1864 420 cunomcon.

1966 356 2062 410 λδ.
2105 357 2360 416 224-265.
3463 373 3549 438 23-

285 493 493 548 scoptts,
517 489 866 532 e.con.essor
897 455 1227 530 Friictuosus
1247 470 1556 544 episc0pus,
1584 473 1858 544 Augurius
1883 477 1936 534 A
1962 473 2042 530 cia
2092 487 2146 530 et
2191 475 2542 532 Geminianus
2565 519 2578 544 ,
2631 481 2850 554 Sergius
2878 493 2932 539 et
2968 485 3214 542 Bacchus
3239 530 3252 556 ,
3303 487 3542 564 (ςιυῪεο,

285 582 336 626 ct
363 569 618 640 Eulogius
644 567 878 622 diaconi.
917 565 1164 622 Caesarea
1205 563 1488 622 Palestina:
1533 566 1771 622 Marinus
1806 576 1860 620 et
1962 581 2156 635 genus,
2207 565 2532 624 Saturninus
2579 581 2632 624 et
2683 571 2971 644 Sisinnius,
3015 587 3246 647 quatuor
3274 563 3537 644 coronati,

287 664 558 718 Artemius
587 662 730 732 apud
763 661 998 718 Africam
1038 662 1336 726 civitatem,
1364 659 1622 716 Taburno
1668 660 1864 716 Lucer-
1945 649 2297 726 Theodorus,
2329 661 2644 730 Pontianus,
2671 665 3025 726 Prin-testatus
3048 682 3104 727 et
3130 673 3368 740 Thraso;
3401 667 3558 745 apud

289 756 476 819 uariae,
507 755 702 816 Maxia,
736 753 1027 816 Donatilla,
1053 763 1109 810 et
1141 753 1388 808 Secunda
1415 755 1586 824 virgo.
1623 753 1680 808 In
1710 755 1866 808 terri-
1967 747 2244 820 Spoletum
2283 751 2575 824 Gregorius
2619 759 2918 830 presbyter,
2963 761 3195 818 Sabinus
3239 765 3544 836 episcopus,

289 847 428 901 torio
451 845 804 910 Cauallitano,
825 846 944 900 vico
967 843 1538 910 lllitancnsi,Privatus
1561 845 1861 915 episcopus;
1969 841 2393 912 Exsuperantius
2429 855 2484 900 et
2537 845 2820 904 Marcellus
2857 849 3108 918 diaconi,
3155 854 3296 924 apud
3341 854 3548 910 insulas

287 939 604 994 Theodorus
623 937 1279 1010 cognomentoGregorius
1294 936 1691 994 Neo-Caesarea:
1710 936 1868 993 Ponti
1968 934 2274 990 Parmarias
2290 936 2594 1004 Anastasia,
2617 939 2914 996 Antiochiae
2932 941 3177 999 Julianus
3197 953 3250 999 et
3269 944 3546 1002 Basilissa.

287 1032 572 1100 epiSCOpns
601 1029 856 1083 virtutum
885 1028 1052 1098 gloria
1081 1027 1270 1082 claret.
1993 1043 2026 1080 n
2065 1025 2354 1096 Hispaniis,
2381 1027 2601 1084 civitate
2624 1029 3060 1102 Caesaraugusta,
3089 1033 3406 1089 Vincentius
3435 1035 3550 1090 dia—
3602 1086 3608 1096 ,

355 1123 516 1177 Anno
541 1120 1242 1176 Dominica:incarnationis
1268 1119 1372 1173 224
1395 1118 1645 1174 Claudius
1671 1133 1872 1174 annum
1972 1132 2159 1174 conus.
2214 1119 2270 1173 In
2315 1117 2615 1176 Barcinona
2657 1121 2862 1177 Eulalia
2895 1124 3061 1192 virgo,
3103 1123 3356 1180 Cucufas.
3394 1125 3548 1195 Apud
3599 1109 3610 1182 ἶ

285 1231 478 1280 unum,
510 1229 724 1268 menses
746 1213 818 1279 9;
851 1214 932 1268 his
959 1213 1094 1268 adde
1115 1223 1348 1282 quatuor
1369 1211 1668 1277 Volusiani,
1699 1211 1758 1266 ﬁt
1778 1227 1874 1266 an-
1973 1207 2277 1263 Gerundam
2311 1209 2480 1263 Felix.
2505 1209 2560 1263 In
2615 1209 2868 1267 Cucnmis
2918 1213 3126 1266 Juliana
3175 1213 3344 1284 virgo.
3394 1215 3550 1283 Apud
3613 1249 3618 1254 -

287 1322 415 1372 nus,
443 1307 534 1376 qui
565 1307 652 1362 hic
690 1306 1098 1370 adnumeratur,
1133 1316 1376 1360 remanet
1405 1306 1608 1361 mensis
1635 1305 1874 1374 LHujus
1975 1301 2174 1376 Tyrum
2223 1303 2530 1374 Tyrannio,
2563 1305 2808 1360 Silvanus
2831 1346 2845 1370 ,
2891 1306 3148 1362 Peneleus
3170 1347 3185 1371 ,
3232 1315 3392 1376 atque
3442 1307 3555 1376 epi-
3621 1299 3639 1336 ‘

285 1399 624 1468 temporibus
651 1397 795 1467 passi
826 1404 951 1451 sunt
992 1397 1178 1452 Romae
1219 1397 1368 1451 Felix
1407 1413 1559 1467 papa,
1598 1397 1797 1452 Marius
1821 1405 1876 1452 et
1975 1395 2122 1463 scopi
2173 1410 2295 1450 cum
2349 1395 2629 1450 innumera
2683 1396 3040 1450 multitudine.
3103 1395 3259 1467 Apud
3297 1395 3555 1452 Sirmium

285 1488 506 1546 Martha
542 1487 734 1556 coniux
759 1487 876 1555 ejus
907 1503 1028 1542 cum
1055 1488 1198 1551 liliis,
1223 1487 1292 1540 47
1325 1488 1546 1554 milites,
1583 1489 1672 1559 qui
1701 1488 1876 1558 bapti-
1979 1487 2221 1542 Sirenus.
2269 1487 2578 1542 Nicomedia
2631 1486 2826 1542 Petrus
2872 1497 2926 1542 et
2967 1488 3236 1542 anianus
3280 1488 3562 1560 presbyter

283 1581 397 1635 zati
429 1589 557 1635 sunt
581 1598 610 1636 a
635 1581 894 1652 Dionysio
925 1595 1084 1650 papa.
1116 1581 1314 1652 Cyrilla
1341 1580 1518 1651 virgo,
1544 1581 1596 1634 in
1627 1579 1878 1636 Tcrraci-
1977 1577 2304 1634 Antiocenus
2338 1619 2353 1643 ,
2431 1578 2722 1634 Anthimus
2799 1577 3080 1648 episcopus
3113 1617 3127 1643 ,
3181 1577 3512 1631 Panthaleon
3540 1620 3556 1644 ,

283 1686 360 1724 na
383 1669 692 1740 Campania:
716 1670 956 1735 civitate,
979 1669 1132 1724 Felix
1153 1671 1451 1742 presbyter,
1479 1677 1532 1726 et
1554 1669 1838 1726 Eusebius.
1977 1665 2251 1727 Iohannes
2321 1670 2590 1726 Adrianus
2615 1711 2632 1738 ,
2705 1669 3008 1725 Dorothcus
3092 1679 3148 1724 et
3215 1668 3518 1740 Gorgonius
3548 1709 3563 1733 ,

361 1764 520 1818 Anno
601 1762 897 1818 Dominica:
949 1761 1338 1817 incarnationis
1397 1761 1502 1816 226
1551 1761 1878 1817 Aurelianus
1983 1761 2340 1817 Eleutherius.
2383 1759 2668 1831 Smyrnai,
2716 1761 2978 1818 Hierenus
3017 1761 3318 1831 episcopus.
3367 1759 3424 1814 In
3461 1759 3563 1814 Pa-

289 1855 548 1924 regnavit
573 1868 744 1908 annos
771 1853 826 1918 5,
855 1867 1070 1906 menses
1098 1851 1150 1906 6.
1178 1850 1348 1921 Hujus
1375 1850 1705 1922 temporibus
1732 1851 1878 1922 passi
1907 1845 1956 1904 Β
1983 1849 2177 1906 lestina
2224 1851 2442 1906 civitate
2485 1851 2630 1907 Gaza
2667 1849 2930 1923 Sylvanus
2949 1893 2964 1916 ,
3013 1850 3326 1906 Mcdiolanis
3354 1849 3564 1906 Victor.

281 1952 414 1998 sunt
439 1942 626 1998 Romae
651 1943 1020 2014 Eutychianus
1067 1957 1228 2011 papa,
1255 1942 1560 2008 Theodora,
1595 1942 1878 2009 Basilides,
1980 1940 2133 2010 Apud
2184 1939 2452 2012 Illyricum
2481 1941 2700 1996 civitate
2731 1940 2902 2004 Siseia
2943 1940 3202 2007 Quirinus
3241 1941 3566 2016 episcopus;

285 2032 508 2100 Tripos,
541 2039 592 2086 ct
624 2029 1170 2102 Mandalia,Linguiri
1201 2031 1372 2087 sancti
1401 2031 1646 2098 Gemini;
1677 2031 1882 2088 Loonio
1981 2031 2122 2102 apud
2169 2032 2438 2089 Tharsum
2489 2033 2825 2098 Bonifacius;
2875 2032 3017 2103 apud
3063 2031 3364 2102 Aquileiam
3412 2031 3564 2086 Felix

285 2121 1029 2187 CivitateConon;C;esarea
1052 2120 1407 2192 Cappadocia:
1430 2123 1714 2186 Mammes,
1739 2123 1880 2193 apud
1981 2131 2036 2176 et
2082 2121 2457 2188 Fortunatus;
2506 2125 2646 2194 apud
2703 2119 2944 2178 Ciliciam
2997 2121 3151 2178 Vitus
3193 2129 3246 2176 et
3297 2119 3572 2177 Modestus

285 2213 682 2269 Praenestinam
729 2212 918 2266 urbem
955 2211 1252 2281 Agapitus;
1318 2210 1372 2266 in
1423 2213 1644 2268 civitate
1683 2213 1882 2268 Salona
1983 2229 2104 2268 cum
2135 2213 2468 2282 Crescentia,
2497 2214 2660 2269 Lucia
2691 2215 2860 2286 virgo,
2894 2214 2946 2268 in
2979 2214 3274 2276 Britannia,
3305 2211 3567 2278 Albanus,

285 2306 654 2370 Anastasius;
688 2305 828 2373 apud
861 2303 1304 2374 Augustodunum
1334 2303 1788 2375 Symphorianus;
1829 2302 1883 2358 in
1987 2305 2124 2376 apud
2182 2304 2478 2360 Massiliam
2523 2305 2724 2370 Victor,
2777 2303 2918 2375 apud
2959 2305 3254 2375 Augustam
3297 2302 3423 2358 Afra
3447 2345 3461 2369 ,
3513 2304 3568 2358 in

289 2398 574 2453 territorio
600 2396 924 2460 Vivarieusi,
969 2395 1086 2450 loco
1109 2395 1198 2464 qui
1229 2396 1425 2450 dicitur
1454 2395 1736 2462 Gentibus,
1767 2396 1880 2450 An-
1987 2395 2180 2450 llhctia
2221 2395 2516 2465 provincia,
2561 2393 2725 2450 Nicea
2757 2393 3006 2449 Bithiniae
3029 2394 3312 2449 Theodora
3353 2409 3476 2448 cum
3513 2393 3576 2446 li—

289 2487 488 2542 deolus
535 2485 916 2550 subdiaconus,
959 2485 1270 2540 Andochius
1322 2487 1627 2556 presbyter,
1659 2485 1886 2538 Thirsus
1986 2485 2162 2551 liis;in
2184 2485 2474 2556 Hispaniis,
2492 2486 2709 2540 civitate
2731 2484 3291 2554 ComplutoJustinus
3310 2483 3573 2538 etPastor

289 2578 585 2643 diaconus,
613 2587 666 2632 et
697 2576 868 2642 Felix,
897 2577 950 2630 in
982 2585 1166 2632 castro
1211 2575 1434 2632 Divione
1462 2577 1734 2644 Benignus
1763 2591 1884 2648 pre-
1989 2579 2214 2644 fratres;
2245 2577 2298 2632 in
2321 2576 2500 2632 Sicilia
2524 2576 2742 2632 civitate
2760 2575 3259 2646 CatcnumEup-lius
3282 2575 3573 2640 diaconus;

291 2671 508 2741 sbytcr.
1989 2669 2129 2740 apud
2159 2670 2345 2724 urbem
2393 2667 2554 2722 ltalite
2595 2667 2870 2737 Pergamis
2897 2667 3220 2732 Alexander,
3253 2668 3306 2721 in
3355 2666 3588 2722 civitate-

368 2763 534 2816 Anno
563 2761 854 2816 Dominicae
893 2761 1280 2816 incarnationis
1314 2761 1422 2815 252
1449 2761 1670 2817 Tacitus
1699 2776 1888 2832 regna-
1986 2764 2280 2820 Calcidona
2323 2762 2638 2834 Euphemia.
2687 2761 2744 2816 In
2775 2760 2994 2832 Neapoli
3029 2760 3338 2830 Campanite
3378 2759 3580 2815 Janua-

296 2856 378 2908 vit
401 2869 616 2908 menses
638 2853 702 2919 6;
737 2854 874 2910 adde
901 2855 932 2908 6
957 2853 1251 2916 Aureliani,
1281 2853 1340 2908 lit
1365 2869 1560 2910 anuus.
1585 2853 1890 2908 Remanent
1992 2856 2106 2910 rius
2134 2856 2440 2927 cpiscopus,
2471 2855 2901 2920 Beneventanus,
2931 2853 3118 2910 Sosius
3147 2853 3373 2918 diaconi;
3417 2852 3584 2909 Mese-

297 2946 372 3001 88
403 2946 522 3000 dies
571 2945 830 3010 Floriani,
881 2945 968 3001 his
995 2945 1260 3016 coniunge
1290 2945 1361 3002 28
1403 2947 1540 3013 dies,
1585 2946 1676 3016 qui
1727 2961 1889 3016 supra
1993 2955 2118 3000 nate
2149 2945 2366 3000 civitate
2417 2945 2650 3000 Faustus
2705 2953 2760 2998 et
2805 2943 3147 3015 Desyderius.
3197 2943 3254 2999 In
3307 2943 3584 3000 Palestina

299 3044 706 3102 remanserunt,
757 3035 895 3091 ﬁunt
925 3036 1045 3101 108,
1074 3037 1128 3092 id
1157 3044 1240 3092 est
1270 3052 1482 3092 menses
1508 3038 1542 3092 5
1579 3047 1634 3092 et
1659 3037 1726 3092 18
1753 3038 1886 3094 dies.
1991 3035 2184 3092 Peleus
2203 3035 2422 3091 etNilus
2437 3035 2698 3106 episc0pi;
2722 3035 2774 3088 in
2790 3035 2985 3104 Cyzico
3001 3033 3200 3090 Fausta
3222 3042 3278 3090 et
3293 3035 3582 3102 Evilasius,

299 3127 462 3180 Adde
500 3127 632 3182 duos
680 3126 978 3196 superﬂuos
1024 3141 1271 3192 menses,
1318 3126 1522 3180 faciunt
1559 3141 1771 3183 menses
1816 3127 1889 3194 5,
1995 3129 2239 3198 Agauno,
2272 3125 2563 3180 Mauricius
2586 3141 2708 3180 cum
2733 3125 2928 3189 sociis;
2959 3125 3258 3180 Antiochia:
3282 3124 3584 3194 Cyprianus

299 3217 426 3272 dies
455 3217 542 3272 18.
567 3216 884 3273 Anatholius
902 3215 1183 3272 Laodiceae
1210 3216 1380 3288 Syriae
1404 3217 1690 3288 cpiscopus
1718 3217 1894 3274 clarus
1925 3205 1968 3265 C
2000 3217 2287 3288 episcopus
2305 3231 2426 3272 cum
2453 3213 2698 3281 Iustina;
2725 3216 2864 3286 apud
2887 3203 3114 3286 ngeam
3137 3216 3432 3281 civitatem,
3449 3215 3580 3272 Cos-

304 3309 564 3364 habetur.
2003 3323 2121 3362 mas
2148 3317 2202 3362 et
2229 3307 2559 3372 Damianus;
2593 3307 2644 3360 in
2672 3305 2882 3370 Galliis,
2912 3315 3093 3362 castro
3126 3305 3407 3370 Solodoro,
3439 3305 3582 3376 quod

375 3399 542 3452 Anno
573 3399 864 3453 Dominicae
913 3397 1302 3454 incarnationis
1331 3398 1438 3452 2'53
1467 3397 1677 3453 Probus
1713 3407 1901 3468 regnat
2002 3409 2086 3456 est
2119 3415 2282 3470 super
2311 3399 2533 3454 Arolam
2575 3399 2828 3466 ﬂuvium,
2864 3399 3086 3466 Victor;
3129 3400 3268 3469 apud
3306 3399 3586 3455 Coloniam

303 3504 487 3543 annos
514 3489 569 3554 6,
598 3503 813 3544 menses
846 3488 900 3543 4.
949 3489 1046 3544 llis
1074 3491 1208 3544 adde
1257 3489 1290 3544 6
1329 3487 1522 3554 Taciti,
1553 3495 1609 3544 ct
1647 3489 1680 3546 5
1715 3505 1902 3560 supra-
2003 3493 2356 3564 Agrippinam
2387 3493 2598 3549 Gcreon
2621 3509 2744 3548 cum
2767 3494 2929 3548 sociis
2955 3511 2968 3558 ;
2997 3494 3137 3564 apud
3161 3493 3388 3548 Tarsum
3419 3493 3589 3547 Tara-

307 3582 572 3651 scriptos,
603 3581 880 3662 ﬁtannus,
913 3589 1193 3637 remanent
1221 3571 1516 3637 5'menses.
1973 3613 1975 3616 έ
2003 3601 2121 3650 cus,
2147 3585 2354 3640 Probus
2373 3584 2828 3650 et‘Andronicus;
2863 3585 2916 3638 in
2950 3583 3178 3638 Venusia
3205 3583 3424 3638 civitate
3444 3581 3594 3654 Apu-

379 3675 542 3728 Anno
587 3673 878 3728 Dominicte
908 3673 1297 3731 incarnationis
1329 3674 1435 3730 240
1469 3674 1642 3730 Carus
1673 3691 1796 3730 cum
1836 3675 1900 3728 [ἰ-
2006 3675 2112 3742 lia},
2143 3677 2292 3732 Felix
2336 3676 2646 3746 cpiscopus,
2693 3675 2882 3731 Audax
2921 3683 2978 3729 et
3016 3673 3309 3730 Januarius
3365 3675 3590 3745 presby-

311 3765 406 3820 liis
437 3765 638 3820 Carino
687 3774 743 3818 et
769 3764 1098 3820 Numeriano
1144 3767 1388 3836 regnavit
1422 3781 1591 3821 annos
1617 3766 1673 3819 2.
1701 3765 1902 3820 Horum
2009 3771 2140 3836 teri;
2177 3768 2486 3824 Sucssiouis
2517 3769 2736 3824 civitate
2767 3767 3049 3838 Crispinus
3084 3776 3138 3822 et
3172 3765 3586 3836 Crispinianus;

309 3856 652 3926 temporibus
675 3865 1007 3912 coronantur
1027 3855 1212 3912 Romae
1235 3855 1610 3930 Chrysanthus
1638 3867 1692 3912 et
1720 3857 1902 3922 Daria,
2009 3861 2149 3930 apud
2193 3859 2447 3916 Sidonem
2500 3859 2770 3915 Cenobius
2827 3861 3150 3930 presbyter;
3213 3861 3267 3913 in
3315 3858 3588 3930 territorio

307 3925 574 4002 Claudius
604 3957 656 4002 et
687 3947 892 4002 Hilaria
943 3963 1080 4002 uxor
1107 3948 1224 4018 ejus
1248 3987 1266 4016 ,
1293 3925 1417 4004 cum
1469 3947 1594 4004 liliis
1624 3947 1822 4004 Jasonc
1851 3959 1907 4006 et
2006 3925 2278 4020 Aganensi
2312 3950 2581 4016 Tiberius,
2610 3925 2885 4006 Modestus
2917 3957 2974 4005 et
2993 3925 3314 4005 Florentina
3341 3966 3355 4014 ;
3385 3949 3436 4002 in
3475 3925 3594 4003 8ἕί-

311 4037 530 4102 Mauro,
568 4047 622 4092 ct
647 4039 714 4092 70
749 4038 968 4093 milites.
1493 4109 1504 4116 ‘
2009 4043 2122 4098 thia
2167 4043 2450 4114 metmpoli
2495 4042 2676 4113 Frigia
2729 4042 2940 4097 Salaria
2987 4041 3240 4108 Mennas;
3295 4039 3592 4094 Antiochia

385 4131 546 4184 Anno
597 4129 887 4183 Dominica:
937 4129 1324 4184 incarnationis
1375 4129 1482 4184 242
1535 4129 1905 4186 Diocletianus
2008 4133 2306 4200 Romanus,
2334 4132 2662 4187 Alexandria
2700 4131 2900 4204 Petrus
2942 4133 3259 4203 episcopus;
3301 4131 3354 4185 in
3385 4128 3586 4184 Aﬂ‘rica

311 4234 442 4276 cum
467 4218 798 4273 Maximiano
820 4217 1294 4284 etConstantio,et
1312 4227 1432 4288 post
1455 4229 1680 4274 mortem
1702 4220 1909 4276 Diocle-
2011 4225 2230 4280 civitate
2267 4223 2490 4278 Colonia
2517 4224 2688 4294 virgo.
2736 4222 2793 4276 In
2842 4223 3037 4276 Tuscia
3065 4223 3300 4276 Barbara
3328 4220 3500 4294 virgo.
3533 4219 3592 4274 In

313 4311 476 4376 tiani,
501 4307 858 4366 Maximianus
878 4327 998 4364 cum
1024 4310 1250 4376 Severo,
1271 4310 1487 4366 Galerio
1510 4320 1564 4366 ct
1585 4310 1910 4368 Maximiano
1977 4336 1990 4348 -
2012 4315 2264 4385 Hispanis
2291 4313 2589 4380 Leocadia;
2612 4293 2864 4372 Emerita
2901 4311 3120 4367 civitate
3142 4310 3350 4366 Eulalia
3372 4293 3425 4366 et
3449 4308 3606 4365 Julia--

313 4420 493 4460 annos
519 4405 612 4458 20.
665 4403 868 4458 Horum
915 4402 1244 4472 temporibus
1281 4403 1546 4474 martyrio
1575 4413 1908 4458 coronantur
2011 4405 2270 4474 virgines.

317 4498 512 4550 Romae
558 4494 723 4550 Gaius
765 4509 939 4564 papa,
989 4493 1248 4564 Cyriacns
1284 4494 1566 4558 diaconus,
1598 4493 1807 4565 Largus
1853 4504 1908 4549 et
2087 4495 2266 4566 [Anno
2309 4493 2601 4548 Dominicae
2649 4491 3038 4548 incarnationis
3076 4491 3201 4545 245.
3231 4489 3401 4562 Hujus
3449 4489 3596 4545 Con-

318 4585 674 4656 Smaragdus,
703 4584 1060 4655 Apronianus,
1086 4583 1280 4652 Papias
1305 4593 1360 4638 et
1379 4583 1618 4650 Maurus,
1648 4577 1905 4640 Claudius
1931 4571 1986 4630 Ι)
2013 4587 2198 4644 stantii
2241 4585 2590 4656 temporibus,
2637 4599 2768 4654 pace
2797 4583 3042 4639 ecclesiis
3093 4583 3326 4648 reddita,
3355 4581 3594 4652 episcopi

317 4689 380 4736 et
395 4678 736 4749 Pmpedigna
757 4693 877 4732 cum
901 4675 1322 4742 ﬁliis,Gabinius
1341 4676 1642 4749 presbyter,
1659 4675 1912 4732 Castulus
2013 4677 2238 4747 privatis
2267 4673 2482 4731 sedibus
2505 4673 2883 4738 restituuntur,
2905 4681 2960 4727 et
2990 4671 3094 4726 alia
3114 4671 3266 4742 plura
3283 4670 3618 4725 christiana}

319 4767 998 4833 Pancratius,Arthemius
1011 4781 1132 4820 cum
1151 4775 1382 4822 uxoreet
1397 4767 1523 4834 lilia,
1542 4767 1906 4832 Sebastianus,
2013 4767 2258 4838 religioni
2287 4765 2566 4837 profutura
2588 4765 2870 4819 ceduntur.
2899 4763 3044 4818 Inter
3073 4777 3194 4832 qua-3
3219 4762 3381 4816 etiatn
3411 4775 3600 4817 coeno-

323 4858 1910 4929 MarcusetMarcellianus,Marcellinuspresbyter,Petrus
2015 4861 2164 4916 bium
2217 4873 2496 4914 servorum
2539 4857 2634 4918 Dei
2683 4857 2906 4910 Treveri
2959 4855 3264 4919 inchoatur,
3321 4854 3408 4910 cui
3459 4867 3600 4924 prte-

323 4953 619 5014 exorcista,
648 4949 1071 5020 Tranquillinus,
1095 4947 1454 5014 Nicostratus,
1476 4949 1582 5004 Zoe
1611 4964 1745 5004 uxor
1768 4937 1907 5020 ejus,
2017 4952 2202 5022 scripti
2229 4949 2484 5021 principis
2505 4963 2752 5012 assensu,
2779 4947 2918 5002 inter
2945 4948 3226 5018 contiguos
3247 4946 3365 5002 urbi
3391 4962 3595 5012 muros,

325 5047 544 5102 Primus
564 5055 620 5102 et
639 5045 964 5110 Felicianus,
987 5043 1262 5110 Claudius,
1281 5044 1557 5100 Castorius
1581 5043 1912 5108 Victorinus,
2019 5041 2296 5096 Johanncs
2325 5039 2512 5104 abbas,
2559 5037 2708 5092 mira:
2747 5037 3055 5092 sanctitatis
3091 5037 3194 5100 vir,
3245 5035 3397 5091 initia
3429 5033 3597 5088 dedit.

329 5136 781 5208 Symphorianus,
819 5135 1126 5199 Basiliscus,
1157 5135 1470 5202 Faustinus,
1509 5135 1816 5206 Simplicius
1861 5145 1917 5190 et
2017 5134 2182 5206 Cujus
2209 5132 2442 5189 cmnobii
2470 5131 2660 5186 beatus
2689 5131 3022 5200 Augustinus
3047 5130 3100 5184 in
3131 5129 3268 5184 libro
3291 5126 3600 5183 Confessio-

327 5228 584 5294 Beatrix,
615 5228 891 5284 Tiburtius
939 5227 1078 5282 ﬁlius
1116 5226 1432 5292 Chromatii,
1467 5225 1712 5282 Susanna
1739 5225 1912 5296 virgo,
2019 5241 2146 5280 num
2171 5224 2497 5278 mentionem
2527 5219 2676 5293 fecit]
2715 5219 2846 5290 (11).

330 5319 628 5386 Iohannes,
651 5319 892 5390 Crispus,
916 5317 1200 5384 Genesius,
1229 5317 1380 5372 Felix
1407 5317 1776 5384 etAdauctus,
1809 5317 1914 5372 Lu-
2089 5315 2244 5370 Anno
2267 5313 2560 5370 Dominicae
2598 5311 2989 5366 incarnationis
3036 5309 3142 5365 265
3175 5308 3288 5384 (l2)
3329 5308 3616 5365 Constan-~

1819 5477 2049 5536 ΝΟΤᾹΣ.

409 5597 520 5663 (-l-ll
559 5597 764 5653 Desunt
795 5602 848 5652 in
877 5597 1041 5652 Codd.
1083 5599 1132 5664 1,
1169 5597 1229 5662 2,
1260 5598 1314 5662 3,
1355 5595 1408 5662 6,
1433 5595 1616 5652 forsan
1656 5607 1712 5652 et
1737 5597 1790 5652 in
1821 5613 1910 5655 re-
2022 5605 2075 5659 id
2113 5609 2196 5658 est
2224 5598 2607 5671 quaterniones
2639 5604 2771 5660 tres,
2794 5591 3169 5650 desiderantur
3191 5587 3242 5642 in
3266 5585 3451 5642 codice
3469 5581 3612 5638 olim

339 5689 516 5757 liquis.
2018 5698 2050 5748 ἒ·
2067 5711 2368 5764 rl’smgcrtnr.
3067 5685 3070 5688 Ι

413 5779 522 5848 (12)
565 5777 764 5836 Omnia
805 5777 926 5834 inde
955 5777 1023 5834 ab
1057 5793 1198 5834 anno
1232 5777 1338 5834 263
1366 5795 1534 5850 usque
1571 5779 1638 5836 ad
1683 5795 1732 5834 a.
1764 5781 1867 5834 716
1895 5819 1910 5846 ,
