3958 5460
425 423 504 493 23’
1457 426 1827 487 REGINONIS
1864 423 2277 483 PRUMIENSIS
2314 423 2608 483 ABBATIS
3612 422 3685 479 ss

425 528 614 637 ιῖιιιιιι
622 506 931 603 Constantii
963 560 1032 602 ex
1053 543 1358 602 concubina
1387 541 1591 599 Helena
1618 542 1780 610 ﬁlius,
1811 548 2001 623 regnat
2029 548 2076 606 Α
2106 540 2226 597 ﬁliis
2257 550 2447 613 regnat
2472 556 2643 598 annos
2664 539 2721 597 4.
2754 540 2933 598 Hunni
2961 542 3170 600 Gothos
3196 543 3431 616 propriis
3459 542 3681 601 sedibus

419 632 605 695 annos
619 637 838 709 triginta
867 651 1081 693 menses
1112 635 1334 701 decem;
1367 633 1454 689 his
1480 632 1621 689 adde
1650 641 1761 688 tres
1786 647 2005 689 menses

316 760 319 763 ν
419 731 516 802 qui
558 744 721 800 supra
777 736 1159 785 remanserunt
1203 726 1266 782 ﬁt
1316 740 1514 793 annus,
1564 732 1811 781 remanet
1861 739 2002 781 unus

398 818 644 875 mensis.
675 816 938 874 Silvester
980 832 1119 889 papa
1160 816 1341 872 clarus
1377 815 1629 881 habetur,
1653 814 1810 884 cujus
1842 813 1999 869 indu-

419 910 558 965 stria
589 909 825 981 synodus
853 907 1265 979 praeclarissima
1294 914 1406 962 toto
1433 906 1565 962 orbe
1599 913 1865 961 terrarum
1895 904 1999 959 518

417 998 644 1054 Patrum
679 998 819 1070 apud
860 996 1079 1053 Niceam
1109 997 1297 1053 urbem
1334 994 1663 1051 celebratur.
1706 992 1852 1049 Crux
1892 991 1999 1048 Do-

415 1089 551 1146 mini
579 1089 748 1145 nostri
771 1086 902 1147 Iesu
931 1086 1135 1144 Christi
1178 1101 1208 1141 a
1229 1083 1365 1141 Iuda
1391 1084 1685 1140 invenitur.
1718 1082 1826 1139 Sed
1854 1090 1915 1137 ut
1939 1081 1995 1136 in

411 1182 579 1252 gestis
624 1181 944 1252 pontilicum
984 1180 1353 1236 Romanorum
1395 1176 1650 1250 legimus,
1701 1177 1801 1233 sub
1854 1175 1994 1231 Con-

410 1275 615 1330 stantio
637 1282 792 1345 patre
820 1272 1196 1339 Constantini,
1226 1280 1282 1329 et
1324 1271 1559 1328 Eusebio
1600 1270 1855 1343 pontiﬁce
1884 1269 1996 1325 Ro-

410 1378 601 1431 mano,
628 1364 817 1419 eadem
854 1378 986 1419 crux
1013 1363 1227 1419 Domini
1263 1363 1481 1418 inventa
1504 1368 1608 1417 est.
1647 1360 1782 1416 Nam
1811 1360 1885 1416 ibi
1916 1360 1990 1415 ita

406 1454 646 1526 legitur:
672 1454 773 1510 sub
817 1452 978 1522 hujus
1018 1452 1371 1522 temporibus,
1403 1452 1457 1507 id
1496 1460 1581 1507 est
1621 1450 1859 1517 Eusebii,
1905 1450 1991 1505 in-

404 1553 568 1601 venta
595 1553 678 1601 est
710 1559 842 1600 crux
869 1543 1091 1606 Christi,
1120 1542 1153 1598 5
1204 1541 1388 1598 Nonas
1432 1540 1578 1608 Maii,
1608 1549 1664 1598 et
1689 1539 1991 1612 baptizatus

404 1645 492 1693 est
510 1634 698 1704 Iudas,
732 1636 823 1707 qui
845 1645 901 1692 et
926 1634 1230 1704 Quiriacus.

474 1728 633 1784 Anno
701 1728 993 1785 Dominiete
1051 1720 1439 1783 incarnationis
1486 1725 1593 1782 295
1638 1724 1984 1782 Constantius

401 1832 527 1874 cum
565 1816 923 1874 Constantino
959 1824 1014 1872 et
1038 1815 1334 1873 Constante
1368 1814 1663 1881 fratribus,
1699 1829 1871 1871 annos
1895 1813 1982 1878 27,

2104 630 2326 704 pellunt.
2356 630 2517 688 Gothi
2544 631 2829 689 Thraciam
2855 632 3265 705 depopulantur.

2171 723 2330 778 Anno
2356 721 2648 778 Dominica:
2694 722 3086 780 incarnationis
3110 724 3216 781 552
3242 724 3530 782 Gratianus
3553 740 3681 781 cum

2102 810 2269 868 fratre
2298 812 2676 884 Valentiniano
2711 814 2956 883 regnavit
2983 830 3154 872 annos
3189 816 3244 874 6.
3277 817 3614 873 Theodosius
3643 834 3677 872 a

2100 900 2359 959 Gratiano
2406 902 2701 973 imperator
2741 910 2978 960 creatur.
3010 904 3261 976 Synodus
3309 906 3411 961 {50
3452 906 3678 961 Patrum

2099 1000 2458 1064 congregatur
2483 994 2618 1050 urbe
2652 993 2896 1065 Angusta
2923 995 3025 1051 sub
3053 995 3289 1053 Damaso
3305 1013 3460 1068 papa.
3493 997 3677 1053 Theo-

2097 1082 2283 1140 dosius
2328 1082 2619 1140 Arcadium
2677 1084 3207 1165 ﬁlium'consortem
3257 1086 3467 1158 imperii
3521 1087 3670 1144 facit.

2097 1173 2361 1232 Maximus
2431 1175 2486 1231 in
2546 1174 2878 1232 Britanniam
2932 1176 3226 1247 imperator
3291 1185 3544 1244 creatur,
3617 1178 3674 1232 in

2095 1265 2321 1322 Galliam
2398 1268 2537 1338 apud
2608 1267 2926 1338 Lugdunum
2994 1266 3309 1323 Gratianum
3372 1268 3677 1340 Augustum

2095 1356 2386 1425 interfecit,
2418 1360 2641 1414 fratrem
2667 1357 2786 1429 ejus
2810 1357 3409 1415 Valentinianumltalia
3444 1359 3672 1430 expulit.

2094 1447 2356 1505 Martinus
2409 1449 2775 1506 Turonorum'
2813 1449 3099 1520 episcopus
3166 1451 3429 1506 virtutum
3501 1452 3674 1524 gloria

2092 1541 2280 1614 fulget.
2327 1538 2687 1616 Hieronymus
2733 1558 2902 1599 sacra:
2963 1541 3247 1614 scripturae
3295 1542 3563 1614 interpres
3612 1545 3671 1598 ita

2090 1632 2362 1689 Bethleem
2391 1633 2619 1705 insignis
2639 1633 2887 1689 habetur.

2158 1723 2316 1779 Anno
2358 1724 2653 1780 Dominicze
2709 1725 3094 1781 incarnationis
3141 1726 3252 1783 3'59
3306 1726 3678 1794 Theodosius,

2089 1813 2178 1885 qui
2205 1813 2466 1871 Gratiano
2494 1815 2707 1873 vivente
2728 1816 2761 1871 5
2786 1832 2957 1873 annos
2978 1817 3095 1888 jam
3121 1818 3388 1873 orientem
3422 1819 3667 1890 regebat,

398 1922 615 1964 menses
660 1906 725 1975 5,
759 1907 875 1963 dies
903 1907 991 1961 15.
1041 1904 1244 1961 Horum
1287 1904 1620 1975 temporibus
1665 1902 1986 1959 Maximinus
2015 1924 2061 1984 Β
2088 1912 2211 1974 post
2257 1904 2374 1976 ejus
2415 1914 2644 1963 mortem
2690 1908 2934 1979 regnavit
2975 1923 3155 1964 annos
3180 1908 3452 1975 undecim,
3495 1908 3670 1964 Maxi-

398 1993 756 2056 Trevirorum.
766 1997 1052 2069 episcopus
1071 1996 1152 2052 cla
1160 2011 1248 2052 rus
1260 1995 1507 2060 habetur,
1523 1992 1756 2051 Iacobus
1766 1992 2003 2055 Nisibus,

396 2092 685 2163 episcopus
710 2083 1047 2164 agnoscitur,
1078 2089 1347 2145 Antonius
1376 2088 1675 2144 monachus
1717 2086 1771 2141 in
1800 2101 1983 2141 eremo

394 2184 646 2248 moritur,
705 2181 944 2238 Hilarius
990 2180 1328 2237 Pictavensis
1372 2178 1677 2249 episcopus,
1713 2178 1781 2233 ab
1821 2176 1983 2233 exilio

393 2283 703 2337 revocatur.
731 2271 905 2329 Julius
927 2287 1065 2344 papa
1093 2273 1147 2328 in
1190 2270 1412 2326 exilium
1444 2268 1705 2335 mittitur;
1736 2266 1982 2324 Liberius

388 2380 532 2436 papa
568 2363 732 2421 exilio
760 2362 1099 2434 deportatur,
1149 2368 1435 2419 revocatus
1485 2359 1756 2416 haereticis
1803 2357 1978 2413 favet.

389 2455 543 2511 Felix
570 2470 727 2535 [papa
755 2455 1070 2526 deponitur,
1119 2462 1173 2509 et
1214 2455 1283 2509 ab
1314 2451 1587 2509 haereticis
1633 2451 1974 2507 interﬁcitur.

387 2545 657 2602 Eusebius
714 2545 999 2618 presbyter
1060 2553 1285 2616 propter
1332 2544 1492 2600 ﬁdem
1546 2542 1867 2600 catholicam
1922 2543 1977 2597 in

387 2636 621 2707 quodam
647 2634 953 2691 cubiculum
989 2634 1300 2699 includitur,
1332 2633 1514 2704 ibique
1553 2642 1677 2703 post
1704 2631 1736 2685 7
1762 2647 1977 2688 menses

384 2725 637 2802 moritur.
704 2724 994 2796 Dionysius
1048 2723 1335 2793 episcopus
1381 2720 1795 2777 Mediolanensis
1831 2719 1976 2790 apud

385 2812 781 2885 Cappadociam
824 2811 989 2868 exilio
1017 2811 1325 2867 damnatur.
1361 2808 1563 2864 Paulus
1594 2808 1973 2864 Constantino-

385 2905 662 2976 politanus
718 2903 1003 2974 episcopus
1053 2902 1120 2958 ab
1154 2900 1372 2957 Arianis
1417 2899 1804 2972 strangulatur.
1841 2898 1976 2954 Pau-

383 2994 533 3052 linns
561 2995 845 3066 episcopus
867 2993 1237 3059 Trevirorum,
1284 3006 1566 3047 successor
1586 2990 1760 3047 sancti
1806 2984 1980 3045 Maxi-

2088 2010 2235 2052 mum
2287 2006 2572 2071 tyrannum
2616 2009 2825 2071 quarto
2864 2003 2932 2059 ab
2978 2000 3222 2073 Aquileia
3272 2000 3448 2073 lapide
3496 2003 3670 2057 inter-

2086 2085 2233 2143 fecit.
2302 2087 2513 2146 Siricus
2577 2107 2715 2163 papa
2771 2090 3074 2147 Romanam
3146 2092 3288 2165 regit
3353 2091 3662 2149 ecclesiam.

2083 2175 2444 2251 Hieronymus
2498 2181 2696 2237 librum
2771 2184 2839 2239 de
2885 2182 3184 2239 illustribus
3253 2182 3400 2238 Viris
3451 2182 3667 2238 scribit.

2081 2268 2237 2339 Apud
2277 2269 2574 2343 Egyptum
2601 2271 2875 2331 Iohannes
2914 2273 3180 2330 heremita
3217 2272 3543 2338 celebratur,
3568 2273 3664 2343 qui

2084 2355 2384 2418 Theodosio
2410 2363 2476 2418 de
2506 2364 2752 2435 tyrannis
2784 2363 3071 2420 victoriam
3103 2364 3375 2436 praedixit.
3510 2406 3513 2407 γ

2151 2448 2308 2505 Anno
2365 2450 2659 2508 Dominicae
2731 2453 3117 2509 incarnationis
3184 2453 3291 2509 550
3351 2451 3656 2509 Archadius

2080 2535 2222 2594 ﬁlius
2253 2539 2541 2598 Theodosii
2587 2557 2710 2598 cum
2739 2541 2911 2599 fratre
2942 2530 3453 2615 Honorio'regnavit
3486 2558 3661 2600 annos

2081 2627 2167 2684 15.
2212 2628 2372 2687 Gothi
2415 2631 2651 2699 Italiam,
2696 2632 2947 2689 Wandali
2996 2642 3160 2705 atque
3200 2634 3356 2690 Alani
3398 2638 3419 2670 ’
3458 2633 3660 2691 Gallias

2079 2722 2483 2792 aggrediuntur.
2520 2722 2757 2794 Corpora
2803 2724 3023 2781 Abacuc
3061 2733 3119 2779 et
3161 2724 3383 2781 Michezc
3426 2726 3660 2796 prophe-

2077 2819 2255 2867 tarum
2285 2813 2607 2869 revelantur.
2635 2814 2981 2871 lnnocentihs
3016 2830 3153 2886 papa
3183 2815 3481 2871 Romanam
3519 2816 3660 2871 rexit

2077 2900 2385 2958 ecclesiam.
2419 2901 2652 2959 Sanctus
2682 2902 2948 2961 Martinus
2985 2905 3272 2975 episcopus
3301 2905 3370 2959 ad
3411 2904 3658 2961 coelestia

2077 2993 2293 3048 transit.
2352 2993 2648 3051 Severinus
2699 2995 2984 3067 episcopus
3037 2995 3275 3052 Coloniae
3345 2995 3659 3067 Agrippina:

383 3086 521 3142 mini
580 3087 841 3159 episcopi,
866 3086 936 3142 ob
985 3083 1307 3142 catholicam
1364 3083 1524 3139 ﬁdem
1579 3098 1611 3138 a
1656 3073 1973 3140 Constantio
2074 3083 2254 3139 clarus
2321 3083 2567 3139 habetur.
2652 3084 2986 3156 Augustinus
3066 3086 3352 3157 episcopus
3420 3087 3656 3141 eximius

382 3178 657 3250 relegatur
685 3178 871 3246 exilio,
915 3186 970 3235 et
1018 3192 1189 3248 usque
1230 3178 1299 3233 ad
1350 3186 1580 3233 mortem
1623 3177 1785 3232 etiam
1832 3176 1972 3232 ultra
2074 3176 2264 3231 doctor
2335 3177 2389 3232 in
2457 3176 2742 3247 lpponensi
2817 3177 3045 3233 ecclesia
3121 3178 3356 3234 divinam
3411 3179 3655 3250 philoso-

382 3269 743 3327 christianum
784 3286 980 3326 nomen
1030 3269 1310 3335 mutando,
1355 3267 1518 3323 exilio
1557 3266 1832 3338 fatigatur.
1887 3265 2040 3345 Δός
2076 3267 2258 3337 phiam
2316 3267 2664 3340 dogmatizat.
2736 3268 2983 3342 Pelagius
3035 3268 3210 3325 Britto
3262 3271 3495 3341 gratiam
3557 3271 3657 3328 Dei

381 3360 630 3417 ultimum
665 3361 809 3432 apud
838 3360 1074 3433 Frigiam
1119 3357 1407 3416 defunctus
1433 3367 1536 3425 est,
1567 3357 1691 3414 inde
1717 3356 1970 3413 Treveris
2072 3361 2367 3433 impugnat.

383 3460 712 3508 reportatur.

480 3468 712 3508 oriatur.

446 3468 612 3599 i{Auno
670 3543 964 3600 Dominicae
1016 3521 1404 3601 incarnationis
1438 3541 1549 3598 510
1566 3539 1739 3598 Iulius
1782 3553 1970 3612 regna-

358 3622 462 3691 .vi‘t
496 3650 668 3691 annos
694 3636 846 3701 duos,
881 3649 1100 3692 menses
1121 3643 1265 3692 octo.
1295 3634 1390 3690 His
1414 3634 1552 3690 adde
1580 3632 1613 3688 6
1638 3632 1730 3703 qui
1758 3647 1969 3688 reman-

267 3712 275 3720 ’
379 3735 607 3794 serunt,
631 3726 692 3781 ﬁt
738 3742 937 3793 annus,
977 3735 1272 3798 supersunt
1315 3725 1352 3780 2
1382 3739 1596 3781 menses
1631 3732 1687 3779 et
1724 3722 1793 3778 18
1827 3721 1963 3778 dies.

380 3814 552 3887 Hujus
608 3816 946 3887 temporibus
988 3823 1317 3872 coronantur
1357 3815 1543 3870 Romae
1584 3813 1802 3870 Priscus
1852 3825 1969 3882 pre-

377 3906 583 3979 sbyter,
628 3905 998 3963 Priscillianus
1059 3907 1288 3963 clericus
1310 3946 1326 3973 ,
1372 3904 1662 3961 Benedicta
1714 3903 1962 3969 hemina,

352 3986 596 4068 'Pigmus
641 3996 967 4071 [Pimenius]
989 3998 1292 4070 presbyter,
1316 3984 1642 4062 Gordianus,
1690 3994 1965 4051 Demetria

374 4089 560 4161 virgo;
589 4087 864 4146 Iohannes
890 4091 1198 4163 presbyter,
1225 4090 1355 4146 item
1376 4087 1651 4144 Iohannes
1670 4095 1725 4143 et
1743 4086 1961 4153 Paulus,

372 4179 609 4238 Faustus
652 4189 709 4238 et
757 4180 1023 4248 Dafrosa;
1063 4181 1118 4236 in
1166 4178 1353 4236 Hostia
1402 4177 1712 4234 Hilarianus
1755 4175 1964 4233 Ieroso~

373 4274 626 4331 timorum
655 4276 965 4348 episcopus,
999 4274 1284 4344 Quiriacus
1311 4282 1366 4330 et
1400 4272 1588 4338 Iudas,
1619 4271 1960 4328 Alexandrite

2138 3453 2297 3511 Anno
2328 3454 2620 3512 Dominicae
2662 3455 3055 3515 incarnationis
3082 3458 3190 3515 564
3234 3459 3503 3515 Honorius
3527 3474 3655 3515 cum

2071 3546 2373 3605 Theodosio
2398 3549 2607 3605 minore
2636 3549 2819 3606 fratris
2838 3550 2920 3606 sui
2952 3549 3063 3606 ﬁlio
3092 3551 3337 3622 regnavit
3361 3566 3533 3607 annos
3561 3552 3651 3607 15.

2062 3637 2313 3695 Alaricus
2333 3655 2427 3696 rex
2446 3639 2745 3696 Gothorum
2766 3640 2993 3697 Romam
3016 3641 3423 3697 invaditanno7
3437 3641 3637 3708 Hono-

2070 3727 2156 3782 rii.
2204 3726 2442 3799 Corpora
2496 3738 2807 3786 sanctorum
2858 3731 3119 3801 Stephani
3192 3731 3652 3802 protomartyris,

2068 3817 2378 3876 Gamalielis
2404 3829 2461 3876 et
2495 3817 2837 3889 Nichodemi,
2867 3822 3103 3878 Luciano
3136 3821 3457 3896 presbytero
3496 3838 3655 3880 reve-

2068 3907 2265 3963 lantur.
2316 3907 2628 3966 Bonifacius
2681 3925 2837 3980 papa,
2888 3918 2947 3966 et
2990 3910 3295 3968 Celestinus
3347 3911 3650 3966 Romanam

2066 4009 2257 4071 regunt
2286 4001 2593 4057 ecclesiam.
2612 4000 2969 4074 Hieronymus
2994 4004 3275 4074 presbyter
3295 4002 3429 4058 obiit
3451 4002 3515 4056 l2
3542 4000 3657 4057 llo-

2066 4089 2204 4145 norii
2227 4105 2389 4158 anno,
2419 4093 2593 4148 etatis
2619 4102 2798 4149 autem
2824 4107 2935 4148 suae
2962 4093 3063 4160 97;
3114 4092 3283 4149 libros
3308 4107 3546 4163 suosper
3570 4090 3648 4148 50

2065 4195 2236 4236 annos
2258 4180 2490 4239 confecit
2517 4181 2578 4237 ".

2132 4271 2290 4328 Anno
2315 4272 2607 4329 Dominicae
2634 4273 3023 4330 incarnationis
3048 4275 3154 4330 370
3177 4273 3516 4331 Theodosius
3541 4275 3647 4330 mi-
3708 4250 3713 4261 ’

375 4365 718 4432 Gallicanos,
746 4368 1009 4425 Vercellis
1032 4366 1297 4423 Eusebius
1325 4366 1631 4436 episcopus,
1658 4363 1853 4420 Arecia
1884 4364 1960 4420 ci—
2062 4378 2185 4430 nor,
2209 4362 2462 4419 Archadii
2485 4363 2643 4429 ﬁlius,
2663 4364 2906 4435 regnavit
2925 4378 3099 4420 annos
3114 4364 3206 4418 26.
3232 4364 3647 4421 Valentinianus

373 4458 546 4515 vitate
576 4460 815 4515 Donatus
859 4462 1170 4532 episcopus,
1220 4459 1540 4515 Anthiochia
1589 4457 1958 4514 Theodoricus
2054 4452 2259 4522 iunior,
2298 4454 2600 4511 Constantii
2626 4454 2786 4522 ﬁlius,
2814 4455 3086 4510 Ravennae
3106 4456 3398 4525 imperator
3424 4455 3645 4512 ordina-

372 4550 677 4622 presbyter.
1738 4542 1743 4547 ’
2065 4552 2171 4598 tur.
2221 4543 2375 4599 Gens
2414 4543 2837 4611 Wandalorum,
2887 4544 3180 4601 Alanorum
3230 4539 3288 4602 et
3337 4545 3641 4603 Gothorum

440 4642 600 4697 Anno
655 4641 946 4698 Dominiea:
972 4641 1357 4698 incarnatiOnis
1384 4641 1488 4697 5M
1530 4638 1846 4696 Iovinianus
1873 4655 1958 4694 re-
1988 4635 2036 4695 D
2062 4633 2300 4689 Africam
2330 4633 2594 4689 devastat.
2623 4634 2955 4706 Augustinus
2985 4636 3271 4707 episcopus
3308 4637 3451 4693 inter
3493 4638 3640 4708 ipsas

368 4742 501 4805 gnat
551 4748 768 4790 menses
795 4734 849 4791 8.
895 4733 1116 4791 Hisdem
1147 4734 1399 4805 princeps
1452 4731 1709 4789 ofﬁciosis
1760 4732 1956 4789 litteris
2060 4723 2400 4780 obsidionum
2426 4726 2705 4796 angustias
2734 4727 2985 4797 migravit
3017 4727 3086 4782 ad
3118 4726 3425 4782 Dominum.
3466 4727 3636 4782 Wan-

366 4823 727 4881 Athanasium
754 4824 1064 4896 episcopum
1091 4824 1334 4893 requirit.
2059 4816 2166 4872 dali
2195 4825 2350 4887 capta
2379 4816 2725 4888 Carthagine,
2755 4818 2807 4871 in
2836 4817 3076 4873 Siciliam
3113 4827 3416 4874 transeunt.
3449 4819 3636 4875 Xistus

435 4916 596 4973 Anno
646 4916 935 4972 Dominicae
979 4916 1364 4971 incarnationis
1423 4914 1527 4971 515
1548 4914 1956 4972 Valentinianus
2059 4907 2358 4963 Romanam
2402 4907 2539 4977 regit
2566 4906 2889 4973 ecclesiam;
2941 4908 3100 4978 huius
3148 4909 3482 4979 tempot'ibus
3526 4909 3634 4964 Leo

365 5026 489 5067 cum
511 5009 681 5067 fratre
698 5008 920 5066 Valente
943 5010 1183 5082 regnavit
1201 5024 1374 5065 annos
1391 5010 1475 5074 ll,
1491 5009 1677 5066 Romae
1690 5012 1954 5068 Damasus

2093 5012 2286 5069 tagnus
2316 4995 2663 5067 apostolicam
2693 4995 2926 5051 obtinuit
2970 4997 3303 5062 cathedram,
3334 4999 3402 5053 ad
3447 5013 3632 5068 quem,

365 5115 502 5170 papa
531 5099 711 5156 clarus
736 5099 988 5165 habetur,
1011 5098 1294 5154 Mediolani
1321 5098 1638 5155 Ambrosius
1666 5100 1952 5172 episcopus
2052 5095 2107 5145 θῑ
2152 5088 2219 5143 ad
2255 5087 2556 5144 Ρυίοθτίίηη
2609 5089 2922 5160 Αυςυεῑίιιιιν
2964 5088 3133 5143 multa
3171 5104 3333 5158 ευμεν
3360 5089 3633 5146 Ευῑεοειῖδ

364 5188 589 5259 insignis
627 5188 875 5244 habetur.
928 5187 1164 5243 Hilarius
1191 5187 1475 5260 episcopus
1515 5187 1753 5245 Pictavis
1782 5189 1950 5243 mori-
2051 5194 2293 5237 errorem
2322 5180 2513 5236 scribit
2541 5179 2834 5234 Flavianus
2863 5178 3492 5250 Constantinopolitanus
3517 5180 3626 5251 epi-

364 5278 762 5332 tur.An~--~--'
865 5278 915 5294 ··
1239 5279 1254 5289 ⁸
1358 5279 1371 5296 '

2093 5287 2267 5324 mnus.
2297 5280 2353 5320 et
2378 5271 2620 5325 Eutieem
2647 5271 2922 5325 damnum.

3488 5377 3546 5392 κιρ
3572 5370 3629 5409 ηρ
