3958 5466
159 355 240 414 εδ
609 341 750 442 ,ξς
1221 371 1228 376 -
1357 346 1750 408 cuuonncoa
1814 377 1876 390 ρ
1913 347 2027 406 AN.
2069 351 2328 410 tos-459.
3378 353 3454 411 26

157 449 386 508 dnoous
415 441 694 506 monachis
723 453 884 518 caput
917 459 1072 502 suum
1102 443 1430 500 manifestat.
1457 443 1757 500 Gennanus
1786 441 1834 502 Α
1865 455 2044 512 regem
2067 445 2133 500 de
2155 443 2463 514 Burgundio
2506 441 2732 512 expulit.
2763 441 3094 499 Alamannos
3135 443 3450 502 tributarios

161 540 462 611 episcopus
479 536 952 602 Autisiodorensis,
977 545 1030 590 et
1050 533 1232 604 Lupus
1252 531 1628 588 Trecassensis
1647 531 1762 598 epi-

161 647 394 702 scopus,
427 633 480 686 in
517 629 850 685 Britanniam
879 628 1200 698 diriguntur.
1227 626 1358 681 Post
1387 627 1500 680 haec
1531 623 1760 679 Germa-

161 739 276 780 nus
329 723 470 795 apud
523 723 836 777 Ravennam
885 721 1134 776 moritur.
1183 717 1440 792 [Severus
1477 715 1760 786 episcopus

161 811 449 876 Treveris,
473 811 808 868 Policrouius
831 810 1077 874 Virduni,
1103 810 1326 864 Albinus
1353 806 1761 862 Catalauneusis

161 902 424 974 discipuli
455 904 628 958 sancti
667 901 802 972 Lupi
848 902 979 958 clari
1008 902 1300 956 habentur.
1328 899 1634 954 Aurelianis
1665 897 1706 950 Τ
1713 898 1760 952 i-

163 1009 366 1049 mavus
395 994 680 1064 episcopus
708 991 896 1048 claret.
923 990 1004 1063 6.]
1033 991 1144 1046 Leo
1177 991 1462 1060 episc0pus
1489 989 1760 1044 Marciano

163 1083 344 1137 multa
372 1081 494 1138 lidei
517 1082 767 1150 dogmata
791 1082 1002 1136 scribit.
1019 1080 1302 1136 Anatolius
1319 1079 1601 1148 episcopus
1621 1077 1762 1132 Gon-

163 1173 690 1242 stantinopolitanus
737 1171 1001 1226 Euticetis
1030 1186 1269 1226 errorem
1319 1171 1596 1238 dampnat,
1627 1177 1682 1224 et
1729 1183 1760 1222 a

161 1265 358 1322 Leone
393 1281 530 1336 papa
569 1264 833 1334 arguitur,
873 1263 1015 1332 quod
1053 1271 1240 1317 contra
1289 1259 1546 1314 Nicenum
1575 1259 1758 1313 conci-

165 1357 323 1420 lium,
375 1355 733 1410 Antioceuam
785 1363 840 1410 et
869 1353 1286 1409 Alexandrinam
1333 1352 1609 1414 ecclesias,
1656 1351 1760 1406 sibi

167 1445 410 1501 subdere
455 1445 736 1500 voluisset.
786 1445 978 1500 Aetius
1033 1443 1291 1513 patricius
1323 1461 1352 1496 a
1387 1443 1760 1498 Valentiniano

170 1537 440 1592 occiditur
467 1537 608 1606 apud
636 1535 932 1591 Arelatum.
983 1534 1223 1589 Hilarius
1251 1535 1532 1604 episcopus
1561 1533 1764 1588 doctis-

175 1629 342 1684 simus
386 1637 550 1698 atque
597 1628 1052 1699 pmclarissimus
1107 1629 1208 1694 vir,
1270 1629 1362 1698 qui
1419 1628 1592 1682 Vitam
1635 1643 1760 1682 san-

177 1721 251 1775 cti
303 1719 562 1777 Honorati
615 1721 1032 1780 omdecessoris
1088 1723 1172 1776 sui
1239 1721 1586 1792 composuit,
1646 1737 1760 1776 mo-

170 1811 328 1866 ritur.

231 1905 395 1960 Anno
439 1903 730 1960 Dominica:
765 1905 1152 1962 incarnationis
1199 1905 1372 1962 405“
1417 1906 1526 1962 Leo
1557 1915 1746 1978 regnat

163 2010 338 2052 annos
381 1996 790 2066 septemdecim,
833 1997 956 2054 huic
995 1998 1160 2054 Leoni
1199 1998 1310 2055 Leo
1341 2015 1478 2070 papa
1525 1999 1755 2070 plurima

159 2087 374 2144 scribit.
413 2087 730 2146 Theodorus
755 2092 1044 2164 episc0pus
1094 2093 1330 2150 civitatis
1365 2093 1557 2166 Syriaz,
1593 2095 1758 2150 histo-

157 2179 300 2234 riam
332 2179 764 2237 ecclesiasticam
797 2199 826 2236 a
855 2184 960 2238 ﬁne
991 2184 1254 2239 librorum
1301 2185 1516 2241 Eusebii
1545 2187 1752 2241 scribit.

157 2269 407 2326 Hilarius
435 2288 574 2342 papa
610 2273 912 2328 Romanam
951 2275 1234 2331 ecclesiam
1266 2278 1546 2348 gubernat.
1577 2279 1760 2334 Victo-

157 2363 337 2428 rinus,
363 2362 591 2432 jubente
615 2379 753 2435 papa
781 2366 1004 2433 Hilario,
1029 2369 1414 2426 revolutionem
1429 2375 1608 2443 magni
1631 2377 1758 2428 anni

157 2452 458 2508 describit.

227 2547 402 2602 Anno
451 2547 744 2605 Dominlcaa
779 2552 1169 2610 incarnationis
1209 2555 1307 2610 “4
1351 2557 1536 2614 Zenon
1568 2573 1762 2631 regna-

157 2637 238 2691 vit
264 2652 448 2692 annos
473 2639 560 2692 17.
607 2639 854 2697 Odoacer
893 2659 989 2699 rex
1033 2643 1334 2701 Gothorum
1365 2649 1594 2704 Romam
1622 2653 1762 2707 obti-

161 2725 300 2779 nuit.
337 2724 728 2795 Theodericus,
758 2743 1112 2802 cognomento
1133 2733 1409 2806 Walager,
1467 2749 1756 2811 utramque

163 2811 543 2870 Macedoniam
591 2817 966 2888 depopulatur.
1001 2821 1305 2880 Horroricus
1345 2843 1435 2881 rex
1459 2827 1758 2885 Wandalo-

167 2919 287 2959 rum
335 2903 627 2972 Arrianus,
681 2910 732 2964 in
783 2911 964 2966 Africa
1015 2913 1300 2984 plusquam
1335 2917 1441 2972 554
1490 2921 1760 2991 episcopis

171 2993 390 3064 fugatis,
444 2997 702 3052 ecclesias
751 3015 944 3056 eorum
997 3003 1228 3070 clausit,
1275 3015 1330 3061 et
1379 3008 1564 3077 plebes
1593 3011 1760 3067 variis

173 3087 455 3157 suppliciis
506 3087 705 3144 aﬁ‘ecit.
738 3091 890 3146 Felix
932 3109 1066 3164 papa
1100 3095 1414 3166 dampnavit
1463 3100 1754 3155 Achatium

175 3173 828 3246 Constantinopolitanum
857 3184 1170 3254 episcopum
1195 3165 1252 3242 et
1285 3179 1502 3242 Petrum
1523 3188 1760 3244 Alexan-
1787 3165 1832 3226 Ο

179 3261 406 3318 drinum.
431 3263 682 3322 Gelasius
721 3269 804 3321 vir
838 3271 1094 3339 prudens,
1121 3272 1284 3328 Felici
1319 3289 1474 3345 papa:
1498 3276 1549 3329 in
1577 3277 1756 3346 ponti-

182 3351 330 3408 ﬁcatu
379 3351 652 3412 succedit:
707 3357 806 3414 Hic
851 3361 1013 3415 etiam
1063 3363 1339 3419 damnavit
1387 3367 1684 3421 Achacium
1709 3375 1764 3422 et

187 3441 408 3502 Petrum.
449 3447 584 3503 Post
621 3449 762 3504 hunc
799 3451 1121 3508 Anastasius
1153 3455 1348 3526 praesul
1379 3456 1624 3524 eﬁicitur,
1671 3459 1763 3528 qui

189 3535 342 3593 voluit
375 3540 596 3596 occulte
641 3557 899 3599 revocare
944 3545 1217 3613 A‘catium,
1259 3549 1351 3604 sed
1405 3565 1509 3604 non
1563 3551 1762 3620 potuit,

188 3629 268 3696 qui
299 3633 456 3688 etiam
489 3643 626 3688 nutu
657 3636 838 3690 divino
876 3653 1164 3707 percussus
1193 3649 1294 3696 est.

247 3722 398 3782 Anno
445 3727 748 3784 Dominicze
791 3729 1181 3790 incarnationis
1208 3734 1308 3788 421
1338 3717 1656 3790 Anastasius
1687 3751 1764 3791 re-

185 3814 356 3879 gnavit
391 3831 572 3870 annos
609 3817 700 3872 29.
734 3816 1178 3875 Transamundus
1233 3837 1328 3877 rex
1371 3821 1760 3878 Wandalorum

181 3899 282 3956 2Ξο
306 3906 593 3977 episcopos
631 3908 794 3963 exilio
825 3907 1133 3965 Sardiniam
1161 3913 1326 3967 misit.
1365 3913 1540 3983 Hujus
1572 3923 1628 3969 et
1661 3915 1756 3970 Ze-

189 3996 337 4051 nonis
359 4001 704 4070 temporibus
726 4002 826 4056 sub
855 4001 1169 4058 Wandalica
1215 4009 1592 4074 persecutione
1623 4023 1766 4061 mar-

195 4085 328 4152 tyrio
357 4100 712 4156 coronanlur,
757 4092 898 4162 apud
946 4091 1185 4149 Africam
1227 4095 1502 4164 Engenius
1539 4096 1766 4151 Cartha-

191 4175 415 4244 giuensis
443 4185 752 4253 episcopus,
794 4191 849 4237 et
886 4199 1010 4238 cum
1055 4199 1120 4240 eo
1165 4186 1450 4254 plusquam
1479 4187 1604 4251 500,
1638 4188 1766 4242 item

193 4263 465 4330 Liberatus
485 4277 650 4339 abba,
677 4273 988 4330 Bonifacius
1011 4277 1288 4342 diaconus,
1317 4277 1540 4334 Servius
1569 4289 1624 4333 et
1650 4277 1764 4332 Ru-

193 4357 350 4414 sticus
374 4363 714 4430 subdiaconi,
747 4363 990 4436 Rogatus
1019 4373 1071 4420 et
1105 4365 1378 4434 Septimus
1415 4368 1683 4433 monachi,
1713 4375 1768 4423 et

195 4445 446 4510 Maximus
481 4471 637 4526 puer,
693 4457 868 4526 primo
899 4457 1022 4529 igne
1067 4457 1284 4528 injecti,
1322 4469 1444 4529 post
1497 4475 1764 4516 remorum

195 4541 425 4597 vectibus
449 4546 658 4600 caecati
681 4555 825 4626 sunt.
854 4547 982 4601 Item
1014 4547 1316 4603 Marcianus
1346 4559 1399 4604 et
1425 4550 1764 4622 Satyrianus,

201 4635 252 4680 et
281 4627 502 4688 Maxima
527 4636 700 4706 virgo,
729 4643 783 4690 et
810 4651 930 4692 cum
955 4637 1034 4692 eis
1055 4637 1158 4691 570
1188 4638 1482 4693 crudeliter
1502 4639 1766 4710 perempti

204 4728 336 4774 sunt.
367 4722 494 4779 ltem
539 4726 732 4796 Papias
777 4736 834 4782 et
870 4727 1198 4784 Mansuetus.
1229 4729 1468 4784 Vulteius
1488 4769 1502 4794 ,
1533 4731 1771 4786 Valeria-

205 4820 318 4872 nus,
343 4811 588 4872 Urbanus
610 4826 665 4872 et
685 4817 967 4884 Crescens,
1003 4819 1156 4874 Felix
1200 4831 1256 4874 et
1303 4821 1631 4876 llortolanus
1661 4823 1772 4892 epi-

207 4903 366 4970 scopi,
396 4903 446 4960 in
473 4909 812 4968 confessione
833 4929 1050 4967 cursum
1077 4914 1202 4969 vitae
1225 4925 1767 4970 consummaverunt.

207 4985 330 5047 Item
386 4997 602 5068 Dativa,
653 5005 892 5062 Dionisia
942 5016 996 5061 et
1037 5007 1349 5066 Emelianus
1378 5011 1616 5067 medicus
1647 5027 1770 5066 cum

213 5081 382 5139 multis
399 5089 533 5156 aliis,
571 5093 888 5152 Valerianus
911 5097 1211 5166 episcOpus.
1247 5095 1606 5170 Symmachus
1630 5116 1771 5170 papa

215 5169 476 5233 ecclesiam
507 5181 802 5244 Romanam
841 5189 1128 5260 gubernat,
1159 5169 1442 5259 pecuniam
1493 5201 1547 5246 et
1593 5169 1770 5248 vestes

202 5271 296 5326 Per
322 5266 550 5328 Africam
595 5289 648 5334 et
672 5279 979 5336 Sardiniam
1017 5281 1285 5351 episcopis
1321 5285 1373 5338 in
1401 5285 1564 5340 exilio
1591 5285 1772 5340 missis

206 5353 474 5466 ﬁlii-nistrat.
517 5369 660 5428 Post
711 5377 854 5432 hunc
901 5375 1188 5431 Hormisda
1228 5393 1364 5450 papa
1399 5382 1775 5437 εοηειίιυίιιηι,

207 5441 286 5466 ΡΙ-
307 5447 323 5466 1

1798 4514 1848 4574 D

1870 535 2017 590 facit.
2046 536 2202 590 Anno
2231 535 2298 590 12
2327 535 2476 606 regni
2522 535 2626 600 sui,
2663 552 2690 589 a
2733 545 2922 591 sancto
2947 535 3219 606 Remigio,
3249 535 3460 591 Remo-

1869 645 1990 682 rum
2023 629 2299 698 episcopo,
2347 642 2450 682 una
2489 642 2610 682 cum
2647 626 2878 684 Francis
2913 627 3240 697 baptizatur.
3267 626 3458 698 [Atre-

1867 719 2009 774 batis
2047 719 2311 774 Vedastns
2355 718 2640 788 episc0pus
2671 719 2974 783 ordinatur,
3021 715 3100 789 6.]
3147 715 3450 773 Mamercus

1869 809 2154 878 episcopus
2179 806 2503 863 Viennensis
2531 807 2774 862 ecclesizc
2811 809 3090 863 triduanas
3113 807 3346 862 letanias
3367 808 3450 861 in—

1867 898 2044 952 stituit
2089 906 2216 952 ante
2261 897 2634 952 ascensionem
2679 895 2914 951 Domini.
2972 897 3276 952 Clodoveus
3325 911 3448 952 cum

1867 987 2103 1052 Alarico,
2138 1003 2262 1058 rege
2289 985 2607 1051 Gothorum,
2643 985 2696 1039 in
2725 985 3068 1054 Aquitaniam
3090 985 3242 1055 juxta
3269 985 3450 1040 Picta-

1869 1082 1950 1136 vis
1981 1081 2240 1152 conﬂigit,
2275 1095 2510 1150 eumque
2555 1095 2722 1150 regno
2753 1091 2807 1134 et
2835 1081 2944 1134 vita
2977 1081 3175 1150 privat.
3213 1081 3450 1136 Amalri-

1869 1187 1964 1228 cus
1993 1173 2134 1228 ﬁlius
2161 1172 2362 1228 Alarici
2414 1173 2468 1227 in
2523 1171 2838 1242 Hispaniam
2889 1187 3112 1242 regnum
3161 1182 3444 1240 patcruttm

1867 1265 2120 1320 obtinuit.
2149 1263 2468 1319 Anastasius
2513 1264 2808 1334 imperator
2834 1263 3100 1318 Clodoveo
3127 1263 3267 1318 dona
3295 1264 3442 1334 regia

1869 1357 2055 1410 mittit.
2105 1355 2406 1412 Clodoveus
2469 1355 2820 1426 Reginarium
2881 1355 3244 1424 propinquum
3285 1363 3450 1422 atque

1867 1457 2172 1502 consortem
2209 1448 2360 1518 regni
2397 1445 2675 1504 interﬁcit.
2701 1446 2744 1499 A
2767 1446 2998 1501 transitu
3025 1445 3197 1500 sancti
3227 1443 3444 1498 Martini

1869 1555 2038 1610 usque
2071 1539 2138 1594 ad
2183 1547 2409 1594 mortem
2437 1538 2688 1594 Clodovei
2716 1543 2840 1592 sunt
2885 1537 3012 1590 anni
3049 1535 3170 1590 112.
3203 1535 3448 1601 Quatuor

1869 1631 1959 1686 ﬁlii
1990 1630 2106 1700 ejus
2129 1629 2514 1692 Theodericus,
2543 1628 2916 1694 Clodomerus,
2962 1624 3361 1684 Childebertus,
3392 1631 3450 1676 et

1866 1721 2172 1778 Clotharius
2209 1707 2434 1792 regnum
2465 1719 2637 1788 patris
2675 1719 2816 1772 inter
2861 1732 2920 1772 se
2955 1715 3274 1770 diviserunt.
3307 1712 3452 1767 Ana.

1793 1818 1839 1876 Β
1867 1813 2068 1868 stasius
2101 1812 2398 1880 imperator
2427 1809 2652 1864 fulmine
2675 1809 2836 1878 perit.

1930 1905 2090 1959 Anno
2115 1901 2406 1956 Dominicar
2433 1899 2824 1954 incarnationis
2866 1897 2974 1952 450
2995 1897 3240 1952 Justinus
3267 1895 3450 1950 senior

1859 1997 2108 2066 regnavit
2141 2009 2312 2050 annos
2345 1995 2398 2048 8.
2437 1993 2676 2047 Joannes
2699 2007 2855 2062 papa,
2891 2006 2920 2044 a
2942 1991 3282 2045 Theodorico
3311 2001 3440 2060 rege

1859 2089 2156 2144 Gothorum
2193 2087 2506 2141 Ravennam
2553 2092 2773 2155 propter
2825 2083 2984 2138 fidem
3013 2081 3338 2150 catholicam
3367 2081 3424 2134 in

1860 2181 2104 2237 custodia
2150 2179 2404 2242 mittitur,
2465 2177 2646 2245 ibique
2705 2175 2950 2230 moritur.
3007 2173 3151 2228 Idem
3189 2181 3448 2242 tyrannus

1861 2271 2244 2344 Symmachum
2271 2269 2556 2340 patricium
2580 2266 2862 2322 interficit.
2893 2265 3140 2320 Boetium
3166 2264 3219 2318 in
3249 2263 3450 2318 libera-

1862 2365 2002 2420 libus
2040 2362 2335 2432 disciplinis
2363 2360 2492 2414 nulli
2521 2359 2842 2422 secuudum,
2883 2357 2934 2412 in
2958 2369 3232 2412 carcerem
3255 2351 3446 2418 trudit,

1866 2457 1916 2510 in
1943 2471 2050 2525 quo
2075 2470 2200 2509 cum
2220 2454 2330 2522 ipsa
2357 2451 2694 2520 philosophia
2721 2451 2876 2504 miris
2907 2447 3328 2518 disputationum
3355 2459 3444 2500 ar—

1863 2547 2131 2619 gumentis
2165 2545 2537 2613 conqueritur.
2577 2541 2842 2597 Praefatus
2873 2537 3240 2594 Theodericus
3265 2536 3448 2591 subita

1863 2647 2040 2694 morte
2067 2637 2226 2706 perit.
2261 2632 2614 2688 Athalaricus
2635 2632 2688 2686 in
2727 2646 2953 2702 regnum
2989 2629 3246 2684 succedit.
3277 2625 3448 2680 Bene‘

1861 2730 2036 2784 dictus
2059 2737 2232 2798 pater,
2259 2735 2314 2781 et
2336 2726 2542 2794 primus
2578 2724 2632 2778 in
2663 2723 2782 2778 loco
2815 2723 2906 2800 qui
2939 2719 3204 2776 Sublacus
3225 2717 3444 2781 dicitur,

1861 2831 1917 2878 et
1939 2829 2124 2892 postea
2153 2820 2204 2872 in
2237 2827 2422 2873 castro
2453 2815 2702 2880 Cassino,
2737 2815 2822 2868 vir
2845 2827 3053 2882 magnae
3081 2810 3298 2865 virtutis
3317 2823 3450 2878 apo-

1859 2915 2064 2970 stolicis
2091 2913 2380 2968 virtutibus
2399 2911 2620 2966 eﬁ'ulsit.
2653 2911 2804 2966 Felix
2827 2919 2881 2965 et
2909 2907 3218 2966 Bonifacius
3241 2905 3446 2958 Roma-

1861 3023 1984 3063 nam
2003 3015 2194 3076 regunt
2227 3005 2535 3061 ecclesiam.
2567 3003 2964 3075 Sigismundus,
2991 3015 3084 3054 rex
3114 2996 3450 3068 Burgundio-

1863 3119 2012 3168 num,
2043 3103 2432 3158 monasterium
2472 3111 2782 3156 sanctorum
2823 3097 3227 3169 Agaunensium
3275 3091 3446 3148 aediﬁ-

1866 3201 1973 3247 cat.
2005 3193 2152 3248 Idem
2183 3208 2212 3246 a
2258 3191 2589 3262 supradictis
2631 3189 2756 3244 ﬁliis
2804 3187 3054 3243 Clodovei
3101 3182 3442 3240 interﬁcitur.

1865 3285 2232 3340 Theodoricus
2255 3299 2375 3339 cum
2411 3283 2520 3338 ﬁlio
2560 3282 2932 3336 Theodeberto
2955 3287 3010 3334 et
3043 3277 3209 3355 fratre
3231 3275 3446 3330 Clothac

1867 3377 1947 3432 rio
1977 3375 2326 3446 Thuringiam
2359 3373 2732 3443 depOpulatur.
2779 3369 3180 3425 Ermenfridum
3211 3365 3446 3420 Thurin-

1865 3483 2053 3539 gorum
2087 3467 2276 3520 ducem
2305 3465 2445 3535 apud
2471 3463 2786 3533 Tulpiacum
2809 3460 3094 3530 extinguit.

1935 3560 2089 3613 Anno
2109 3555 2820 3612 Dominica:incarnationis
2840 3552 2944 3606 459
2973 3550 3328 3613 Justinianus,
3359 3546 3464 3600 ³η--

1866 3651 1990 3706 stini
2015 3666 2080 3704 ex
2113 3661 2298 3703 sorore
2355 3661 2539 3716 nepos,
2581 3643 2828 3713 regnavit
2862 3657 3031 3696 annos
3075 3641 3161 3694 58.
3213 3639 3312 3693 Hic
3357 3653 3450 3708 per

1865 3743 2184 3800 Belisarium
2213 3741 2500 3812 patricium
2527 3739 2724 3793 Persas
2751 3737 2965 3790 fortiter
2988 3735 3202 3790 devicit.
3243 3732 3454 3801 Perque

1865 3839 2041 3908 ipsum
2093 3833 2414 3889 Belisarium
2449 3829 2838 3885 Wandalorum
2881 3837 3119 3898 gentem,
3166 3833 3324 3893 capto
3363 3837 3454 3876 eo-

1867 3943 1984 3983 rum
2015 3940 2142 3995 rege
2185 3922 2507 3985 Gelismero,
2536 3933 2710 3989 usque
2739 3917 2808 3972 ad
2847 3915 3272 3970 internecionem
3301 3912 3452 3967 dele-

1866 4021 1962 4082 vit,
1988 4017 2334 4084 Africamque
2381 4020 2548 4065 totam
2593 4017 2715 4078 post
2752 4023 2924 4063 annos
2969 4007 3038 4062 90
3061 4015 3116 4061 et
3142 4005 3175 4060 6
3209 4005 3456 4060 Romano

1867 4113 2096 4184 imperio
2125 4109 2383 4165 restituit.
2407 4107 2727 4174 Rursusque
2751 4103 2996 4158 Belisarii
3020 4102 3225 4156 viribus
3247 4099 3456 4154 Gotho-

1867 4217 1984 4255 rtnn
2014 4201 2067 4253 in
2105 4199 2254 4253 italia
2292 4204 2528 4268 gentem,
2565 4203 2722 4264 capto
2753 4191 2932 4246 Witisi
2965 4205 3152 4245 eorum
3192 4203 3338 4258 rege,
3368 4203 3458 4242 su-

1865 4291 2096 4362 peravit.
2121 4289 2334 4342 Mauros
2363 4299 2578 4356 quoque
2604 4291 2724 4355 post
2779 4283 2895 4336 lure
2918 4279 3162 4335 Africam
3189 4277 3451 4333 infestan-

1870 4395 1972 4450 tes,
1993 4397 2294 4450 eorumque
2335 4393 2520 4449 regem
2554 4375 2804 4432 Athalam
2833 4391 2930 4446 per
2949 4371 3250 4429 Johaunem
3272 4385 3462 4427 consu-

1869 4479 1973 4533 lem
2023 4473 2255 4532 mirabili
2293 4474 2495 4527 virtute
2544 4470 2860 4542 prostravit.
2899 4467 3068 4538 Leges
3102 4479 3318 4535 quoque
3351 4464 3464 4518 Ro-

1875 4581 2084 4631 manas,
2119 4579 2346 4635 quarum
2385 4561 2670 4632 prolixitas
2715 4557 3016 4629 gravabat,
3063 4553 3374 4618 minoravit,
3407 4562 3462 4608 et

1876 4657 2094 4712 inutiles
2139 4653 2504 4709 dissonantias
2573 4649 2810 4705 mirabili
2878 4647 3144 4702 brevitate
3197 4643 3458 4699 correxit.

1873 4745 2124 4803 Extruxit
2169 4760 2382 4815 quoque
2448 4739 2910 4810 Constantinopoli
2970 4737 3266 4807 lemphnu,
3320 4733 3462 4803 quod

1875 4853 2050 4910 grzeco
2083 4835 2341 4890 vocabulo
2381 4832 2558 4904 ’Δγιαν
2585 4832 2762 4902 Σοφίαν
2801 4826 3117 4890 nominavit,
3159 4823 3311 4892 cujus
3330 4838 3466 4891 opus

1876 4929 2012 4983 adeo
2038 4935 2230 4982 cuncta
2277 4924 2505 4979 aediﬁcia
2552 4920 2786 4986 excellit,
2827 4929 2886 4973 ut
2933 4918 2984 4971 in
3016 4915 3144 4970 totis
3177 4923 3474 4970 terrarum,

1877 5019 2064 5090 spatiis
2089 5017 2214 5072 huic
2255 5016 2429 5070 simile
2477 5027 2583 5066 non
2621 5011 2792 5082 possit
2841 5006 3094 5065 inveniri.
3139 5001 3308 5070 llnjus
3335 5011 3471 5055 tem—

1879 5112 2100 5180 poribus
2124 5109 2448 5164 Cassidorus
2473 5107 2642 5159 Roma
2684 5113 2794 5158 tam
2825 5097 3058 5158 seculari
3089 5111 3252 5164 (piam
3284 5094 3468 5148 divina

1877 5200 2101 5256 scientia
2128 5198 2342 5252 claruit.
2369 5198 2469 5253 Hic
2499 5194 2746 5264 primitus
2774 5188 2984 5252 consul,
3024 5183 3214 5240 deinde
3231 5191 3468 5247 senator,

1886 5291 1954 5345 ad
2005 5297 2306 5345 extremum
2351 5285 2649 5344 monachus
2691 5282 2940 5339 eﬁicitur.
2989 5277 3174 5330 Roma:
3217 5272 3472 5328 Dionisus

1886 5385 2020 5438 abba
2047 5379 2328 5453 paschales
2358 5377 2548 5436 scribit
2577 5361 2828 5430 circulos.
2885 5353 3074 5439 Apud.
3093 5364 3474 5453 Constantino-
