4010 6404
2324 258 2383 279 ιιῶι

466 364 534 418 ῃ
1565 338 1933 398 REGINONIS
1975 334 2392 395 PRUMIENSIS
2428 334 2723 411 ABBATIS
3667 335 3739 393 28

467 442 649 528 minus
668 466 865 521 Arator
894 463 1152 518 Romana:
1187 454 1430 512 ecclesia:
1479 452 1861 517 subdiaconus,
1891 460 2050 522 poeta
2079 455 2129 514 Α
2155 447 2482 504 Childeberti
2519 449 2750 519 accepit,
2784 454 2835 503 et
2864 447 3047 505 sedem
3074 448 3313 506 Parisius
3345 450 3552 518 habuit,
3593 450 3738 509 Guno

467 557 756 622 mirabilis,
786 552 1155 625 apostolorum
1193 554 1346 603 actus
1383 544 1629 601 versibus
1649 540 2056 596 exametrisde—

468 654 697 711 curavit.
741 649 912 720 Hujus
956 643 1289 715 temporibus
1334 638 1636 693 Romanam
1685 642 1941 690 rexerant
1966 648 2056 689 ec-

468 747 690 802 clesiam
726 742 1033 803 Iohannes,
1074 735 1358 808 Agapitus,
1384 730 1679 803 Sylverius,
1718 738 1774 785 et
1802 726 2051 799 Vigilius.

470 837 748 912 Sylverius
797 850 827 889 a
868 830 1127 891 Belisario
1167 827 1320 899 jussu
1375 826 1671 888 Theodorm
1717 824 1973 895 Augusta:
2000 821 2053 875 in

382 939 385 942 ’
469 929 692 984 exilimn
726 926 979 989 mittitur,
1010 931 1065 977 et
1103 921 1175 976 ibi
1207 918 1456 973 moritur.
1489 915 1717 985 Vigilius
1745 928 1959 985 quoque
1988 928 2054 967 eo

468 1018 610 1090 quod
657 1016 819 1072 nollet
870 1027 1126 1068 revocare
1163 1009 1511 1071 Anthentutn,
1567 1005 1881 1076 episcopum
1915 1002 2054 1057 Con-

468 1107 1031 1176 stantinopolitanutn,
1060 1119 1091 1157 a
1119 1102 1426 1158 Iustiniano
1470 1098 1523 1152 in
1554 1096 1774 1153 exilium
1798 1095 2051 1159 truditur,

468 1207 754 1256 revocatus
779 1197 848 1251 ab
895 1195 1079 1260 exilio,
1136 1208 1261 1248 eum
1303 1192 1530 1248 Romam
1582 1195 1966 1249 reverteretur,
2001 1186 2053 1239 in

468 1291 655 1347 Sicilia
691 1290 914 1345 civitate
962 1288 1304 1360 Syracusana
1354 1282 1545 1340 calculi
1575 1281 1764 1338 dolore
1800 1279 2049 1348 moritur.

467 1384 716 1455 Pelagius
744 1384 797 1438 in
827 1379 1143 1452 pontiﬁcatu
1200 1376 1459 1454 succedit.
1517 1374 1625 1431 Per
1673 1374 1813 1429 idem
1840 1380 2053 1441 tempus

458 1476 748 1539 ‘Albuinus,
802 1472 942 1527 illius
982 1468 1201 1534 Oduini,
1242 1466 1621 1537 Langobardis
1665 1465 1780 1537 jam
1810 1464 2056 1519 decimus

466 1567 738 1634 imperat,
789 1561 882 1633 qui
944 1560 1109 1615 ﬁliam
1164 1558 1428 1616 Clotharii
1502 1557 1645 1627 regis
1720 1554 2053 1610 Francorum

465 1653 874 1710 Clotbsuindam
902 1652 957 1707 in
986 1650 1388 1706 matrimonium
1418 1647 1626 1703 habuit.
1658 1644 2044 1701 Childebertus

466 1762 562 1803 rex
607 1747 970 1810 Francorum,
1027 1760 1154 1800 cum
1200 1743 1445 1799 exercitu
1491 1738 1803 1811 llispaniam
1861 1737 2048 1802 intrat,

2158 545 2347 595 tranus
2388 552 2612 608 regnum
2637 537 2944 593 Clodomeri
2983 540 3174 605 tenuit,
3216 541 3507 612 sedemque
3537 545 3740 600 consti-

2157 627 2257 683 tuit
2287 627 2617 683 Aurilianus.
2654 627 2919 697 Hilpricus
2949 645 3174 699 regnum
3210 632 3382 701 patris
3413 634 3495 688 sui
3524 632 3740 690 Clotha-

2154 723 2245 788 rii,
2268 722 2582 778 cathedram
2613 722 2923 778 Suessionis
2950 723 3157 779 habuit.
3189 723 3490 796 Sigibertus
3513 743 3741 800 regnum

2154 814 2473 873 Theoderici
2505 813 2689 869 Remis
2709 814 2821 870 sive
2845 814 3002 870 Metis
3026 816 3210 871 sedem
3238 818 3451 876 statuit.
3475 818 3615 875 Huni
3645 822 3740 891 qui

2153 916 2209 963 et
2230 907 2435 963 Avares
2465 916 2739 978 comperta
2789 916 2963 962 morte
2991 908 3274 975 Clotharii,
3307 926 3469 981 super
3500 910 3742 983 Sigiber-

2156 1007 2268 1053 tum
2306 999 2547 1053 inruunt.
2578 998 2786 1066 Quibus
2810 998 2901 1054 ille
2940 999 2992 1053 in
3041 998 3390 1072 Thuringiam
3419 1016 3747 1069 occurrens,

2153 1106 2247 1147 eos
2284 1091 2438 1162 juxta
2487 1090 2707 1146 ﬂuvium
2742 1091 2953 1147 Albiam
3004 1101 3255 1162 potenter
3293 1095 3587 1164 superavit.
3638 1093 3740 1150 llic

2155 1183 2456 1256 Sigibertus
2481 1183 2806 1255 legationem
2848 1184 2900 1237 in
2952 1184 3266 1253 Hispaniam
3298 1185 3518 1240 mittens
3544 1184 3740 1239 Bruni-

2153 1275 2382 1331 childem
2418 1273 2774 1330 Adanachildi
2826 1275 2970 1345 regis
3022 1274 3186 1329 tiliam
3218 1275 3368 1345 petit,
3419 1290 3649 1344 eamque
3683 1275 3739 1330 in

2152 1366 2458 1440 conjugium
2477 1368 2708 1439 accepit,
2730 1365 2798 1424 de
2826 1382 2934 1438 qua
2956 1366 3126 1422 ﬁlium
3150 1366 3488 1422 Childeberti
3520 1367 3741 1423 nomine

2152 1459 2424 1528 suscepit;
2451 1458 2810 1514 Heresbertus
2838 1457 3094 1515 derelicta
3131 1458 3370 1530 legitima
3397 1474 3586 1524 uxore,
3618 1473 3741 1529 quae

2150 1549 2446 1606 vocabatur
2492 1544 2803 1621 lngoberga,
2854 1548 2988 1604 duas
3031 1563 3246 1604 sorores
3283 1548 3641 1604 Marcovefam
3686 1557 3742 1605 et

2153 1640 2529 1707 Meroﬁlidam,
2575 1640 2676 1697 sibi
2716 1641 2768 1695 in
2819 1639 3223 1699 matrimonium
3271 1640 3468 1711 jungit,
3511 1655 3579 1696 ex
3631 1654 3741 1709 quo

2153 1730 2357 1787 scelere
2383 1731 2884 1787 excommunicatus
2913 1737 2997 1786 est
3020 1746 3051 1785 a
3075 1739 3262 1786 sancto
3292 1729 3564 1786 Germano
3585 1730 3743 1785 Pari-

466 1836 795 1891 Amalricum
834 1850 1034 1904 regem,
1083 1833 1250 1889 illium
1295 1832 1516 1896 Alarici,
1550 1832 1603 1887 in
1651 1829 1838 1902 praelio
1867 1829 2048 1885 extin-
2084 1816 2126 1875 Β
2155 1824 2359 1879 siorum
2398 1824 2672 1895 episcopo,
2702 1832 2757 1880 et
2776 1824 2924 1894 justo
2952 1824 3040 1879 Dei
3066 1823 3272 1894 judicio
3304 1838 3596 1892 percussus
3624 1838 3739 1878 mo-

472 1928 609 1999 guit,
641 1925 867 1980 multum
907 1939 1122 1989 aurum,
1176 1932 1232 1979 et
1282 1931 1563 1993 argentum
1617 1922 1742 1976 inde
1787 1927 2050 1989 asportat.

468 2017 742 2072 Clotarius
765 2016 905 2071 ﬁlios
923 2016 1110 2071 fratris
1137 2016 1218 2071 sui
1241 2014 1548 2069 tilodomeri
1581 2012 1759 2068 cultro
1784 2011 2045 2067 corffodit.

468 2109 836 2179 Theodericus
887 2125 980 2164 rex
1020 2107 1270 2172 moritur,
1301 2106 1712 2181 'l'bepdebertus
1764 2106 1905 2160 ﬁlius
1938 2106 2056 2177 ejus

467 2208 589 2270 ροεῑ
618 2215 741 2254 eum
775 2209 983 2272 regnat.

538 2295 694 2347 Anno
724 2294 1020 2348 Dominica:
1050 2291 1441 2348 incarnationis
1461 2290 1564 2346 498
1593 2290 1928 2346 Justinianus
1955 2289 2056 2344 mi-

468 2400 569 2439 nor
615 2386 863 2456 regnavit
915 2400 1089 2441 annos
1134 2386 1219 2440 ll.
1262 2382 1463 2439 Narses
1510 2385 1773 2453 patricius
1820 2382 2053 2438 Totilam

470 2488 652 2546 regem
690 2473 989 2529 Gothorum
1028 2475 1082 2529 in
1121 2473 1272 2529 Italia
1313 2473 1533 2529 occidit.
1565 2473 1707 2527 ldem
1741 2488 1865 2527 cum
1903 2471 2055 2548 duci:

467 2565 571 2621 bus
618 2564 976 2622 Tlteodeberti
1028 2567 1173 2638 regis
1236 2564 1572 2622 Francorum
1629 2563 1947 2630 Bucellino,
2001 2573 2055 2619 et

470 2657 699 2728 Emingo
726 2657 816 2727 qui
839 2657 1051 2712 Italiam
1074 2657 1542 2727 depraedabantur,
1566 2656 1823 2725 pugnavit
1850 2670 2055 2725 eosque

470 2749 763 2805 interfecit.
796 2749 996 2805 Narses
1022 2752 1165 2819 apud
1204 2748 1477 2803 Justinum
1511 2756 1568 2804 et
1616 2746 1734 2816 ejus
1771 2746 2051 2816 conjugem

472 2837 731 2909 Sophiam
758 2847 1045 2893 accusatur
1068 2854 1096 2891 a
1122 2837 1402 2901 Romanis,
1426 2837 1571 2907 quod
1597 2837 1820 2893 servitio
1848 2837 2053 2891 Italiam

470 2938 765 3001 premeret,
798 2939 853 2985 et
897 2930 1083 2985 statim
1139 2929 1413 3000 Longinus
1467 2927 1757 2998 praefectus
1799 2927 2054 2995 mittitur,

471 3021 564 3090 qui
614 3019 857 3075 Narsetis
898 3020 1075 3077 locum
1120 3020 1409 3076 obtineret.
1435 3018 1532 3076 Cui
1563 3019 1706 3073 inter
1725 3029 1919 3074 cmtera
1951 3018 2053 3074 So-

468 3112 621 3182 phia,
660 3112 786 3181 quia
838 3111 1118 3167 eunuchus
1175 3119 1313 3175 erat,
1368 3111 1473 3166 hoc
1518 3109 1691 3165 fertur
1738 3109 2049 3173 mandasse,

2154 1917 2311 1983 ritur,
2336 1925 2391 1971 et
2417 1917 2469 1971 in
2498 1916 2721 1971 basilica
2744 1916 2916 1972 sancti
2945 1914 3172 1969 Romani
3197 1914 3474 1984 sepelitur.
3491 1913 3739 1985 Regnum

2154 2009 2271 2079 ejus
2304 2009 2633 2080 'Sigebertus
2687 2008 2936 2079 arripuit.
2999 2007 3330 2077 lleilpericus
3369 2005 3741 2062 Geilsnindam

2154 2118 2398 2158 sororem
2432 2104 2795 2160 Brunichildis
2844 2103 2897 2157 in
2936 2102 3249 2173 conjugium
3299 2101 3525 2171 accepit,
3575 2115 3743 2170 quam

2154 2210 2326 2265 pauco
2362 2193 2645 2264 interjecto
2687 2202 2955 2263 tempore,
2987 2200 3315 2263 suggerente
3362 2188 3741 2260 Fredegunde,

2155 2289 2209 2344 in
2237 2288 2376 2343 lecto
2405 2286 2783 2359 strangulavit.
2818 2285 3022 2341 Deinde
3057 2285 3396 2339 Audoveram
3426 2284 3667 2354 reginam
3704 2298 3741 2339 a

2155 2394 2214 2434 se
2235 2377 2447 2449 repulit,
2489 2392 2555 2433 eo
2600 2377 2745 2448 quod
2788 2376 3110 2437 adhortante
3151 2373 3530 2445 'Fredegunde,
3571 2372 3741 2427 tiliam

2154 2469 2490 2539 propriam'a
2515 2482 2672 2523 sacro
2701 2466 2849 2521 fonte
2868 2465 3218 2535 suscepisset,
3243 2472 3301 2519 et
3319 2463 3566 2520 eamdem
3607 2461 3742 2519 Fre-

2155 2561 2456 2630 degundem
2485 2559 2589 2615 sibi
2613 2559 2665 2613 in
2695 2557 3104 2613 matrimonium
3143 2555 3342 2628 jungit.
3380 2553 3584 2609 Habuit
3611 2567 3742 2609 vero

2155 2666 2220 2706 ex
2250 2666 2412 2720 supra
2439 2650 2579 2704 dicta
2609 2649 2890 2703 Audovera
2917 2657 3029 2702 tres
3070 2646 3229 2713 ﬁlios,
3277 2646 3739 2708 Theodebertum,

2156 2740 2465 2794 Meroveum
2494 2746 2548 2793 et
2567 2736 2916 2793 Clodoveum.
2941 2734 3351 2793 Theodebertus
3375 2733 3533 2804 jussu
3568 2735 3744 2806 patris

2156 2844 2306 2886 trans
2340 2829 2573 2901 Ligerim
2606 2827 2901 2899 regionem,
2925 2843 3087 2898 quam
3113 2826 3410 2883 avunculus
3434 2823 3551 2895 ejus
3576 2824 3748 2881 Here-

2154 2924 2344 2979 bertus
2374 2930 2640 2983 tenuerat,
2672 2928 2901 2990 occupat
2920 2927 2975 2973 et
2999 2920 3141 2990 apud
3165 2919 3410 2975 Pectavis
3431 2934 3557 2975 eum
3597 2917 3753 2974 Guli-

2156 3011 2315 3066 daldo
2345 3011 2480 3066 duce
2507 3009 2761 3080 Sigibcrti
2793 3009 3037 3074 dimicat,
3070 3024 3302 3078 eumque
3329 3020 3570 3078 superat.
3601 3006 3746 3079 Sigi-

2155 3102 2347 3157 bertus
2401 3115 2525 3155 cum
2576 3100 2818 3155 exercitu
2873 3099 3114 3155 Parisius
3164 3100 3357 3166 venit,
3408 3098 3746 3168 fratremque

470 3174 615 3272 quod
641 3174 764 3258 cum
794 3202 989 3273 puellis
1017 3203 1072 3257 in
1111 3201 1313 3273 genitio
1350 3200 1596 3255 lanarum
1620 3199 1825 3256 faceret
1855 3215 2055 3271 pensas
2081 3174 2125 3236 Ο
2160 3191 2498 3261 ιιοιρθῐίουηι
2546 3190 2690 3246 bello
2733 3190 3062 3261 aggreditur.
3106 3190 3297 3260 inquo
3321 3192 3508 3262 ιπωιίο
3557 3208 3747 3263 supra-

470 3292 733 3349 dividere.
758 3292 839 3348 Ad
872 3295 988 3349 btec
1012 3292 1115 3347 ‘ille
1167 3292 1462 3363 respondit,
1494 3292 1657 3347 talem
1712 3308 1773 3349 se
1813 3292 1863 3348 ei
1896 3292 2055 3348 telam

476 3383 804 3449 orditnrum,
832 3383 1047 3453 qualem
1077 3383 1216 3453 ipsa,
1242 3383 1367 3439 dum
1395 3382 1621 3448 viveret,
1651 3382 1923 3453 deponere
1950 3396 2057 3436 non

473 3482 690 3543 posset;
724 3473 1020 3543 statimque
1048 3473 1194 3543 genti
1231 3469 1713 3543 Langobardorum
1744 3472 1965 3525 mandat
1993 3479 2053 3524 nt

472 3564 798 3618 venirentet
824 3564 1166 3634 possiderent
1189 3563 1420 3618 Italiam.
1470 3561 1749 3619 Iohannes
1778 3578 1916 3633 papa
1952 3561 2059 3616 Ro—

474 3668 691 3708 manam
732 3653 1019 3709 ecclesiam
1050 3653 1211 3724 regit.
1238 3653 1618 3709 Childebertus
1660 3661 1712 3708 et
1750 3651 2059 3708 Clotharius

476 3761 632 3817 reges
658 3761 781 3800 cum
813 3745 1056 3800 exercitu
1103 3745 1414 3814 Ilispaniam
1450 3744 1676 3808 intrant,
1703 3742 2057 3814 Caesaraugu-

477 3844 691 3891 stanam
731 3835 1005 3889 civitatem
1049 3835 1315 3890 obsident.
1350 3834 1508 3890 Cives
1561 3834 1733 3890 induti
1761 3834 1952 3889 ciliciis
1983 3842 2063 3888 tu-

478 3928 657 3982 nicam
697 3927 870 3982 sancti
900 3926 1170 3983 Vincentii
1211 3944 1377 3998 super
1416 3943 1631 3982 murum
1669 3927 2062 3982 circumferunt

482 4019 756 4088 Deumque
787 4019 1025 4075 contrito
1047 4018 1233 4075 .corde
1279 4028 1527 4075 exorant.
1561 4019 1737 4089 Reges
1760 4018 1940 4074 divina
1976 4018 2060 4073 in-

478 4111 778 4181 spiratione
830 4111 1176 4167 miseratione
1231 4109 1356 4166 ﬂexi
1418 4111 1757 4167 obsidionem
1825 4110 2060 4166 solvunt.

482 4201 775 4271 Episcopus
829 4199 1072 4271 ejusdem
1126 4200 1366 4257 civitatis
1421 4199 1771 4257 Childeberto
1817 4199 1928 4270 regi
1960 4215 2061 4270 pro

480 4306 709 4346 munere
761 4290 953 4346 stolam
1004 4290 1147 4346 beati
1196 4289 1462 4346 Vincentii
1493 4291 1604 4346 dat.
1659 4291 1787 4347 Inde
1814 4305 1909 4345 rex
1958 4290 2060 4368 Pa-

477 4381 642 4437 risios
654 4372 930 4436 basilicam
949 4381 1001 4435 in
1016 4381 1275 4437 honorem
1293 4382 1438 4437 beati
1455 4381 1722 4436 Vincentii
1738 4380 2033 4437 construxit
2045 4419 2058 4434 .

545 4473 811 4528 Albuinns
829 4489 951 4528 cum
973 4472 1345 4543 Langobardis
1370 4473 1580 4529 Italiam
1612 4474 1839 4530 intravit
1868 4482 1924 4529 et
1955 4473 2058 4531 Gi-

479 4563 677 4620 sulfum
706 4574 953 4635 nepotem
982 4580 1141 4620 suum
1169 4564 1506 4635 Forojulanis
1521 4563 1784 4635 praefecit.
1810 4564 2062 4620 Theode-

480 4654 667 4710 bertus
700 4669 793 4710 rex
822 4653 1030 4709 Italiam
1077 4654 1274 4721 intrat,
1315 4670 1439 4710 cum
1481 4654 1854 4727 Langobardis
1882 4664 2061 4712 certa-

481 4759 605 4800 men
659 4744 778 4811 init,
819 4760 1023 4817 eosque
1069 4755 1311 4818 superat,
1356 4747 1413 4802 in
1450 4745 1738 4803 Franciam
1794 4763 2047 4805 reversus

481 4837 731 4893 moritur.
775 4835 891 4891 Non
938 4838 1104 4894 multo
1151 4849 1275 4909 post
1298 4847 1539 4911 tempore
1563 4838 1938 4896 Childebertus
1968 4857 2062 4896 rex

481 4929 721 4984 Parisinus
762 4931 1012 4996 moritur,
1053 4940 1108 4988 et
1154 4931 1209 4986 in
1260 4933 1539 4988 basilicam
1578 4935 1751 4989 sancti
1786 4934 2063 4990 Vincentii

483 5021 760 5091 scpelitur.
794 5022 979 5092 Regna
1004 5038 1123 5092 quae
1153 5023 1352 5081 fratres
1374 5033 1430 5080 et
1474 5035 1699 5096 nepotes
1738 5035 2055 5095 tenuerant,

486 5109 541 5166 in
563 5111 828 5168 Clotltarii
879 5115 1200 5187 rediguntur
1225 5126 1566 5188 potestatem.

555 5202 651 5258 llis
679 5204 1012 5274 temporibus
1046 5205 1331 5262 Medardus
1378 5207 1663 5278 episcopus
1704 5208 1959 5281 migravit
2001 5209 2069 5265 ad

487 5295 797 5362 Dominum,
841 5311 999 5367 quem
1030 5297 1336 5355 Clotharius
1379 5315 1477 5355 rex
1504 5315 1627 5355 cum
1652 5300 2070 5357 debito-honore

488 5386 796 5445 Suessionis
818 5391 1087 5460 sepelivit.
1110 5391 1239 5448 Post
1249 5391 1362 5447 haec
1378 5392 1685 5448 Clotharius
1699 5409 1793 5449 rex
1816 5394 2066 5460 moritur,

485 5485 541 5532 et
588 5478 642 5533 in
687 5479 966 5536 basilicam
998 5482 1170 5538 sancti
1221 5481 1460 5539 Medardi
1513 5482 1788 5553 sepelitur.
1828 5481 2070 5550 Quatuor

485 5567 583 5626 ﬁlii
596 5568 712 5639 ejus
736 5586 901 5643 regna
922 5572 1064 5629 inter
1083 5589 1141 5633 se
1161 5574 1480 5632 diviserunt.
1505 5573 1819 5631 Heribertus
1845 5589 2067 5646 regnum

2161 3281 2338 3337 dietus
2386 3281 2796 3337 Theodobertus
2843 3281 3115 3336 occubuit.
3164 3280 3480 3352 Ilelpericus
3527 3281 3744 3354 fugiens

2160 3390 2282 3430 cum
2303 3388 2470 3430 uxore
2489 3383 2544 3431 et
2570 3374 2694 3429 ﬁliis
2720 3373 3046 3430 Tomiacum
3080 3373 3355 3444 ingressus
3389 3378 3547 3440 "est,
3564 3376 3747 3446 ibique

2160 3481 2219 3522 se
2239 3465 2611 3522 communivit.
2638 3467 2808 3534 Quem
2833 3481 2955 3521 cum
3006 3465 3310 3536 Sigibertus
3350 3468 3534 3539 ibique
3560 3483 3748 3538 perse-

2160 3563 2438 3626 queretur,
2466 3556 2589 3611 dolo
2636 3555 3004 3627 Fredeguudis
3030 3556 3230 3627 reginae
3271 3571 3303 3609 a
3327 3556 3537 3613 duobus
3563 3558 3752 3629 pueris

2160 3649 2279 3719 ejus
2324 3648 2665 3703 interﬁcitur.
2715 3647 2887 3715 Quem
2943 3646 3140 3703 fratres
3194 3647 3247 3702 in
3298 3648 3523 3704 basilica
3571 3650 3753 3705 sancti.

2162 3742 2400 3799 Medardi
2428 3741 2712 3812 sepeliunt.
2749 3741 2826 3796 Ea
2875 3748 3194 3812 tempestate
3222 3739 3587 3798 Brunichildis
3614 3757 3742 3796 cum

2161 3834 2273 3889 ﬁlio
2295 3834 2472 3890 adhuc
2514 3834 2737 3905 parvulo
2763 3832 3005 3889 Parisius
3051 3833 3386 3888 morabatur.
3433 3833 3747 3890 Gundaldus

2162 3926 2291 3992 dux,
2338 3927 2731 3996 apprehensum
2774 3940 3000 3997 puerum
3050 3934 3206 3981 nocte
3235 3925 3469 3983 latenter
3508 3925 3753 3998 aufugit,

2163 4032 2394 4088 eumque
2432 4018 2486 4072 in
2511 4032 2735 4087 regnum
2774 4025 3063 4087 paternum
3092 4018 3415 4088 reportavit.
3435 4017 3750 4087 Eademque

2162 4109 2525 4165 Brunichildis
2554 4108 2948 4180 Rothomagum
2984 4109 3040 4163 in
3077 4108 3299 4164 exilium
3350 4110 3603 4174 mittitur,
3653 4108 3750 4167 ubi

2162 4203 2387 4258 veniens
2410 4201 2712 4268 Merovens,
2743 4201 2884 4256 ﬁlius
2911 4200 3167 4271 Helprici,
3190 4215 3317 4282 9am
3342 4201 3446 4256 sibi
3474 4201 3530 4256 in
3563 4200 3751 4271 conju-

2164 4294 2310 4366 gium
2337 4293 2581 4350 sociavit.
2613 4292 2693 4347 Ex
2714 4308 2820 4362 qua
2841 4306 3004 4358 causa
3027 4298 3213 4361 postea
3234 4306 3265 4344 a
3288 4301 3441 4361 patre
3465 4290 3749 4358 adtonsus,

2166 4383 2463 4439 monachus
2489 4382 2738 4447 efﬁcitur,
2771 4388 2826 4436 et
2862 4382 3146 4452 presbyter
3188 4382 3489 4437 ordinatur.
3544 4380 3752 4436 Eodem

2169 4483 2413 4545 tempore
2457 4482 2679 4530 sanctus
2718 4472 3021 4529 Germanus
3072 4471 3407 4528 Parisiorum
3464 4471 3754 4543 episcOpus

2170 4569 2238 4624 ad
2269 4569 2555 4624 Dominum
2585 4566 2798 4632 transit,
2827 4575 2883 4621 et
2904 4566 2958 4620 in
2984 4565 3265 4621 basilicam
3288 4562 3749 4620 sanetiVincentii

2168 4660 2445 4730 sepelitur.
2476 4658 2854 4716 Childebertus
2877 4666 3106 4712 matrem
3139 4654 3546 4710 Brunichildem
3575 4652 3763 4724 requi-

2168 4752 2259 4817 rit,
2298 4767 2459 4821 quam
2492 4749 2807 4821 Ilelpericus
2830 4746 3242 4816 redderejubet,
3270 4745 3751 4816 Narsespatricius

2170 4841 2238 4897 de
2262 4839 2612 4911 Campaniam
2636 4840 2863 4895 Romam
2881 4838 3246 4908 venit,ibique
3268 4838 3534 4903 moritur;
3558 4851 3755 4906 corpus

2170 4934 2287 5004 ejus
2314 4933 2368 4988 in
2417 4932 2606 4988 locello
2655 4930 2904 5002 plumbeo
2939 4945 3062 4985 cum
3090 4929 3343 4985 omnibus
3388 4929 3589 4984 divitiis
3637 4927 3759 4996 ejus

2169 5022 2693 5095 Constantinopolim
2748 5021 3010 5092 perlatum
3071 5029 3175 5078 est.
3238 5020 3562 5075 Benedictus
3614 5034 3764 5090 papa.

2171 5114 2472 5171 Romanam
2501 5114 2782 5170 ecclesiam
2804 5113 3088 5184 gubernat.
3128 5111 3461 5167 Fortunatus
3496 5121 3655 5182 poeta
3700 5112 3755 5166 in

2170 5206 2358 5262 Galliis
2408 5206 2634 5276 insignis
2660 5205 2912 5279 habetur,
2940 5201 3033 5274 qui
3077 5212 3236 5260 natus
3262 5203 3481 5275 quidem
3526 5203 3579 5257 in
3610 5203 3763 5268 loco,

2171 5299 2262 5368 qui
2294 5297 2530 5369 Duplalis
2549 5297 2725 5352 dictus
2754 5295 2871 5360 fuit,
2898 5295 2989 5365 qui
3008 5294 3160 5351 locus
3189 5294 3335 5349 haud
3360 5294 3516 5365 longe
3543 5308 3571 5347 a
3597 5292 3759 5348 Ceni-

2176 5389 2317 5445 tensi
2347 5396 2527 5446 castro
2545 5388 2632 5444 vel
2658 5387 2974 5444 Tarvisiana
3006 5385 3172 5442 distat
3192 5385 3432 5450 civitate,
3453 5384 3548 5439 sed
3575 5390 3759 5438 tamen

2177 5481 2230 5535 in
2247 5480 2502 5535 Ravenna
2520 5479 2756 5535 nutritus
2769 5489 2824 5534 et
2838 5479 3047 5542 doctus,
3065 5476 3117 5533 in
3139 5485 3257 5533 arte
3273 5473 3622 5549 grammatica
3642 5473 3761 5529 sive

2178 5574 2446 5631 rhetorica
2473 5590 2566 5631 seu
2597 5573 2820 5632 metrica
2844 5572 3182 5629 clarissimus
3204 5571 3407 5627 existit.
3433 5567 3537 5637 Qui
3573 5580 3762 5624 amore

1912 5662 2146 5720 VARIA‘J
2181 5663 2582 5722 LECTIONES.

558 5774 609 5812 ⁸³
631 5732 946 5849 Helperieus
967 5777 1178 5853 fugiens
1187 5793 1311 5836 cum
1323 5792 1492 5835 uxore
1510 5785 1564 5833 et
1577 5775 1725 5843 ﬁliis,
1739 5775 1964 5834 Albinus
1983 5775 2268 5847 episcopus
2288 5775 2596 5848 Andegavis
2612 5774 2791 5832 clarus
2806 5772 3059 5841 habetur,
3073 5771 3395 5830 Torniacum
3409 5770 3689 5843 ingressus
3705 5768 3757 5823 ι.
