  <div class='ocr_page' id='page_1' title='image "/cluster/home/n/w/nwhite01/storage/ocr_20150623/132/hvd.32044015471733/020.png"; bbox 0 0 3958 5612; ppageno 0'>
   <div class='ocr_carea' id='block_1_1' title="bbox 272 333 3556 434">
    <p class='ocr_par' dir='ltr' id='par_1_1' title="bbox 272 333 3556 434">
     <span class='ocr_line' id='line_1_1' title="bbox 272 333 3556 434; baseline -0.005 0"><span class='ocrx_word' id='word_1_1' title='bbox 272 375 350 434; x_wconf 76' lang='lat'><strong>29</strong></span> <span class='ocrx_word' id='word_1_2' title='bbox 609 333 614 338; x_wconf 56' lang='grc'><strong>’</strong></span> <span class='ocrx_word' id='word_1_3' title='bbox 1515 361 1930 422; x_wconf 78' lang='lat' dir='ltr'><strong>CIIRONICON.</strong></span> <span class='ocrx_word' id='word_1_4' title='bbox 1972 393 2042 404; x_wconf 80' lang='grc'><strong>-.</strong></span> <span class='ocrx_word' id='word_1_5' title='bbox 2081 360 2191 416; x_wconf 81' lang='lat' dir='ltr'><strong>AN.</strong></span> <span class='ocrx_word' id='word_1_6' title='bbox 2229 359 2483 418; x_wconf 75' lang='lat' dir='ltr'><strong>sio-517.</strong></span> <span class='ocrx_word' id='word_1_7' title='bbox 3477 359 3556 416; x_wconf 78' lang='lat'><strong>:50</strong></span> 
     </span>
    </p>
   </div>
   <div class='ocr_carea' id='block_1_2' title="bbox 281 480 3550 574">
    <p class='ocr_par' dir='ltr' id='par_1_2' title="bbox 281 480 3550 574">
     <span class='ocr_line' id='line_1_2' title="bbox 281 480 3550 574; baseline -0.007 -27"><span class='ocrx_word' id='word_1_8' title='bbox 281 487 458 548; x_wconf 89' lang='lat' dir='ltr'><strong>sancti</strong></span> <span class='ocrx_word' id='word_1_9' title='bbox 489 487 706 544; x_wconf 77' lang='lat' dir='ltr'><strong>Martini</strong></span> <span class='ocrx_word' id='word_1_10' title='bbox 739 485 792 542; x_wconf 90' lang='lat' dir='ltr'><strong>in</strong></span> <span class='ocrx_word' id='word_1_11' title='bbox 817 485 1020 542; x_wconf 86' lang='lat' dir='ltr'><strong>Gallias</strong></span> <span class='ocrx_word' id='word_1_12' title='bbox 1051 483 1342 572; x_wconf 76' lang='lat' dir='ltr'><strong>transiens,</strong></span> <span class='ocrx_word' id='word_1_13' title='bbox 1367 482 1568 574; x_wconf 58' lang='lat' dir='ltr'><strong>.primo</strong></span> <span class='ocrx_word' id='word_1_14' title='bbox 1608 480 1858 542; x_wconf 86' lang='lat' dir='ltr'><strong>Turonis,</strong></span> <span class='ocrx_word' id='word_1_15' title='bbox 1891 486 1940 546; x_wconf 71' lang='grc' dir='ltr'><strong>Α</strong></span> <span class='ocrx_word' id='word_1_16' title='bbox 1969 499 2183 540; x_wconf 78' lang='lat' dir='ltr'><strong>manam</strong></span> <span class='ocrx_word' id='word_1_17' title='bbox 2229 483 2364 553; x_wconf 79' lang='lat' dir='ltr'><strong>regit</strong></span> <span class='ocrx_word' id='word_1_18' title='bbox 2397 480 2702 548; x_wconf 75' lang='lat' dir='ltr'><strong>ecclesiam,</strong></span> <span class='ocrx_word' id='word_1_19' title='bbox 2751 483 2840 552; x_wconf 81' lang='lat' dir='ltr'><strong>qui</strong></span> <span class='ocrx_word' id='word_1_20' title='bbox 2867 483 3072 554; x_wconf 65' lang='lat' dir='ltr'><strong>absque</strong></span> <span class='ocrx_word' id='word_1_21' title='bbox 3118 481 3360 552; x_wconf 68' lang='lat' dir='ltr'><strong>iussione</strong></span> <span class='ocrx_word' id='word_1_22' title='bbox 3405 483 3550 553; x_wconf 71' lang='grc' dir='ltr'>ιιι-εει.</span> 
     </span>
    </p>
   </div>
   <div class='ocr_carea' id='block_1_3' title="bbox 281 561 1866 646">
    <p class='ocr_par' dir='ltr' id='par_1_3' title="bbox 281 561 1866 646">
     <span class='ocr_line' id='line_1_3' title="bbox 281 561 1866 646; baseline -0.008 -9"><span class='ocrx_word' id='word_1_23' title='bbox 281 582 476 638; x_wconf 89' lang='lat' dir='ltr'><strong>deinde</strong></span> <span class='ocrx_word' id='word_1_24' title='bbox 507 579 744 635; x_wconf 88' lang='lat' dir='ltr'><strong>Pictavis</strong></span> <span class='ocrx_word' id='word_1_25' title='bbox 763 576 1048 642; x_wconf 71' lang='lat' dir='ltr'><strong>habitavit,</strong></span> <span class='ocrx_word' id='word_1_26' title='bbox 1097 561 1149 629; x_wconf 78' lang='lat' dir='ltr'><strong>in</strong></span> <span class='ocrx_word' id='word_1_27' title='bbox 1192 589 1296 646; x_wconf 88' lang='lat' dir='ltr'><strong>qua</strong></span> <span class='ocrx_word' id='word_1_28' title='bbox 1335 561 1554 628; x_wconf 56' lang='lat' dir='ltr'><strong>ci‘vitate</strong></span> <span class='ocrx_word' id='word_1_29' title='bbox 1579 571 1866 642; x_wconf 82' lang='lat' dir='ltr'><strong>episcopus</strong></span> 
     </span>
    </p>
   </div>
   <div class='ocr_carea' id='block_1_4' title="bbox 283 672 690 728">
    <p class='ocr_par' dir='ltr' id='par_1_4' title="bbox 283 672 690 728">
     <span class='ocr_line' id='line_1_4' title="bbox 283 672 690 728; baseline -0.01 0"><span class='ocrx_word' id='word_1_30' title='bbox 283 672 567 728; x_wconf 87' lang='lat' dir='ltr'><strong>ordinatus</strong></span> <span class='ocrx_word' id='word_1_31' title='bbox 589 677 690 724; x_wconf 90' lang='lat' dir='ltr'><strong>est.</strong></span> 
     </span>
    </p>
   </div>
   <div class='ocr_carea' id='block_1_5' title="bbox 351 752 1868 830">
    <p class='ocr_par' dir='ltr' id='par_1_5' title="bbox 351 752 1868 830">
     <span class='ocr_line' id='line_1_5' title="bbox 351 752 1868 830; baseline -0.011 -8"><span class='ocrx_word' id='word_1_32' title='bbox 351 766 619 822; x_wconf 85' lang='lat' dir='ltr'><strong>Albuiuus</strong></span> <span class='ocrx_word' id='word_1_33' title='bbox 659 778 754 818; x_wconf 87' lang='lat' dir='ltr'><strong>rex</strong></span> <span class='ocrx_word' id='word_1_34' title='bbox 791 777 914 817; x_wconf 91' lang='lat' dir='ltr'><strong>cum</strong></span> <span class='ocrx_word' id='word_1_35' title='bbox 963 757 1332 830; x_wconf 88' lang='lat' dir='ltr'><strong>Langobardis</strong></span> <span class='ocrx_word' id='word_1_36' title='bbox 1370 755 1696 820; x_wconf 68' lang='lat' dir='ltr'><strong>Tarviéium,</strong></span> <span class='ocrx_word' id='word_1_37' title='bbox 1741 752 1868 807; x_wconf 82' lang='lat' dir='ltr'><strong>Vin-</strong></span> 
     </span>
    </p>
   </div>
   <div class='ocr_carea' id='block_1_6' title="bbox 280 843 1868 921">
    <p class='ocr_par' dir='ltr' id='par_1_6' title="bbox 280 843 1868 921">
     <span class='ocr_line' id='line_1_6' title="bbox 280 843 1868 921; baseline -0.009 -10"><span class='ocrx_word' id='word_1_38' title='bbox 280 857 537 920; x_wconf 88' lang='lat' dir='ltr'><strong>eentiam,</strong></span> <span class='ocrx_word' id='word_1_39' title='bbox 569 853 965 921; x_wconf 79' lang='lat' dir='ltr'><strong>Veronamque,</strong></span> <span class='ocrx_word' id='word_1_40' title='bbox 1002 859 1056 905; x_wconf 91' lang='lat' dir='ltr'><strong>et</strong></span> <span class='ocrx_word' id='word_1_41' title='bbox 1089 849 1326 918; x_wconf 86' lang='lat' dir='ltr'><strong>reliquas</strong></span> <span class='ocrx_word' id='word_1_42' title='bbox 1351 845 1594 900; x_wconf 75' lang='lat' dir='ltr'><strong>Venetia:</strong></span> <span class='ocrx_word' id='word_1_43' title='bbox 1624 843 1868 898; x_wconf 88' lang='lat' dir='ltr'><strong>civitates</strong></span> 
     </span>
    </p>
   </div>
   <div class='ocr_carea' id='block_1_7' title="bbox 279 931 1865 1016">
    <p class='ocr_par' dir='ltr' id='par_1_7' title="bbox 279 931 1865 1016">
     <span class='ocr_line' id='line_1_7' title="bbox 279 931 1865 1016; baseline -0.011 -15"><span class='ocrx_word' id='word_1_44' title='bbox 279 947 448 1016; x_wconf 87' lang='lat' dir='ltr'><strong>capit.</strong></span> <span class='ocrx_word' id='word_1_45' title='bbox 479 945 682 1000; x_wconf 88' lang='lat' dir='ltr'><strong>Deinde</strong></span> <span class='ocrx_word' id='word_1_46' title='bbox 709 941 1002 1014; x_wconf 82' lang='lat' dir='ltr'><strong>[Liguriam</strong></span> <span class='ocrx_word' id='word_1_47' title='bbox 1028 941 1303 1010; x_wconf 87' lang='lat' dir='ltr'><strong>ingressus</strong></span> <span class='ocrx_word' id='word_1_48' title='bbox 1325 935 1680 990; x_wconf 82' lang='lat' dir='ltr'><strong>Mediolanum</strong></span> <span class='ocrx_word' id='word_1_49' title='bbox 1704 931 1865 1002; x_wconf 88' lang='lat' dir='ltr'><strong>cepit,</strong></span> 
     </span>
    </p>
   </div>
   <div class='ocr_carea' id='block_1_8' title="bbox 279 1023 1869 1110">
    <p class='ocr_par' dir='ltr' id='par_1_8' title="bbox 279 1023 1869 1110">
     <span class='ocr_line' id='line_1_8' title="bbox 279 1023 1869 1110; baseline -0.01 -19"><span class='ocrx_word' id='word_1_50' title='bbox 279 1036 358 1110; x_wconf 77' lang='lat' dir='ltr'><strong>et]</strong></span> <span class='ocrx_word' id='word_1_51' title='bbox 385 1051 576 1091; x_wconf 91' lang='lat' dir='ltr'><strong>omnes</strong></span> <span class='ocrx_word' id='word_1_52' title='bbox 603 1033 837 1105; x_wconf 78' lang='lat' dir='ltr'><strong>Liguriae</strong></span> <span class='ocrx_word' id='word_1_53' title='bbox 863 1033 1132 1088; x_wconf 77' lang='lat' dir='ltr'><strong>civitates.</strong></span> <span class='ocrx_word' id='word_1_54' title='bbox 1175 1027 1477 1083; x_wconf 84' lang='lat' dir='ltr'><strong>&#39;l‘icinensis</strong></span> <span class='ocrx_word' id='word_1_55' title='bbox 1499 1025 1690 1081; x_wconf 84' lang='lat' dir='ltr'><strong>civitas</strong></span> <span class='ocrx_word' id='word_1_56' title='bbox 1727 1023 1869 1077; x_wconf 88' lang='lat' dir='ltr'><strong>ultra</strong></span> 
     </span>
    </p>
   </div>
   <div class='ocr_carea' id='block_1_9' title="bbox 281 1115 1870 1194">
    <p class='ocr_par' dir='ltr' id='par_1_9' title="bbox 281 1115 1870 1194">
     <span class='ocr_line' id='line_1_9' title="bbox 281 1115 1870 1194; baseline -0.011 -9"><span class='ocrx_word' id='word_1_57' title='bbox 281 1141 398 1186; x_wconf 87' lang='lat' dir='ltr'><strong>tres</strong></span> <span class='ocrx_word' id='word_1_58' title='bbox 448 1143 620 1183; x_wconf 89' lang='lat' dir='ltr'><strong>annos</strong></span> <span class='ocrx_word' id='word_1_59' title='bbox 668 1126 1003 1182; x_wconf 90' lang='lat' dir='ltr'><strong>obsidionem</strong></span> <span class='ocrx_word' id='word_1_60' title='bbox 1049 1120 1328 1194; x_wconf 82' lang='lat' dir='ltr'><strong>perferens</strong></span> <span class='ocrx_word' id='word_1_61' title='bbox 1383 1115 1752 1186; x_wconf 81' lang='lat' dir='ltr'><strong>Langobardis</strong></span> <span class='ocrx_word' id='word_1_62' title='bbox 1811 1127 1870 1168; x_wconf 90' lang='lat' dir='ltr'><strong>se</strong></span> 
     </span>
    </p>
   </div>
   <div class='ocr_carea' id='block_1_10' title="bbox 280 1211 1871 1286">
    <p class='ocr_par' dir='ltr' id='par_1_10' title="bbox 280 1211 1871 1286">
     <span class='ocr_line' id='line_1_10' title="bbox 280 1211 1871 1286; baseline -0.012 -12"><span class='ocrx_word' id='word_1_63' title='bbox 280 1220 524 1282; x_wconf 80' lang='lat' dir='ltr'><strong>tradidit,</strong></span> <span class='ocrx_word' id='word_1_64' title='bbox 554 1231 848 1286; x_wconf 90' lang='lat' dir='ltr'><strong>omnesque</strong></span> <span class='ocrx_word' id='word_1_65' title='bbox 877 1215 1124 1269; x_wconf 82' lang='lat' dir='ltr'><strong>civitates</strong></span> <span class='ocrx_word' id='word_1_66' title='bbox 1154 1211 1322 1265; x_wconf 91' lang='lat' dir='ltr'><strong>armis</strong></span> <span class='ocrx_word' id='word_1_67' title='bbox 1345 1214 1627 1279; x_wconf 87' lang='lat' dir='ltr'><strong>ceperunt,</strong></span> <span class='ocrx_word' id='word_1_68' title='bbox 1673 1212 1871 1274; x_wconf 72' lang='lat' dir='ltr'><strong>prrctcr</strong></span> 
     </span>
    </p>
   </div>
   <div class='ocr_carea' id='block_1_11' title="bbox 281 1299 1872 1369">
    <p class='ocr_par' dir='ltr' id='par_1_11' title="bbox 281 1299 1872 1369">
     <span class='ocr_line' id='line_1_11' title="bbox 281 1299 1872 1369; baseline -0.011 -7"><span class='ocrx_word' id='word_1_69' title='bbox 281 1309 514 1362; x_wconf 82' lang='lat' dir='ltr'><strong>Romam</strong></span> <span class='ocrx_word' id='word_1_70' title='bbox 541 1317 594 1362; x_wconf 92' lang='lat' dir='ltr'><strong>et</strong></span> <span class='ocrx_word' id='word_1_71' title='bbox 623 1307 962 1367; x_wconf 76' lang='lat' dir='ltr'><strong>Ravennam,</strong></span> <span class='ocrx_word' id='word_1_72' title='bbox 989 1303 1074 1358; x_wconf 90' lang='lat' dir='ltr'><strong>vel</strong></span> <span class='ocrx_word' id='word_1_73' title='bbox 1112 1301 1290 1369; x_wconf 85' lang='lat' dir='ltr'><strong>aliqua</strong></span> <span class='ocrx_word' id='word_1_74' title='bbox 1331 1307 1508 1354; x_wconf 89' lang='lat' dir='ltr'><strong>castra</strong></span> <span class='ocrx_word' id='word_1_75' title='bbox 1549 1309 1667 1364; x_wconf 60' lang='lat' dir='ltr'><strong>qua:</strong></span> <span class='ocrx_word' id='word_1_76' title='bbox 1713 1299 1872 1348; x_wconf 88' lang='lat' dir='ltr'><strong>erant</strong></span> 
     </span>
    </p>
   </div>
   <div class='ocr_carea' id='block_1_12' title="bbox 281 1385 1869 1459">
    <p class='ocr_par' dir='ltr' id='par_1_12' title="bbox 281 1385 1869 1459">
     <span class='ocr_line' id='line_1_12' title="bbox 281 1385 1869 1459; baseline -0.011 -4"><span class='ocrx_word' id='word_1_77' title='bbox 281 1401 337 1455; x_wconf 92' lang='lat' dir='ltr'><strong>in</strong></span> <span class='ocrx_word' id='word_1_78' title='bbox 387 1400 555 1454; x_wconf 91' lang='lat' dir='ltr'><strong>maris</strong></span> <span class='ocrx_word' id='word_1_79' title='bbox 606 1398 762 1452; x_wconf 88' lang='lat' dir='ltr'><strong>litore</strong></span> <span class='ocrx_word' id='word_1_80' title='bbox 805 1396 1116 1451; x_wconf 86' lang='lat' dir='ltr'><strong>constituta.</strong></span> <span class='ocrx_word' id='word_1_81' title='bbox 1175 1391 1438 1446; x_wconf 83' lang='lat' dir='ltr'><strong>Albuinus</strong></span> <span class='ocrx_word' id='word_1_82' title='bbox 1479 1395 1764 1459; x_wconf 83' lang='lat' dir='ltr'><strong>postquam</strong></span> <span class='ocrx_word' id='word_1_83' title='bbox 1817 1385 1869 1439; x_wconf 92' lang='lat' dir='ltr'><strong>in</strong></span> 
     </span>
    </p>
   </div>
   <div class='ocr_carea' id='block_1_13' title="bbox 279 1479 1872 1555">
    <p class='ocr_par' dir='ltr' id='par_1_13' title="bbox 279 1479 1872 1555">
     <span class='ocr_line' id='line_1_13' title="bbox 279 1479 1872 1555; baseline -0.01 -9"><span class='ocrx_word' id='word_1_84' title='bbox 279 1491 434 1546; x_wconf 89' lang='lat' dir='ltr'><strong>Italia</strong></span> <span class='ocrx_word' id='word_1_85' title='bbox 466 1501 576 1545; x_wconf 90' lang='lat' dir='ltr'><strong>tres</strong></span> <span class='ocrx_word' id='word_1_86' title='bbox 603 1505 772 1544; x_wconf 90' lang='lat' dir='ltr'><strong>annos</strong></span> <span class='ocrx_word' id='word_1_87' title='bbox 794 1497 848 1542; x_wconf 83' lang='lat' dir='ltr'><strong>et</strong></span> <span class='ocrx_word' id='word_1_88' title='bbox 875 1503 968 1542; x_wconf 83' lang='lat' dir='ltr'><strong>sex</strong></span> <span class='ocrx_word' id='word_1_89' title='bbox 997 1501 1208 1542; x_wconf 84' lang='lat' dir='ltr'><strong>menses</strong></span> <span class='ocrx_word' id='word_1_90' title='bbox 1237 1483 1502 1555; x_wconf 78' lang='lat' dir='ltr'><strong>regnavit,</strong></span> <span class='ocrx_word' id='word_1_91' title='bbox 1527 1479 1740 1534; x_wconf 89' lang='lat' dir='ltr'><strong>insidiis</strong></span> <span class='ocrx_word' id='word_1_92' title='bbox 1761 1491 1872 1532; x_wconf 69' lang='lat' dir='ltr'><strong>suae</strong></span> 
     </span>
    </p>
   </div>
   <div class='ocr_carea' id='block_1_14' title="bbox 285 1573 1870 1654">
    <p class='ocr_par' dir='ltr' id='par_1_14' title="bbox 285 1573 1870 1654">
     <span class='ocr_line' id='line_1_14' title="bbox 285 1573 1870 1654; baseline -0.009 -15"><span class='ocrx_word' id='word_1_93' title='bbox 285 1583 524 1654; x_wconf 85' lang='lat' dir='ltr'><strong>conjugis</strong></span> <span class='ocrx_word' id='word_1_94' title='bbox 578 1583 926 1652; x_wconf 87' lang='lat' dir='ltr'><strong>interemptus</strong></span> <span class='ocrx_word' id='word_1_95' title='bbox 969 1589 1070 1635; x_wconf 87' lang='lat' dir='ltr'><strong>est.</strong></span> <span class='ocrx_word' id='word_1_96' title='bbox 1113 1579 1399 1648; x_wconf 82' lang='lat' dir='ltr'><strong>Elmigisus</strong></span> <span class='ocrx_word' id='word_1_97' title='bbox 1441 1575 1533 1645; x_wconf 86' lang='lat' dir='ltr'><strong>qui</strong></span> <span class='ocrx_word' id='word_1_98' title='bbox 1579 1573 1870 1628; x_wconf 79' lang='lat' dir='ltr'><strong>Albuinnm</strong></span> 
     </span>
    </p>
   </div>
   <div class='ocr_carea' id='block_1_15' title="bbox 291 1666 1874 1744">
    <p class='ocr_par' dir='ltr' id='par_1_15' title="bbox 291 1666 1874 1744">
     <span class='ocr_line' id='line_1_15' title="bbox 291 1666 1874 1744; baseline -0.009 -12"><span class='ocrx_word' id='word_1_99' title='bbox 291 1677 570 1742; x_wconf 80' lang='lat' dir='ltr'><strong>occiderat.</strong></span> <span class='ocrx_word' id='word_1_100' title='bbox 603 1691 725 1730; x_wconf 89' lang='lat' dir='ltr'><strong>cum</strong></span> <span class='ocrx_word' id='word_1_101' title='bbox 755 1673 1082 1730; x_wconf 79' lang='lat' dir='ltr'><strong>Rosimunda</strong></span> <span class='ocrx_word' id='word_1_102' title='bbox 1105 1675 1292 1744; x_wconf 82' lang='lat' dir='ltr'><strong>regina</strong></span> <span class='ocrx_word' id='word_1_103' title='bbox 1315 1671 1624 1726; x_wconf 76' lang='lat' dir='ltr'><strong>Ravennam</strong></span> <span class='ocrx_word' id='word_1_104' title='bbox 1647 1666 1710 1722; x_wconf 88' lang='lat' dir='ltr'><strong>ad</strong></span> <span class='ocrx_word' id='word_1_105' title='bbox 1732 1666 1874 1720; x_wconf 90' lang='lat' dir='ltr'><strong>Lou-</strong></span> 
     </span>
    </p>
   </div>
   <div class='ocr_carea' id='block_1_16' title="bbox 289 1755 1868 1839">
    <p class='ocr_par' dir='ltr' id='par_1_16' title="bbox 289 1755 1868 1839">
     <span class='ocr_line' id='line_1_16' title="bbox 289 1755 1868 1839; baseline -0.008 -17"><span class='ocrx_word' id='word_1_106' title='bbox 289 1769 466 1839; x_wconf 89' lang='lat' dir='ltr'><strong>ginum</strong></span> <span class='ocrx_word' id='word_1_107' title='bbox 495 1765 810 1837; x_wconf 72' lang='lat' dir='ltr'><strong>przefectum</strong></span> <span class='ocrx_word' id='word_1_108' title='bbox 839 1764 992 1836; x_wconf 82' lang='lat' dir='ltr'><strong>fugit,</strong></span> <span class='ocrx_word' id='word_1_109' title='bbox 1025 1763 1280 1819; x_wconf 87' lang='lat' dir='ltr'><strong>auferens</strong></span> <span class='ocrx_word' id='word_1_110' title='bbox 1300 1777 1485 1818; x_wconf 79' lang='lat' dir='ltr'><strong>secum</strong></span> <span class='ocrx_word' id='word_1_111' title='bbox 1531 1755 1868 1814; x_wconf 78' lang='lat' dir='ltr'><strong>Albisindam</strong></span> 
     </span>
    </p>
   </div>
   <div class='ocr_carea' id='block_1_17' title="bbox 1971 578 3552 650">
    <p class='ocr_par' dir='ltr' id='par_1_17' title="bbox 1971 578 3552 650">
     <span class='ocr_line' id='line_1_17' title="bbox 1971 578 3552 650; baseline -0.003 -15"><span class='ocrx_word' id='word_1_112' title='bbox 1971 581 2106 650; x_wconf 89' lang='lat' dir='ltr'><strong>cipis</strong></span> <span class='ocrx_word' id='word_1_113' title='bbox 2127 579 2406 635; x_wconf 88' lang='lat' dir='ltr'><strong>ordinatus</strong></span> <span class='ocrx_word' id='word_1_114' title='bbox 2431 586 2531 638; x_wconf 88' lang='lat' dir='ltr'><strong>est.</strong></span> <span class='ocrx_word' id='word_1_115' title='bbox 2565 593 2630 632; x_wconf 88' lang='lat' dir='ltr'><strong>eo</strong></span> <span class='ocrx_word' id='word_1_116' title='bbox 2651 579 2792 649; x_wconf 89' lang='lat' dir='ltr'><strong>quod</strong></span> <span class='ocrx_word' id='word_1_117' title='bbox 2821 578 3159 650; x_wconf 81' lang='lat' dir='ltr'><strong>Langobardi</strong></span> <span class='ocrx_word' id='word_1_118' title='bbox 3189 579 3418 632; x_wconf 79' lang='lat' dir='ltr'><strong>Romam</strong></span> <span class='ocrx_word' id='word_1_119' title='bbox 3453 579 3552 632; x_wconf 77' lang='lat' dir='ltr'><strong>ob-</strong></span> 
     </span>
    </p>
   </div>
   <div class='ocr_carea' id='block_1_18' title="bbox 1969 668 3554 740">
    <p class='ocr_par' dir='ltr' id='par_1_18' title="bbox 1969 668 3554 740">
     <span class='ocr_line' id='line_1_18' title="bbox 1969 668 3554 740; baseline -0.001 -16"><span class='ocrx_word' id='word_1_120' title='bbox 1969 671 2224 732; x_wconf 86' lang='lat' dir='ltr'><strong>siderent,</strong></span> <span class='ocrx_word' id='word_1_121' title='bbox 2257 683 2356 724; x_wconf 83' lang='lat' dir='ltr'><strong>nec</strong></span> <span class='ocrx_word' id='word_1_122' title='bbox 2377 676 2562 738; x_wconf 89' lang='lat' dir='ltr'><strong>posset</strong></span> <span class='ocrx_word' id='word_1_123' title='bbox 2587 670 2876 738; x_wconf 87' lang='lat' dir='ltr'><strong>quisquam</strong></span> <span class='ocrx_word' id='word_1_124' title='bbox 2903 669 3174 740; x_wconf 77' lang='lat' dir='ltr'><strong>progredi.</strong></span> <span class='ocrx_word' id='word_1_125' title='bbox 3236 668 3554 736; x_wconf 85' lang='lat' dir='ltr'><strong>llelpericus</strong></span> 
     </span>
    </p>
   </div>
   <div class='ocr_carea' id='block_1_19' title="bbox 1969 759 3549 832">
    <p class='ocr_par' dir='ltr' id='par_1_19' title="bbox 1969 759 3549 832">
     <span class='ocr_line' id='line_1_19' title="bbox 1969 759 3549 832; baseline -0.004 -14"><span class='ocrx_word' id='word_1_126' title='bbox 1969 778 2064 818; x_wconf 82' lang='lat' dir='ltr'><strong>rex</strong></span> <span class='ocrx_word' id='word_1_127' title='bbox 2091 762 2480 832; x_wconf 87' lang='lat' dir='ltr'><strong>descriptiones</strong></span> <span class='ocrx_word' id='word_1_128' title='bbox 2507 775 2674 815; x_wconf 88' lang='lat' dir='ltr'><strong>novas</strong></span> <span class='ocrx_word' id='word_1_129' title='bbox 2709 776 2804 830; x_wconf 90' lang='lat' dir='ltr'><strong>per</strong></span> <span class='ocrx_word' id='word_1_130' title='bbox 2843 761 3129 816; x_wconf 83' lang='lat' dir='ltr'><strong>consilium</strong></span> <span class='ocrx_word' id='word_1_131' title='bbox 3179 759 3549 830; x_wconf 85' lang='lat' dir='ltr'><strong>Frcdegundis</strong></span> 
     </span>
    </p>
   </div>
   <div class='ocr_carea' id='block_1_20' title="bbox 1969 849 3540 922">
    <p class='ocr_par' dir='ltr' id='par_1_20' title="bbox 1969 849 3540 922">
     <span class='ocr_line' id='line_1_20' title="bbox 1969 849 3540 922; baseline -0.004 -14"><span class='ocrx_word' id='word_1_132' title='bbox 1969 855 2024 908; x_wconf 88' lang='lat' dir='ltr'><strong>in</strong></span> <span class='ocrx_word' id='word_1_133' title='bbox 2047 854 2192 908; x_wconf 92' lang='lat' dir='ltr'><strong>omni</strong></span> <span class='ocrx_word' id='word_1_134' title='bbox 2229 867 2394 922; x_wconf 87' lang='lat' dir='ltr'><strong>regno</strong></span> <span class='ocrx_word' id='word_1_135' title='bbox 2432 867 2529 908; x_wconf 89' lang='lat' dir='ltr'><strong>suo</strong></span> <span class='ocrx_word' id='word_1_136' title='bbox 2561 849 2709 914; x_wconf 84' lang='lat' dir='ltr'><strong>facit,</strong></span> <span class='ocrx_word' id='word_1_137' title='bbox 2759 859 2818 904; x_wconf 88' lang='lat' dir='ltr'><strong>ut</strong></span> <span class='ocrx_word' id='word_1_138' title='bbox 2849 852 3219 920; x_wconf 88' lang='lat' dir='ltr'><strong>unusquisque</strong></span> <span class='ocrx_word' id='word_1_139' title='bbox 3255 864 3540 920; x_wconf 85' lang='lat' dir='ltr'><strong>possessor</strong></span> 
     </span>
    </p>
   </div>
   <div class='ocr_carea' id='block_1_21' title="bbox 1971 939 3539 1014">
    <p class='ocr_par' dir='ltr' id='par_1_21' title="bbox 1971 939 3539 1014">
     <span class='ocr_line' id='line_1_21' title="bbox 1971 939 3539 1014; baseline -0.005 -16"><span class='ocrx_word' id='word_1_140' title='bbox 1971 943 2036 998; x_wconf 90' lang='lat' dir='ltr'><strong>de</strong></span> <span class='ocrx_word' id='word_1_141' title='bbox 2059 943 2276 1014; x_wconf 91' lang='lat' dir='ltr'><strong>propria</strong></span> <span class='ocrx_word' id='word_1_142' title='bbox 2301 951 2462 1004; x_wconf 85' lang='lat' dir='ltr'><strong>terra,</strong></span> <span class='ocrx_word' id='word_1_143' title='bbox 2495 941 2559 996; x_wconf 90' lang='lat' dir='ltr'><strong>de</strong></span> <span class='ocrx_word' id='word_1_144' title='bbox 2583 955 2690 994; x_wconf 90' lang='lat' dir='ltr'><strong>uno</strong></span> <span class='ocrx_word' id='word_1_145' title='bbox 2715 955 2952 1010; x_wconf 89' lang='lat' dir='ltr'><strong>arpenne</strong></span> <span class='ocrx_word' id='word_1_146' title='bbox 3007 955 3169 993; x_wconf 89' lang='lat' dir='ltr'><strong>unam</strong></span> <span class='ocrx_word' id='word_1_147' title='bbox 3224 939 3539 1008; x_wconf 84' lang='lat' dir='ltr'><strong>amphoram</strong></span> 
     </span>
    </p>
   </div>
   <div class='ocr_carea' id='block_1_22' title="bbox 1970 1029 3552 1103">
    <p class='ocr_par' dir='ltr' id='par_1_22' title="bbox 1970 1029 3552 1103">
     <span class='ocr_line' id='line_1_22' title="bbox 1970 1029 3552 1103; baseline -0.004 -15"><span class='ocrx_word' id='word_1_148' title='bbox 1970 1035 2080 1088; x_wconf 89' lang='lat' dir='ltr'><strong>vini</strong></span> <span class='ocrx_word' id='word_1_149' title='bbox 2117 1034 2181 1088; x_wconf 87' lang='lat' dir='ltr'><strong>ad</strong></span> <span class='ocrx_word' id='word_1_150' title='bbox 2217 1040 2424 1103; x_wconf 89' lang='lat' dir='ltr'><strong>partem</strong></span> <span class='ocrx_word' id='word_1_151' title='bbox 2455 1031 2599 1100; x_wconf 87' lang='lat' dir='ltr'><strong>regis</strong></span> <span class='ocrx_word' id='word_1_152' title='bbox 2643 1032 2816 1094; x_wconf 88' lang='lat' dir='ltr'><strong>daret,</strong></span> <span class='ocrx_word' id='word_1_153' title='bbox 2856 1039 2910 1085; x_wconf 90' lang='lat' dir='ltr'><strong>et</strong></span> <span class='ocrx_word' id='word_1_154' title='bbox 2961 1031 3026 1084; x_wconf 91' lang='lat' dir='ltr'><strong>de</strong></span> <span class='ocrx_word' id='word_1_155' title='bbox 3077 1029 3266 1100; x_wconf 89' lang='lat' dir='ltr'><strong>jngere</strong></span> <span class='ocrx_word' id='word_1_156' title='bbox 3313 1029 3552 1084; x_wconf 85' lang='lat' dir='ltr'><strong>modium</strong></span> 
     </span>
    </p>
   </div>
   <div class='ocr_carea' id='block_1_23' title="bbox 1971 1120 3556 1194">
    <p class='ocr_par' dir='ltr' id='par_1_23' title="bbox 1971 1120 3556 1194">
     <span class='ocr_line' id='line_1_23' title="bbox 1971 1120 3556 1194; baseline -0.004 -16"><span class='ocrx_word' id='word_1_157' title='bbox 1971 1140 2135 1180; x_wconf 90' lang='lat' dir='ltr'><strong>unum</strong></span> <span class='ocrx_word' id='word_1_158' title='bbox 2161 1144 2176 1190; x_wconf 89' lang='lat'><strong>;</strong></span> <span class='ocrx_word' id='word_1_159' title='bbox 2205 1123 2347 1178; x_wconf 88' lang='lat' dir='ltr'><strong>unde</strong></span> <span class='ocrx_word' id='word_1_160' title='bbox 2381 1123 2607 1194; x_wconf 88' lang='lat' dir='ltr'><strong>populus</strong></span> <span class='ocrx_word' id='word_1_161' title='bbox 2633 1122 2786 1176; x_wconf 84' lang='lat' dir='ltr'><strong>valde</strong></span> <span class='ocrx_word' id='word_1_162' title='bbox 2812 1137 3102 1192; x_wconf 81' lang='lat' dir='ltr'><strong>oppressus</strong></span> <span class='ocrx_word' id='word_1_163' title='bbox 3153 1120 3556 1176; x_wconf 81' lang='lat' dir='ltr'><strong>vociferabatur</strong></span> 
     </span>
    </p>
   </div>
   <div class='ocr_carea' id='block_1_24' title="bbox 1972 1209 3556 1280">
    <p class='ocr_par' dir='ltr' id='par_1_24' title="bbox 1972 1209 3556 1280">
     <span class='ocr_line' id='line_1_24' title="bbox 1972 1209 3556 1280; baseline -0.007 -7"><span class='ocrx_word' id='word_1_164' title='bbox 1972 1218 2038 1273; x_wconf 86' lang='lat' dir='ltr'><strong>ad</strong></span> <span class='ocrx_word' id='word_1_165' title='bbox 2075 1217 2384 1272; x_wconf 88' lang='lat' dir='ltr'><strong>Dominum.</strong></span> <span class='ocrx_word' id='word_1_166' title='bbox 2442 1213 2654 1268; x_wconf 90' lang='lat' dir='ltr'><strong>Inmisit</strong></span> <span class='ocrx_word' id='word_1_167' title='bbox 2703 1221 2882 1267; x_wconf 89' lang='lat' dir='ltr'><strong>autem</strong></span> <span class='ocrx_word' id='word_1_168' title='bbox 2935 1211 3192 1265; x_wconf 89' lang='lat' dir='ltr'><strong>Dominus</strong></span> <span class='ocrx_word' id='word_1_169' title='bbox 3243 1211 3450 1280; x_wconf 85' lang='lat' dir='ltr'><strong>plagam</strong></span> <span class='ocrx_word' id='word_1_170' title='bbox 3499 1209 3556 1263; x_wconf 92' lang='lat' dir='ltr'><strong>in</strong></span> 
     </span>
    </p>
   </div>
   <div class='ocr_carea' id='block_1_25' title="bbox 1973 1297 3558 1380">
    <p class='ocr_par' dir='ltr' id='par_1_25' title="bbox 1973 1297 3558 1380">
     <span class='ocr_line' id='line_1_25' title="bbox 1973 1297 3558 1380; baseline -0.008 -14"><span class='ocrx_word' id='word_1_171' title='bbox 1973 1312 2132 1366; x_wconf 87' lang='lat' dir='ltr'><strong>domo</strong></span> <span class='ocrx_word' id='word_1_172' title='bbox 2153 1308 2316 1380; x_wconf 87' lang='lat' dir='ltr'><strong>regis,</strong></span> <span class='ocrx_word' id='word_1_173' title='bbox 2346 1317 2402 1364; x_wconf 88' lang='lat' dir='ltr'><strong>et</strong></span> <span class='ocrx_word' id='word_1_174' title='bbox 2429 1307 2543 1378; x_wconf 86' lang='lat' dir='ltr'><strong>ipse</strong></span> <span class='ocrx_word' id='word_1_175' title='bbox 2563 1313 2827 1378; x_wconf 62' lang='lat' dir='ltr'><strong>aegrotare</strong></span> <span class='ocrx_word' id='word_1_176' title='bbox 2851 1304 3036 1374; x_wconf 61' lang='lat' dir='ltr'><strong>caepit,</strong></span> <span class='ocrx_word' id='word_1_177' title='bbox 3079 1311 3132 1356; x_wconf 91' lang='lat' dir='ltr'><strong>et</strong></span> <span class='ocrx_word' id='word_1_178' title='bbox 3171 1302 3276 1355; x_wconf 91' lang='lat' dir='ltr'><strong>duo</strong></span> <span class='ocrx_word' id='word_1_179' title='bbox 3299 1301 3392 1354; x_wconf 88' lang='lat' dir='ltr'><strong>lilii</strong></span> <span class='ocrx_word' id='word_1_180' title='bbox 3440 1297 3558 1368; x_wconf 88' lang='lat' dir='ltr'><strong>ejus</strong></span> 
     </span>
    </p>
   </div>
   <div class='ocr_carea' id='block_1_26' title="bbox 1971 1391 3562 1468">
    <p class='ocr_par' dir='ltr' id='par_1_26' title="bbox 1971 1391 3562 1468">
     <span class='ocr_line' id='line_1_26' title="bbox 1971 1391 3562 1468; baseline -0.008 -10"><span class='ocrx_word' id='word_1_181' title='bbox 1971 1402 2169 1458; x_wconf 90' lang='lat' dir='ltr'><strong>mortui</strong></span> <span class='ocrx_word' id='word_1_182' title='bbox 2209 1409 2354 1456; x_wconf 88' lang='lat' dir='ltr'><strong>sunt.</strong></span> <span class='ocrx_word' id='word_1_183' title='bbox 2397 1399 2510 1454; x_wconf 77' lang='lat' dir='ltr'><strong>[lex</strong></span> <span class='ocrx_word' id='word_1_184' title='bbox 2551 1395 2871 1468; x_wconf 90' lang='lat' dir='ltr'><strong>perterritus</strong></span> <span class='ocrx_word' id='word_1_185' title='bbox 2895 1393 3287 1464; x_wconf 80' lang='lat' dir='ltr'><strong>descriptiones</strong></span> <span class='ocrx_word' id='word_1_186' title='bbox 3307 1391 3562 1447; x_wconf 85' lang='lat' dir='ltr'><strong>combus-</strong></span> 
     </span>
    </p>
   </div>
   <div class='ocr_carea' id='block_1_27' title="bbox 1973 1483 3558 1558">
    <p class='ocr_par' dir='ltr' id='par_1_27' title="bbox 1973 1483 3558 1558">
     <span class='ocr_line' id='line_1_27' title="bbox 1973 1483 3558 1558; baseline -0.009 -11"><span class='ocrx_word' id='word_1_187' title='bbox 1973 1491 2068 1558; x_wconf 90' lang='lat' dir='ltr'><strong>sit,</strong></span> <span class='ocrx_word' id='word_1_188' title='bbox 2099 1499 2154 1547; x_wconf 92' lang='lat' dir='ltr'><strong>et</strong></span> <span class='ocrx_word' id='word_1_189' title='bbox 2180 1491 2436 1546; x_wconf 87' lang='lat' dir='ltr'><strong>tributum</strong></span> <span class='ocrx_word' id='word_1_190' title='bbox 2467 1487 2708 1542; x_wconf 86' lang='lat' dir='ltr'><strong>indulsit.</strong></span> <span class='ocrx_word' id='word_1_191' title='bbox 2743 1487 2871 1542; x_wconf 84' lang='lat' dir='ltr'><strong>Post</strong></span> <span class='ocrx_word' id='word_1_192' title='bbox 2907 1485 3012 1540; x_wconf 89' lang='lat' dir='ltr'><strong>hoc</strong></span> <span class='ocrx_word' id='word_1_193' title='bbox 3041 1483 3296 1554; x_wconf 74' lang='lat' dir='ltr'><strong>cognovit</strong></span> <span class='ocrx_word' id='word_1_194' title='bbox 3333 1494 3558 1536; x_wconf 88' lang='lat' dir='ltr'><strong>uxorem</strong></span> 
     </span>
    </p>
   </div>
   <div class='ocr_carea' id='block_1_28' title="bbox 1973 1573 3568 1656">
    <p class='ocr_par' dir='ltr' id='par_1_28' title="bbox 1973 1573 3568 1656">
     <span class='ocr_line' id='line_1_28' title="bbox 1973 1573 3568 1656; baseline -0.011 -12"><span class='ocrx_word' id='word_1_195' title='bbox 1973 1603 2150 1650; x_wconf 90' lang='lat' dir='ltr'><strong>suam,</strong></span> <span class='ocrx_word' id='word_1_196' title='bbox 2189 1601 2310 1656; x_wconf 69' lang='lat' dir='ltr'><strong>qure</strong></span> <span class='ocrx_word' id='word_1_197' title='bbox 2349 1583 2556 1654; x_wconf 84' lang='lat' dir='ltr'><strong>peperit</strong></span> <span class='ocrx_word' id='word_1_198' title='bbox 2587 1581 2752 1635; x_wconf 88' lang='lat' dir='ltr'><strong>lilium</strong></span> <span class='ocrx_word' id='word_1_199' title='bbox 2780 1621 2793 1644; x_wconf 95' lang='lat'><strong>,</strong></span> <span class='ocrx_word' id='word_1_200' title='bbox 2827 1593 2985 1648; x_wconf 85' lang='lat' dir='ltr'><strong>quem</strong></span> <span class='ocrx_word' id='word_1_201' title='bbox 3021 1575 3311 1648; x_wconf 86' lang='lat' dir='ltr'><strong>appellavit</strong></span> <span class='ocrx_word' id='word_1_202' title='bbox 3343 1573 3568 1628; x_wconf 88' lang='lat' dir='ltr'><strong>Clotha-</strong></span> 
     </span>
    </p>
   </div>
   <div class='ocr_carea' id='block_1_29' title="bbox 1974 1662 3560 1746">
    <p class='ocr_par' dir='ltr' id='par_1_29' title="bbox 1974 1662 3560 1746">
     <span class='ocr_line' id='line_1_29' title="bbox 1974 1662 3560 1746; baseline -0.012 -11"><span class='ocrx_word' id='word_1_203' title='bbox 1974 1681 2136 1736; x_wconf 90' lang='lat' dir='ltr'><strong>rium.</strong></span> <span class='ocrx_word' id='word_1_204' title='bbox 2171 1677 2270 1732; x_wconf 86' lang='lat' dir='ltr'><strong>llic</strong></span> <span class='ocrx_word' id='word_1_205' title='bbox 2293 1675 2396 1731; x_wconf 90' lang='lat' dir='ltr'><strong>fuit</strong></span> <span class='ocrx_word' id='word_1_206' title='bbox 2429 1685 2616 1746; x_wconf 86' lang='lat' dir='ltr'><strong>postea</strong></span> <span class='ocrx_word' id='word_1_207' title='bbox 2663 1689 2758 1728; x_wconf 90' lang='lat' dir='ltr'><strong>rex</strong></span> <span class='ocrx_word' id='word_1_208' title='bbox 2809 1685 3059 1742; x_wconf 83' lang='lat' dir='ltr'><strong>magnus,</strong></span> <span class='ocrx_word' id='word_1_209' title='bbox 3102 1667 3193 1724; x_wconf 87' lang='lat' dir='ltr'><strong>aui</strong></span> <span class='ocrx_word' id='word_1_210' title='bbox 3229 1665 3415 1731; x_wconf 75' lang='lat' dir='ltr'><strong>genuit</strong></span> <span class='ocrx_word' id='word_1_211' title='bbox 3455 1662 3560 1718; x_wconf 84' lang='lat' dir='ltr'><strong>Da-</strong></span> 
     </span>
    </p>
   </div>
   <div class='ocr_carea' id='block_1_30' title="bbox 1973 1771 2276 1844">
    <p class='ocr_par' dir='ltr' id='par_1_30' title="bbox 1973 1771 2276 1844">
     <span class='ocr_line' id='line_1_30' title="bbox 1973 1771 2276 1844; baseline -0.013 -20"><span class='ocrx_word' id='word_1_212' title='bbox 1973 1771 2276 1844; x_wconf 87' lang='lat' dir='ltr'><strong>gohertum.</strong></span> 
     </span>
    </p>
   </div>
   <div class='ocr_carea' id='block_1_31' title="bbox 285 1849 3568 1946">
    <p class='ocr_par' dir='ltr' id='par_1_31' title="bbox 285 1849 3568 1946">
     <span class='ocr_line' id='line_1_31' title="bbox 285 1849 3568 1946; baseline -0.008 -18"><span class='ocrx_word' id='word_1_213' title='bbox 285 1856 446 1910; x_wconf 56' lang='lat' dir='ltr'><strong>mia?“</strong></span> <span class='ocrx_word' id='word_1_214' title='bbox 475 1857 618 1926; x_wconf 65' lang='lat' dir='ltr'><strong>regis</strong></span> <span class='ocrx_word' id='word_1_215' title='bbox 643 1863 700 1910; x_wconf 72' lang='grc' dir='ltr'>θι</span> <span class='ocrx_word' id='word_1_216' title='bbox 728 1869 943 1910; x_wconf 68' lang='lat' dir='ltr'><strong>omnem</strong></span> <span class='ocrx_word' id='word_1_217' title='bbox 991 1853 1478 1934; x_wconf 60' lang='lat' dir='ltr'><strong>Langobardorum</strong></span> <span class='ocrx_word' id='word_1_218' title='bbox 1528 1849 1866 1910; x_wconf 57' lang='lat' dir='ltr'><strong>thesauri‘m:</strong></span> <span class='ocrx_word' id='word_1_219' title='bbox 1899 1886 1944 1946; x_wconf 71' lang='grc' dir='ltr'><strong>Β</strong></span> <span class='ocrx_word' id='word_1_220' title='bbox 2041 1864 2198 1918; x_wconf 81' lang='lat' dir='ltr'><strong>Anno</strong></span> <span class='ocrx_word' id='word_1_221' title='bbox 2249 1859 2542 1916; x_wconf 74' lang='lat' dir='ltr'><strong>Dominicze</strong></span> <span class='ocrx_word' id='word_1_222' title='bbox 2587 1856 2974 1912; x_wconf 84' lang='lat' dir='ltr'><strong>incarnationis</strong></span> <span class='ocrx_word' id='word_1_223' title='bbox 3010 1855 3114 1910; x_wconf 79' lang='lat' dir='ltr'><strong>5l7</strong></span> <span class='ocrx_word' id='word_1_224' title='bbox 3152 1850 3432 1906; x_wconf 87' lang='lat' dir='ltr'><strong>Mauritius</strong></span> <span class='ocrx_word' id='word_1_225' title='bbox 3480 1863 3568 1903; x_wconf 80' lang='lat' dir='ltr'><strong>re—</strong></span> 
     </span>
    </p>
   </div>
   <div class='ocr_carea' id='block_1_32' title="bbox 281 1939 1862 2016">
    <p class='ocr_par' dir='ltr' id='par_1_32' title="bbox 281 1939 1862 2016">
     <span class='ocr_line' id='line_1_32' title="bbox 281 1939 1862 2016; baseline -0.006 -15"><span class='ocrx_word' id='word_1_226' title='bbox 281 1949 372 2002; x_wconf 90' lang='lat' dir='ltr'><strong>ubi</strong></span> <span class='ocrx_word' id='word_1_227' title='bbox 405 1951 564 2002; x_wconf 86' lang='lat' dir='ltr'><strong>ambo</strong></span> <span class='ocrx_word' id='word_1_228' title='bbox 607 1963 816 2002; x_wconf 89' lang='lat' dir='ltr'><strong>veneno</strong></span> <span class='ocrx_word' id='word_1_229' title='bbox 845 1947 1142 2016; x_wconf 85' lang='lat' dir='ltr'><strong>perierunt.</strong></span> <span class='ocrx_word' id='word_1_230' title='bbox 1185 1944 1458 2016; x_wconf 88' lang='lat' dir='ltr'><strong>Longinus</strong></span> <span class='ocrx_word' id='word_1_231' title='bbox 1503 1939 1862 2004; x_wconf 82' lang='lat' dir='ltr'><strong>Albisindam,</strong></span> 
     </span>
    </p>
   </div>
   <div class='ocr_carea' id='block_1_33' title="bbox 281 2029 1870 2108">
    <p class='ocr_par' dir='ltr' id='par_1_33' title="bbox 281 2029 1870 2108">
     <span class='ocr_line' id='line_1_33' title="bbox 281 2029 1870 2108; baseline -0.005 -16"><span class='ocrx_word' id='word_1_232' title='bbox 281 2039 448 2093; x_wconf 85' lang='lat' dir='ltr'><strong>ﬁliam</strong></span> <span class='ocrx_word' id='word_1_233' title='bbox 483 2039 719 2102; x_wconf 79' lang='lat' dir='ltr'><strong>Albuini,</strong></span> <span class='ocrx_word' id='word_1_234' title='bbox 751 2053 873 2092; x_wconf 90' lang='lat' dir='ltr'><strong>cum</strong></span> <span class='ocrx_word' id='word_1_235' title='bbox 907 2037 1382 2108; x_wconf 78' lang='lat' dir='ltr'><strong>Langobardorum</strong></span> <span class='ocrx_word' id='word_1_236' title='bbox 1413 2031 1682 2088; x_wconf 83' lang='lat' dir='ltr'><strong>thesauris</strong></span> <span class='ocrx_word' id='word_1_237' title='bbox 1727 2029 1870 2085; x_wconf 88' lang='lat' dir='ltr'><strong>Con-</strong></span> 
     </span>
    </p>
   </div>
   <div class='ocr_carea' id='block_1_34' title="bbox 278 2125 1870 2200">
    <p class='ocr_par' dir='ltr' id='par_1_34' title="bbox 278 2125 1870 2200">
     <span class='ocr_line' id='line_1_34' title="bbox 278 2125 1870 2200; baseline -0.005 -16"><span class='ocrx_word' id='word_1_238' title='bbox 278 2131 688 2200; x_wconf 79' lang='lat' dir='ltr'><strong>stantinOpolim</strong></span> <span class='ocrx_word' id='word_1_239' title='bbox 719 2130 916 2200; x_wconf 83' lang='lat' dir='ltr'><strong>dirigit.</strong></span> <span class='ocrx_word' id='word_1_240' title='bbox 945 2129 1284 2200; x_wconf 84' lang='lat' dir='ltr'><strong>Langobardi</strong></span> <span class='ocrx_word' id='word_1_241' title='bbox 1327 2127 1526 2182; x_wconf 88' lang='lat' dir='ltr'><strong>Gallias</strong></span> <span class='ocrx_word' id='word_1_242' title='bbox 1557 2125 1870 2196; x_wconf 87' lang='lat' dir='ltr'><strong>ingrediun-</strong></span> 
     </span>
    </p>
   </div>
   <div class='ocr_carea' id='block_1_35' title="bbox 279 2216 1870 2290">
    <p class='ocr_par' dir='ltr' id='par_1_35' title="bbox 279 2216 1870 2290">
     <span class='ocr_line' id='line_1_35' title="bbox 279 2216 1870 2290; baseline -0.003 -16"><span class='ocrx_word' id='word_1_243' title='bbox 279 2230 390 2275; x_wconf 86' lang='lat' dir='ltr'><strong>tur.</strong></span> <span class='ocrx_word' id='word_1_244' title='bbox 423 2222 622 2276; x_wconf 84' lang='lat' dir='ltr'><strong>Hornm</strong></span> <span class='ocrx_word' id='word_1_245' title='bbox 654 2222 942 2276; x_wconf 76' lang='lat' dir='ltr'><strong>adventura</strong></span> <span class='ocrx_word' id='word_1_246' title='bbox 969 2221 1052 2276; x_wconf 82' lang='lat' dir='ltr'><strong>vir</strong></span> <span class='ocrx_word' id='word_1_247' title='bbox 1101 2220 1196 2276; x_wconf 87' lang='lat' dir='ltr'><strong>Dei</strong></span> <span class='ocrx_word' id='word_1_248' title='bbox 1253 2219 1534 2290; x_wconf 79' lang='lat' dir='ltr'><strong>llospicius</strong></span> <span class='ocrx_word' id='word_1_249' title='bbox 1590 2218 1678 2288; x_wconf 89' lang='lat' dir='ltr'><strong>qui</strong></span> <span class='ocrx_word' id='word_1_250' title='bbox 1731 2216 1870 2286; x_wconf 86' lang='lat' dir='ltr'><strong>apud</strong></span> 
     </span>
    </p>
   </div>
   <div class='ocr_carea' id='block_1_36' title="bbox 277 2307 1870 2377">
    <p class='ocr_par' dir='ltr' id='par_1_36' title="bbox 277 2307 1870 2377">
     <span class='ocr_line' id='line_1_36' title="bbox 277 2307 1870 2377; baseline -0.004 -11"><span class='ocrx_word' id='word_1_251' title='bbox 277 2311 502 2368; x_wconf 85' lang='lat' dir='ltr'><strong>Niceam</strong></span> <span class='ocrx_word' id='word_1_252' title='bbox 533 2322 652 2366; x_wconf 88' lang='lat' dir='ltr'><strong>erat</strong></span> <span class='ocrx_word' id='word_1_253' title='bbox 675 2312 972 2376; x_wconf 86' lang='lat' dir='ltr'><strong>inclausus,</strong></span> <span class='ocrx_word' id='word_1_254' title='bbox 996 2319 1182 2366; x_wconf 88' lang='lat' dir='ltr'><strong>sancto</strong></span> <span class='ocrx_word' id='word_1_255' title='bbox 1209 2311 1310 2365; x_wconf 87' lang='lat' dir='ltr'><strong>sibi</strong></span> <span class='ocrx_word' id='word_1_256' title='bbox 1341 2310 1612 2364; x_wconf 88' lang='lat' dir='ltr'><strong>revelanle</strong></span> <span class='ocrx_word' id='word_1_257' title='bbox 1641 2307 1870 2377; x_wconf 88' lang='lat' dir='ltr'><strong>Spiritu,</strong></span> 
     </span>
    </p>
   </div>
   <div class='ocr_carea' id='block_1_37' title="bbox 277 2397 1872 2472">
    <p class='ocr_par' dir='ltr' id='par_1_37' title="bbox 277 2397 1872 2472">
     <span class='ocr_line' id='line_1_37' title="bbox 277 2397 1872 2472; baseline -0.004 -17"><span class='ocrx_word' id='word_1_258' title='bbox 277 2402 444 2472; x_wconf 87' lang='lat' dir='ltr'><strong>longe</strong></span> <span class='ocrx_word' id='word_1_259' title='bbox 497 2409 622 2454; x_wconf 88' lang='lat' dir='ltr'><strong>ante</strong></span> <span class='ocrx_word' id='word_1_260' title='bbox 661 2401 926 2470; x_wconf 63' lang='lat' dir='ltr'><strong>praevidit,</strong></span> <span class='ocrx_word' id='word_1_261' title='bbox 975 2400 1170 2468; x_wconf 89' lang='lat' dir='ltr'><strong>quibus</strong></span> <span class='ocrx_word' id='word_1_262' title='bbox 1213 2400 1449 2453; x_wconf 82' lang='lat' dir='ltr'><strong>occurrit</strong></span> <span class='ocrx_word' id='word_1_263' title='bbox 1497 2399 1724 2451; x_wconf 79' lang='lat' dir='ltr'><strong>Amatus</strong></span> <span class='ocrx_word' id='word_1_264' title='bbox 1767 2397 1872 2450; x_wconf 83' lang='lat' dir='ltr'><strong>dux</strong></span> 
     </span>
    </p>
   </div>
   <div class='ocr_carea' id='block_1_38' title="bbox 277 2485 1878 2560">
    <p class='ocr_par' dir='ltr' id='par_1_38' title="bbox 277 2485 1878 2560">
     <span class='ocr_line' id='line_1_38' title="bbox 277 2485 1878 2560; baseline -0.004 -14"><span class='ocrx_word' id='word_1_265' title='bbox 277 2491 614 2546; x_wconf 81' lang='lat' dir='ltr'><strong>Guntramni</strong></span> <span class='ocrx_word' id='word_1_266' title='bbox 657 2490 820 2560; x_wconf 89' lang='lat' dir='ltr'><strong>regis,</strong></span> <span class='ocrx_word' id='word_1_267' title='bbox 849 2497 906 2544; x_wconf 89' lang='lat' dir='ltr'><strong>et</strong></span> <span class='ocrx_word' id='word_1_268' title='bbox 936 2489 1240 2544; x_wconf 72' lang='lat' dir='ltr'><strong>commisso.</strong></span> <span class='ocrx_word' id='word_1_269' title='bbox 1260 2487 1400 2542; x_wconf 90' lang='lat' dir='ltr'><strong>bello</strong></span> <span class='ocrx_word' id='word_1_270' title='bbox 1429 2503 1458 2542; x_wconf 86' lang='lat' dir='ltr'><strong>a</strong></span> <span class='ocrx_word' id='word_1_271' title='bbox 1505 2485 1878 2558; x_wconf 88' lang='lat' dir='ltr'><strong>Langobardis</strong></span> 
     </span>
    </p>
   </div>
   <div class='ocr_carea' id='block_1_39' title="bbox 281 2577 1874 2653">
    <p class='ocr_par' dir='ltr' id='par_1_39' title="bbox 281 2577 1874 2653">
     <span class='ocr_line' id='line_1_39' title="bbox 281 2577 1874 2653; baseline -0.004 -17"><span class='ocrx_word' id='word_1_272' title='bbox 281 2582 649 2653; x_wconf 88' lang='lat' dir='ltr'><strong>extinguitur.</strong></span> <span class='ocrx_word' id='word_1_273' title='bbox 703 2580 1030 2634; x_wconf 82' lang='lat' dir='ltr'><strong>Mummulus</strong></span> <span class='ocrx_word' id='word_1_274' title='bbox 1061 2580 1113 2634; x_wconf 92' lang='lat' dir='ltr'><strong>in</strong></span> <span class='ocrx_word' id='word_1_275' title='bbox 1145 2580 1319 2634; x_wconf 92' lang='lat' dir='ltr'><strong>locum</strong></span> <span class='ocrx_word' id='word_1_276' title='bbox 1376 2577 1492 2647; x_wconf 81' lang='lat' dir='ltr'><strong>ejus</strong></span> <span class='ocrx_word' id='word_1_277' title='bbox 1533 2579 1874 2647; x_wconf 86' lang='lat' dir='ltr'><strong>subrogatur,</strong></span> 
     </span>
    </p>
   </div>
   <div class='ocr_carea' id='block_1_40' title="bbox 281 2665 1878 2742">
    <p class='ocr_par' dir='ltr' id='par_1_40' title="bbox 281 2665 1878 2742">
     <span class='ocr_line' id='line_1_40' title="bbox 281 2665 1878 2742; baseline -0.004 -17"><span class='ocrx_word' id='word_1_278' title='bbox 281 2673 380 2742; x_wconf 86' lang='lat' dir='ltr'><strong>qui</strong></span> <span class='ocrx_word' id='word_1_279' title='bbox 404 2687 468 2726; x_wconf 86' lang='lat' dir='ltr'><strong>ex</strong></span> <span class='ocrx_word' id='word_1_280' title='bbox 500 2670 868 2740; x_wconf 84' lang='lat' dir='ltr'><strong>Langobardis</strong></span> <span class='ocrx_word' id='word_1_281' title='bbox 897 2670 1095 2725; x_wconf 90' lang='lat' dir='ltr'><strong>multos</strong></span> <span class='ocrx_word' id='word_1_282' title='bbox 1131 2668 1424 2732; x_wconf 69' lang='lat' dir='ltr'><strong>interfecit,</strong></span> <span class='ocrx_word' id='word_1_283' title='bbox 1470 2683 1670 2736; x_wconf 88' lang='lat' dir='ltr'><strong>eosque</strong></span> <span class='ocrx_word' id='word_1_284' title='bbox 1697 2667 1750 2720; x_wconf 91' lang='lat' dir='ltr'><strong>in</strong></span> <span class='ocrx_word' id='word_1_285' title='bbox 1773 2665 1878 2720; x_wconf 86' lang='lat' dir='ltr'><strong>lla-</strong></span> 
     </span>
    </p>
   </div>
   <div class='ocr_carea' id='block_1_41' title="bbox 283 2759 925 2828">
    <p class='ocr_par' dir='ltr' id='par_1_41' title="bbox 283 2759 925 2828">
     <span class='ocr_line' id='line_1_41' title="bbox 283 2759 925 2828; baseline -0.005 -13"><span class='ocrx_word' id='word_1_286' title='bbox 283 2762 416 2816; x_wconf 86' lang='lat' dir='ltr'><strong>Iiam</strong></span> <span class='ocrx_word' id='word_1_287' title='bbox 447 2761 624 2814; x_wconf 91' lang='lat' dir='ltr'><strong>redire</strong></span> <span class='ocrx_word' id='word_1_288' title='bbox 650 2759 925 2828; x_wconf 89' lang='lat' dir='ltr'><strong>compulit.</strong></span> 
     </span>
    </p>
   </div>
   <div class='ocr_carea' id='block_1_42' title="bbox 361 2844 1878 2905">
    <p class='ocr_par' dir='ltr' id='par_1_42' title="bbox 361 2844 1878 2905">
     <span class='ocr_line' id='line_1_42' title="bbox 361 2844 1878 2905; baseline -0.003 -1"><span class='ocrx_word' id='word_1_289' title='bbox 361 2851 516 2905; x_wconf 83' lang='lat' dir='ltr'><strong>Anno</strong></span> <span class='ocrx_word' id='word_1_290' title='bbox 553 2851 845 2905; x_wconf 68' lang='lat' dir='ltr'><strong>Dominicaa</strong></span> <span class='ocrx_word' id='word_1_291' title='bbox 885 2849 1278 2905; x_wconf 87' lang='lat' dir='ltr'><strong>incarnationis</strong></span> <span class='ocrx_word' id='word_1_292' title='bbox 1297 2847 1402 2902; x_wconf 84' lang='grc'><strong>510</strong></span> <span class='ocrx_word' id='word_1_293' title='bbox 1439 2847 1691 2902; x_wconf 88' lang='lat' dir='ltr'><strong>Tiberius</strong></span> <span class='ocrx_word' id='word_1_294' title='bbox 1737 2844 1878 2900; x_wconf 80' lang='lat' dir='ltr'><strong>Con-</strong></span> 
     </span>
    </p>
   </div>
   <div class='ocr_carea' id='block_1_43' title="bbox 291 2935 1880 3009">
    <p class='ocr_par' dir='ltr' id='par_1_43' title="bbox 291 2935 1880 3009">
     <span class='ocr_line' id='line_1_43' title="bbox 291 2935 1880 3009; baseline -0.007 -12"><span class='ocrx_word' id='word_1_295' title='bbox 291 2942 562 2998; x_wconf 87' lang='lat' dir='ltr'><strong>stantinus</strong></span> <span class='ocrx_word' id='word_1_296' title='bbox 593 2942 837 3009; x_wconf 82' lang='lat' dir='ltr'><strong>regnavit</strong></span> <span class='ocrx_word' id='word_1_297' title='bbox 863 2955 1032 2994; x_wconf 86' lang='lat' dir='ltr'><strong>annos</strong></span> <span class='ocrx_word' id='word_1_298' title='bbox 1055 2941 1108 2994; x_wconf 89' lang='lat'><strong>7.</strong></span> <span class='ocrx_word' id='word_1_299' title='bbox 1143 2939 1242 2994; x_wconf 84' lang='lat' dir='ltr'><strong>Hic</strong></span> <span class='ocrx_word' id='word_1_300' title='bbox 1266 2955 1386 2994; x_wconf 89' lang='lat' dir='ltr'><strong>cum</strong></span> <span class='ocrx_word' id='word_1_301' title='bbox 1418 2939 1518 2993; x_wconf 89' lang='lat' dir='ltr'><strong>sub</strong></span> <span class='ocrx_word' id='word_1_302' title='bbox 1545 2936 1758 2991; x_wconf 84' lang='lat' dir='ltr'><strong>Justino</strong></span> <span class='ocrx_word' id='word_1_303' title='bbox 1785 2935 1880 2987; x_wconf 87' lang='lat' dir='ltr'><strong>ad-</strong></span> 
     </span>
    </p>
   </div>
   <div class='ocr_carea' id='block_1_44' title="bbox 291 3025 1880 3112">
    <p class='ocr_par' dir='ltr' id='par_1_44' title="bbox 291 3025 1880 3112">
     <span class='ocr_line' id='line_1_44' title="bbox 291 3025 1880 3112; baseline -0.005 -24"><span class='ocrx_word' id='word_1_304' title='bbox 291 3034 400 3112; x_wconf 86' lang='lat' dir='ltr'><strong>huc</strong></span> <span class='ocrx_word' id='word_1_305' title='bbox 440 3033 653 3087; x_wconf 65' lang='lat' dir='ltr'><strong>Ctesare</strong></span> <span class='ocrx_word' id='word_1_306' title='bbox 703 3031 964 3102; x_wconf 87' lang='lat' dir='ltr'><strong>palatium</strong></span> <span class='ocrx_word' id='word_1_307' title='bbox 1025 3041 1278 3102; x_wconf 89' lang='lat' dir='ltr'><strong>regeret,</strong></span> <span class='ocrx_word' id='word_1_308' title='bbox 1334 3038 1389 3084; x_wconf 90' lang='lat' dir='ltr'><strong>et</strong></span> <span class='ocrx_word' id='word_1_309' title='bbox 1439 3029 1634 3083; x_wconf 91' lang='lat' dir='ltr'><strong>multas</strong></span> <span class='ocrx_word' id='word_1_310' title='bbox 1683 3025 1880 3082; x_wconf 88' lang='lat' dir='ltr'><strong>cotidie</strong></span> 
     </span>
    </p>
   </div>
   <div class='ocr_carea' id='block_1_45' title="bbox 292 3118 1878 3200">
    <p class='ocr_par' dir='ltr' id='par_1_45' title="bbox 292 3118 1878 3200">
     <span class='ocr_line' id='line_1_45' title="bbox 292 3118 1878 3200; baseline -0.008 -18"><span class='ocrx_word' id='word_1_311' title='bbox 292 3127 670 3200; x_wconf 84' lang='lat' dir='ltr'><strong>eleemosyuas</strong></span> <span class='ocrx_word' id='word_1_312' title='bbox 701 3123 926 3189; x_wconf 87' lang='lat' dir='ltr'><strong>faceret,</strong></span> <span class='ocrx_word' id='word_1_313' title='bbox 976 3140 1230 3195; x_wconf 85' lang='lat' dir='ltr'><strong>magnam</strong></span> <span class='ocrx_word' id='word_1_314' title='bbox 1273 3123 1320 3178; x_wconf 90' lang='lat' dir='ltr'><strong>ei</strong></span> <span class='ocrx_word' id='word_1_315' title='bbox 1369 3121 1626 3176; x_wconf 87' lang='lat' dir='ltr'><strong>Dominus</strong></span> <span class='ocrx_word' id='word_1_316' title='bbox 1668 3118 1878 3190; x_wconf 87' lang='lat' dir='ltr'><strong>copiam</strong></span> 
     </span>
    </p>
   </div>
   <div class='ocr_carea' id='block_1_46' title="bbox 294 3213 1878 3285">
    <p class='ocr_par' dir='ltr' id='par_1_46' title="bbox 294 3213 1878 3285">
     <span class='ocr_line' id='line_1_46' title="bbox 294 3213 1878 3285; baseline -0.007 -11"><span class='ocrx_word' id='word_1_317' title='bbox 294 3220 409 3274; x_wconf 90' lang='lat' dir='ltr'><strong>auri</strong></span> <span class='ocrx_word' id='word_1_318' title='bbox 431 3220 873 3274; x_wconf 88' lang='lat' dir='ltr'><strong>subministravit</strong></span> <span class='ocrx_word' id='word_1_319' title='bbox 908 3237 920 3271; x_wconf 92' lang='lat'>:</span> <span class='ocrx_word' id='word_1_320' title='bbox 951 3234 1078 3272; x_wconf 91' lang='lat' dir='ltr'><strong>nam</strong></span> <span class='ocrx_word' id='word_1_321' title='bbox 1118 3215 1474 3273; x_wconf 86' lang='lat' dir='ltr'><strong>deambulans</strong></span> <span class='ocrx_word' id='word_1_322' title='bbox 1500 3230 1596 3285; x_wconf 90' lang='lat' dir='ltr'><strong>per</strong></span> <span class='ocrx_word' id='word_1_323' title='bbox 1618 3213 1878 3284; x_wconf 84' lang='lat' dir='ltr'><strong>palatium</strong></span> 
     </span>
    </p>
   </div>
   <div class='ocr_carea' id='block_1_47' title="bbox 295 3305 1884 3380">
    <p class='ocr_par' dir='ltr' id='par_1_47' title="bbox 295 3305 1884 3380">
     <span class='ocr_line' id='line_1_47' title="bbox 295 3305 1884 3380; baseline -0.006 -16"><span class='ocrx_word' id='word_1_324' title='bbox 295 3311 430 3365; x_wconf 81' lang='lat' dir='ltr'><strong>vidit</strong></span> <span class='ocrx_word' id='word_1_325' title='bbox 483 3311 536 3364; x_wconf 92' lang='lat' dir='ltr'><strong>in</strong></span> <span class='ocrx_word' id='word_1_326' title='bbox 585 3311 894 3380; x_wconf 89' lang='lat' dir='ltr'><strong>pavimento</strong></span> <span class='ocrx_word' id='word_1_327' title='bbox 946 3309 1180 3364; x_wconf 88' lang='lat' dir='ltr'><strong>tabulam</strong></span> <span class='ocrx_word' id='word_1_328' title='bbox 1211 3321 1612 3368; x_wconf 86' lang='lat' dir='ltr'><strong>marmoream,</strong></span> <span class='ocrx_word' id='word_1_329' title='bbox 1663 3305 1716 3358; x_wconf 90' lang='lat' dir='ltr'><strong>in</strong></span> <span class='ocrx_word' id='word_1_330' title='bbox 1775 3317 1884 3374; x_wconf 85' lang='lat' dir='ltr'><strong>qua</strong></span> 
     </span>
    </p>
   </div>
   <div class='ocr_carea' id='block_1_48' title="bbox 297 3392 1884 3468">
    <p class='ocr_par' dir='ltr' id='par_1_48' title="bbox 297 3392 1884 3468">
     <span class='ocr_line' id='line_1_48' title="bbox 297 3392 1884 3468; baseline -0.003 -17"><span class='ocrx_word' id='word_1_331' title='bbox 297 3409 410 3454; x_wconf 88' lang='lat' dir='ltr'><strong>erat</strong></span> <span class='ocrx_word' id='word_1_332' title='bbox 438 3416 570 3454; x_wconf 86' lang='lat' dir='ltr'><strong>crux</strong></span> <span class='ocrx_word' id='word_1_333' title='bbox 602 3401 885 3455; x_wconf 88' lang='lat' dir='ltr'><strong>Dominica</strong></span> <span class='ocrx_word' id='word_1_334' title='bbox 915 3400 1148 3468; x_wconf 88' lang='lat' dir='ltr'><strong>sculpta,</strong></span> <span class='ocrx_word' id='word_1_335' title='bbox 1205 3413 1368 3467; x_wconf 88' lang='lat' dir='ltr'><strong>quam</strong></span> <span class='ocrx_word' id='word_1_336' title='bbox 1417 3397 1540 3451; x_wconf 90' lang='lat' dir='ltr'><strong>inde</strong></span> <span class='ocrx_word' id='word_1_337' title='bbox 1583 3394 1752 3450; x_wconf 87' lang='lat' dir='ltr'><strong>levari</strong></span> <span class='ocrx_word' id='word_1_338' title='bbox 1793 3392 1884 3463; x_wconf 88' lang='lat' dir='ltr'><strong>ju-</strong></span> 
     </span>
    </p>
   </div>
   <div class='ocr_carea' id='block_1_49' title="bbox 303 3485 1880 3559">
    <p class='ocr_par' dir='ltr' id='par_1_49' title="bbox 303 3485 1880 3559">
     <span class='ocr_line' id='line_1_49' title="bbox 303 3485 1880 3559; baseline -0.005 -14"><span class='ocrx_word' id='word_1_339' title='bbox 303 3492 448 3556; x_wconf 89' lang='lat' dir='ltr'><strong>beus,</strong></span> <span class='ocrx_word' id='word_1_340' title='bbox 487 3491 694 3546; x_wconf 87' lang='lat' dir='ltr'><strong>invenit</strong></span> <span class='ocrx_word' id='word_1_341' title='bbox 728 3489 999 3545; x_wconf 84' lang='lat' dir='ltr'><strong>defossum</strong></span> <span class='ocrx_word' id='word_1_342' title='bbox 1031 3505 1282 3559; x_wconf 85' lang='lat' dir='ltr'><strong>magnum</strong></span> <span class='ocrx_word' id='word_1_343' title='bbox 1316 3489 1646 3552; x_wconf 88' lang='lat' dir='ltr'><strong>thesaurum,</strong></span> <span class='ocrx_word' id='word_1_344' title='bbox 1678 3485 1880 3539; x_wconf 83' lang='lat' dir='ltr'><strong>haben-</strong></span> 
     </span>
    </p>
   </div>
   <div class='ocr_carea' id='block_1_50' title="bbox 303 3575 1882 3651">
    <p class='ocr_par' dir='ltr' id='par_1_50' title="bbox 303 3575 1882 3651">
     <span class='ocr_line' id='line_1_50' title="bbox 303 3575 1882 3651; baseline -0.006 -16"><span class='ocrx_word' id='word_1_345' title='bbox 303 3591 401 3637; x_wconf 89' lang='lat' dir='ltr'><strong>tem</strong></span> <span class='ocrx_word' id='word_1_346' title='bbox 435 3597 596 3651; x_wconf 88' lang='lat' dir='ltr'><strong>supra</strong></span> <span class='ocrx_word' id='word_1_347' title='bbox 619 3581 764 3636; x_wconf 89' lang='lat' dir='ltr'><strong>mille</strong></span> <span class='ocrx_word' id='word_1_348' title='bbox 787 3581 902 3636; x_wconf 89' lang='lat' dir='ltr'><strong>auri</strong></span> <span class='ocrx_word' id='word_1_349' title='bbox 930 3581 1263 3636; x_wconf 76' lang='lat' dir='ltr'><strong>centenario.</strong></span> <span class='ocrx_word' id='word_1_350' title='bbox 1314 3579 1454 3633; x_wconf 81' lang='lat' dir='ltr'><strong>Huic</strong></span> <span class='ocrx_word' id='word_1_351' title='bbox 1476 3578 1638 3632; x_wconf 89' lang='lat' dir='ltr'><strong>etiam</strong></span> <span class='ocrx_word' id='word_1_352' title='bbox 1667 3575 1882 3629; x_wconf 85' lang='lat' dir='ltr'><strong>thesau-</strong></span> 
     </span>
    </p>
   </div>
   <div class='ocr_carea' id='block_1_51' title="bbox 296 3665 1882 3744">
    <p class='ocr_par' dir='ltr' id='par_1_51' title="bbox 296 3665 1882 3744">
     <span class='ocr_line' id='line_1_51' title="bbox 296 3665 1882 3744; baseline -0.006 -14"><span class='ocrx_word' id='word_1_353' title='bbox 296 3692 390 3732; x_wconf 89' lang='lat' dir='ltr'><strong>rus</strong></span> <span class='ocrx_word' id='word_1_354' title='bbox 429 3675 672 3731; x_wconf 78' lang='lat' dir='ltr'><strong>Narsetis</strong></span> <span class='ocrx_word' id='word_1_355' title='bbox 704 3691 734 3729; x_wconf 90' lang='lat' dir='ltr'><strong>a</strong></span> <span class='ocrx_word' id='word_1_356' title='bbox 770 3675 1006 3744; x_wconf 84' lang='lat' dir='ltr'><strong>quodam</strong></span> <span class='ocrx_word' id='word_1_357' title='bbox 1051 3687 1220 3738; x_wconf 90' lang='lat' dir='ltr'><strong>sene,</strong></span> <span class='ocrx_word' id='word_1_358' title='bbox 1277 3671 1368 3740; x_wconf 89' lang='lat' dir='ltr'><strong>qui</strong></span> <span class='ocrx_word' id='word_1_359' title='bbox 1417 3685 1540 3724; x_wconf 90' lang='lat' dir='ltr'><strong>eum</strong></span> <span class='ocrx_word' id='word_1_360' title='bbox 1595 3683 1716 3722; x_wconf 87' lang='lat' dir='ltr'><strong>cum</strong></span> <span class='ocrx_word' id='word_1_361' title='bbox 1761 3665 1882 3720; x_wconf 89' lang='lat' dir='ltr'><strong>aliis</strong></span> 
     </span>
    </p>
   </div>
   <div class='ocr_carea' id='block_1_52' title="bbox 295 3757 1878 3832">
    <p class='ocr_par' dir='ltr' id='par_1_52' title="bbox 295 3757 1878 3832">
     <span class='ocr_line' id='line_1_52' title="bbox 295 3757 1878 3832; baseline -0.007 -11"><span class='ocrx_word' id='word_1_362' title='bbox 295 3777 455 3822; x_wconf 70' lang='lat' dir='ltr'><strong>terrm</strong></span> <span class='ocrx_word' id='word_1_363' title='bbox 483 3767 856 3830; x_wconf 85' lang='lat' dir='ltr'><strong>mandaverat,</strong></span> <span class='ocrx_word' id='word_1_364' title='bbox 883 3763 1260 3819; x_wconf 83' lang='lat' dir='ltr'><strong>manifestatus</strong></span> <span class='ocrx_word' id='word_1_365' title='bbox 1288 3771 1390 3828; x_wconf 81' lang='lat' dir='ltr'><strong>cst,</strong></span> <span class='ocrx_word' id='word_1_366' title='bbox 1414 3761 1502 3832; x_wconf 92' lang='lat' dir='ltr'><strong>qui</strong></span> <span class='ocrx_word' id='word_1_367' title='bbox 1535 3769 1718 3814; x_wconf 89' lang='lat' dir='ltr'><strong>tantus</strong></span> <span class='ocrx_word' id='word_1_368' title='bbox 1757 3757 1878 3822; x_wconf 84' lang='lat' dir='ltr'><strong>fuit,</strong></span> 
     </span>
    </p>
   </div>
   <div class='ocr_carea' id='block_1_53' title="bbox 294 3849 1881 3927">
    <p class='ocr_par' dir='ltr' id='par_1_53' title="bbox 294 3849 1881 3927">
     <span class='ocr_line' id='line_1_53' title="bbox 294 3849 1881 3927; baseline -0.006 -17"><span class='ocrx_word' id='word_1_369' title='bbox 294 3857 462 3910; x_wconf 84' lang='lat' dir='ltr'><strong>utvix</strong></span> <span class='ocrx_word' id='word_1_370' title='bbox 493 3873 590 3927; x_wconf 91' lang='lat' dir='ltr'><strong>per</strong></span> <span class='ocrx_word' id='word_1_371' title='bbox 616 3856 816 3910; x_wconf 89' lang='lat' dir='ltr'><strong>multos</strong></span> <span class='ocrx_word' id='word_1_372' title='bbox 859 3859 973 3910; x_wconf 77' lang='lat' dir='ltr'><strong>dies</strong></span> <span class='ocrx_word' id='word_1_373' title='bbox 1018 3855 1254 3910; x_wconf 88' lang='lat' dir='ltr'><strong>cisterna</strong></span> <span class='ocrx_word' id='word_1_374' title='bbox 1301 3855 1352 3908; x_wconf 90' lang='lat' dir='ltr'><strong>in</strong></span> <span class='ocrx_word' id='word_1_375' title='bbox 1398 3867 1502 3922; x_wconf 87' lang='lat' dir='ltr'><strong>qua</strong></span> <span class='ocrx_word' id='word_1_376' title='bbox 1549 3849 1813 3919; x_wconf 89' lang='lat' dir='ltr'><strong>jacuerat,</strong></span> <span class='ocrx_word' id='word_1_377' title='bbox 1851 3863 1881 3902; x_wconf 91' lang='lat' dir='ltr'><strong>a</strong></span> 
     </span>
    </p>
   </div>
   <div class='ocr_carea' id='block_1_54' title="bbox 289 3939 1882 4017">
    <p class='ocr_par' dir='ltr' id='par_1_54' title="bbox 289 3939 1882 4017">
     <span class='ocr_line' id='line_1_54' title="bbox 289 3939 1882 4017; baseline -0.007 -15"><span class='ocrx_word' id='word_1_378' title='bbox 289 3948 702 4017; x_wconf 85' lang='lat' dir='ltr'><strong>deportantibns</strong></span> <span class='ocrx_word' id='word_1_379' title='bbox 727 3945 993 4017; x_wconf 86' lang='lat' dir='ltr'><strong>potuisset</strong></span> <span class='ocrx_word' id='word_1_380' title='bbox 1033 3943 1482 4000; x_wconf 80' lang='lat' dir='ltr'><strong>evacuari.&#39;Huic</strong></span> <span class='ocrx_word' id='word_1_381' title='bbox 1527 3941 1727 4011; x_wconf 87' lang='lat' dir='ltr'><strong>Sophia</strong></span> <span class='ocrx_word' id='word_1_382' title='bbox 1775 3939 1882 3992; x_wconf 85' lang='lat' dir='ltr'><strong>Au-</strong></span> 
     </span>
    </p>
   </div>
   <div class='ocr_carea' id='block_1_55' title="bbox 288 4029 1880 4109">
    <p class='ocr_par' dir='ltr' id='par_1_55' title="bbox 288 4029 1880 4109">
     <span class='ocr_line' id='line_1_55' title="bbox 288 4029 1880 4109; baseline -0.009 -15"><span class='ocrx_word' id='word_1_383' title='bbox 288 4049 452 4109; x_wconf 84' lang='lat' dir='ltr'><strong>gusta</strong></span> <span class='ocrx_word' id='word_1_384' title='bbox 483 4039 707 4095; x_wconf 88' lang='lat' dir='ltr'><strong>insidias</strong></span> <span class='ocrx_word' id='word_1_385' title='bbox 735 4038 1018 4107; x_wconf 84' lang='lat' dir='ltr'><strong>temptavit</strong></span> <span class='ocrx_word' id='word_1_386' title='bbox 1041 4037 1308 4104; x_wconf 89' lang='lat' dir='ltr'><strong>ingerere.</strong></span> <span class='ocrx_word' id='word_1_387' title='bbox 1361 4033 1697 4087; x_wconf 87' lang='lat' dir='ltr'><strong>Procedente</strong></span> <span class='ocrx_word' id='word_1_388' title='bbox 1735 4029 1880 4082; x_wconf 90' lang='lat' dir='ltr'><strong>enim</strong></span> 
     </span>
    </p>
   </div>
   <div class='ocr_carea' id='block_1_56' title="bbox 287 4119 1882 4197">
    <p class='ocr_par' dir='ltr' id='par_1_56' title="bbox 287 4119 1882 4197">
     <span class='ocr_line' id='line_1_56' title="bbox 287 4119 1882 4197; baseline -0.01 -9"><span class='ocrx_word' id='word_1_389' title='bbox 287 4149 354 4188; x_wconf 85' lang='lat' dir='ltr'><strong>eo</strong></span> <span class='ocrx_word' id='word_1_390' title='bbox 382 4131 452 4186; x_wconf 88' lang='lat' dir='ltr'><strong>ad</strong></span> <span class='ocrx_word' id='word_1_391' title='bbox 486 4131 694 4195; x_wconf 88' lang='lat' dir='ltr'><strong>villam,</strong></span> <span class='ocrx_word' id='word_1_392' title='bbox 722 4137 780 4183; x_wconf 90' lang='lat' dir='ltr'><strong>ut</strong></span> <span class='ocrx_word' id='word_1_393' title='bbox 803 4128 958 4197; x_wconf 80' lang='lat' dir='ltr'><strong>juxta</strong></span> <span class='ocrx_word' id='word_1_394' title='bbox 997 4129 1159 4181; x_wconf 90' lang='lat' dir='ltr'><strong>ritum</strong></span> <span class='ocrx_word' id='word_1_395' title='bbox 1210 4123 1541 4193; x_wconf 89' lang='lat' dir='ltr'><strong>imperialem</strong></span> <span class='ocrx_word' id='word_1_396' title='bbox 1584 4121 1653 4176; x_wconf 77' lang='lat'><strong>30</strong></span> <span class='ocrx_word' id='word_1_397' title='bbox 1695 4119 1882 4174; x_wconf 88' lang='lat' dir='ltr'><strong>diebus</strong></span> 
     </span>
    </p>
   </div>
   <div class='ocr_carea' id='block_1_57' title="bbox 287 4211 1886 4292">
    <p class='ocr_par' dir='ltr' id='par_1_57' title="bbox 287 4211 1886 4292">
     <span class='ocr_line' id='line_1_57' title="bbox 287 4211 1886 4292; baseline -0.01 -15"><span class='ocrx_word' id='word_1_398' title='bbox 287 4226 356 4279; x_wconf 88' lang='lat' dir='ltr'><strong>ad</strong></span> <span class='ocrx_word' id='word_1_399' title='bbox 382 4223 712 4278; x_wconf 88' lang='lat' dir='ltr'><strong>vindemiam</strong></span> <span class='ocrx_word' id='word_1_400' title='bbox 738 4219 1150 4292; x_wconf 87' lang='lat' dir='ltr'><strong>jocundaretur,</strong></span> <span class='ocrx_word' id='word_1_401' title='bbox 1193 4224 1384 4271; x_wconf 90' lang='lat' dir='ltr'><strong>vocato</strong></span> <span class='ocrx_word' id='word_1_402' title='bbox 1425 4211 1728 4268; x_wconf 72' lang='lat' dir='ltr'><strong>Iustiniano</strong></span> <span class='ocrx_word' id='word_1_403' title='bbox 1787 4223 1886 4262; x_wconf 83' lang='lat' dir='ltr'><strong>ne-</strong></span> 
     </span>
    </p>
   </div>
   <div class='ocr_carea' id='block_1_58' title="bbox 287 4301 1876 4384">
    <p class='ocr_par' dir='ltr' id='par_1_58' title="bbox 287 4301 1876 4384">
     <span class='ocr_line' id='line_1_58' title="bbox 287 4301 1876 4384; baseline -0.009 -16"><span class='ocrx_word' id='word_1_404' title='bbox 287 4323 416 4384; x_wconf 90' lang='lat' dir='ltr'><strong>pote</strong></span> <span class='ocrx_word' id='word_1_405' title='bbox 441 4311 638 4368; x_wconf 84' lang='lat' dir='ltr'><strong>Justini</strong></span> <span class='ocrx_word' id='word_1_406' title='bbox 665 4311 866 4375; x_wconf 83' lang='lat' dir='ltr'><strong>mariti,</strong></span> <span class='ocrx_word' id='word_1_407' title='bbox 907 4308 1078 4363; x_wconf 87' lang='lat' dir='ltr'><strong>voluit</strong></span> <span class='ocrx_word' id='word_1_408' title='bbox 1099 4323 1222 4362; x_wconf 92' lang='lat' dir='ltr'><strong>eum</strong></span> <span class='ocrx_word' id='word_1_409' title='bbox 1262 4306 1314 4360; x_wconf 91' lang='lat' dir='ltr'><strong>in</strong></span> <span class='ocrx_word' id='word_1_410' title='bbox 1350 4319 1513 4375; x_wconf 79' lang='lat' dir='ltr'><strong>regno</strong></span> <span class='ocrx_word' id='word_1_411' title='bbox 1540 4301 1828 4356; x_wconf 87' lang='lat' dir='ltr'><strong>sublimare</strong></span> <span class='ocrx_word' id='word_1_412' title='bbox 1861 4315 1876 4362; x_wconf 87' lang='lat'><strong>;</strong></span> 
     </span>
    </p>
   </div>
   <div class='ocr_carea' id='block_1_59' title="bbox 289 4393 1880 4475">
    <p class='ocr_par' dir='ltr' id='par_1_59' title="bbox 289 4393 1880 4475">
     <span class='ocr_line' id='line_1_59' title="bbox 289 4393 1880 4475; baseline -0.008 -16"><span class='ocrx_word' id='word_1_413' title='bbox 289 4421 398 4475; x_wconf 90' lang='lat' dir='ltr'><strong>quo</strong></span> <span class='ocrx_word' id='word_1_414' title='bbox 461 4411 778 4474; x_wconf 86' lang='lat' dir='ltr'><strong>comperto,</strong></span> <span class='ocrx_word' id='word_1_415' title='bbox 827 4399 1080 4455; x_wconf 88' lang='lat' dir='ltr'><strong>Tiberius</strong></span> <span class='ocrx_word' id='word_1_416' title='bbox 1135 4397 1528 4468; x_wconf 86' lang='lat' dir='ltr'><strong>appreheusam</strong></span> <span class='ocrx_word' id='word_1_417' title='bbox 1583 4393 1880 4464; x_wconf 79' lang='lat' dir='ltr'><strong>Augustam</strong></span> 
     </span>
    </p>
   </div>
   <div class='ocr_carea' id='block_1_60' title="bbox 289 4483 1882 4563">
    <p class='ocr_par' dir='ltr' id='par_1_60' title="bbox 289 4483 1882 4563">
     <span class='ocr_line' id='line_1_60' title="bbox 289 4483 1882 4563; baseline -0.006 -15"><span class='ocrx_word' id='word_1_418' title='bbox 289 4495 542 4549; x_wconf 89' lang='lat' dir='ltr'><strong>omnibus</strong></span> <span class='ocrx_word' id='word_1_419' title='bbox 571 4493 844 4548; x_wconf 88' lang='lat' dir='ltr'><strong>thesauris</strong></span> <span class='ocrx_word' id='word_1_420' title='bbox 870 4492 1139 4563; x_wconf 80' lang='lat' dir='ltr'><strong>spoliavit,</strong></span> <span class='ocrx_word' id='word_1_421' title='bbox 1189 4490 1364 4545; x_wconf 91' lang='lat' dir='ltr'><strong>solum</strong></span> <span class='ocrx_word' id='word_1_422' title='bbox 1390 4489 1438 4542; x_wconf 89' lang='lat' dir='ltr'><strong>ei</strong></span> <span class='ocrx_word' id='word_1_423' title='bbox 1469 4487 1669 4542; x_wconf 91' lang='lat' dir='ltr'><strong>victum</strong></span> <span class='ocrx_word' id='word_1_424' title='bbox 1722 4483 1882 4539; x_wconf 87' lang='lat' dir='ltr'><strong>relin-</strong></span> 
     </span>
    </p>
   </div>
   <div class='ocr_carea' id='block_1_61' title="bbox 1971 1939 3568 2028">
    <p class='ocr_par' dir='ltr' id='par_1_61' title="bbox 1971 1939 3568 2028">
     <span class='ocr_line' id='line_1_61' title="bbox 1971 1939 3568 2028; baseline -0.01 -18"><span class='ocrx_word' id='word_1_425' title='bbox 1971 1957 2156 2028; x_wconf 84' lang='lat' dir='ltr'><strong>gnavit</strong></span> <span class='ocrx_word' id='word_1_426' title='bbox 2180 1969 2350 2010; x_wconf 87' lang='lat' dir='ltr'><strong>annos</strong></span> <span class='ocrx_word' id='word_1_427' title='bbox 2377 1955 2467 2008; x_wconf 73' lang='grc'><strong>20.</strong></span> <span class='ocrx_word' id='word_1_428' title='bbox 2510 1953 2664 2006; x_wconf 85' lang='lat' dir='ltr'><strong>I-lunc</strong></span> <span class='ocrx_word' id='word_1_429' title='bbox 2687 1950 2962 2012; x_wconf 88' lang='lat' dir='ltr'><strong>Tiberius,</strong></span> <span class='ocrx_word' id='word_1_430' title='bbox 2997 1945 3236 2020; x_wconf 81' lang='lat' dir='ltr'><strong>sentiens</strong></span> <span class='ocrx_word' id='word_1_431' title='bbox 3261 1942 3361 1998; x_wconf 88' lang='lat' dir='ltr'><strong>sibi</strong></span> <span class='ocrx_word' id='word_1_432' title='bbox 3419 1939 3568 1996; x_wconf 87' lang='lat' dir='ltr'><strong>diem</strong></span> 
     </span>
    </p>
   </div>
   <div class='ocr_carea' id='block_1_62' title="bbox 1971 2035 3570 2112">
    <p class='ocr_par' dir='ltr' id='par_1_62' title="bbox 1971 2035 3570 2112">
     <span class='ocr_line' id='line_1_62' title="bbox 1971 2035 3570 2112; baseline -0.009 -9"><span class='ocrx_word' id='word_1_433' title='bbox 1971 2049 2162 2112; x_wconf 87' lang='lat' dir='ltr'><strong>mortis</strong></span> <span class='ocrx_word' id='word_1_434' title='bbox 2189 2047 2494 2111; x_wconf 91' lang='lat' dir='ltr'><strong>imminere,</strong></span> <span class='ocrx_word' id='word_1_435' title='bbox 2521 2060 2626 2099; x_wconf 89' lang='lat' dir='ltr'><strong>una</strong></span> <span class='ocrx_word' id='word_1_436' title='bbox 2658 2059 2779 2098; x_wconf 89' lang='lat' dir='ltr'><strong>cum</strong></span> <span class='ocrx_word' id='word_1_437' title='bbox 2810 2041 3032 2096; x_wconf 85' lang='lat' dir='ltr'><strong>consilio</strong></span> <span class='ocrx_word' id='word_1_438' title='bbox 3053 2037 3270 2108; x_wconf 70' lang='lat' dir='ltr'><strong>Sephizc</strong></span> <span class='ocrx_word' id='word_1_439' title='bbox 3311 2035 3570 2103; x_wconf 66' lang='lat' dir='ltr'><strong>Augusta:</strong></span> 
     </span>
    </p>
   </div>
   <div class='ocr_carea' id='block_1_63' title="bbox 1973 2127 3570 2211">
    <p class='ocr_par' dir='ltr' id='par_1_63' title="bbox 1973 2127 3570 2211">
     <span class='ocr_line' id='line_1_63' title="bbox 1973 2127 3570 2211; baseline -0.012 -15"><span class='ocrx_word' id='word_1_440' title='bbox 1973 2141 2039 2196; x_wconf 88' lang='lat' dir='ltr'><strong>ad</strong></span> <span class='ocrx_word' id='word_1_441' title='bbox 2067 2139 2350 2211; x_wconf 86' lang='lat' dir='ltr'><strong>imperium</strong></span> <span class='ocrx_word' id='word_1_442' title='bbox 2379 2137 2562 2208; x_wconf 85' lang='lat' dir='ltr'><strong>elegit,</strong></span> <span class='ocrx_word' id='word_1_443' title='bbox 2587 2144 2888 2203; x_wconf 89' lang='lat' dir='ltr'><strong>ornataque</strong></span> <span class='ocrx_word' id='word_1_444' title='bbox 2909 2147 3005 2187; x_wconf 87' lang='lat' dir='ltr'><strong>sua</strong></span> <span class='ocrx_word' id='word_1_445' title='bbox 3037 2129 3145 2185; x_wconf 82' lang='lat' dir='ltr'><strong>filia</strong></span> <span class='ocrx_word' id='word_1_446' title='bbox 3175 2127 3444 2199; x_wconf 87' lang='lat' dir='ltr'><strong>regalibus</strong></span> <span class='ocrx_word' id='word_1_447' title='bbox 3471 2141 3570 2180; x_wconf 80' lang='lat' dir='ltr'><strong>or-</strong></span> 
     </span>
    </p>
   </div>
   <div class='ocr_carea' id='block_1_64' title="bbox 1973 2220 3564 2292">
    <p class='ocr_par' dir='ltr' id='par_1_64' title="bbox 1973 2220 3564 2292">
     <span class='ocr_line' id='line_1_64' title="bbox 1973 2220 3564 2292; baseline -0.012 -3"><span class='ocrx_word' id='word_1_448' title='bbox 1973 2233 2241 2289; x_wconf 91' lang='lat' dir='ltr'><strong>namentis</strong></span> <span class='ocrx_word' id='word_1_449' title='bbox 2267 2247 2387 2286; x_wconf 87' lang='lat' dir='ltr'><strong>eam</strong></span> <span class='ocrx_word' id='word_1_450' title='bbox 2419 2228 2657 2290; x_wconf 88' lang='lat' dir='ltr'><strong>tradidit,</strong></span> <span class='ocrx_word' id='word_1_451' title='bbox 2684 2236 2740 2282; x_wconf 89' lang='lat' dir='ltr'><strong>et</strong></span> <span class='ocrx_word' id='word_1_452' title='bbox 2776 2241 2896 2282; x_wconf 89' lang='lat' dir='ltr'><strong>cum</strong></span> <span class='ocrx_word' id='word_1_453' title='bbox 2939 2241 3002 2280; x_wconf 88' lang='lat' dir='ltr'><strong>ea</strong></span> <span class='ocrx_word' id='word_1_454' title='bbox 3047 2239 3208 2280; x_wconf 89' lang='lat' dir='ltr'><strong>omne</strong></span> <span class='ocrx_word' id='word_1_455' title='bbox 3259 2220 3564 2292; x_wconf 86' lang='lat' dir='ltr'><strong>imperium.</strong></span> 
     </span>
    </p>
   </div>
   <div class='ocr_carea' id='block_1_65' title="bbox 1975 2311 3578 2394">
    <p class='ocr_par' dir='ltr' id='par_1_65' title="bbox 1975 2311 3578 2394">
     <span class='ocr_line' id='line_1_65' title="bbox 1975 2311 3578 2394; baseline -0.012 -15"><span class='ocrx_word' id='word_1_456' title='bbox 1975 2322 2310 2394; x_wconf 83' lang='lat' dir='ltr'><strong>Langobardi</strong></span> <span class='ocrx_word' id='word_1_457' title='bbox 2343 2337 2464 2376; x_wconf 91' lang='lat' dir='ltr'><strong>cum</strong></span> <span class='ocrx_word' id='word_1_458' title='bbox 2487 2335 2586 2389; x_wconf 87' lang='lat' dir='ltr'><strong>per</strong></span> <span class='ocrx_word' id='word_1_459' title='bbox 2609 2333 2778 2372; x_wconf 88' lang='lat' dir='ltr'><strong>annos</strong></span> <span class='ocrx_word' id='word_1_460' title='bbox 2807 2319 2875 2372; x_wconf 80' lang='grc'><strong>10</strong></span> <span class='ocrx_word' id='word_1_461' title='bbox 2924 2317 3024 2370; x_wconf 88' lang='lat' dir='ltr'><strong>sub</strong></span> <span class='ocrx_word' id='word_1_462' title='bbox 3069 2319 3334 2384; x_wconf 88' lang='lat' dir='ltr'><strong>potestate</strong></span> <span class='ocrx_word' id='word_1_463' title='bbox 3377 2311 3578 2368; x_wconf 87' lang='lat' dir='ltr'><strong>ducem</strong></span> 
     </span>
    </p>
   </div>
   <div class='ocr_carea' id='block_1_66' title="bbox 1979 2396 3570 2481">
    <p class='ocr_par' dir='ltr' id='par_1_66' title="bbox 1979 2396 3570 2481">
     <span class='ocr_line' id='line_1_66' title="bbox 1979 2396 3570 2481; baseline -0.013 -11"><span class='ocrx_word' id='word_1_464' title='bbox 1979 2417 2225 2476; x_wconf 88' lang='lat' dir='ltr'><strong>fuissent,</strong></span> <span class='ocrx_word' id='word_1_465' title='bbox 2257 2427 2440 2481; x_wconf 88' lang='lat' dir='ltr'><strong>regem</strong></span> <span class='ocrx_word' id='word_1_466' title='bbox 2457 2425 2620 2478; x_wconf 89' lang='lat' dir='ltr'><strong>super</strong></span> <span class='ocrx_word' id='word_1_467' title='bbox 2635 2423 2692 2463; x_wconf 90' lang='lat' dir='ltr'><strong>se</strong></span> <span class='ocrx_word' id='word_1_468' title='bbox 2709 2415 2953 2462; x_wconf 87' lang='lat' dir='ltr'><strong>statuunt</strong></span> <span class='ocrx_word' id='word_1_469' title='bbox 2969 2403 3249 2462; x_wconf 87' lang='lat' dir='ltr'><strong>Otharium</strong></span> <span class='ocrx_word' id='word_1_470' title='bbox 3267 2399 3433 2454; x_wconf 86' lang='lat' dir='ltr'><strong>ﬁlium</strong></span> <span class='ocrx_word' id='word_1_471' title='bbox 3447 2396 3570 2452; x_wconf 86' lang='lat' dir='ltr'><strong>Gle-</strong></span> 
     </span>
    </p>
   </div>
   <div class='ocr_carea' id='block_1_67' title="bbox 1979 2487 3570 2577">
    <p class='ocr_par' dir='ltr' id='par_1_67' title="bbox 1979 2487 3570 2577">
     <span class='ocr_line' id='line_1_67' title="bbox 1979 2487 3570 2577; baseline -0.013 -16"><span class='ocrx_word' id='word_1_472' title='bbox 1979 2507 2189 2577; x_wconf 87' lang='lat' dir='ltr'><strong>pbonis,</strong></span> <span class='ocrx_word' id='word_1_473' title='bbox 2222 2517 2380 2572; x_wconf 90' lang='lat' dir='ltr'><strong>quem</strong></span> <span class='ocrx_word' id='word_1_474' title='bbox 2403 2500 2566 2554; x_wconf 90' lang='lat' dir='ltr'><strong>etiam</strong></span> <span class='ocrx_word' id='word_1_475' title='bbox 2591 2498 2659 2552; x_wconf 88' lang='lat' dir='ltr'><strong>ob</strong></span> <span class='ocrx_word' id='word_1_476' title='bbox 2683 2497 2997 2568; x_wconf 88' lang='lat' dir='ltr'><strong>dignitatem</strong></span> <span class='ocrx_word' id='word_1_477' title='bbox 3045 2493 3288 2548; x_wconf 82' lang='lat' dir='ltr'><strong>Flavium</strong></span> <span class='ocrx_word' id='word_1_478' title='bbox 3333 2487 3570 2559; x_wconf 80' lang='lat' dir='ltr'><strong>appella-</strong></span> 
     </span>
    </p>
   </div>
   <div class='ocr_carea' id='block_1_68' title="bbox 1979 2584 3564 2666">
    <p class='ocr_par' dir='ltr' id='par_1_68' title="bbox 1979 2584 3564 2666">
     <span class='ocr_line' id='line_1_68' title="bbox 1979 2584 3564 2666; baseline -0.013 -11"><span class='ocrx_word' id='word_1_479' title='bbox 1979 2607 2190 2662; x_wconf 90' lang='lat' dir='ltr'><strong>verunt,</strong></span> <span class='ocrx_word' id='word_1_480' title='bbox 2209 2613 2314 2666; x_wconf 91' lang='lat' dir='ltr'><strong>quo</strong></span> <span class='ocrx_word' id='word_1_481' title='bbox 2331 2594 2648 2666; x_wconf 89' lang='lat' dir='ltr'><strong>pronomine</strong></span> <span class='ocrx_word' id='word_1_482' title='bbox 2664 2589 3140 2661; x_wconf 88' lang='lat' dir='ltr'><strong>Langobardorum</strong></span> <span class='ocrx_word' id='word_1_483' title='bbox 3155 2599 3310 2656; x_wconf 87' lang='lat' dir='ltr'><strong>reges</strong></span> <span class='ocrx_word' id='word_1_484' title='bbox 3323 2584 3405 2638; x_wconf 88' lang='lat' dir='ltr'><strong>usi</strong></span> <span class='ocrx_word' id='word_1_485' title='bbox 3422 2589 3564 2636; x_wconf 89' lang='lat' dir='ltr'><strong>sunt.</strong></span> 
     </span>
    </p>
   </div>
   <div class='ocr_carea' id='block_1_69' title="bbox 1979 2671 3564 2758">
    <p class='ocr_par' dir='ltr' id='par_1_69' title="bbox 1979 2671 3564 2758">
     <span class='ocr_line' id='line_1_69' title="bbox 1979 2671 3564 2758; baseline -0.011 -13"><span class='ocrx_word' id='word_1_486' title='bbox 1979 2688 2270 2758; x_wconf 87' lang='lat' dir='ltr'><strong>Duces&#39;qui</strong></span> <span class='ocrx_word' id='word_1_487' title='bbox 2320 2695 2446 2741; x_wconf 90' lang='lat' dir='ltr'><strong>tunc</strong></span> <span class='ocrx_word' id='word_1_488' title='bbox 2494 2692 2680 2747; x_wconf 81' lang='lat' dir='ltr'><strong>erant,</strong></span> <span class='ocrx_word' id='word_1_489' title='bbox 2724 2691 2778 2738; x_wconf 91' lang='lat' dir='ltr'><strong>et</strong></span> <span class='ocrx_word' id='word_1_490' title='bbox 2809 2683 2878 2737; x_wconf 88' lang='lat' dir='ltr'><strong>ob</strong></span> <span class='ocrx_word' id='word_1_491' title='bbox 2915 2677 3370 2736; x_wconf 82' lang='lat' dir='ltr'><strong>restaurationem</strong></span> <span class='ocrx_word' id='word_1_492' title='bbox 3401 2671 3564 2742; x_wconf 81' lang='lat' dir='ltr'><strong>regni</strong></span> 
     </span>
    </p>
   </div>
   <div class='ocr_carea' id='block_1_70' title="bbox 1981 2764 3568 2837">
    <p class='ocr_par' dir='ltr' id='par_1_70' title="bbox 1981 2764 3568 2837">
     <span class='ocr_line' id='line_1_70' title="bbox 1981 2764 3568 2837; baseline -0.011 -1"><span class='ocrx_word' id='word_1_493' title='bbox 1981 2795 2194 2836; x_wconf 77' lang='lat' dir='ltr'><strong>omnem</strong></span> <span class='ocrx_word' id='word_1_494' title='bbox 2221 2777 2649 2833; x_wconf 86' lang='lat' dir='ltr'><strong>subslantiarum</strong></span> <span class='ocrx_word' id='word_1_495' title='bbox 2673 2789 2892 2828; x_wconf 88' lang='lat' dir='ltr'><strong>suarum</strong></span> <span class='ocrx_word' id='word_1_496' title='bbox 2917 2771 3262 2826; x_wconf 84' lang='lat' dir='ltr'><strong>medietatem</strong></span> <span class='ocrx_word' id='word_1_497' title='bbox 3295 2764 3568 2837; x_wconf 83' lang='lat' dir='ltr'><strong>regalibus</strong></span> 
     </span>
    </p>
   </div>
   <div class='ocr_carea' id='block_1_71' title="bbox 1977 2857 3561 2936">
    <p class='ocr_par' dir='ltr' id='par_1_71' title="bbox 1977 2857 3561 2936">
     <span class='ocr_line' id='line_1_71' title="bbox 1977 2857 3561 2936; baseline -0.011 -8"><span class='ocrx_word' id='word_1_498' title='bbox 1977 2874 2168 2928; x_wconf 88' lang='lat' dir='ltr'><strong>usibus</strong></span> <span class='ocrx_word' id='word_1_499' title='bbox 2197 2871 2462 2934; x_wconf 87' lang='lat' dir='ltr'><strong>tribuunt,</strong></span> <span class='ocrx_word' id='word_1_500' title='bbox 2495 2879 2552 2923; x_wconf 88' lang='lat' dir='ltr'><strong>ut</strong></span> <span class='ocrx_word' id='word_1_501' title='bbox 2583 2883 2702 2923; x_wconf 88' lang='lat' dir='ltr'><strong>esse</strong></span> <span class='ocrx_word' id='word_1_502' title='bbox 2735 2875 2952 2936; x_wconf 85' lang='lat' dir='ltr'><strong>posset,</strong></span> <span class='ocrx_word' id='word_1_503' title='bbox 2983 2865 3123 2918; x_wconf 89' lang='lat' dir='ltr'><strong>unde</strong></span> <span class='ocrx_word' id='word_1_504' title='bbox 3155 2879 3250 2917; x_wconf 77' lang='lat' dir='ltr'><strong>rex</strong></span> <span class='ocrx_word' id='word_1_505' title='bbox 3283 2861 3396 2929; x_wconf 87' lang='lat' dir='ltr'><strong>ipse</strong></span> <span class='ocrx_word' id='word_1_506' title='bbox 3443 2857 3561 2912; x_wconf 84' lang='lat' dir='ltr'><strong>sive</strong></span> 
     </span>
    </p>
   </div>
   <div class='ocr_carea' id='block_1_72' title="bbox 1983 2939 3606 3033">
    <p class='ocr_par' dir='ltr' id='par_1_72' title="bbox 1983 2939 3606 3033">
     <span class='ocr_line' id='line_1_72' title="bbox 1983 2939 3606 3033; baseline -0.011 -16"><span class='ocrx_word' id='word_1_507' title='bbox 1983 2964 2072 3033; x_wconf 89' lang='lat' dir='ltr'><strong>qui</strong></span> <span class='ocrx_word' id='word_1_508' title='bbox 2106 2963 2154 3017; x_wconf 89' lang='lat' dir='ltr'><strong>ei</strong></span> <span class='ocrx_word' id='word_1_509' title='bbox 2189 2961 2450 3025; x_wconf 88' lang='lat' dir='ltr'><strong>aderant,</strong></span> <span class='ocrx_word' id='word_1_510' title='bbox 2490 2975 2588 3030; x_wconf 90' lang='lat' dir='ltr'><strong>per</strong></span> <span class='ocrx_word' id='word_1_511' title='bbox 2616 2960 2830 3012; x_wconf 84' lang='lat' dir='ltr'><strong>diversa</strong></span> <span class='ocrx_word' id='word_1_512' title='bbox 2857 2956 3030 3010; x_wconf 78' lang='lat' dir='ltr'><strong>cilicia</strong></span> <span class='ocrx_word' id='word_1_513' title='bbox 3079 2955 3372 3008; x_wconf 89' lang='lat' dir='ltr'><strong>alerentur.</strong></span> <span class='ocrx_word' id='word_1_514' title='bbox 3415 2939 3606 3002; x_wconf 46' lang='lat' dir='ltr'><strong>Matt-7</strong></span> 
     </span>
    </p>
   </div>
   <div class='ocr_carea' id='block_1_73' title="bbox 1981 3039 3576 3122">
    <p class='ocr_par' dir='ltr' id='par_1_73' title="bbox 1981 3039 3576 3122">
     <span class='ocr_line' id='line_1_73' title="bbox 1981 3039 3576 3122; baseline -0.011 -14"><span class='ocrx_word' id='word_1_515' title='bbox 1981 3053 2138 3108; x_wconf 89' lang='lat' dir='ltr'><strong>ritius</strong></span> <span class='ocrx_word' id='word_1_516' title='bbox 2166 3052 2460 3122; x_wconf 87' lang='lat' dir='ltr'><strong>imperator</strong></span> <span class='ocrx_word' id='word_1_517' title='bbox 2484 3049 2850 3110; x_wconf 81' lang='lat' dir='ltr'><strong>Childeberto,</strong></span> <span class='ocrx_word' id='word_1_518' title='bbox 2875 3047 2986 3118; x_wconf 90' lang='lat' dir='ltr'><strong>regi</strong></span> <span class='ocrx_word' id='word_1_519' title='bbox 3023 3045 3377 3106; x_wconf 83' lang='lat' dir='ltr'><strong>Francorum,</strong></span> <span class='ocrx_word' id='word_1_520' title='bbox 3412 3039 3576 3110; x_wconf 83' lang='lat' dir='ltr'><strong>quin-</strong></span> 
     </span>
    </p>
   </div>
   <div class='ocr_carea' id='block_1_74' title="bbox 1984 3131 3584 3215">
    <p class='ocr_par' dir='ltr' id='par_1_74' title="bbox 1984 3131 3584 3215">
     <span class='ocr_line' id='line_1_74' title="bbox 1984 3131 3584 3215; baseline -0.008 -17"><span class='ocrx_word' id='word_1_521' title='bbox 1984 3143 2240 3215; x_wconf 87' lang='lat' dir='ltr'><strong>quaginta</strong></span> <span class='ocrx_word' id='word_1_522' title='bbox 2273 3139 2440 3196; x_wconf 88' lang='lat' dir='ltr'><strong>millia</strong></span> <span class='ocrx_word' id='word_1_523' title='bbox 2469 3139 2670 3195; x_wconf 89' lang='lat' dir='ltr'><strong>solidos</strong></span> <span class='ocrx_word' id='word_1_524' title='bbox 2704 3153 2800 3208; x_wconf 88' lang='lat' dir='ltr'><strong>per</strong></span> <span class='ocrx_word' id='word_1_525' title='bbox 2835 3153 2961 3193; x_wconf 89' lang='lat' dir='ltr'><strong>suos</strong></span> <span class='ocrx_word' id='word_1_526' title='bbox 2993 3137 3199 3206; x_wconf 83' lang='lat' dir='ltr'><strong>legatos</strong></span> <span class='ocrx_word' id='word_1_527' title='bbox 3230 3131 3449 3196; x_wconf 83' lang='lat' dir='ltr'><strong>direxit,</strong></span> <span class='ocrx_word' id='word_1_528' title='bbox 3479 3145 3584 3198; x_wconf 57' lang='grc' dir='ltr'><strong>ρει</strong></span> 
     </span>
    </p>
   </div>
   <div class='ocr_carea' id='block_1_75' title="bbox 1908 3223 3572 3312">
    <p class='ocr_par' dir='ltr' id='par_1_75' title="bbox 1908 3223 3572 3312">
     <span class='ocr_line' id='line_1_75' title="bbox 1908 3223 3572 3312; baseline -0.009 -21"><span class='ocrx_word' id='word_1_529' title='bbox 1908 3251 1953 3312; x_wconf 77' lang='lat' dir='ltr'>C</span> <span class='ocrx_word' id='word_1_530' title='bbox 1987 3245 2106 3291; x_wconf 89' lang='lat' dir='ltr'><strong>tcns</strong></span> <span class='ocrx_word' id='word_1_531' title='bbox 2127 3245 2187 3290; x_wconf 90' lang='lat' dir='ltr'><strong>ut</strong></span> <span class='ocrx_word' id='word_1_532' title='bbox 2207 3232 2591 3302; x_wconf 89' lang='lat' dir='ltr'><strong>Langobardos</strong></span> <span class='ocrx_word' id='word_1_533' title='bbox 2612 3231 2677 3286; x_wconf 90' lang='lat' dir='ltr'><strong>de</strong></span> <span class='ocrx_word' id='word_1_534' title='bbox 2702 3229 2849 3285; x_wconf 86' lang='lat' dir='ltr'><strong>Italia</strong></span> <span class='ocrx_word' id='word_1_535' title='bbox 2879 3227 3288 3284; x_wconf 85' lang='lat' dir='ltr'><strong>exterminaret.</strong></span> <span class='ocrx_word' id='word_1_536' title='bbox 3314 3223 3415 3292; x_wconf 88' lang='lat' dir='ltr'><strong>Qui</strong></span> <span class='ocrx_word' id='word_1_537' title='bbox 3447 3237 3572 3276; x_wconf 87' lang='lat' dir='ltr'><strong>cum</strong></span> 
     </span>
    </p>
   </div>
   <div class='ocr_carea' id='block_1_76' title="bbox 1983 3314 3572 3398">
    <p class='ocr_par' dir='ltr' id='par_1_76' title="bbox 1983 3314 3572 3398">
     <span class='ocr_line' id='line_1_76' title="bbox 1983 3314 3572 3398; baseline -0.01 -16"><span class='ocrx_word' id='word_1_538' title='bbox 1983 3326 2213 3382; x_wconf 80' lang='lat' dir='ltr'><strong>Francis</strong></span> <span class='ocrx_word' id='word_1_539' title='bbox 2235 3325 2442 3380; x_wconf 89' lang='lat' dir='ltr'><strong>Italiam</strong></span> <span class='ocrx_word' id='word_1_540' title='bbox 2471 3324 2663 3398; x_wconf 78' lang='lat' dir='ltr'><strong>intrat,</strong></span> <span class='ocrx_word' id='word_1_541' title='bbox 2687 3319 3024 3390; x_wconf 80' lang='lat' dir='ltr'><strong>Langobardi</strong></span> <span class='ocrx_word' id='word_1_542' title='bbox 3051 3333 3273 3372; x_wconf 88' lang='lat' dir='ltr'><strong>munera</strong></span> <span class='ocrx_word' id='word_1_543' title='bbox 3303 3314 3572 3377; x_wconf 87' lang='lat' dir='ltr'><strong>tribuunt,</strong></span> 
     </span>
    </p>
   </div>
   <div class='ocr_carea' id='block_1_77' title="bbox 1983 3406 3570 3488">
    <p class='ocr_par' dir='ltr' id='par_1_77' title="bbox 1983 3406 3570 3488">
     <span class='ocr_line' id='line_1_77' title="bbox 1983 3406 3570 3488; baseline -0.009 -14"><span class='ocrx_word' id='word_1_544' title='bbox 1983 3429 2038 3474; x_wconf 91' lang='lat' dir='ltr'><strong>et</strong></span> <span class='ocrx_word' id='word_1_545' title='bbox 2063 3434 2250 3488; x_wconf 87' lang='lat' dir='ltr'><strong>pacem</strong></span> <span class='ocrx_word' id='word_1_546' title='bbox 2303 3431 2424 3472; x_wconf 90' lang='lat' dir='ltr'><strong>eum</strong></span> <span class='ocrx_word' id='word_1_547' title='bbox 2455 3431 2521 3470; x_wconf 89' lang='lat' dir='ltr'><strong>eo</strong></span> <span class='ocrx_word' id='word_1_548' title='bbox 2550 3415 2776 3478; x_wconf 83' lang='lat' dir='ltr'><strong>faciunt,</strong></span> <span class='ocrx_word' id='word_1_549' title='bbox 2809 3414 3106 3483; x_wconf 87' lang='lat' dir='ltr'><strong>imperator</strong></span> <span class='ocrx_word' id='word_1_550' title='bbox 3135 3409 3335 3464; x_wconf 87' lang='lat' dir='ltr'><strong>solidos</strong></span> <span class='ocrx_word' id='word_1_551' title='bbox 3383 3406 3570 3476; x_wconf 88' lang='lat' dir='ltr'><strong>requi-</strong></span> 
     </span>
    </p>
   </div>
   <div class='ocr_carea' id='block_1_78' title="bbox 1983 3496 3576 3574">
    <p class='ocr_par' dir='ltr' id='par_1_78' title="bbox 1983 3496 3576 3574">
     <span class='ocr_line' id='line_1_78' title="bbox 1983 3496 3576 3574; baseline -0.008 -12"><span class='ocrx_word' id='word_1_552' title='bbox 1983 3509 2077 3574; x_wconf 91' lang='lat' dir='ltr'><strong>rit,</strong></span> <span class='ocrx_word' id='word_1_553' title='bbox 2108 3509 2204 3564; x_wconf 89' lang='lat' dir='ltr'><strong>sed</strong></span> <span class='ocrx_word' id='word_1_554' title='bbox 2239 3509 2328 3562; x_wconf 91' lang='lat' dir='ltr'><strong>ille</strong></span> <span class='ocrx_word' id='word_1_555' title='bbox 2359 3521 2580 3562; x_wconf 87' lang='lat' dir='ltr'><strong>suarum</strong></span> <span class='ocrx_word' id='word_1_556' title='bbox 2617 3505 2814 3560; x_wconf 87' lang='lat' dir='ltr'><strong>virium</strong></span> <span class='ocrx_word' id='word_1_557' title='bbox 2842 3501 3082 3572; x_wconf 87' lang='lat' dir='ltr'><strong>potentia</strong></span> <span class='ocrx_word' id='word_1_558' title='bbox 3115 3501 3306 3563; x_wconf 83' lang='lat' dir='ltr'><strong>fretus,</strong></span> <span class='ocrx_word' id='word_1_559' title='bbox 3337 3513 3436 3567; x_wconf 91' lang='lat' dir='ltr'><strong>pro</strong></span> <span class='ocrx_word' id='word_1_560' title='bbox 3469 3496 3576 3550; x_wconf 88' lang='lat' dir='ltr'><strong>hac</strong></span> 
     </span>
    </p>
   </div>
   <div class='ocr_carea' id='block_1_79' title="bbox 1982 3587 3580 3668">
    <p class='ocr_par' dir='ltr' id='par_1_79' title="bbox 1982 3587 3580 3668">
     <span class='ocr_line' id='line_1_79' title="bbox 1982 3587 3580 3668; baseline -0.009 -14"><span class='ocrx_word' id='word_1_561' title='bbox 1982 3617 2043 3656; x_wconf 90' lang='lat' dir='ltr'><strong>re</strong></span> <span class='ocrx_word' id='word_1_562' title='bbox 2067 3616 2167 3655; x_wconf 90' lang='lat' dir='ltr'><strong>nec</strong></span> <span class='ocrx_word' id='word_1_563' title='bbox 2193 3613 2510 3668; x_wconf 87' lang='lat' dir='ltr'><strong>responsum</strong></span> <span class='ocrx_word' id='word_1_564' title='bbox 2533 3596 2781 3651; x_wconf 86' lang='lat' dir='ltr'><strong>reddidit.</strong></span> <span class='ocrx_word' id='word_1_565' title='bbox 2809 3595 2952 3648; x_wconf 92' lang='lat' dir='ltr'><strong>Idem</strong></span> <span class='ocrx_word' id='word_1_566' title='bbox 2976 3592 3351 3646; x_wconf 80' lang='lat' dir='ltr'><strong>Childebertus</strong></span> <span class='ocrx_word' id='word_1_567' title='bbox 3375 3587 3580 3642; x_wconf 82' lang='lat' dir='ltr'><strong>bellum</strong></span> 
     </span>
    </p>
   </div>
   <div class='ocr_carea' id='block_1_80' title="bbox 1982 3675 3568 3756">
    <p class='ocr_par' dir='ltr' id='par_1_80' title="bbox 1982 3675 3568 3756">
     <span class='ocr_line' id='line_1_80' title="bbox 1982 3675 3568 3756; baseline -0.01 -14"><span class='ocrx_word' id='word_1_568' title='bbox 1982 3690 2243 3744; x_wconf 87' lang='lat' dir='ltr'><strong>adversus</strong></span> <span class='ocrx_word' id='word_1_569' title='bbox 2291 3687 2558 3756; x_wconf 86' lang='lat' dir='ltr'><strong>l-lispanos</strong></span> <span class='ocrx_word' id='word_1_570' title='bbox 2593 3699 2810 3756; x_wconf 85' lang='lat' dir='ltr'><strong>gerens,</strong></span> <span class='ocrx_word' id='word_1_571' title='bbox 2857 3697 3044 3736; x_wconf 89' lang='lat' dir='ltr'><strong>eorum</strong></span> <span class='ocrx_word' id='word_1_572' title='bbox 3089 3678 3233 3733; x_wconf 89' lang='lat' dir='ltr'><strong>acies</strong></span> <span class='ocrx_word' id='word_1_573' title='bbox 3271 3675 3568 3745; x_wconf 85' lang='lat' dir='ltr'><strong>superavit.</strong></span> 
     </span>
    </p>
   </div>
   <div class='ocr_carea' id='block_1_81' title="bbox 1982 3765 3570 3846">
    <p class='ocr_par' dir='ltr' id='par_1_81' title="bbox 1982 3765 3570 3846">
     <span class='ocr_line' id='line_1_81' title="bbox 1982 3765 3570 3846; baseline -0.011 -12"><span class='ocrx_word' id='word_1_574' title='bbox 1982 3779 2160 3840; x_wconf 86' lang='lat' dir='ltr'><strong>Causa</strong></span> <span class='ocrx_word' id='word_1_575' title='bbox 2193 3777 2352 3846; x_wconf 85' lang='lat' dir='ltr'><strong>lmjns</strong></span> <span class='ocrx_word' id='word_1_576' title='bbox 2399 3776 2715 3832; x_wconf 91' lang='lat' dir='ltr'><strong>certaminis</strong></span> <span class='ocrx_word' id='word_1_577' title='bbox 2745 3776 2846 3828; x_wconf 88' lang='lat' dir='ltr'><strong>ista</strong></span> <span class='ocrx_word' id='word_1_578' title='bbox 2899 3773 3016 3827; x_wconf 88' lang='lat' dir='ltr'><strong>fuit.</strong></span> <span class='ocrx_word' id='word_1_579' title='bbox 3057 3769 3438 3826; x_wconf 87' lang='lat' dir='ltr'><strong>Childebertus</strong></span> <span class='ocrx_word' id='word_1_580' title='bbox 3483 3765 3570 3817; x_wconf 93' lang='lat' dir='ltr'><strong>ln-</strong></span> 
     </span>
    </p>
   </div>
   <div class='ocr_carea' id='block_1_82' title="bbox 1979 3856 3576 3939">
    <p class='ocr_par' dir='ltr' id='par_1_82' title="bbox 1979 3856 3576 3939">
     <span class='ocr_line' id='line_1_82' title="bbox 1979 3856 3576 3939; baseline -0.009 -16"><span class='ocrx_word' id='word_1_581' title='bbox 1979 3869 2216 3939; x_wconf 83' lang='lat' dir='ltr'><strong>gundam</strong></span> <span class='ocrx_word' id='word_1_582' title='bbox 2249 3881 2488 3922; x_wconf 88' lang='lat' dir='ltr'><strong>sororem</strong></span> <span class='ocrx_word' id='word_1_583' title='bbox 2539 3881 2690 3921; x_wconf 90' lang='lat' dir='ltr'><strong>suam</strong></span> <span class='ocrx_word' id='word_1_584' title='bbox 2743 3862 3148 3934; x_wconf 82' lang='lat' dir='ltr'><strong>Ilerminigildo,</strong></span> <span class='ocrx_word' id='word_1_585' title='bbox 3183 3857 3446 3927; x_wconf 87' lang='lat' dir='ltr'><strong>Levigildi</strong></span> <span class='ocrx_word' id='word_1_586' title='bbox 3479 3856 3576 3910; x_wconf 81' lang='lat' dir='ltr'><strong>l-li-</strong></span> 
     </span>
    </p>
   </div>
   <div class='ocr_carea' id='block_1_83' title="bbox 1981 3947 3580 4030">
    <p class='ocr_par' dir='ltr' id='par_1_83' title="bbox 1981 3947 3580 4030">
     <span class='ocr_line' id='line_1_83' title="bbox 1981 3947 3580 4030; baseline -0.008 -16"><span class='ocrx_word' id='word_1_587' title='bbox 1981 3975 2271 4030; x_wconf 79' lang='lat' dir='ltr'><strong>Spanorum</strong></span> <span class='ocrx_word' id='word_1_588' title='bbox 2321 3959 2463 4028; x_wconf 86' lang='lat' dir='ltr'><strong>regis</strong></span> <span class='ocrx_word' id='word_1_589' title='bbox 2511 3957 2643 4022; x_wconf 84' lang='lat' dir='ltr'><strong>ﬁlio,</strong></span> <span class='ocrx_word' id='word_1_590' title='bbox 2693 3957 2748 4012; x_wconf 87' lang='lat' dir='ltr'><strong>in</strong></span> <span class='ocrx_word' id='word_1_591' title='bbox 2779 3955 3084 4026; x_wconf 86' lang='lat' dir='ltr'><strong>conjugium</strong></span> <span class='ocrx_word' id='word_1_592' title='bbox 3119 3951 3444 4012; x_wconf 88' lang='lat' dir='ltr'><strong>tradiderat,</strong></span> <span class='ocrx_word' id='word_1_593' title='bbox 3477 3947 3580 4017; x_wconf 72' lang='lat' dir='ltr'><strong>qui</strong></span> 
     </span>
    </p>
   </div>
   <div class='ocr_carea' id='block_1_84' title="bbox 1979 4035 3566 4120">
    <p class='ocr_par' dir='ltr' id='par_1_84' title="bbox 1979 4035 3566 4120">
     <span class='ocr_line' id='line_1_84' title="bbox 1979 4035 3566 4120; baseline -0.008 -15"><span class='ocrx_word' id='word_1_594' title='bbox 1979 4050 2402 4120; x_wconf 81' lang='lat' dir='ltr'><strong>Herminigildus</strong></span> <span class='ocrx_word' id='word_1_595' title='bbox 2431 4047 2815 4117; x_wconf 63' lang='lat' dir='ltr'><strong>praedicatione</strong></span> <span class='ocrx_word' id='word_1_596' title='bbox 2861 4043 3128 4106; x_wconf 87' lang='lat' dir='ltr'><strong>Leandri,</strong></span> <span class='ocrx_word' id='word_1_597' title='bbox 3177 4035 3566 4109; x_wconf 82' lang='lat' dir='ltr'><strong>episcopilli-</strong></span> 
     </span>
    </p>
   </div>
   <div class='ocr_carea' id='block_1_85' title="bbox 1981 4127 3562 4210">
    <p class='ocr_par' dir='ltr' id='par_1_85' title="bbox 1981 4127 3562 4210">
     <span class='ocr_line' id='line_1_85' title="bbox 1981 4127 3562 4210; baseline -0.011 -14"><span class='ocrx_word' id='word_1_598' title='bbox 1981 4141 2284 4210; x_wconf 88' lang='lat' dir='ltr'><strong>spaliensis,</strong></span> <span class='ocrx_word' id='word_1_599' title='bbox 2317 4149 2478 4207; x_wconf 88' lang='lat' dir='ltr'><strong>atque</strong></span> <span class='ocrx_word' id='word_1_600' title='bbox 2524 4137 2896 4192; x_wconf 89' lang='lat' dir='ltr'><strong>adhortatione</strong></span> <span class='ocrx_word' id='word_1_601' title='bbox 2933 4149 3043 4188; x_wconf 71' lang='lat' dir='ltr'><strong>sua:</strong></span> <span class='ocrx_word' id='word_1_602' title='bbox 3093 4130 3334 4200; x_wconf 84' lang='lat' dir='ltr'><strong>conjugis</strong></span> <span class='ocrx_word' id='word_1_603' title='bbox 3368 4127 3434 4180; x_wconf 89' lang='lat' dir='ltr'><strong>ad</strong></span> <span class='ocrx_word' id='word_1_604' title='bbox 3471 4141 3562 4180; x_wconf 87' lang='lat' dir='ltr'><strong>ca-</strong></span> 
     </span>
    </p>
   </div>
   <div class='ocr_carea' id='block_1_86' title="bbox 1983 4219 3578 4294">
    <p class='ocr_par' dir='ltr' id='par_1_86' title="bbox 1983 4219 3578 4294">
     <span class='ocr_line' id='line_1_86' title="bbox 1983 4219 3578 4294; baseline -0.011 -2"><span class='ocrx_word' id='word_1_605' title='bbox 1983 4237 2236 4292; x_wconf 89' lang='lat' dir='ltr'><strong>tholicam</strong></span> <span class='ocrx_word' id='word_1_606' title='bbox 2267 4234 2424 4288; x_wconf 82' lang='lat' dir='ltr'><strong>fidem</strong></span> <span class='ocrx_word' id='word_1_607' title='bbox 2449 4227 2744 4286; x_wconf 84' lang='lat' dir='ltr'><strong>conversus</strong></span> <span class='ocrx_word' id='word_1_608' title='bbox 2773 4229 2966 4289; x_wconf 83' lang='lat' dir='ltr'><strong>fuerat,</strong></span> <span class='ocrx_word' id='word_1_609' title='bbox 2990 4239 3149 4294; x_wconf 88' lang='lat' dir='ltr'><strong>quem</strong></span> <span class='ocrx_word' id='word_1_610' title='bbox 3181 4231 3334 4290; x_wconf 89' lang='lat' dir='ltr'><strong>pater</strong></span> <span class='ocrx_word' id='word_1_611' title='bbox 3363 4219 3578 4286; x_wconf 88' lang='lat' dir='ltr'><strong>impius.</strong></span> 
     </span>
    </p>
   </div>
   <div class='ocr_carea' id='block_1_87' title="bbox 1981 4309 3582 4394">
    <p class='ocr_par' dir='ltr' id='par_1_87' title="bbox 1981 4309 3582 4394">
     <span class='ocr_line' id='line_1_87' title="bbox 1981 4309 3582 4394; baseline -0.011 -14"><span class='ocrx_word' id='word_1_612' title='bbox 1981 4325 2036 4380; x_wconf 90' lang='lat' dir='ltr'><strong>in</strong></span> <span class='ocrx_word' id='word_1_613' title='bbox 2073 4325 2190 4394; x_wconf 89' lang='lat' dir='ltr'><strong>ipso</strong></span> <span class='ocrx_word' id='word_1_614' title='bbox 2233 4331 2453 4378; x_wconf 88' lang='lat' dir='ltr'><strong>sacrato</strong></span> <span class='ocrx_word' id='word_1_615' title='bbox 2501 4319 2746 4391; x_wconf 87' lang='lat' dir='ltr'><strong>paschali</strong></span> <span class='ocrx_word' id='word_1_616' title='bbox 2795 4319 2881 4372; x_wconf 91' lang='lat' dir='ltr'><strong>die</strong></span> <span class='ocrx_word' id='word_1_617' title='bbox 2922 4315 3099 4371; x_wconf 86' lang='lat' dir='ltr'><strong>securi</strong></span> <span class='ocrx_word' id='word_1_618' title='bbox 3150 4311 3433 4383; x_wconf 86' lang='lat' dir='ltr'><strong>percussit.</strong></span> <span class='ocrx_word' id='word_1_619' title='bbox 3479 4309 3582 4363; x_wconf 72' lang='lat' dir='ltr'><strong>ln-</strong></span> 
     </span>
    </p>
   </div>
   <div class='ocr_carea' id='block_1_88' title="bbox 1982 4398 3584 4486">
    <p class='ocr_par' dir='ltr' id='par_1_88' title="bbox 1982 4398 3584 4486">
     <span class='ocr_line' id='line_1_88' title="bbox 1982 4398 3584 4486; baseline -0.009 -19"><span class='ocrx_word' id='word_1_620' title='bbox 1982 4413 2177 4486; x_wconf 87' lang='lat' dir='ltr'><strong>gnndis</strong></span> <span class='ocrx_word' id='word_1_621' title='bbox 2202 4420 2322 4484; x_wconf 88' lang='lat' dir='ltr'><strong>post</strong></span> <span class='ocrx_word' id='word_1_622' title='bbox 2361 4409 2540 4465; x_wconf 90' lang='lat' dir='ltr'><strong>mariti</strong></span> <span class='ocrx_word' id='word_1_623' title='bbox 2571 4417 2822 4470; x_wconf 89' lang='lat' dir='ltr'><strong>mortem,</strong></span> <span class='ocrx_word' id='word_1_624' title='bbox 2851 4421 2972 4460; x_wconf 92' lang='lat' dir='ltr'><strong>cum</strong></span> <span class='ocrx_word' id='word_1_625' title='bbox 2999 4405 3052 4457; x_wconf 93' lang='lat' dir='ltr'><strong>in</strong></span> <span class='ocrx_word' id='word_1_626' title='bbox 3083 4401 3286 4458; x_wconf 85' lang='lat' dir='ltr'><strong>Gallias</strong></span> <span class='ocrx_word' id='word_1_627' title='bbox 3313 4398 3584 4468; x_wconf 77' lang='lat' dir='ltr'><strong>repedare</strong></span> 
     </span>
    </p>
   </div>
   <div class='ocr_carea' id='block_1_89' title="bbox 1981 4489 3590 4576">
    <p class='ocr_par' dir='ltr' id='par_1_89' title="bbox 1981 4489 3590 4576">
     <span class='ocr_line' id='line_1_89' title="bbox 1981 4489 3590 4576; baseline -0.011 -15"><span class='ocrx_word' id='word_1_628' title='bbox 1981 4505 2160 4570; x_wconf 85' lang='lat' dir='ltr'><strong>vellet,</strong></span> <span class='ocrx_word' id='word_1_629' title='bbox 2200 4521 2230 4560; x_wconf 89' lang='lat' dir='ltr'><strong>a</strong></span> <span class='ocrx_word' id='word_1_630' title='bbox 2261 4503 2452 4576; x_wconf 87' lang='lat' dir='ltr'><strong>piratis</strong></span> <span class='ocrx_word' id='word_1_631' title='bbox 2484 4510 2719 4564; x_wconf 89' lang='lat' dir='ltr'><strong>tenetur,</strong></span> <span class='ocrx_word' id='word_1_632' title='bbox 2762 4506 2926 4568; x_wconf 89' lang='lat' dir='ltr'><strong>atque</strong></span> <span class='ocrx_word' id='word_1_633' title='bbox 2967 4498 3020 4552; x_wconf 94' lang='lat' dir='ltr'><strong>in</strong></span> <span class='ocrx_word' id='word_1_634' title='bbox 3061 4495 3302 4551; x_wconf 90' lang='lat' dir='ltr'><strong>Siciliam</strong></span> <span class='ocrx_word' id='word_1_635' title='bbox 3344 4489 3590 4546; x_wconf 38' lang='lat' dir='ltr'><strong>deduci;</strong></span> 
     </span>
    </p>
   </div>
   <div class='ocr_carea' id='block_1_90' title="bbox 289 4577 3578 4669">
    <p class='ocr_par' dir='ltr' id='par_1_90' title="bbox 289 4577 3578 4669">
     <span class='ocr_line' id='line_1_90' title="bbox 289 4577 3578 4669; baseline -0.007 -33"><span class='ocrx_word' id='word_1_636' title='bbox 289 4599 480 4653; x_wconf 90' lang='lat' dir='ltr'><strong>qnens.</strong></span> <span class='ocrx_word' id='word_1_637' title='bbox 509 4583 678 4654; x_wconf 85' lang='lat' dir='ltr'><strong>Ilnjus</strong></span> <span class='ocrx_word' id='word_1_638' title='bbox 703 4583 972 4637; x_wconf 67' lang='lat' dir='ltr'><strong>exercitus</strong></span> <span class='ocrx_word' id='word_1_639' title='bbox 997 4581 1191 4636; x_wconf 83' lang='lat' dir='ltr'><strong>Persas</strong></span> <span class='ocrx_word' id='word_1_640' title='bbox 1220 4577 1530 4642; x_wconf 89' lang='lat' dir='ltr'><strong>debellavit,</strong></span> <span class='ocrx_word' id='word_1_641' title='bbox 1564 4584 1876 4644; x_wconf 90' lang='lat' dir='ltr'><strong>tantamque</strong></span> <span class='ocrx_word' id='word_1_642' title='bbox 1909 4611 1955 4669; x_wconf 70' lang='grc' dir='ltr'><strong>η</strong></span> <span class='ocrx_word' id='word_1_643' title='bbox 1982 4607 2091 4662; x_wconf 52' lang='grc' dir='ltr'><strong>ων,</strong></span> <span class='ocrx_word' id='word_1_644' title='bbox 2114 4597 2206 4652; x_wconf 69' lang='lat' dir='ltr'><strong>ubi</strong></span> <span class='ocrx_word' id='word_1_645' title='bbox 2235 4605 2289 4652; x_wconf 55' lang='lat' dir='ltr'><strong>et</strong></span> <span class='ocrx_word' id='word_1_646' title='bbox 2317 4595 2566 4650; x_wconf 49' lang='lat' dir='ltr'><strong>maritum</strong></span> <span class='ocrx_word' id='word_1_647' title='bbox 2595 4591 2764 4647; x_wconf 47' lang='lat' dir='ltr'><strong>Filius</strong></span> <span class='ocrx_word' id='word_1_648' title='bbox 2795 4589 2913 4661; x_wconf 64' lang='lat' dir='ltr'><strong>eius</strong></span> <span class='ocrx_word' id='word_1_649' title='bbox 2943 4586 3256 4659; x_wconf 49' lang='lat' dir='ltr'><strong>imperatori</strong></span> <span class='ocrx_word' id='word_1_650' title='bbox 3290 4591 3374 4639; x_wconf 52' lang='lat' dir='ltr'><strong>est</strong></span> <span class='ocrx_word' id='word_1_651' title='bbox 3398 4591 3578 4638; x_wconf 61' lang='grc' dir='ltr'>ιηηε,</span> 
     </span>
    </p>
   </div>
   <div class='ocr_carea' id='block_1_91' title="bbox 291 4667 1876 4744">
    <p class='ocr_par' dir='ltr' id='par_1_91' title="bbox 291 4667 1876 4744">
     <span class='ocr_line' id='line_1_91' title="bbox 291 4667 1876 4744; baseline -0.006 -17"><span class='ocrx_word' id='word_1_652' title='bbox 291 4676 524 4743; x_wconf 72' lang='lat' dir='ltr'><strong>praedam</strong></span> <span class='ocrx_word' id='word_1_653' title='bbox 552 4690 676 4730; x_wconf 89' lang='lat' dir='ltr'><strong>cum</strong></span> <span class='ocrx_word' id='word_1_654' title='bbox 699 4674 770 4728; x_wconf 75' lang='lat'><strong>20</strong></span> <span class='ocrx_word' id='word_1_655' title='bbox 804 4675 1011 4744; x_wconf 88' lang='lat' dir='ltr'><strong>pariter</strong></span> <span class='ocrx_word' id='word_1_656' title='bbox 1059 4672 1360 4741; x_wconf 90' lang='lat' dir='ltr'><strong>elephantis</strong></span> <span class='ocrx_word' id='word_1_657' title='bbox 1407 4669 1618 4732; x_wconf 83' lang='lat' dir='ltr'><strong>detulit,</strong></span> <span class='ocrx_word' id='word_1_658' title='bbox 1667 4677 1724 4720; x_wconf 91' lang='lat' dir='ltr'><strong>ut</strong></span> <span class='ocrx_word' id='word_1_659' title='bbox 1777 4667 1876 4720; x_wconf 90' lang='lat' dir='ltr'><strong>hn-</strong></span> 
     </span>
    </p>
   </div>
   <div class='ocr_carea' id='block_1_92' title="bbox 295 4759 1878 4834">
    <p class='ocr_par' dir='ltr' id='par_1_92' title="bbox 295 4759 1878 4834">
     <span class='ocr_line' id='line_1_92' title="bbox 295 4759 1878 4834; baseline -0.005 -15"><span class='ocrx_word' id='word_1_660' title='bbox 295 4783 468 4822; x_wconf 79' lang='lat' dir='ltr'><strong>mauze</strong></span> <span class='ocrx_word' id='word_1_661' title='bbox 488 4769 807 4822; x_wconf 90' lang='lat' dir='ltr'><strong>crederetur</strong></span> <span class='ocrx_word' id='word_1_662' title='bbox 834 4781 990 4834; x_wconf 88' lang='lat' dir='ltr'><strong>posse</strong></span> <span class='ocrx_word' id='word_1_663' title='bbox 1021 4764 1264 4820; x_wconf 76' lang='lat' dir='ltr'><strong>sufﬁcere</strong></span> <span class='ocrx_word' id='word_1_664' title='bbox 1287 4763 1586 4834; x_wconf 89' lang='lat' dir='ltr'><strong>cupiditati.</strong></span> <span class='ocrx_word' id='word_1_665' title='bbox 1623 4759 1702 4814; x_wconf 82' lang='lat' dir='ltr'><strong>Ad</strong></span> <span class='ocrx_word' id='word_1_666' title='bbox 1733 4760 1878 4813; x_wconf 86' lang='lat' dir='ltr'><strong>hunc</strong></span> 
     </span>
    </p>
   </div>
   <div class='ocr_carea' id='block_1_93' title="bbox 293 4853 1874 4929">
    <p class='ocr_par' dir='ltr' id='par_1_93' title="bbox 293 4853 1874 4929">
     <span class='ocr_line' id='line_1_93' title="bbox 293 4853 1874 4929; baseline -0.006 -17"><span class='ocrx_word' id='word_1_667' title='bbox 293 4868 348 4912; x_wconf 86' lang='lat' dir='ltr'><strong>et</strong></span> <span class='ocrx_word' id='word_1_668' title='bbox 385 4857 698 4929; x_wconf 85' lang='lat' dir='ltr'><strong>llelpericus</strong></span> <span class='ocrx_word' id='word_1_669' title='bbox 727 4873 818 4913; x_wconf 82' lang='lat' dir='ltr'><strong>rex</strong></span> <span class='ocrx_word' id='word_1_670' title='bbox 845 4857 1178 4913; x_wconf 88' lang='lat' dir='ltr'><strong>Francorum</strong></span> <span class='ocrx_word' id='word_1_671' title='bbox 1207 4872 1334 4912; x_wconf 91' lang='lat' dir='ltr'><strong>suos</strong></span> <span class='ocrx_word' id='word_1_672' title='bbox 1357 4855 1563 4924; x_wconf 85' lang='lat' dir='ltr'><strong>legatos</strong></span> <span class='ocrx_word' id='word_1_673' title='bbox 1616 4853 1874 4921; x_wconf 86' lang='lat' dir='ltr'><strong>dirigens,</strong></span> 
     </span>
    </p>
   </div>
   <div class='ocr_carea' id='block_1_94' title="bbox 293 4943 1872 5012">
    <p class='ocr_par' dir='ltr' id='par_1_94' title="bbox 293 4943 1872 5012">
     <span class='ocr_line' id='line_1_94' title="bbox 293 4943 1872 5012; baseline -0.004 -12"><span class='ocrx_word' id='word_1_674' title='bbox 293 4949 460 5004; x_wconf 88' lang='lat' dir='ltr'><strong>multa</strong></span> <span class='ocrx_word' id='word_1_675' title='bbox 492 4951 647 5004; x_wconf 90' lang='lat' dir='ltr'><strong>abeo</strong></span> <span class='ocrx_word' id='word_1_676' title='bbox 692 4957 1030 5012; x_wconf 87' lang='lat' dir='ltr'><strong>ornamenta,</strong></span> <span class='ocrx_word' id='word_1_677' title='bbox 1079 4961 1272 5002; x_wconf 89' lang='lat' dir='ltr'><strong>aureos</strong></span> <span class='ocrx_word' id='word_1_678' title='bbox 1317 4946 1480 5001; x_wconf 86' lang='lat' dir='ltr'><strong>etiam</strong></span> <span class='ocrx_word' id='word_1_679' title='bbox 1537 4943 1872 5012; x_wconf 87' lang='lat' dir='ltr'><strong>singularum</strong></span> 
     </span>
    </p>
   </div>
   <div class='ocr_carea' id='block_1_95' title="bbox 293 5036 1902 5114">
    <p class='ocr_par' dir='ltr' id='par_1_95' title="bbox 293 5036 1902 5114">
     <span class='ocr_line' id='line_1_95' title="bbox 293 5036 1902 5114; baseline -0.007 -15"><span class='ocrx_word' id='word_1_680' title='bbox 293 5045 554 5100; x_wconf 86' lang='lat' dir='ltr'><strong>librarum</strong></span> <span class='ocrx_word' id='word_1_681' title='bbox 580 5045 835 5114; x_wconf 88' lang='lat' dir='ltr'><strong>suscepit,</strong></span> <span class='ocrx_word' id='word_1_682' title='bbox 887 5045 1146 5098; x_wconf 89' lang='lat' dir='ltr'><strong>habentes</strong></span> <span class='ocrx_word' id='word_1_683' title='bbox 1181 5041 1249 5096; x_wconf 89' lang='lat' dir='ltr'><strong>ab</strong></span> <span class='ocrx_word' id='word_1_684' title='bbox 1295 5055 1399 5094; x_wconf 90' lang='lat' dir='ltr'><strong>una</strong></span> <span class='ocrx_word' id='word_1_685' title='bbox 1453 5049 1608 5110; x_wconf 89' lang='lat' dir='ltr'><strong>parte</strong></span> <span class='ocrx_word' id='word_1_686' title='bbox 1647 5036 1902 5106; x_wconf 73' lang='lat' dir='ltr'><strong>efﬁgiem</strong></span> 
     </span>
    </p>
   </div>
   <div class='ocr_carea' id='block_1_96' title="bbox 293 5129 1880 5207">
    <p class='ocr_par' dir='ltr' id='par_1_96' title="bbox 293 5129 1880 5207">
     <span class='ocr_line' id='line_1_96' title="bbox 293 5129 1880 5207; baseline -0.007 -17"><span class='ocrx_word' id='word_1_687' title='bbox 293 5137 658 5207; x_wconf 88' lang='lat' dir='ltr'><strong>imperatoris,</strong></span> <span class='ocrx_word' id='word_1_688' title='bbox 721 5136 980 5205; x_wconf 90' lang='lat' dir='ltr'><strong>scriptum</strong></span> <span class='ocrx_word' id='word_1_689' title='bbox 1003 5135 1066 5188; x_wconf 83' lang='lat' dir='ltr'><strong>&#39;in</strong></span> <span class='ocrx_word' id='word_1_690' title='bbox 1104 5133 1306 5188; x_wconf 85' lang='lat' dir='ltr'><strong>etrculo</strong></span> <span class='ocrx_word' id='word_1_691' title='bbox 1333 5131 1584 5187; x_wconf 85' lang='lat' dir='ltr'><strong>Tiberius</strong></span> <span class='ocrx_word' id='word_1_692' title='bbox 1613 5129 1880 5184; x_wconf 82' lang='lat' dir='ltr'><strong>Constan-</strong></span> 
     </span>
    </p>
   </div>
   <div class='ocr_carea' id='block_1_97' title="bbox 295 5222 1878 5300">
    <p class='ocr_par' dir='ltr' id='par_1_97' title="bbox 295 5222 1878 5300">
     <span class='ocr_line' id='line_1_97' title="bbox 295 5222 1878 5300; baseline -0.008 -16"><span class='ocrx_word' id='word_1_693' title='bbox 295 5229 438 5284; x_wconf 91' lang='lat' dir='ltr'><strong>tinus</strong></span> <span class='ocrx_word' id='word_1_694' title='bbox 473 5238 767 5300; x_wconf 89' lang='lat' dir='ltr'><strong>perpetuus</strong></span> <span class='ocrx_word' id='word_1_695' title='bbox 815 5227 1112 5298; x_wconf 78' lang='lat' dir='ltr'><strong>Augustus,</strong></span> <span class='ocrx_word' id='word_1_696' title='bbox 1157 5225 1224 5280; x_wconf 90' lang='lat' dir='ltr'><strong>ab</strong></span> <span class='ocrx_word' id='word_1_697' title='bbox 1267 5226 1368 5280; x_wconf 89' lang='lat' dir='ltr'><strong>alia</strong></span> <span class='ocrx_word' id='word_1_698' title='bbox 1419 5233 1571 5294; x_wconf 88' lang='lat' dir='ltr'><strong>parte</strong></span> <span class='ocrx_word' id='word_1_699' title='bbox 1617 5222 1878 5277; x_wconf 88' lang='lat' dir='ltr'><strong>habentes</strong></span> 
     </span>
    </p>
   </div>
   <div class='ocr_carea' id='block_1_98' title="bbox 294 5312 1875 5389">
    <p class='ocr_par' dir='ltr' id='par_1_98' title="bbox 294 5312 1875 5389">
     <span class='ocr_line' id='line_1_98' title="bbox 294 5312 1875 5389; baseline -0.001 -17"><span class='ocrx_word' id='word_1_700' title='bbox 294 5319 616 5389; x_wconf 86' lang='lat' dir='ltr'><strong>quadrigam</strong></span> <span class='ocrx_word' id='word_1_701' title='bbox 665 5327 720 5372; x_wconf 92' lang='lat' dir='ltr'><strong>et</strong></span> <span class='ocrx_word' id='word_1_702' title='bbox 771 5332 1156 5381; x_wconf 86' lang='lat' dir='ltr'><strong>ascensorem,</strong></span> <span class='ocrx_word' id='word_1_703' title='bbox 1215 5317 1268 5370; x_wconf 89' lang='lat' dir='ltr'><strong>in</strong></span> <span class='ocrx_word' id='word_1_704' title='bbox 1323 5316 1554 5371; x_wconf 86' lang='lat' dir='ltr'><strong>circuitu</strong></span> <span class='ocrx_word' id='word_1_705' title='bbox 1612 5312 1875 5380; x_wconf 77' lang='lat' dir='ltr'><strong>scriptum</strong></span> 
     </span>
    </p>
   </div>
   <div class='ocr_carea' id='block_1_99' title="bbox 293 5405 1881 5480">
    <p class='ocr_par' dir='ltr' id='par_1_99' title="bbox 293 5405 1881 5480">
     <span class='ocr_line' id='line_1_99' title="bbox 293 5405 1881 5480; baseline -0.007 -15"><span class='ocrx_word' id='word_1_706' title='bbox 293 5409 472 5465; x_wconf 86' lang='lat' dir='ltr'><strong>Gloria</strong></span> <span class='ocrx_word' id='word_1_707' title='bbox 513 5411 902 5464; x_wconf 86' lang='lat' dir='ltr'><strong>Romanorum.</strong></span> <span class='ocrx_word' id='word_1_708' title='bbox 945 5409 1116 5480; x_wconf 79' lang='lat' dir='ltr'><strong>Hujus</strong></span> <span class='ocrx_word' id='word_1_709' title='bbox 1144 5408 1333 5465; x_wconf 88' lang='lat' dir='ltr'><strong>diebus</strong></span> <span class='ocrx_word' id='word_1_710' title='bbox 1359 5405 1653 5478; x_wconf 85' lang='lat' dir='ltr'><strong>Gregorius</strong></span> <span class='ocrx_word' id='word_1_711' title='bbox 1696 5405 1881 5458; x_wconf 77' lang='lat' dir='ltr'><strong>diaco-</strong></span> 
     </span>
    </p>
   </div>
   <div class='ocr_carea' id='block_1_100' title="bbox 296 5496 1874 5582">
    <p class='ocr_par' dir='ltr' id='par_1_100' title="bbox 296 5496 1874 5582">
     <span class='ocr_line' id='line_1_100' title="bbox 296 5496 1874 5582; baseline -0.004 -28"><span class='ocrx_word' id='word_1_712' title='bbox 296 5517 396 5556; x_wconf 89' lang='lat' dir='ltr'><strong>nus</strong></span> <span class='ocrx_word' id='word_1_713' title='bbox 421 5517 544 5555; x_wconf 89' lang='lat' dir='ltr'><strong>cum</strong></span> <span class='ocrx_word' id='word_1_714' title='bbox 573 5506 719 5582; x_wconf 82' lang='lat' dir='ltr'><strong>esset</strong></span> <span class='ocrx_word' id='word_1_715' title='bbox 763 5500 1130 5570; x_wconf 86' lang='lat' dir='ltr'><strong>apocrisarius</strong></span> <span class='ocrx_word' id='word_1_716' title='bbox 1158 5499 1210 5553; x_wconf 91' lang='lat' dir='ltr'><strong>in</strong></span> <span class='ocrx_word' id='word_1_717' title='bbox 1251 5500 1386 5554; x_wconf 88' lang='lat' dir='ltr'><strong>urbe</strong></span> <span class='ocrx_word' id='word_1_718' title='bbox 1419 5496 1874 5563; x_wconf 89' lang='lat' dir='ltr'><strong>Constantinopo-</strong></span> 
     </span>
    </p>
   </div>
   <div class='ocr_carea' id='block_1_101' title="bbox 319 5589 1350 5612">
    <p class='ocr_par' dir='ltr' id='par_1_101' title="bbox 319 5589 1350 5612">
     <span class='ocr_line' id='line_1_101' title="bbox 319 5592 329 5601; baseline 0 0"><span class='ocrx_word' id='word_1_719' title='bbox 319 5592 329 5601; x_wconf 77' lang='grc' dir='ltr'><strong><em>ο</em></strong></span> 
     </span>
     <span class='ocr_line' id='line_1_102' title="bbox 321 5589 1350 5612; baseline 0 0"><span class='ocrx_word' id='word_1_720' title='bbox 321 5599 452 5612; x_wconf 73' lang='grc' dir='ltr'>.ι-..-</span> <span class='ocrx_word' id='word_1_721' title='bbox 561 5589 784 5612; x_wconf 67' lang='grc' dir='ltr'><strong>ιι---1-,</strong></span> <span class='ocrx_word' id='word_1_722' title='bbox 837 5591 999 5612; x_wconf 71' lang='grc' dir='ltr'><strong>ιξι-..-..</strong></span> <span class='ocrx_word' id='word_1_723' title='bbox 1057 5589 1350 5612; x_wconf 62' lang='grc' dir='ltr'><strong>-Α.-.....Α---Ξι</strong></span> 
     </span>
    </p>
   </div>
   <div class='ocr_carea' id='block_1_102' title="bbox 321 5587 1874 5612">
    <p class='ocr_par' dir='ltr' id='par_1_102' title="bbox 321 5587 1874 5612">
     <span class='ocr_line' id='line_1_103' title="bbox 321 5587 1874 5612; baseline 0 0"><span class='ocrx_word' id='word_1_724' title='bbox 321 5592 452 5612; x_wconf 61' lang='lat' dir='ltr'><strong>En-..-</strong></span> <span class='ocrx_word' id='word_1_725' title='bbox 561 5589 784 5612; x_wconf 67' lang='grc' dir='ltr'><strong>ιι---1-,</strong></span> <span class='ocrx_word' id='word_1_726' title='bbox 837 5591 999 5612; x_wconf 71' lang='grc' dir='ltr'><strong>ιξι-..-..</strong></span> <span class='ocrx_word' id='word_1_727' title='bbox 1057 5589 1350 5612; x_wconf 62' lang='grc' dir='ltr'><strong>-Α.-.....Α---Ξι</strong></span> <span class='ocrx_word' id='word_1_728' title='bbox 1461 5587 1874 5612; x_wconf 60' lang='grc' dir='ltr'>π.-ι-νΛιςιισιιι-ιιη</span> 
     </span>
    </p>
   </div>
   <div class='ocr_carea' id='block_1_103' title="bbox 1986 4705 2205 4745">
    <p class='ocr_par' dir='ltr' id='par_1_103' title="bbox 1986 4705 2205 4745">
     <span class='ocr_line' id='line_1_104' title="bbox 1986 4705 2205 4745; baseline -0.009 0"><span class='ocrx_word' id='word_1_729' title='bbox 1986 4705 2205 4745; x_wconf 72' lang='grc' dir='ltr'>ῐῐιιεειιε.</span> 
     </span>
    </p>
   </div>
   <div class='ocr_carea' id='block_1_104' title="bbox 2057 4763 3584 4846">
    <p class='ocr_par' dir='ltr' id='par_1_104' title="bbox 2057 4763 3584 4846">
     <span class='ocr_line' id='line_1_105' title="bbox 2057 4763 3584 4846; baseline -0.01 -14"><span class='ocrx_word' id='word_1_730' title='bbox 2057 4779 2132 4832; x_wconf 83' lang='lat' dir='ltr'><strong>Eo</strong></span> <span class='ocrx_word' id='word_1_731' title='bbox 2163 4788 2402 4846; x_wconf 86' lang='lat' dir='ltr'><strong>tempore</strong></span> <span class='ocrx_word' id='word_1_732' title='bbox 2439 4775 2539 4829; x_wconf 90' lang='lat' dir='ltr'><strong>fuit</strong></span> <span class='ocrx_word' id='word_1_733' title='bbox 2586 4789 2740 4844; x_wconf 73' lang='lat' dir='ltr'><strong>aqua:</strong></span> <span class='ocrx_word' id='word_1_734' title='bbox 2781 4773 3039 4828; x_wconf 89' lang='lat' dir='ltr'><strong>diluvium</strong></span> <span class='ocrx_word' id='word_1_735' title='bbox 3073 4771 3126 4824; x_wconf 92' lang='lat' dir='ltr'><strong>in</strong></span> <span class='ocrx_word' id='word_1_736' title='bbox 3167 4781 3366 4822; x_wconf 84' lang='lat' dir='ltr'><strong>umens</strong></span> <span class='ocrx_word' id='word_1_737' title='bbox 3391 4763 3584 4819; x_wconf 65' lang='lat' dir='ltr'><strong>Vene-</strong></span> 
     </span>
    </p>
   </div>
   <div class='ocr_carea' id='block_1_105' title="bbox 1987 4853 3581 4936">
    <p class='ocr_par' dir='ltr' id='par_1_105' title="bbox 1987 4853 3581 4936">
     <span class='ocr_line' id='line_1_106' title="bbox 1987 4853 3581 4936; baseline -0.011 -14"><span class='ocrx_word' id='word_1_738' title='bbox 1987 4869 2181 4923; x_wconf 88' lang='lat' dir='ltr'><strong>tiarum</strong></span> <span class='ocrx_word' id='word_1_739' title='bbox 2209 4877 2262 4922; x_wconf 90' lang='lat' dir='ltr'><strong>et</strong></span> <span class='ocrx_word' id='word_1_740' title='bbox 2291 4866 2542 4936; x_wconf 52' lang='lat' dir='ltr'><strong>Liguriae,</strong></span> <span class='ocrx_word' id='word_1_741' title='bbox 2574 4879 2666 4918; x_wconf 90' lang='lat' dir='ltr'><strong>seu</strong></span> <span class='ocrx_word' id='word_1_742' title='bbox 2709 4863 2762 4917; x_wconf 92' lang='lat' dir='ltr'><strong>in</strong></span> <span class='ocrx_word' id='word_1_743' title='bbox 2795 4861 3006 4918; x_wconf 83' lang='lat' dir='ltr'><strong>caeteris</strong></span> <span class='ocrx_word' id='word_1_744' title='bbox 3049 4858 3361 4930; x_wconf 87' lang='lat' dir='ltr'><strong>regionibus</strong></span> <span class='ocrx_word' id='word_1_745' title='bbox 3385 4853 3581 4916; x_wconf 70' lang='lat' dir='ltr'><strong>Italiae,</strong></span> 
     </span>
    </p>
   </div>
   <div class='ocr_carea' id='block_1_106' title="bbox 1987 4943 3573 5030">
    <p class='ocr_par' dir='ltr' id='par_1_106' title="bbox 1987 4943 3573 5030">
     <span class='ocr_line' id='line_1_107' title="bbox 1987 4943 3573 5030; baseline -0.011 -17"><span class='ocrx_word' id='word_1_746' title='bbox 1987 4959 2144 5030; x_wconf 89' lang='lat' dir='ltr'><strong>quale</strong></span> <span class='ocrx_word' id='word_1_747' title='bbox 2189 4965 2312 5030; x_wconf 90' lang='lat' dir='ltr'><strong>post</strong></span> <span class='ocrx_word' id='word_1_748' title='bbox 2341 4953 2454 5012; x_wconf 81' lang='lat' dir='ltr'><strong>Noe</strong></span> <span class='ocrx_word' id='word_1_749' title='bbox 2501 4965 2709 5024; x_wconf 89' lang='lat' dir='ltr'><strong>tempus</strong></span> <span class='ocrx_word' id='word_1_750' title='bbox 2741 4956 2982 5010; x_wconf 88' lang='lat' dir='ltr'><strong>creditur</strong></span> <span class='ocrx_word' id='word_1_751' title='bbox 3014 4967 3118 5006; x_wconf 91' lang='lat' dir='ltr'><strong>non</strong></span> <span class='ocrx_word' id='word_1_752' title='bbox 3153 4950 3336 5003; x_wconf 86' lang='lat' dir='ltr'><strong>fuisse.</strong></span> <span class='ocrx_word' id='word_1_753' title='bbox 3371 4943 3573 4999; x_wconf 86' lang='lat' dir='ltr'><strong>Subse-</strong></span> 
     </span>
    </p>
   </div>
   <div class='ocr_carea' id='block_1_107' title="bbox 1989 5043 3584 5115">
    <p class='ocr_par' dir='ltr' id='par_1_107' title="bbox 1989 5043 3584 5115">
     <span class='ocr_line' id='line_1_108' title="bbox 1989 5043 3584 5115; baseline -0.013 -10"><span class='ocrx_word' id='word_1_754' title='bbox 1989 5058 2114 5105; x_wconf 88' lang='lat' dir='ltr'><strong>cuta</strong></span> <span class='ocrx_word' id='word_1_755' title='bbox 2152 5057 2236 5103; x_wconf 90' lang='lat' dir='ltr'><strong>est</strong></span> <span class='ocrx_word' id='word_1_756' title='bbox 2263 5047 2444 5101; x_wconf 87' lang='lat' dir='ltr'><strong>statim</strong></span> <span class='ocrx_word' id='word_1_757' title='bbox 2481 5043 2650 5115; x_wconf 88' lang='lat' dir='ltr'><strong>pestis</strong></span> <span class='ocrx_word' id='word_1_758' title='bbox 2693 5043 3020 5113; x_wconf 85' lang='lat' dir='ltr'><strong>inguinaria,</strong></span> <span class='ocrx_word' id='word_1_759' title='bbox 3049 5055 3170 5110; x_wconf 69' lang='lat' dir='ltr'><strong>qua:</strong></span> <span class='ocrx_word' id='word_1_760' title='bbox 3214 5045 3361 5091; x_wconf 88' lang='lat' dir='ltr'><strong>tanta</strong></span> <span class='ocrx_word' id='word_1_761' title='bbox 3393 5044 3584 5101; x_wconf 26' lang='lat' dir='ltr'><strong>strage.</strong></span> 
     </span>
    </p>
   </div>
   <div class='ocr_carea' id='block_1_108' title="bbox 1989 5123 3574 5211">
    <p class='ocr_par' dir='ltr' id='par_1_108' title="bbox 1989 5123 3574 5211">
     <span class='ocr_line' id='line_1_109' title="bbox 1989 5123 3574 5211; baseline -0.013 -18"><span class='ocrx_word' id='word_1_762' title='bbox 1989 5139 2242 5211; x_wconf 87' lang='lat' dir='ltr'><strong>populum</strong></span> <span class='ocrx_word' id='word_1_763' title='bbox 2284 5135 2603 5199; x_wconf 87' lang='lat' dir='ltr'><strong>devastavit,</strong></span> <span class='ocrx_word' id='word_1_764' title='bbox 2632 5142 2688 5186; x_wconf 89' lang='lat' dir='ltr'><strong>ut</strong></span> <span class='ocrx_word' id='word_1_765' title='bbox 2720 5131 2786 5186; x_wconf 87' lang='lat' dir='ltr'><strong>de</strong></span> <span class='ocrx_word' id='word_1_766' title='bbox 2835 5127 3195 5188; x_wconf 63' lang='lat' dir='ltr'><strong>inaestimabili</strong></span> <span class='ocrx_word' id='word_1_767' title='bbox 3229 5123 3574 5180; x_wconf 87' lang='lat' dir='ltr'><strong>multitudine</strong></span> 
     </span>
    </p>
   </div>
   <div class='ocr_carea' id='block_1_109' title="bbox 1987 5217 3572 5306">
    <p class='ocr_par' dir='ltr' id='par_1_109' title="bbox 1987 5217 3572 5306">
     <span class='ocr_line' id='line_1_110' title="bbox 1987 5217 3572 5306; baseline -0.014 -17"><span class='ocrx_word' id='word_1_768' title='bbox 1987 5235 2144 5306; x_wconf 88' lang='lat' dir='ltr'><strong>pauci</strong></span> <span class='ocrx_word' id='word_1_769' title='bbox 2179 5241 2544 5290; x_wconf 87' lang='lat' dir='ltr'><strong>remanerent.</strong></span> <span class='ocrx_word' id='word_1_770' title='bbox 2575 5229 2635 5283; x_wconf 87' lang='lat' dir='ltr'><strong>In</strong></span> <span class='ocrx_word' id='word_1_771' title='bbox 2675 5227 2778 5282; x_wconf 85' lang='lat' dir='ltr'><strong>hac</strong></span> <span class='ocrx_word' id='word_1_772' title='bbox 2823 5222 3171 5282; x_wconf 87' lang='lat' dir='ltr'><strong>tribulatione</strong></span> <span class='ocrx_word' id='word_1_773' title='bbox 3211 5217 3505 5286; x_wconf 84' lang='lat' dir='ltr'><strong>Gregorius</strong></span> <span class='ocrx_word' id='word_1_774' title='bbox 3545 5230 3572 5267; x_wconf 86' lang='lat' dir='ltr'><strong>a</strong></span> 
     </span>
    </p>
   </div>
   <div class='ocr_carea' id='block_1_110' title="bbox 1991 5305 3581 5394">
    <p class='ocr_par' dir='ltr' id='par_1_110' title="bbox 1991 5305 3581 5394">
     <span class='ocr_line' id='line_1_111' title="bbox 1991 5305 3581 5394; baseline -0.014 -14"><span class='ocrx_word' id='word_1_775' title='bbox 1991 5305 2204 5381; x_wconf 83' lang='lat' dir='ltr'><strong>cunctis</strong></span> <span class='ocrx_word' id='word_1_776' title='bbox 2232 5322 2556 5394; x_wconf 89' lang='lat' dir='ltr'><strong>generaliter</strong></span> <span class='ocrx_word' id='word_1_777' title='bbox 2585 5332 2719 5388; x_wconf 88' lang='lat' dir='ltr'><strong>papa</strong></span> <span class='ocrx_word' id='word_1_778' title='bbox 2747 5317 2951 5373; x_wconf 89' lang='lat' dir='ltr'><strong>electus</strong></span> <span class='ocrx_word' id='word_1_779' title='bbox 2980 5322 3082 5376; x_wconf 85' lang='lat' dir='ltr'><strong>est,</strong></span> <span class='ocrx_word' id='word_1_780' title='bbox 3114 5319 3170 5364; x_wconf 89' lang='lat' dir='ltr'><strong>et</strong></span> <span class='ocrx_word' id='word_1_781' title='bbox 3194 5310 3248 5364; x_wconf 90' lang='lat' dir='ltr'><strong>in</strong></span> <span class='ocrx_word' id='word_1_782' title='bbox 3276 5305 3581 5379; x_wconf 74' lang='lat' dir='ltr'><strong>pontiﬁcali</strong></span> 
     </span>
    </p>
   </div>
   <div class='ocr_carea' id='block_1_111' title="bbox 1986 5411 3304 5483">
    <p class='ocr_par' dir='ltr' id='par_1_111' title="bbox 1986 5411 3304 5483">
     <span class='ocr_line' id='line_1_112' title="bbox 1986 5411 3304 5483; baseline -0.011 -14"><span class='ocrx_word' id='word_1_783' title='bbox 1986 5413 2246 5470; x_wconf 86' lang='lat' dir='ltr'><strong>cathedra</strong></span> <span class='ocrx_word' id='word_1_784' title='bbox 2273 5411 2614 5466; x_wconf 89' lang='lat' dir='ltr'><strong>sublimatus.</strong></span> <span class='ocrx_word' id='word_1_785' title='bbox 3301 5481 3304 5483; x_wconf 11' lang='grc' dir='ltr'><strong>Δ</strong></span> 
     </span>
    </p>
   </div>
   <div class='ocr_carea' id='block_1_112' title="bbox 2055 5481 3564 5567">
    <p class='ocr_par' dir='ltr' id='par_1_112' title="bbox 2055 5481 3564 5567">
     <span class='ocr_line' id='line_1_113' title="bbox 2055 5481 3564 5567; baseline -0.017 -11"><span class='ocrx_word' id='word_1_786' title='bbox 2055 5501 2158 5556; x_wconf 87' lang='lat' dir='ltr'><strong>Per</strong></span> <span class='ocrx_word' id='word_1_787' title='bbox 2193 5502 2332 5556; x_wconf 89' lang='lat' dir='ltr'><strong>idem</strong></span> <span class='ocrx_word' id='word_1_788' title='bbox 2381 5509 2595 5567; x_wconf 87' lang='lat' dir='ltr'><strong>tempus</strong></span> <span class='ocrx_word' id='word_1_789' title='bbox 2625 5495 2794 5549; x_wconf 89' lang='lat' dir='ltr'><strong>isdem</strong></span> <span class='ocrx_word' id='word_1_790' title='bbox 2841 5496 3134 5562; x_wconf 74' lang='lat' dir='ltr'><strong>Gregorius</strong></span> <span class='ocrx_word' id='word_1_791' title='bbox 3162 5481 3304 5558; x_wconf 86' lang='lat' dir='ltr'><strong>papa</strong></span> <span class='ocrx_word' id='word_1_792' title='bbox 3330 5481 3564 5553; x_wconf 81' lang='lat' dir='ltr'><strong>Augusti.</strong></span> 
     </span>
    </p>
   </div>
   <div class='ocr_carea' id='block_1_113' title="bbox 2077 5575 3576 5612">
    <p class='ocr_par' dir='ltr' id='par_1_113' title="bbox 2077 5575 3576 5612">
     <span class='ocr_line' id='line_1_114' title="bbox 2077 5575 3576 5612; baseline -0.003 0"><span class='ocrx_word' id='word_1_793' title='bbox 2077 5609 2104 5612; x_wconf 94' lang='lat'><em>__</em></span> <span class='ocrx_word' id='word_1_794' title='bbox 2167 5591 2421 5612; x_wconf 69' lang='grc' dir='ltr'><strong>1..-112ι-----</strong></span> <span class='ocrx_word' id='word_1_795' title='bbox 2457 5597 2499 5612; x_wconf 64' lang='grc' dir='ltr'><strong>ΑΙ</strong></span> <span class='ocrx_word' id='word_1_796' title='bbox 2539 5583 2836 5612; x_wconf 66' lang='grc' dir='ltr'>ῙΛΙ-ηιὶιιΛπιι</span> <span class='ocrx_word' id='word_1_797' title='bbox 2870 5597 2986 5612; x_wconf 61' lang='grc' dir='ltr'>ἰιι-τη</span> <span class='ocrx_word' id='word_1_798' title='bbox 3035 5578 3152 5612; x_wconf 59' lang='lat' dir='ltr'><strong>alii:</strong></span> <span class='ocrx_word' id='word_1_799' title='bbox 3188 5575 3429 5612; x_wconf 62' lang='grc' dir='ltr'><strong>ἣΙΙΙΦῖΙὶΙΙΩ</strong></span> <span class='ocrx_word' id='word_1_800' title='bbox 3460 5583 3576 5606; x_wconf 61' lang='grc' dir='ltr'><strong>ηιθ-</strong></span> 
     </span>
    </p>
   </div>
  </div>
