3958 5464
257 288 330 347 35
591 276 604 282 “
775 276 782 284 ’
1386 277 1800 340 CHRONICON.
1842 274 2041 331 —-AN.
2082 274 2338 333 558-576.
3456 272 3532 336 δι

251 401 642 477 ponduspanis
659 409 714 457 et
736 412 1044 457 mensuram
1067 396 1176 452 vini
1199 393 1519 451 deferentes.
1549 393 1838 448 Mauricius
1865 425 1918 484 Α
1944 388 2170 444 traditus
2197 397 2280 443 est
2305 404 2333 442 a
2366 387 2627 459 genitore,
2653 397 2710 443 ut
2736 401 2859 442 eum
2904 388 3200 444 secundum
3230 404 3382 446 suam
3433 408 3528 450 sa-

252 501 548 570 imperator
575 511 698 553 cum
728 495 852 550 ﬁliis
881 494 992 549 suis
1023 491 1348 554 Theodosio,
1375 489 1591 543 Tiberio
1617 497 1672 543 et
1698 487 1840 542 Con-

249 590 513 655 stantino,
553 604 584 643 a
611 587 836 654 Focato,
874 584 966 656 qui
1015 581 1116 638 fuit
1165 589 1366 638 strator
1395 579 1567 635 Prisci
1614 577 1836 649 patritii,

247 680 537 736 occiditur.

319 773 478 826 Anno
506 769 800 825 Dominica:
821 765 1210 822 incarnationis
1258 763 1362 818 5'58
1405 761 1611 816 Phocas
1649 775 1844 831 regna-

247 862 327 917 vit
356 877 526 916 annos
551 861 603 916 8.
630 860 797 929 Hujus
819 859 1056 914 secundo
1084 873 1225 912 anno
1246 855 1540 924 Gregorius
1574 869 1710 924 papa
1743 853 1843 906 nti-

248 955 424 1026 gravit
455 953 523 1007 ad
546 953 854 1018 Dominum,
909 951 994 1005 cui
1044 951 1097 1004 in
1156 947 1466 1018 pontiﬁcatu
1515 945 1842 999 Sabinianus

247 1042 531 1106 successit,
559 1057 666 1111 quo
688 1041 944 1096 defuncto
971 1038 1282 1094 Bonifacius
1306 1052 1441 1107 papa
1471 1035 1838 1100 constituitur.

249 1134 348 1189 Hic
372 1135 608 1190 obtinuit
634 1134 774 1204 apud
799 1133 1058 1189 Focatum
1085 1132 1404 1202 principem,
1437 1139 1496 1184 ut
1518 1130 1674 1185 sedes
1714 1143 1841 1198 apo-

247 1224 439 1280 stolica
465 1231 628 1293 caput
649 1232 794 1279 esset
815 1223 1055 1278 omnium
1078 1221 1449 1286 ecclesiarum,
1495 1221 1622 1290 quia
1671 1219 1844 1274 eccle-

246 1315 327 1369 sia
349 1314 945 1383 Constantinopolitana
977 1314 1206 1383 primam
1229 1327 1288 1366 se
1319 1310 1560 1365 omnium
1585 1309 1840 1364 ecclesia-

247 1418 367 1457 rum
392 1402 684 1458 scribebat.
718 1401 818 1457 Hic
862 1416 1076 1456 menses
1103 1402 1135 1456 8
1166 1409 1220 1454 et
1250 1399 1366 1454 dies
1389 1398 1460 1452 20
1491 1398 1544 1452 in
1587 1397 1842 1453 cathedra

248 1492 514 1557 residens,
538 1492 778 1561 perrexit
801 1491 868 1546 ad
893 1491 1200 1546 Dominum.
1233 1490 1291 1544 In
1319 1488 1473 1558 cujus
1495 1490 1612 1544 loco
1639 1489 1833 1544 iterum

249 1583 559 1638 Bonifacius
599 1592 974 1639 consecratur.
1008 1581 1109 1636 Hic
1137 1581 1294 1651 petiit
1327 1580 1550 1646 Focam,
1579 1587 1638 1634 ut
1661 1580 1715 1634 in
1747 1593 1840 1633 ve-

258 1672 358 1726 teri
387 1671 530 1737 fano,
578 1671 723 1741 quod
746 1671 1024 1726 Pantheon
1056 1670 1371 1735 vocabatur,
1428 1669 1571 1739 quod
1596 1686 1625 1722 a
1658 1668 1842 1722 Domi-

1947 481 2202 551 pientiam
2227 481 2512 546 enutriret,
2542 481 2700 550 cique
2729 481 2998 536 tramitem
3028 481 3338 538 christiana;
3389 484 3520 540 reli-

1946 572 2122 642 gionis
2145 571 2472 626 ostenderet.
2510 569 2610 624 Hic
2635 581 2916 640 postquam
2947 572 3015 626 ad
3067 571 3276 626 virilem
3313 583 3524 629 aetatem

1941 661 2208 730 pervenit,
2244 660 2690 730 Sandragisilum,
2720 661 2912 715 ducem
2933 661 3239 731 Aquitaniae
3259 672 3314 716 et
3336 677 3526 718 carum

1944 751 2310 806 consiliarium
2341 751 2534 820 patris,
2564 765 2629 804 eo
2664 750 2806 818 quod
2835 765 2892 804 se
2919 753 3154 818 quadam
3185 750 3524 806 contumacia

1942 840 2262 911 despiceret,
2296 837 2614 896 verberibus
2644 841 2844 905 affecit,
2878 850 2933 895 et
2961 843 3144 897 barba:
3174 842 3389 897 rasione
3436 843 3519 897 de-

1945 935 2204 1003 turpavit.
2237 933 2389 1000 Quod
2421 938 2543 989 Cum
2576 943 2730 1003 pater
2755 933 3118 1004 cognovisset,
3145 949 3269 988 eum
3301 936 3368 989 ad
3398 951 3527 1004 sup-

1942 1025 2102 1095 plicia
2133 1025 2380 1093 requirit.
2413 1024 2506 1079 llle
2537 1023 2773 1078 furorem
2804 1024 2976 1092 patris
3008 1025 3199 1078 timens
3255 1025 3308 1078 in
3350 1024 3533 1080 basili-

1945 1128 2064 1168 cam
2098 1123 2413 1170 sanctorum
2445 1114 2685 1185 Dionysii
2715 1121 2772 1168 et
2818 1113 3089 1168 sociorum
3115 1113 3230 1183 ejus
3268 1114 3530 1183 confugit,

1944 1217 2240 1272 eorumque
2265 1203 2481 1259 tutelam
2509 1203 2729 1274 supplex
2761 1203 3022 1273 exposcit.
3072 1203 3310 1269 Quorum
3338 1203 3534 1259 suffra-

1945 1293 2194 1362 gantibus
2224 1294 2450 1359 meritis,
2483 1311 2512 1346 a
2544 1294 2690 1347 nullo
2721 1295 2896 1363 potuit
2925 1294 3049 1347 inite
3071 1295 3300 1355 extrahi,
3327 1311 3531 1365 quous-

1943 1396 2049 1452 que
2077 1383 2425 1437 commissum
2451 1383 2660 1437 facinus
2707 1393 2863 1452 pater
2910 1382 3233 1454 indulgeret.
3287 1383 3441 1438 Unde
3478 1393 3534 1439 et

1944 1472 2092 1527 illum
2118 1473 2459 1543 potissimum
2497 1474 2683 1528 dilexit
2716 1468 2915 1539 locum,
2947 1473 3035 1527 ubi
3079 1475 3418 1542 postmodum
3452 1474 3535 1527 in-

1943 1562 2121 1632 gentia
2152 1562 2290 1616 dona
2317 1562 2564 1625 contulit,
2596 1571 2650 1616 et
2675 1577 2961 1616 numerosa
2983 1563 3184 1630 przedia
3207 1561 3374 1615 dedit.
3406 1561 3537 1615 Post

1942 1651 2057 1707 haec
2082 1652 2421 1722 Dagobertus
2449 1667 2572 1707 cum
2612 1652 2839 1722 Pippino
2888 1652 3024 1706 duce
3078 1652 3132 1706 in
3183 1651 3399 1706 A'ustria
3450 1666 3536 1707 re-

254 1761 401 1817 ιίεηο
456 1759 671 1815 amare
726 1758 906 1815 fuerat
953 1767 1347 1823 constructum,
1400 1757 1688 1813 ecclesiam
1737 1757 1837 1811 sibi
1868 1785 1915 1844 Β
1943 1753 2251 1814 gnaturusa
2280 1752 2433 1813 patre
2460 1743 2733 1813 dirigitur,
2764 1751 2818 1797 et
2844 1743 3016 1797 sancti
3047 1741 3253 1796 Arnulli
3279 1741 3536 1798 Metensis

245 1852 556 1907 consecrari
587 1851 799 1915 liceret,
831 1853 974 1921 quod
995 1851 1185 1905 annuit
1207 1851 1518 1922 imperator.
1549 1850 1679 1905 Post
1697 1850 1839 1904 hunc

246 1940 540 1996 Deusdedit
568 1943 623 1997 in
647 1943 962 2012 pontificatu
992 1941 1334 1996 sublimatur.
1383 1940 1724 1995 Eleutherius
1748 1955 1841 2010 pa-

242 2031 428 2085 tritius
443 2040 498 2086 et
517 2032 882 2088 cubicularius
912 2031 1256 2102 imperatoris
1291 2032 1345 2085 in
1371 2029 1592 2102 Neapoli
1617 2030 1839 2085 civitate

249 2123 526 2180 interfecit
546 2124 805 2180 Joannem
837 2134 1142 2197 tyrannum.

318 2216 502 2272 Persae
553 2216 815 2272 adversus
889 2215 1276 2286 rempublicam
1329 2214 1645 2286 gravissima
1700 2213 1838 2268 bella

243 2316 465 2379 gerunt,
495 2316 552 2363 et
573 2307 1000 2379 Hierosolymam
1032 2308 1315 2367 intrantes,
1365 2305 1618 2359 vexillum
1657 2304 1841 2358 Domi-

242 2399 385 2454 nica:
417 2398 597 2453 crucis
627 2405 929 2466 asportant.
959 2395 1281 2450 Anastasius
1313 2394 1610 2448 monachus
1636 2392 1841 2446 illustre

241 2489 571 2561 martyrium
599 2487 843 2559 pertulit.
876 2485 1010 2541 Nam
1041 2501 1071 2540 a
1094 2485 1277 2540 Persis
1298 2483 1464 2538 multa
1494 2498 1594 2554 pro
1624 2483 1842 2538 Christo

237 2593 556 2650 perpessus,
591 2577 657 2632 ad
687 2586 986 2633 extremum
1011 2591 1042 2630 a
1067 2574 1286 2640 Cosroe,
1339 2589 1465 2646 rege
1493 2587 1702 2639 eorum,
1750 2573 1841 2627 de-

242 2668 474 2726 collatus
508 2684 628 2724 cum
661 2668 782 2722 aliis
809 2667 897 2722 70.

319 2763 374 2816 In
407 2761 640 2817 Francia
683 2763 825 2816 inter
858 2759 1252 2817 Theodericum
1301 2767 1357 2814 et
1403 2758 1838 2814 Theodobertum

245 2853 470 2918 fratres,
529 2853 822 2923 instigante
869 2852 1216 2908 Brttnichilda
1263 2851 1406 2916 avia,
1460 2850 1837 2920 gravissimum

245 2943 426 2999 oritur
454 2942 674 3010 bellum,
697 2959 763 2999 eo
788 2945 931 3013 quod
960 2941 1369 2999 Tlieodobertus
1407 2958 1516 2997 non
1565 2941 1839 3010 legitimus

217 3035 422 3090 -h.'eres
451 3036 603 3107 regni
624 3036 916 3103 diceretur,
941 3036 1067 3106 quia
1097 3037 1164 3092 de
1185 3035 1377 3105 pellice
1408 3044 1526 3090 erat
1555 3043 1735 3101 natus,
1783 3042 1839 3089 et

245 3127 390 3196 apud
418 3125 736 3197 Tulpiacum
767 3137 1004 3184 castrum
1059 3128 1286 3184 summis
1337 3127 1545 3182 viribus
1593 3129 1835 3184 decerta-
1865 3139 1910 3199 ο

245 3227 384 3272 tum.
419 3216 827 3274 Theodebertus
859 3228 1009 3289 terga
1048 3218 1226 3284 vertit,
1261 3225 1316 3272 et
1362 3217 1639 3272 Coloniam
1683 3218 1836 3290 fugit,

245 3303 375 3363 inde
401 3308 730 3374 abstractus,
778 3316 833 3363 et
859 3324 888 3362 a
917 3309 1086 3363 fratre
1116 3316 1382 3373 attonsus,
1413 3307 1640 3362 clericus
1669 3306 1837 3362 effici-

250 3405 354 3458 tur,
388 3405 444 3450 et
476 3411 582 3451 non
614 3405 735 3466 post
763 3396 992 3450 multum
1029 3395 1098 3450 ab
1143 3395 1332 3451 eodem
1376 3396 1547 3451 fratre
1599 3396 1839 3452 trucida-

250 3493 358 3548 tur,
390 3493 445 3540 et
474 3485 580 3540 duo
610 3485 702 3540 ﬁlii
732 3487 848 3556 ejus
875 3485 1296 3541 interﬁciuntur.
1336 3484 1464 3540 Post
1502 3485 1617 3540 hanc
1642 3485 1838 3554 praefa-

252 3581 336 3628 tus
357 3573 724 3631 Theodericus
749 3575 939 3630 fraude
981 3573 1345 3629 Brunichildis
1401 3589 1610 3629 veneno
1657 3575 1833 3643 periit,

243 3664 353 3719 duo
403 3664 497 3719 ﬁlii
552 3665 671 3734 ejus
718 3681 749 3720 a
796 3665 1144 3720 Brunichilde
1176 3665 1598 3720 interﬁciuntur.
1653 3665 1836 3734 Regna

244 3771 364 3826 quae
395 3757 601 3827 pnel'ati
629 3771 784 3828 reges
809 3762 1116 3823 tenuerant,
1147 3755 1198 3810 in
1229 3765 1552 3827 potestatem
1575 3755 1837 3812 Clotbarii

239 3855 547 3901 transeunt.
1179 3859 1182 3863 '

311 3936 699 4005 Brunichildis,
730 3947 953 4010 propter
978 3938 1146 3995 multa
1177 3939 1441 3996 maleﬁcia
1489 3955 1611 4009 qua:
1639 3953 1830 4010 perpe-

251 4035 380 4093 trat,
413 4032 568 4098 jussu
600 4029 862 4086 Clotbarii
907 4046 1167 4100 equorum
1211 4032 1594 4086 indomitorum
1641 4031 1833 4086 caudis

245 4120 473 4192 religata
508 4122 850 4192 discerpitur.
881 4121 1148 4192 Agilulfus
1197 4137 1292 4177 rex
1347 4121 1830 4192 Langobardorum

243 4212 498 4276 moritur,
515 4221 570 4266 et
592 4211 897 4268 Rodoaldus
921 4211 1061 4267 filius
1089 4210 1206 4280 ejus
1225 4212 1276 4266 in
1297 4227 1521 4282 regnum
1539 4213 1830 4267 stabilitur.

308 4301 472 4354 Anno
504 4299 800 4356 Dominica:
824 4301 1217 4356 incarnationis
1270 4299 1374 4354 546
1422 4299 1702 4355 Heraclius
1751 4313 1837 4354 re-

243 4391 427 4462 gnavit
455 4406 628 4447 annos
653 4393 747 4446 26.
777 4391 878 4458 Qui
897 4392 1157 4446 adversus
1179 4390 1375 4446 Persas
1394 4390 1592 4446 bellum
1624 4405 1837 4462 aggres-

1942 1833 2176 1902 episcopi
2217 1833 2457 1887 consiliis
2500 1833 2930 1886 commendatur.
2994 1831 3269 1886 Rodoaldo
3317 1831 3532 1902 Lango-

1939 1921 2234 1978 bardorum
2291 1937 2416 1993 rege
2473 1934 2687 1978 mortuo
2718 1961 2733 1988 ,
2795 1920 3091 1976 Botharius
3141 1921 3315 1976 eidem
3367 1938 3533 1993 regno

1938 2011 2256 2082 przeﬁcitur.

2009 2101 2168 2158 Anno
2197 2101 2489 2157 Dominicaa
2519 2102 2911 2157 incarnationis
2969 2101 3075 2155 5'72
3125 2100 3449 2155 Hcraclones
3477 2114 3532 2154 ll-

1942 2190 2047 2246 lius
2067 2191 2323 2259 Hcraclii,
2354 2209 2476 2248 cum
2511 2202 2686 2247 matre
2717 2208 2813 2247 sua
2847 2192 3076 2247 Martina
3140 2192 3385 2263 regnavit
3438 2208 3534 2247 an-

1942 2299 2039 2339 nos
2066 2284 2120 2337 9..
2149 2286 2325 2356 Cyrus
2369 2285 2730 2350 Alexandriae,
2796 2284 3018 2356 Sergius
3064 2292 3118 2340 et
3163 2284 3405 2359 Pyrrhus
3450 2301 3536 2340 re-

1943 2375 2043 2444 gia:
2071 2375 2222 2429 urbis
2259 2374 2531 2446 episcopi,
2588 2391 2750 2429 unam
2794 2377 3163 2444 operationem
3213 2378 3265 2430 in
3315 2376 3533 2432 Christo

1944 2465 2241 2520 divinitatis
2269 2475 2321 2520 et
2352 2466 2728 2531 humanitatis,
2772 2475 2829 2521 ct
2875 2483 3040 2520 unam
3077 2465 3400 2521 voluntatem
3435 2469 3533 2522 do-

1943 2555 2256 2626 gmatizant,
2291 2565 2346 2611 et
2366 2557 2434 2612 ob
2456 2558 2559 2612 hoc
2591 2573 2620 2611 a
2651 2557 2936 2612 Theodoro
2979 2573 3114 2628 papa
3154 2567 3210 2612 et
3248 2557 3371 2614 aliis
3417 2560 3532 2628 epi-

1942 2649 2119 2718 sCOpis
2149 2649 2490 2704 condemnati
2515 2660 2658 2704 sunt.
2711 2652 3046 2721 Dagohertus
3075 2653 3213 2708 filius
3243 2653 3524 2716 Clotharii,

1942 2751 2064 2792 cum
2096 2737 2398 2794 Saxonibus
2429 2741 2718 2806 dimicans,
2768 2743 3006 2812 graviter
3052 2745 3119 2798 ab
3157 2745 3236 2799 eis
3283 2745 3532 2801 vulnera-

1944 2835 2050 2892 tur,
2081 2839 2393 2898 patremque
2414 2845 2510 2900 per
2533 2831 2765 2902 legatum
2800 2844 2954 2889 vocat
2993 2835 3046 2889 in
3096 2837 3355 2892 auxilium
3380 2879 3396 2906 ,
3437 2841 3528 2909 qui

1952 2914 2181 2972 festinus
2206 2934 2327 2972 cum
2357 2921 2595 2974 exercitu
2627 2922 2794 2988 venit,
2820 2932 2875 2977 et
2895 2923 3176 2980 interfecto
3193 2942 3379 2982 eorum
3396 2929 3533 2984 duce

1941 3005 2211 3072 Bertaldo,
2240 3008 2312 3062 ita
2358 3008 2601 3066 Saxones
2651 3013 2816 3068 armis
2861 3015 3190 3084 perdomuit,
3235 3028 3294 3072 ut
3351 3021 3531 3075 omnis

1942 3097 2114 3153 virilis
2136 3114 2298 3154 sexus
2337 3099 2575 3169 ejusdem
2612 3111 2770 3158 terra:
2796 3104 3018 3172 incolas,
3043 3107 3132 3176 qui
3163 3107 3343 3178 gladii,
3370 3125 3531 3180 quem

1946 3201 2073 3246 tunc
2103 3191 2242 3248 forte
2263 3194 2508 3266 gerebat,
2560 3196 2947 3267 longitudinem
3005 3203 3389 3268 excessissent,
3437 3217 3532 3272 pc-

1940 3281 2181 3338 rimeret.
2277 3341 2282 3346 ,

2010 3371 2168 3428 Circa
2195 3373 2309 3430 hazc
2340 3385 2580 3447 tempora
2607 3377 2959 3448 Sisenandus,
2991 3393 3046 3438 ct
3070 3393 3194 3454 post
3213 3401 3337 3440 cum
3363 3385 3530 3440 Cbin-

1941 3461 2080 3526 tilla,
2126 3464 2179 3518 in
2221 3465 2478 3536 Hispania
2521 3481 2905 3540 regnaverunt.
2955 3472 3156 3528 Horum
3197 3476 3530 3545 temporibus

1939 3552 2176 3624 synodus
2206 3555 2289 3610 bis
2322 3555 2464 3612 facta
2508 3566 2593 3613 est
2621 3559 2675 3613 in
2707 3561 2841 3614 urbe
2870 3561 3147 3630 Toletana,
3181 3565 3269 3619 ubi
3297 3565 3526 3634 plurima

1938 3642 2004 3696 de
2037 3643 2139 3699 ﬁde
2163 3647 2427 3702 catholica
2475 3657 2529 3703 et
2573 3649 2830 3721 religione
2854 3653 3152 3710 christiana
3188 3656 3526 3726 promulgata

1938 3744 2063 3789 sunt
2089 3744 2144 3790 et
2185 3738 2390 3808 scripto
2421 3740 2690 3796 roborata.
2722 3743 2834 3799 Sub
2878 3746 2961 3802 his
2997 3750 3162 3803 etiam
3199 3750 3410 3820 regibus
3435 3751 3529 3803 lsi-

1939 3827 2131 3894 dorus,
2165 3828 2497 3899 llispalensis
2525 3835 2768 3892 ecclesias
2807 3840 3122 3910 episcopus,
3156 3841 3366 3908 floruit,
3398 3843 3527 3898 nulli

1936 3917 2321 3973 modernorum
2350 3921 2627 3978 doctorum
2665 3930 3098 3997 postponendus,
3131 3933 3220 4000 qui
3264 3932 3428 3987 multa
3462 3934 3530 3989 de

1939 4009 2063 4065 ﬁdei
2086 4013 2284 4080 regulis
2309 4015 2800 4089 ecclesiasticisqnc
2824 4021 3122 4091 disciplinis
3143 4024 3451 4094 disputavit.

2009 4115 2138 4171 Post
2183 4116 2323 4174 idem
2380 4130 2587 4191 tempus
2623 4127 2855 4196 conjunx
2888 4131 3031 4199 regis
3073 4129 3362 4186 Persarum
3385 4173 3400 4197 ,
3429 4148 3530 4188 no—
3575 4114 3586 4126 ³

1941 4206 2086 4261 mine
2105 4205 2342 4274 Ctesara,
2366 4226 2464 4279 pro
2487 4213 2686 4268 Christi
2709 4230 2914 4282 amore,
2941 4219 3152 4289 privato
3172 4221 3359 4276 habitu
3379 4225 3529 4280 venit

1939 4295 2465 4367 Constantinopolim
2485 4341 2499 4364 ,
2529 4311 2583 4356 et
2612 4313 2732 4371 post
2753 4305 2959 4375 aliquot
2988 4309 3102 4364 dies
3131 4312 3426 4382 baptizata,
3456 4315 3526 4372 ab

1936 4385 2183 4458 Augusto
2227 4389 2294 4444 de
2334 4405 2491 4445 sacro
2523 4389 2672 4448 fonte
2701 4394 2876 4452 levata
2919 4407 3021 4454 est.
3066 4399 3238 4468 Quam
3286 4404 3370 4458 vir
3410 4404 3526 4475 ejus

240 4493 353 4547 Ius,
380 4482 562 4537 occiso
585 4481 826 4538 Cosdroe
841 4497 1030 4538 eorum
1054 4497 1198 4553 rege,
1222 4481 1413 4538 Persas
1432 4483 1485 4537 in
1511 4473 1836 4540 deditionem
1867 4492 1918 4551 υ
1945 4478 2243 4547 requirens,
2276 4495 2400 4535 cum
2427 4481 2496 4536 40
2520 4483 2842 4542 militaribus
2864 4489 2994 4545 viris
3013 4492 3240 4560 paciﬁce
3260 4473 3527 4549 Constan-

241 4573 471 4641 accepit,
511 4580 567 4627 et
594 4573 799 4643 lignum
827 4583 1026 4628 sancta:
1046 4574 1225 4629 crucis
1251 4572 1662 4646 Jerosolymam,
1691 4575 1834 4630 unde

241 4665 510 4719 sublatum
543 4663 748 4730 fuerat,
779 4681 902 4720 cum
936 4681 1128 4736 magna
1178 4665 1530 4722 veneratione
1571 4666 1830 4721 restituit.

242 4753 548 4812 Bonifacius
581 4757 827 4826 quintus,
853 4764 909 4810 et
928 4755 1218 4821 Honorius,
1269 4754 1564 4811 Severinus
1588 4764 1642 4811 et
1669 4755 1832 4810 Joan-

245 4862 338 4901 nes
367 4847 668 4903 Romanam
700 4857 898 4918 regunt
923 4848 1230 4904 ecclesiam.

312 4938 587 4995 Heduinus
612 4955 705 4994 rex
730 4939 1025 5009 Anglorum
1073 4940 1398 5009 praedicante
1447 4941 1673 4997 Paulino
1721 4939 1835 5009 epi-

245 5045 428 5102 scopo,
455 5035 522 5089 ad
549 5031 756 5088 Christi
786 5030 946 5085 ﬁdem
973 5047 1094 5087 cum
1119 5047 1215 5087 sua
1265 5042 1425 5104 gente
1471 5032 1828 5090 convertitur.

244 5121 506 5178 Honorius
533 5139 673 5195 papa
703 5121 898 5177 Scotos
924 5121 978 5176 in
1005 5122 1380 5179 observatione
1405 5126 1620 5194 paschae
1645 5136 1831 5176 erran-

247 5224 326 5269 tes
373 5229 469 5284 per
511 5213 804 5286 epistolam
852 5213 1146 5284 redarguit,
1187 5213 1434 5270 similiter
1479 5227 1534 5273 et
1593 5213 1832 5270 Joannes

245 5319 519 5363 successor
548 5305 799 5363 Severini
834 5303 978 5359 facit.

311 5395 415 5452 Per
440 5399 578 5453 idem
609 5409 828 5464 tempus
854 5394 956 5450 fuit
978 5411 1148 5464 major
1176 5398 1366 5456 domus
1398 5399 1451 5454 in
1479 5396 1682 5464 palatio
1705 5393 1829 5450 Clo-

1944 4570 2219 4640 tinopolim
2258 4572 2436 4640 venit,
2467 4588 2496 4627 a
2538 4590 2645 4644 quo
2691 4578 2825 4633 satis
2863 4580 3023 4652 digne
3060 4594 3375 4653 susceptus,
3403 4601 3524 4640 cum

1937 4665 2192 4721 omnibus
2224 4681 2361 4742 quos
2406 4682 2590 4722 secum
2635 4671 2958 4740 adduxerat,
2994 4674 3302 4744 baptizatus
3343 4687 3447 4742 est,
3474 4685 3529 4730 et

1939 4756 2292 4827 abAugusto
2337 4758 2403 4812 de
2448 4758 2596 4815 fonte
2631 4761 2859 4830 levatus,
2896 4767 3186 4838 multisque
3215 4769 3527 4823 muneribus

1937 4843 2258 4912 honoratus,
2292 4856 2515 4917 accepta
2542 4849 2768 4921 conjuge
2794 4855 2861 4908 ad
2888 4857 3122 4926 patriam
3151 4858 3445 4928 repedavit.

2009 4937 2168 4993 Anno
2219 4939 2512 4996 Dominicaa
2577 4943 2964 5006 incarnationis
3025 4947 3129 5002 575
3178 4948 3528 5004 Constantius

1941 5026 2085 5084 ﬁlius
2113 5028 2345 5086 Heraclii
2363 5069 2378 5096 ,
2407 5031 2578 5088 frater
2606 5032 2950 5106 Heraclonae,
2985 5041 3228 5110 regnavit
3254 5039 3530 5095 mensibus

1939 5115 1994 5170 6.
2019 5117 2174 5189 Pyrri
2217 5134 2500 5176 successor
2542 5122 2759 5190 Paulus,
2794 5143 2898 5184 non
2947 5138 3158 5185 tantum
3202 5143 3395 5184 vesana
3437 5128 3532 5182 do-

1939 5213 2116 5265 ctrina
2143 5213 2283 5267 sicut
2312 5213 2626 5293 decessores
2657 5212 2798 5282 ejus,
2829 5223 2925 5277 sed
2960 5230 3017 5277 et
3051 5230 3238 5288 aperta
3279 5232 3532 5288 persecu-

1940 5301 2088 5357 tione
2116 5302 2410 5358 catholicos
2435 5305 2679 5368 cruciat;
2708 5307 2778 5360 ob
2801 5309 2905 5366 hoc
2941 5320 2998 5366 et
3024 5309 3137 5377 ipse
3164 5309 3305 5362 sicut
3326 5307 3534 5377 praede-

1936 5405 2183 5448 cessores
2203 5391 2319 5461 ejus
2345 5407 2376 5446 a
2403 5392 2528 5447 sede
2551 5393 2846 5462 apostolica
2876 5399 3201 5464 dampnatus
3222 5404 3326 5451 est.
