3958 5396
511 363 586 426 sts
990 326 1008 342 ³
1091 327 1109 335 ’
1581 350 1950 412 REGINONIS
1986 348 2405 407 rumne-31513
2430 347 2720 407 ABBATIS

3709 343 3784 405 36

494 489 660 541 unam
686 495 788 538 nec
813 479 947 535 duas
972 476 1280 533 voluntates
1307 482 1397 527 aut
1424 472 1765 542 operationes
1791 469 1844 522 in
1865 465 2083 521 Christo
2110 468 2158 526 Α
2191 465 2466 534 tinopolim
2494 472 2658 535 caput
2719 460 2836 516 falsi
2884 460 3226 530 imperatoris
3269 459 3614 531 deportatum
3664 438 3778 516 est.

492 577 760 634 definiens
779 588 902 630 esse
925 570 1284 632 conﬁtendas,
1314 565 1467 634 quasi
1491 563 1625 618 nihil
1653 561 1810 625 velle,
1843 558 1929 613 vel
1953 571 2082 628 ope-

491 670 604 725 rari
629 667 930 727 credendus
955 663 1020 718 sit
1052 654 1319 717 Christus.
1345 656 1496 712 Unde
1522 671 1552 710 a
1598 652 1824 708 Martino
1867 665 2002 721 papa
2029 657 2084 703 et

495 760 600 814 105
633 756 902 829 episcopis
943 754 1045 809 sub
1076 751 1421 807 anathemate
1465 745 1703 802 damnati
1751 751 1882 821 sunt
1921 756 2085 812 supra

489 848 754 903 nominati
785 844 1039 917 episcopi.
1069 841 1179 896 Hac
1210 840 1275 894 de
1306 854 1364 893 re
1403 837 1545 894 idem
1573 834 1834 889 Martinus
1863 847 1998 902 papa
2028 833 2082 885 in

488 937 714 993 exilium
738 935 971 990 mittitur
993 931 1134 1001 apud
1160 929 1477 993 Cersonam,
1505 927 1685 997 ibique
1712 925 1963 989 moritur,
1989 922 2080 978 ubi

490 1030 659 1083 etiam
715 1025 1102 1081 miraculorum
1160 1021 1327 1094 gloria
1387 1019 1574 1090 fulget.
1628 1017 1900 1088 Eugenius
1946 1030 2082 1085 papa

490 1118 863 1180 constituitur,
895 1129 1003 1184 quo
1032 1115 1144 1166 vita
1180 1111 1499 1176 decedente,
1534 1107 1854 1164 Vitellianus
1883 1105 1936 1159 in
1967 1104 2083 1173 ejus

497 1209 616 1264 loco
643 1209 988 1273 subrogatur.

567 1298 830 1351 Rothario
860 1295 1338 1366 Langobardorum
1364 1307 1491 1362 rege
1512 1298 1748 1355 mortuo,
1773 1287 2083 1345 Grimaldus

492 1390 578 1443 vir
606 1397 866 1463 strenuus
895 1402 1123 1457 regnum
1161 1386 1415 1440 obtinuit.
1447 1385 1550 1440 Per
1595 1385 1647 1439 id
1693 1393 1905 1452 tempus
1956 1382 2082 1438 Clo-

497 1479 710 1532 tharius
742 1493 836 1532 rex
859 1476 1194 1532 Francorum
1226 1475 1474 1540 moritur,
1507 1483 1562 1529 et
1590 1475 1900 1528 suburbano
1931 1471 2084 1526 Pari-

495 1568 608 1623 sius
629 1568 683 1622 in
710 1568 931 1622 basilica
955 1565 1130 1620 sancti
1153 1563 1420 1619 Vincentii
1447 1563 1723 1632 sepelitur.
1751 1562 2083 1632 Dagobertus

494 1657 867 1711 monarchiam
914 1657 1076 1710 totius
1125 1655 1336 1726 imperii
1380 1654 1641 1719 obtinuit,
1672 1663 1901 1724 excepto
1939 1652 2082 1721 quod

489 1748 648 1803 fratri
678 1764 776 1804 suo
808 1747 1093 1804 Hcriberto
1122 1757 1310 1802 contra
1339 1747 1573 1817 Ligerim
1593 1785 1608 1812 ,
1639 1754 1694 1799 et
1724 1745 1949 1798 limitem
1975 1758 2081 1812 quo

2259 553 2385 610 Haac
2401 555 2625 610 audiens
2651 568 2781 622 gens
2828 550 3253 607 Sarracenorum
3277 592 3292 618 ,
3317 568 3436 621 quae
3456 553 3568 622 jam
3595 552 3767 624 Ᾱίεγ-

2190 654 2342 716 ptum
2371 652 2426 700 et
2453 643 2839 698 Alexandriam
2869 651 3209 712 pervaserat,
3239 643 3418 698 subito
3439 657 3562 697 cum
3587 645 3781 699 multis

2187 734 2416 789 navibus
2447 735 2722 788 venientes
2750 732 2992 787 Siciliam
3039 732 3322 797 invadunt,
3351 730 3657 803 Syracusas
3684 735 3777 788 in-

2187 823 2525 894 grediuntur,
2551 821 2883 891 multamque
2919 831 3158 892 stragem
3188 821 3394 876 faciunt
3431 825 3772 893 populorum,

2186 913 2495 969 auferentes
2519 927 2735 982 quoque
2761 913 2998 982 praedam
3027 912 3254 968 nimiam
3281 922 3337 966 et
3355 927 3573 967 omnem
3597 914 3775 980 illum,

2185 1017 2346 1072 quem
2369 1002 2758 1057 Constantinus
2788 1016 2818 1054 a
2849 1001 3020 1056 Roma
3057 1003 3359 1058 abstulerat
3403 1012 3660 1058 ornatum
3713 1005 3774 1060 in

2185 1108 2293 1147 aere
2318 1100 2374 1147 et
2395 1091 2622 1148 diversis
2645 1091 2928 1161 speciebus
2949 1125 2968 1156 ι
3011 1091 3081 1147 ad
3126 1091 3512 1147 Alexandriam
3562 1093 3775 1150 reversi

2196 1191 2340 1237 sunt.

2255 1276 2411 1328 Anno
2458 1271 2752 1328 Dominicm
2800 1271 3192 1329 incarnationis
3237 1272 3342 1327 605
3380 1272 3776 1329 Constantinus

2188 1365 2332 1420 ﬁlius
2362 1363 2702 1420 Constantini
2729 1363 3024 1432 superioris
3061 1363 3293 1433 augusti,
3328 1365 3574 1434 regnavit
3603 1380 3782 1420 annos

2188 1457 2274 1512 17.
2297 1459 2478 1511 Donus
2508 1471 2649 1527 papa
2675 1453 3027 1524 apostolicam
3075 1454 3257 1509 sedem
3306 1462 3471 1508 tenet.
3512 1454 3633 1520 Quo
3681 1456 3777 1511 dea-

2185 1549 2394 1614 functo,
2433 1549 2646 1618 Agatho
2684 1562 2825 1616 papa
2873 1546 3178 1600 ordinatur.
3231 1545 3618 1602 Constantinus
3666 1548 3782 1602 Au-

2185 1647 2374 1705 gustus
2405 1635 2506 1690 150
2528 1635 2810 1706 episcopos
2835 1637 3154 1704 congregari
3199 1635 3327 1689 fecit
3357 1636 3412 1689 in
3438 1637 3572 1692 urbe
3605 1638 3780 1707 regia,

2185 1731 2329 1784 inter
2385 1744 2520 1798 quos
2566 1730 2733 1784 etiam
2788 1727 3012 1783 fuerunt
3057 1727 3217 1798 legati
3271 1738 3470 1783 sanctze
3521 1727 3784 1802 Romanae

493 1842 734 1896 tenditur
760 1842 1004 1912 partibus
1037 1839 1371 1904 Wasconize,
1399 1853 1595 1909 pagum
1627 1836 1833 1892 scilicet
1863 1835 2080 1890 Tolosa-

2199 1818 2456 1882 :cclesiaa,
2509 1817 2660 1874 missi
2709 1819 2778 1872 ab
2816 1818 3098 1887 Agathone
3133 1833 3303 1887 papa,
3329 1817 3604 1872 Johannes
3657 1819 3778 1872 dia-

492 1950 657 1998 num,
710 1933 1090 1997 Caturcinum,
1138 1932 1512 2002 Aganensem,
1565 1928 1974 1998 Petrogoricum
2027 1935 2085 1981 et

495 2025 846 2080 Santonicum
877 2025 961 2080 vel
990 2026 1134 2096 quod
1160 2025 1226 2079 ab
1260 2025 1343 2080 his
1366 2039 1552 2079 versus
1575 2023 1848 2096 Pyreneos
1874 2029 2084 2077 montes

486 2115 820 2180 excluditur,
857 2115 1147 2170 concessit.
1178 2113 1490 2169 Crim-aldus
1519 2129 1614 2168 rex
1648 2112 1883 2167 Bertarit
1906 2111 2084 2165 virum

488 2216 770 2278 potentem
802 2207 1164 2278 persequitur.
1208 2206 1378 2273 Quem
1424 2205 1565 2260 idem
1613 2220 1707 2259 rex
1754 2204 1810 2258 in
1854 2219 1951 2258 sua
1982 2202 2086 2256 ﬁde

490 2300 824 2369 suspiciens,
853 2299 1190 2354 adulatorum
1226 2306 1282 2352 et
1325 2296 1721 2350 detrahentium
1755 2295 1952 2365 linguis
1992 2293 2086 2348 sti-

491 2393 770 2459 mulatus,
821 2393 944 2447 dolo
997 2392 1246 2447 occidere
1302 2390 1625 2453 meditatur,
1679 2388 1772 2442 Sed
1818 2386 2086 2441 industria

493 2473 725 2539 Hunoldi
766 2482 1067 2538 ﬁdelissimi
1097 2481 1346 2537 satellitis
1372 2495 1468 2550 per
1496 2494 1708 2534 murum
1743 2474 2086 2532 Ticinenscm

491 2573 620 2628 fune
670 2575 945 2642 depositus
994 2574 1046 2626 in
1089 2572 1374 2627 Franciam
1417 2571 1484 2624 ad
1523 2571 1881 2641 Dagobertum
1913 2567 2081 2638 fugit,

490 2665 793 2733 mortisque
829 2663 1138 2732 periculum
1170 2663 1358 2716 evasit.
1384 2661 1487 2715 Per
1510 2662 1650 2716 idem
1680 2671 1887 2729 tempus
1913 2659 2090 2714 Theo-

492 2757 660 2810 dorus
690 2754 1141 2822 archiepiscopus
1168 2760 1224 2806 et
1249 2751 1518 2804 Adrianus
1554 2752 1694 2805 abba
1741 2749 2087 2805 doctissimus

494 2861 525 2899 a
559 2843 848 2898 Vitelliano
880 2857 1017 2912 papa
1064 2841 1215 2895 missi
1259 2848 1388 2894 sunt
1431 2841 1482 2893 in
1523 2838 1882 2903 Britanniam,
1926 2837 2090 2908 pluri-

494 2947 718 3001 masque
775 2931 1034 2986 ecclesias
1098 2929 1394 3001 Anglorum
1459 2927 1719 2982 doctrina:
1777 2926 2088 2996 apostolica:

496 3024 648 3096 fruge
678 3023 1082 3086 foecundarunt,
1103 3036 1136 3076 e
1165 3021 1360 3090 quibus
1387 3019 1700 3076 Theodorus
1727 3019 2091 3087 archiepisco-

495 3132 597 3187 pus
642 3116 977 3186 peccautium
1007 3113 1228 3184 judicia,
1263 3113 1478 3183 quantis
1525 3111 1734 3167 scilicet
1784 3111 1944 3164 annis
1985 3124 2085 3178 pro

2185 1925 2377 1974 conus,
2412 1918 2467 1964 et
2493 1907 2776 1963 Iohannes
2799 1907 3112 1963 Portuensis
3135 1909 3441 1978 episcopus,
3473 1908 3565 1976 qui
3589 1923 3786 1963 omnes

2185 2004 2415 2058 haeresin
2441 2003 2894 2072 dampnaverunt,
2946 2015 3065 2068 quae
3104 2015 3268 2053 unam
3320 1999 3695 2070 operationem
3728 2010 3788 2054 et

2186 2097 2518 2152 voluntatem
2550 2095 2606 2149 in
2639 2094 2868 2149 Domino
2894 2092 3024 2148 Jesu
3049 2092 3266 2148 Christo
3295 2092 3670 2147 asseverabat.
3705 2092 3785 2146 Ea

2191 2188 2328 2242 hora
2359 2195 2524 2241 tantae
2553 2199 2877 2239 aranearum
2905 2183 3024 2238 tela:
3066 2182 3120 2236 in
3155 2182 3333 2238 medio
3367 2181 3550 2252 populi
3576 2181 3788 2236 cecide-

2189 2286 2334 2342 runt,
2365 2285 2426 2330 ut
2447 2288 2636 2329 omnes
2661 2273 3011 2342 mirarentur,
3038 2279 3093 2327 et
3131 2286 3227 2340 per
3265 2271 3368 2326 hoc
3402 2269 3776 2341 signiﬁcatum

2182 2377 2288 2432 est,
2319 2368 2462 2440 quod
2488 2368 2674 2423 sordes
2702 2365 2973 2421 haeretica).
2999 2364 3280 2434 pravitatis
3307 2361 3542 2433 depulsae
3570 2371 3778 2416 essent.

2202 2461 2268 2516 Et
2285 2459 2778 2530 Georgiusquidem
2803 2458 3118 2527 patriarcha
3146 2453 3783 2524 Constantinopolitanus

2185 2561 2463 2608 correctus
2484 2560 2568 2606 est
2588 2591 2603 2615 ,
2655 2550 2827 2605 ceteri
2867 2563 2996 2604 vero
3029 2549 3080 2602 in
3110 2562 3208 2602 sua
3239 2546 3564 2602 defensione
3598 2559 3780 2614 perse-

2187 2651 2483 2705 verantes,
2532 2639 2892 2695 anathematis
2939 2647 3064 2694 sunt
3123 2637 3326 2692 ultione
3361 2636 3632 2706 percussi.
3680 2635 3784 2689 Ile-

2189 2743 2277 2788 cta
2309 2728 2492 2788 autem
2523 2730 2656 2786 ﬁdes
2677 2739 2733 2785 et
2755 2746 2886 2785 vera
2909 2731 3025 2784 haec
3046 2738 3150 2793 est,
3175 2738 3234 2784 ut
3262 2730 3315 2784 in
3337 2727 3566 2784 Domino
3594 2735 3784 2782 nostro

2183 2823 2313 2880 Jesu
2343 2822 2584 2888 Christo,
2609 2805 2902 2877 sicut‘dua:
2948 2830 3069 2875 sunt
3093 2830 3320 2884 naturae,
3353 2821 3455 2874 hoc
3489 2827 3576 2874 est
3603 2817 3702 2875 Dei
3721 2826 3777 2872 et

2188 2915 2442 2977 hominis,
2496 2914 2577 2970 sic
2612 2913 2776 2968 etiam
2821 2912 2940 2967 dum
2970 2912 3261 2966 credantur
3301 2925 3420 2966 esse
3474 2909 3782 2966 voluntates

2187 3008 2302 3064 sive
2336 3005 2704 3076 operationes.

2262 3097 2358 3151 llis
2384 3095 2722 3165 temporibus
2747 3092 2880 3148 solis
2900 3092 3116 3162 eclipsis
3139 3091 3283 3148 facta
3311 3100 3393 3147 est
3414 3091 3447 3147 5
3469 3089 3606 3145 Non.
3633 3088 3781 3153 Maii,

495 3169 606 3264 imo
633 3169 848 3278 quoque
872 3169 1097 3276 peccato
1118 3205 1240 3276 quis
1263 3169 1506 3274 penitere
1533 3203 1749 3262 debeat,
1774 3169 2004 3255 mirabili
2033 3208 2087 3254 et

2199 3202 2433 3258 moxque
2455 3187 2743 3242 subsecuta
2759 3185 3172 3254 estgravissima
3193 3184 3362 3254 peStis
3388 3184 3559 3238 tribus
3577 3183 3778 3238 mensi-

497 3298 734 3353 discreta
763 3296 1200 3351 consideratione
1226 3294 1504 3349 describit.

567 3389 662 3445 His
697 3391 886 3445 diebus
923 3388 1308 3444 Constantinus
1334 3388 1607 3458 Augustus
1644 3385 1852 3440 Italiam
1881 3400 1912 3439 a
1947 3383 2090 3439 Lan-

499 3480 859 3550 gobardorum
885 3495 1045 3534 manu
1069 3480 1280 3549 eripere
1301 3480 1542 3548 cupiens,
1567 3476 2090 3546 Constantinopolim

500 3587 752 3644 egressus
770 3571 1192 3636 venitAthcnas;
1216 3570 1336 3624 inde
1350 3583 1501 3623 mare
1515 3579 1882 3637 transgressus
1895 3565 2093 3620 Taren-

497 3672 613 3717 tum
637 3661 916 3732 applicuit,
957 3660 1084 3715 inde
1119 3659 1486 3714 Beneventum
1520 3655 1759 3720 intravit,
1795 3667 2093 3723 omnesque

497 3764 636 3822 pene
651 3751 903 3806 civitates
920 3737 1408 3820 Langobardorum.
1424 3762 1519 3816 per
1533 3761 1668 3816 quas
1683 3751 1905 3798 venerat
1927 3741 2091 3811 cepit.

500 3841 788 3898 Luceriam
806 3856 980 3911 usque
1001 3842 1068 3895 ad
1085 3839 1257 3895 solum
1278 3837 1588 3909 prostravit.
1607 3835 1810 3890 Deinde
1821 3833 2096 3888 Beneven-

503 3941 622 3986 tum
655 3947 777 3986 cum
829 3930 974 3985 omni
1002 3929 1242 3984 exercitu
1269 3927 1648 3992 circumdedit,
1671 3927 1762 3980 ubi
1788 3922 2094 3980 Rumaldus

499 4021 646 4076 ﬁlius
669 4019 938 4076 Crimaldi
966 4020 1110 4089 regis
1125 4034 1183 4074 se
1199 4018 1515 4073 incluserat.
1541 4016 1845 4087 Imperator
1873 4023 2094 4085 accepta

429 4179 438 4188 ,
501 4113 689 4169 obside
736 4113 977 4184 praedicti
1023 4099 1272 4166 Rumaldi
1328 4124 1516 4164 sorore
1543 4149 1558 4174 ,
1609 4109 1786 4164 soluta
1817 4107 2097 4163 obsidione

501 4203 777 4275 Neapolim
791 4203 1168 4274 proficiscitur.
1183 4201 1310 4257 inde
1323 4200 1549 4256 Romam
1567 4200 1827 4270 perrexit,
1843 4198 1928 4254 cui
1943 4206 2098 4253 sexto

503 4299 574 4352 ab
611 4297 744 4352 urbe
783 4296 1016 4351 miliario
1043 4295 1362 4352 Vitellianus
1400 4309 1534 4363 papa
1561 4308 1684 4348 cum
1727 4290 2098 4347 sacerdotibus

503 4397 560 4442 ct
595 4387 792 4458 pepulo
823 4387 1068 4441 Romano
1115 4386 1354 4441 occurrit
1396 4386 1490 4454 qui
1517 4385 1715 4439 obtulit
1756 4385 1915 4440 beato
1935 4382 2097 4437 Petro

505 4478 729 4548 pallium
755 4493 888 4533 auro
920 4477 1128 4541 textile,
1156 4485 1212 4532 et
1239 4491 1464 4530 manens
1485 4477 1626 4545 apud
1657 4475 1884 4528 Romam
1899 4473 2091 4528 diebus

2190 3280 2311 3345 bus,
2342 3279 2504 3346 Julio,
2556 3277 2803 3347 Augusto
2843 3286 2899 3331 et
2945 3277 3245 3346 Septembri
3305 3275 3454 3330 Tunc
3498 3276 3787 3333 visibiliter

2192 3370 2375 3425 multis
2397 3369 2664 3440 apparuit,
2695 3368 2822 3438 quia
2844 3367 3017 3422 bonus
3055 3376 3109 3421 et
3131 3367 3302 3421 malus
3329 3366 3551 3438 angelus
3608 3378 3779 3422 noctu

2197 3476 2294 3531 per
2315 3461 2596 3516 civitatem
2643 3466 2948 3530 pergerent,
2979 3467 3032 3513 et
3052 3473 3120 3514 ex
3141 3458 3297 3529 jussu
3320 3460 3444 3515 boni
3476 3459 3649 3531 angeli
3672 3477 3788 3515 ma-

2192 3551 2278 3608 lus
2311 3553 2532 3624 angelus
2577 3552 2668 3622 qui
2714 3551 3000 3607 videbatur
3030 3551 3352 3606 venabulum
3391 3568 3556 3608 manu
3612 3553 3781 3618 ferre,

2195 3642 2412 3712 quoties
2464 3642 2531 3697 de
2586 3641 2851 3696 venabulo
2901 3641 3100 3696 ostium
3149 3640 3539 3712 cujuscumque
3588 3644 3785 3699 domus

2193 3731 2575 3802 percussisset,
2607 3738 2686 3786 tot
2733 3730 2800 3786 de
2821 3730 3011 3786 eadem
3038 3729 3200 3786 domo
3247 3732 3496 3801 sequenti
3548 3731 3637 3786 die
3685 3733 3785 3788 ho—

2198 3824 2373 3879 mines
2404 3824 2713 3879 interirent.

2267 3915 2465 3980 Per,_id
2484 3924 2693 3985 tempus
2707 3914 3043 3985 Dagobertus
3064 3929 3156 3969 rex
3174 3913 3512 3980 Brunulfum,
3539 3930 3789 3973 avuncu-

2201 4005 2315 4060 lum
2346 4005 2616 4060 Heriberti
2643 4004 2830 4060 fratris
2865 4005 2965 4071 sui,
2996 4005 3603 4076 propterinﬁdelitatem
3629 4021 3788 4062 suam

2199 4094 2431 4150 interﬁci
2454 4093 2659 4163 jussit,
2681 4094 2773 4164 qui
2801 4093 2871 4149 ab
2891 4093 3200 4166 Amalgario
3225 4103 3280 4150 et
3301 4093 3601 4151 Arneberto
3629 4096 3788 4152 duci-

2197 4187 2321 4252 bus,
2343 4195 2399 4242 et
2427 4186 2738 4243 Willibaldo
2770 4187 2989 4256 patritio
3016 4185 3333 4241 interfectus
3367 4195 3470 4242 est.

2269 4277 2400 4334 Post
2423 4278 2719 4334 discessum
2753 4278 2916 4348 igitur
2945 4277 3098 4332 beati
3127 4277 3359 4341 Arnulti,
3389 4277 3569 4332 adhuc
3599 4278 3786 4333 consi-

2199 4370 2273 4427 lio
2301 4371 2534 4442 Pippini,
2573 4370 2668 4440 qui
2713 4370 2886 4439 major
2920 4369 3111 4423 domus
3135 4368 3358 4434 dicitur,
3408 4377 3463 4423 et
3502 4367 3784 4426 Cuniberti

2203 4463 2472 4534 pontiﬁcis
2497 4462 2649 4516 urbis
2678 4461 2940 4526 Coloniae,
2974 4459 3308 4531 Dagobertus
3341 4468 3516 4524 utens,
3544 4461 3611 4515 ab
3654 4461 3787 4531 ipsis

509 4526 596 4634 ᾖ,
635 4568 816 4623 omnia
849 4582 970 4637 quae
1007 4566 1222 4621 fuerant
1257 4526 1558 4633 antiquiturs
1597 4563 1840 4618 instituta
1873 4575 1941 4616 ex
1983 4576 2091 4616 me
2123 4526 2168 4582 D
2195 4552 2408 4609 fortiter
2434 4551 2765 4615 admonitus,
2811 4551 3184 4621 prosperitatis
3226 4561 3280 4606 et
3320 4550 3546 4621 justitiae
3597 4526 3786 4606 arnore

507 4657 563 4712 in
616 4664 1000 4712 ornamentum
1037 4655 1277 4710 civitatis
1317 4653 1579 4723 deposuit,
1623 4653 1678 4706 in
1721 4658 1968 4716 tantum,
2033 4659 2094 4704 ut

507 4750 674 4804 etiam
712 4747 989 4803 basilicam
1019 4748 1190 4802 beatae
1217 4745 1431 4811 Mariae,
1469 4761 1589 4816 quae
1632 4744 1922 4814 aliquando
1952 4743 2094 4798 Pan-

509 4839 676 4893 theon
725 4837 1023 4892 vocabatur
1047 4877 1062 4904 ,
1093 4837 1485 4907 discooperiret
1509 4877 1523 4902 ,
1565 4836 1877 4908 tegulasque
1924 4850 2094 4892 aereas

513 4928 638 4983 inde
675 4927 930 4982 auferret.
961 4926 1090 4982 Post
1128 4927 1243 4981 hzec
1272 4926 1547 4998 Neapolim
1571 4941 1822 4981 reversus
1842 4967 1856 4993 ,
1899 4926 2092 4980 itinere

517 5027 734 5074 terreno
766 5018 1010 5089 perrexit
1062 5019 1338 5074 civitatem
1391 5019 1617 5090 Regium
1646 5059 1661 5085 ,
1713 5019 2096 5090 ingressusque

514 5107 756 5164 Siciliam
810 5108 1078 5163 habitavit
1123 5108 1177 5163 in
1217 5108 1525 5181 Syracusa,
1580 5111 1989 5179 mansitautem,
2041 5110 2095 5165 in

515 5198 761 5254 Siciliam
803 5199 836 5254 6
875 5213 1048 5254 annos
1073 5239 1088 5264 ,
1132 5198 1223 5253 ubi
1261 5210 1384 5268 post
1430 5199 1690 5270 plurimas
1728 5209 1783 5256 et
1828 5201 2096 5256 inauditas

517 5288 944 5343 «hnrmrlationes
980 5289 1032 5334 in
1082 5289 1277 5340 balnea
1305 5305 1332 5338 a
1379 5292 1491 5343 suis
1519 5292 1788 5345 extinctum
1831 5300 1934 5344 est.
1972 5291 2094 5336 Dm:

2195 4643 2505 4714 complexus
2536 4682 2552 4710 ,
2602 4642 2981 4699 universarum
3019 4644 3121 4699 sibi
3161 4643 3397 4715 gentium
3443 4644 3784 4699 subditarum

2194 4733 2472 4789 favoribus
2517 4731 2892 4790 extollebatur.
2955 4733 3157 4789 Habuit
3203 4734 3371 4790 ﬁlium
3423 4749 3490 4790 ex
3550 4735 3783 4804 quadam

2194 4823 2370 4896 puella
2387 4825 2606 4880 nomine
2621 4825 2988 4896 Regindruda,
3013 4841 3177 4894 quam
3201 4825 3371 4880 frater
3392 4823 3509 4894 ejus
3531 4824 3785 4880 Heriber-

2197 4924 2282 4971 tus
2305 4915 2629 4972 Aurelianus
2656 4915 2881 4970 veniens
2908 4915 2976 4971 de
3000 4930 3157 4971 sacro
3179 4915 3327 4971 fonte
3347 4915 3604 4986 suscepit.
3622 4914 3786 4970 Nam-

2200 5025 2305 5080 que
2331 5010 2456 5064 dum
2487 5009 2718 5063 eundem
2747 5023 2974 5077 puerum
2995 5009 3275 5064 Amandus
3303 5009 3590 5079 episcopus
3616 5008 3783 5062 bene-

2199 5100 2404 5156 diceret
2422 5099 3063 5169 eumquecaticumenum
3080 5098 3304 5166 faceret,
3347 5098 3499 5154 ﬁnita
3537 5099 3784 5154 oratione

2199 5205 2324 5245 cum
2351 5204 2511 5246 nemo
2546 5188 2915 5259 respondisset
2959 5190 3154 5256 Amen,
3200 5191 3411 5260 aperuit
3442 5191 3701 5247 Dominus
3722 5205 3786 5245 os

2203 5278 2376 5336 pueri.
2407 5279 2497 5326 nni
2530 5295 2633 5328 nnn
2679 5279 2912 5333 amplius
2936 5295 3098 5336 quam
3137 5281 3497 5338 aumlraainta
3543 5281 3660 5336 dies
3683 5281 3783 5334 ha-
