3958 5476
168 397 234 454 37
1337 377 1725 436 CllRONlCON
1761 410 1830 418 —
1869 377 1979 432 AN.
2013 377 2254 432 (ΗΞ-652
3366 373 3433 433 58

171 515 323 564 rator
345 500 731 572 Dagobertum,
777 503 836 549 ut
865 507 1056 550 omnes
1096 490 1311 547 Iudaeos
1351 493 1500 561 regni
1529 491 1610 545 sui
1664 506 1751 545 se-
1775 495 1823 554 Α
1853 490 2040 561 synodi
2064 505 2224 560 quam
2243 489 2997 560 Constantinopolimfecerat,
3031 491 3211 546 favere
3245 501 3301 548 et
3318 495 3439 549 sub-

172 598 405 654 cundum
435 592 596 646 ﬁdem
627 587 952 644 catholicam
983 585 1261 655 baptizare
1289 585 1628 654 praeciperet,
1660 594 1752 636 aut

172 691 238 746 de
266 699 433 756 regno
458 682 772 752 expelleret,
804 678 1068 749 siquidem
1111 679 1164 731 in
1206 677 1442 731 siderum
1473 677 1639 744 signis
1659 691 1752 731 co-

173 784 455 851 gnoverat,
487 774 630 843 quod
674 787 707 825 a
751 771 1088 826 circumcisis
1117 768 1366 840 gentibus
1395 768 1576 823 divino
1622 776 1754 822 nutu

172 874 288 943 ejus
334 869 620 940 imperium
669 873 816 921 esset
870 863 1214 919 vastandum.
1280 861 1347 916 Et
1387 875 1484 914 rex
1539 859 1754 930 quidem

173 976 384 1020 summo
404 961 508 1014 hoc
548 957 758 1028 peregit
802 955 1000 1021 studio,
1032 954 1127 1010 sed
1166 952 1478 1023 imperatori
1527 968 1632 1006 non
1690 951 1757 1006 de

169 1053 390 1117 Iudaeis,
408 1051 502 1106 sed
536 1049 604 1104 de
642 1047 964 1103 Sarracenis
995 1045 1171 1102 fuerat
1192 1045 1640 1100 demonstratum.

240 1145 370 1200 Post
398 1144 512 1197 haec
559 1140 877 1196 Heribertus
916 1139 1184 1204 moritur,
1240 1137 1546 1206 relinquens
1586 1135 1755 1190 lilium

173 1233 454 1305 parvulum
479 1230 697 1285 nomine
725 1228 1034 1297 Helpricum
1068 1267 1085 1292 ,
1129 1226 1222 1296 qui
1255 1225 1416 1280 etiam
1445 1224 1606 1295 paulo
1635 1231 1758 1294 post

177 1326 423 1380 moritur.
469 1321 714 1393 Regnum
752 1319 894 1390 quod
948 1327 1231 1383 tenuerat,
1278 1318 1346 1373 ad
1394 1317 1754 1394 Dagobertum

175 1414 390 1468 transit.

242 1503 552 1560 Grimaldus
582 1517 676 1558 rex
702 1501 1181 1572 Langobardorum
1203 1515 1324 1554 cum
1348 1497 1650 1569 Dagoberto
1667 1514 1758 1568 pa-

181 1597 254 1653 cis
284 1595 615 1650 ﬁrmissimze
646 1593 822 1649 ftedus
846 1593 986 1647 iniit.
1026 1591 1180 1658 Quod
1201 1606 1322 1646 cum
1349 1590 1608 1660 profugus
1629 1590 1760 1644 Ber-

181 1686 342 1740 tarius
367 1683 737 1754 cognovisset,
771 1692 1019 1737 metuens
1038 1681 1397 1744 Grimaldum,
1427 1695 1678 1752 egressus
1725 1697 1757 1735 a

188 1775 348 1831 Gallia
380 1775 448 1829 ad
479 1773 816 1828 Britanniam
851 1773 1082 1828 insulam
1123 1787 1417 1842 properare
1468 1771 1752 1841 disposuit.

187 1864 380 1918 Interea
411 1861 722 1918 Grimaldus
756 1863 1008 1926 moritur,
1049 1876 1281 1930 cumque
1325 1859 1439 1929 jam
1484 1860 1761 1937 Bertarius

177 1955 350 2009 navim
381 1955 682 2026 ingressus,
703 1953 1037 2024 aliquantum
1059 1969 1158 2024 per
1185 1953 1408 2024 pelagus
1430 1953 1757 2022 navigasset,

176 2060 272 2099 vox
302 2060 333 2099 a
381 2045 542 2100 litore
581 2045 762 2100 audita
801 2053 887 2100 est
939 2063 952 2099 :
1013 2045 1345 2099 Revertatur
1399 2043 1676 2100 Bertarius
1705 2045 1759 2099 in

170 2132 403 2202 patriam
455 2148 629 2198 suam,
683 2134 810 2202 quia
864 2133 1060 2190 tertius
1105 2133 1222 2188 dies
1269 2140 1351 2189 est
1401 2133 1560 2189 hodie
1615 2135 1762 2204 quod

167 2222 483 2279 Grimaldus
537 2239 632 2277 rex
667 2232 916 2279 mortuus
961 2233 1065 2279 est.
1118 2223 1220 2291 Qui
1263 2224 1450 2280 statim
1508 2239 1760 2280 reversus

171 2328 400 2382 regnum
423 2313 906 2384 Langobardorum
929 2313 1186 2378 obtinuit,
1217 2321 1380 2384 atque
1404 2313 1760 2369 Cunibertum

171 2403 346 2458 ﬁlium
399 2419 558 2459 suum
591 2413 898 2459 consortem
945 2405 1096 2474 regni
1133 2404 1281 2460 facit.
1307 2405 1594 2474 Agathone
1621 2421 1762 2476 papa

170 2494 498 2557 decedente,
551 2492 662 2547 Leo
705 2491 889 2561 junior
918 2492 1094 2546 locum
1155 2491 1272 2561 ejus
1321 2495 1574 2548 obtinuit.
1633 2496 1764 2552 Post

170 2585 324 2639 hunc
369 2582 701 2637 Benedictus
755 2582 1059 2636 ordinatur.
1109 2581 1448 2653 Dagobertus
1493 2600 1588 2638 rex
1641 2600 1762 2639 cmn

167 2674 390 2731 Sclavis
417 2672 660 2728 conﬁixit
703 2673 1252 2749 eosque.superavit,
1285 2675 1481 2742 quibus
1534 2685 1764 2745 praeerat

170 2775 302 2820 tunc
329 2765 443 2820 dux
475 2763 694 2818 nomine
724 2761 911 2818 Samo.
949 2761 1224 2818 Vascones
1246 2764 1411 2817 etiam
1439 2765 1764 2822 rebelantes

174 2854 318 2910 ferro
342 2853 696 2922 compescuit.
732 2851 872 2905 Huni
900 2861 954 2906 et
981 2850 1244 2923 Vulgares
1273 2853 1416 2908 inter
1468 2868 1525 2909 se
1578 2855 1762 2924 prmlia

172 2951 494 3006 conserunt,
526 2940 955 3012 iluniVulgares
981 2951 1240 3012 superant
1267 2983 1284 3009 ,
1333 2944 1423 3012 qui
1469 2945 1663 3000 devicti
1709 2955 1765 3001 et

179 3033 243 3088 de
297 3032 580 3087 Pannonia
631 3032 881 3102 expulsi,
952 3047 1144 3087 novem
1198 3034 1346 3089 milia
1393 3050 1516 3090 cum
1577 3038 1764 3092 uxori-

183 3126 278 3180 bus
339 3137 398 3179 et
431 3124 615 3180 liberis
671 3139 853 3194 regem
891 3124 1254 3196 Dagobertum
1308 3136 1603 3199 expetunt,
1654 3137 1765 3185 ter-

185 3233 293 3271 ram
347 3218 416 3272 ad
477 3216 806 3271 manendum
860 3217 1160 3285 requirunt.
1219 3216 1365 3284 Quos
1415 3233 1511 3273 rex
1549 3220 1617 3274 ad
1651 3219 1763 3276 bie-

187 3307 430 3361 mandum
453 3302 763 3374 Bajoariam
799 3307 1041 3376 recipere
1076 3308 1353 3378 praecepit,
1382 3309 1763 3379 dispersosque

186 3412 275 3467 per
303 3398 494 3452 domos
526 3410 717 3451 omnes
747 3411 854 3450 una
900 3404 1058 3451 nocte
1086 3412 1206 3451 cum
1255 3398 1568 3454 mulieribus
1614 3407 1669 3453 et
1703 3399 1765 3453 li-

191 3487 323 3544 beris
349 3487 664 3542 interﬁcere
711 3485 858 3542 fecit.
890 3486 1047 3542 Circa
1077 3487 1194 3543 haec
1241 3497 1481 3559 tempora
1509 3489 1764 3545 defuncto

194 3572 438 3632 Sisebodo
489 3590 620 3651 rege
672 3574 984 3645 Hispaniae,
1045 3576 1380 3632 Sisenandus
1434 3579 1652 3647 quidam
1697 3594 1764 3635 ex

194 3664 490 3730 proceribus
524 3664 888 3735 Dagobertum
934 3677 1115 3737 regem
1145 3667 1387 3735 expetiit,
1421 3676 1482 3722 ut
1509 3669 1560 3722 ei
1611 3670 1765 3723 auxi-

192 3750 305 3808 lium
331 3754 530 3820 ferret,
556 3753 808 3824 quatinus
831 3768 1054 3825 regnum
1083 3755 1353 3832 Hispania:
1375 3755 1622 3812 obtinere
1643 3773 1766 3828 pos-

185 3855 288 3912 set;
319 3849 371 3903 in
422 3847 592 3919 hujus
622 3846 870 3902 beneﬁcii
901 3849 1404 3918 recompensatione
1455 3851 1765 3906 missorium

189 3951 398 3996 aureum
419 3940 542 4011 regi
571 3939 862 4011 promittit,
890 3950 1206 4011 pensantem
1235 3942 1352 3997 auri
1393 3944 1632 4014 pondera
1671 3944 1760 4000 50.

193 4027 297 4085 Rex
308 4032 612 4087 exercitum
642 4031 794 4086 misit
812 4047 934 4086 cum
956 4031 1338 4089 Habundantio
1353 4042 1408 4089 et
1442 4033 1766 4092 Venerando

194 4118 427 4188 ducibus,
469 4135 808 4192 regnumque
832 4122 1039 4177 viribus
1064 4122 1398 4179 Francorum
1430 4124 1764 4182 Sisenandus

193 4207 431 4265 obtinuit.
487 4210 796 4266 Missorlum
843 4211 1033 4266 Gothis
1096 4214 1610 4280 contradicentibus,
1656 4233 1764 4270 non

196 4299 500 4366 transmisit,
536 4299 646 4355 sed
674 4299 908 4354 ducenta
947 4300 1094 4355 milia
1143 4302 1342 4357 solidos
1372 4318 1470 4371 pro
1516 4305 1766 4360 missorio

195 4389 299 4458 regi
325 4389 629 4462 Dagoberto
652 4391 941 4460 persolvit;
983 4393 1127 4462 quod
1157 4402 1439 4463 argentum
1470 4409 1564 4449 rex
1579 4405 1767 4451 sancto

197 4475 438 4550 Dionysio
458 4483 627 4538 dedit.
659 4483 967 4539 Edildrudis
992 4485 1175 4554 regina
1195 4493 1251 4538 et
1279 4485 1430 4555 virgo
1479 4487 1621 4557 apud
1651 4488 1768 4542 An-

199 4572 302 4642 glos
331 4575 474 4631 clara
496 4578 747 4634 habetur.

261 4663 398 4722 Gens
426 4667 852 4724 Sarracenornm
882 4684 951 4725 ex
987 4669 1226 4741 Egypto
1255 4671 1307 4725 in
1355 4671 1596 4726 Africam
1641 4687 1762 4728 cum

198 4755 352 4812 nimia
388 4759 727 4815 multitudine
775 4775 1036 4831 pergens,
1063 4744 1342 4818 obsessam
1384 4763 1764 4835 Carthaginem

199 4849 372 4917 etrapit,
401 4860 456 4905 et
494 4849 792 4908 crudeliter
841 4854 1217 4926 depopulatam
1260 4855 1329 4910 ad
1377 4856 1551 4912 solum
1600 4872 1769 4928 usque

199 4941 494 5004 prostravit.

259 5028 412 5085 Anno
438 5030 740 5088 Dominicze
770 5032 1162 5092 incarnationis
1183 5035 1287 5090 612
1307 5033 1645 5092 Justinianus
1668 5037 1768 5091 mi-

199 5127 310 5181 nor,
339 5117 478 5173 illius
503 5119 846 5176 Constantini
871 5125 1114 5194 regnavit
1160 5141 1331 5181 annos
1377 5125 1466 5182 10.
1509 5125 1763 5194 Joannes,

203 5203 375 5262 Conon
426 5219 482 5265 et
514 5210 738 5284 Sergius
777 5213 1074 5270 Romanam
1096 5226 1290 5288 regunt
1318 5217 1626 5283 ecclesiam,
1656 5217 1766 5288 Ky-

205 5293 367 5354 [ianus
396 5340 412 5366 ,
451 5303 737 5373 episcopus
780 5303 1238 5379 Wirziburgensis
1263 5350 1279 5376 ,
1320 5307 1525 5364 Arnnal
1579 5309 1622 5341 ⁸⁸
1651 5309 1768 5379 ejus

209 5384 486 5446 δίςαίωιιιις
507 5392 772 5442 clamet-it-
819 5392 1148 5446 Iustinianum
1185 5400 1411 5448 Africam
1443 5416 1470 5442 ει
1510 5399 1766 5444 Qun-smn.

1855 581 2096 636 scribere
2142 579 2333 644 noluit,
2380 581 2547 635 misso
2591 581 2854 636 Zacharia
2910 582 3304 653 protospatario
3347 599 3444 638 suo

1854 669 2374 740 Constantinopolim
2402 670 2675 741 deportari
2714 671 2870 742 jussit
2896 689 2910 736 ;
2943 673 3036 727 sed
3065 673 3326 728 militibus
3355 688 3442 729 re-

1857 762 2266 833 pugnantibus,‘
2275 763 2424 832 jussa
2453 763 2713 834 principis
2742 764 3003 832 perﬁcere
3032 781 3141 821 non
3172 765 3366 836 potuit.

1926 854 2210 925 Adalgisus
2240 862 2536 924 tyrannus,
2567 855 2671 910 dux
2704 853 3030 910 Tridentinze
3069 856 3324 921 civitatis,
3350 855 3444 910 ad-

1856 943 2154 997 nitentibus
2183 943 2392 998 Aldone
2414 951 2468 997 et
2491 941 2773 998 Grausone
2812 942 3084 998 Brixianis
3112 944 3340 1010 civibus,
3383 950 3443 998 et

1858 1033 1978 1088 aliis
2001 1033 2184 1090 multis
2226 1048 2292 1089 ex
2331 1032 2719 1104 Langobardis,
2745 1041 2935 1088 contra
2977 1033 3326 1090 Cunibertum
3359 1048 3444 1089 re-

1856 1137 1977 1194 gem
2003 1124 2256 1186 debellat,
2282 1139 2514 1194 eumque
2537 1124 2604 1179 de
2630 1139 2797 1195 regno
2822 1123 3063 1193 expellit,
3104 1126 3198 1180 sed
3229 1141 3442 1181 resum-

1855 1220 1965 1290 ptis
1985 1219 2189 1276 viribus
2209 1221 2531 1278 Cunibertus
2557 1221 2838 1292 praefatum
2870 1231 3156 1293 tyrannum
3182 1225 3235 1280 in
3259 1225 3445 1296 praelia

1859 1311 2133 1367 interﬁcit.
2163 1312 2497 1383 Dagobertus
2535 1329 2630 1368 rex
2663 1314 2843 1368 Mettis
2873 1315 3094 1368 veniens
3115 1355 3130 1378 ,
3164 1331 3286 1369 cum
3314 1331 3443 1370 cou-

1857 1400 1980 1456 silio
2004 1400 2317 1470 pontiﬁcum
2343 1411 2398 1457 et
2429 1418 2711 1473 procerum
2729 1402 2896 1456 ﬁlium
2929 1418 3084 1456 suum
3107 1401 3444 1472 Sigibertum

1858 1488 1913 1543 in
1947 1504 2113 1559 regno
2180 1489 2413 1545 Austris:
2469 1491 2758 1555 sublimat,
2814 1507 3047 1560 eumque
3113 1491 3448 1556 Cuniberto,

1857 1579 2112 1649 episcopo
2141 1579 2480 1640 Coloniensis
2498 1582 2759 1646 ecclesim,
2789 1591 2844 1636 et
2873 1581 3098 1651 Pippino
3141 1583 3264 1638 duci
3290 1598 3444 1638 com-

1860 1670 2097 1724 mendat.

1930 1759 2187 1831 Sequenti
2231 1776 2376 1817 anno
2421 1763 2472 1818 ei
2517 1764 2659 1818 ﬁlius
2709 1771 2869 1818 natus
2914 1774 2995 1820 est
3038 1780 3103 1820 ex
3152 1763 3451 1820 Nandhilda

1795 1843 1839 1904 Β
1867 1849 2053 1920 regina
2081 1865 2241 1920 quem
2268 1851 2595 1907 Ludovicum
2633 1854 2950 1924 appellavit,
2984 1857 3068 1909 cui
3101 1871 3322 1925 regnum
3351 1855 3453 1910 Nec

1863 1941 2096 2012 ptricum
2121 1949 2286 2011 atque
2314 1943 2636 2014 Burgundim
2665 1945 2898 1998 dandum
2921 1955 3045 2014 post
3065 1962 3221 2000 suum
3251 1947 3454 2001 disces-

1861 2048 1982 2088 sum
2018 2035 2336 2089 nominavit.
2360 2034 2490 2090 Post
2519 2036 2634 2091 haec
2661 2037 2802 2091 idem
2831 2037 3168 2109 Dagobertus
3199 2039 3452 2102 moritur,

1860 2131 1916 2179 et
1948 2125 2002 2178 in
2039 2125 2262 2180 basilica
2289 2127 2463 2181 sancti
2503 2127 2745 2198 Dionysii
2787 2127 3048 2197 sepelitur
3089 2144 3102 2180 :
3133 2127 3239 2182 fuit
3266 2137 3448 2183 autem

1861 2217 2120 2287 providus
2160 2219 2213 2272 in
2254 2219 2502 2283 consilio,
2530 2231 2720 2274 cautus
2751 2221 2804 2275 in
2841 2221 3044 2291 judicio
3067 2262 3082 2286 ,
3112 2229 3364 2275 strenuus
3395 2219 3449 2272 in

1863 2307 2085 2362 militari
2115 2309 2422 2379 disciplina,
2453 2309 2636 2381 largus
2667 2310 2719 2364 in
2757 2310 3118 2382 eleemosynis
3139 2351 3154 2375 ,
3183 2309 3454 2364 studiosus

1865 2400 1919 2454 in
1951 2403 2316 2471 componenda
2360 2417 2495 2472 pace
2523 2403 2877 2460 ecclesiarum
2899 2445 2914 2471 ,
2942 2413 2996 2459 et
3040 2405 3310 2474 praecipue
3355 2404 3450 2458 de-

1864 2497 2025 2546 votus
2055 2491 2108 2544 in
2141 2491 2374 2546 ditandis
2408 2500 2719 2546 sanctorum
2749 2495 3033 2549 coenobiis.
3059 2495 3161 2561 Qui
3201 2495 3450 2564 quamvis

1865 2578 2046 2632 omnia
2095 2577 2211 2634 loca
2255 2589 2441 2634 sancta
2473 2581 2831 2648 excoluisset,
2861 2591 3039 2639 tamen
3083 2599 3195 2654 prae
3240 2585 3454 2640 caneris

1867 2669 2195 2724 monasteria
2224 2681 2534 2726 sanctorum
2560 2672 2822 2744 Dionysii,
2855 2674 3090 2739 Martini,
3119 2665 3278 2743 atque
3307 2674 3456 2728 Mau-

1865 2759 1976 2814 ritii
2004 2761 2268 2826 excoluit,
2306 2771 2361 2816 et
2403 2763 2549 2817 omni
2584 2764 2954 2819 ecclesiastica
2995 2765 3254 2836 dignitate
3300 2767 3453 2819 nobi-

1864 2851 2057 2907 litavit.
2089 2854 2330 2923 Regnum
2356 2855 2495 2923 ejus,
2525 2855 2662 2910 sicut
2685 2858 2801 2924 ipse
2825 2857 3010 2911 vivens
3042 2858 3316 2921 diviserat,
3354 2857 3450 2914 ﬁlii

1865 2943 1982 3013 ejus
2011 2953 2319 3000 tenuerunt.
2349 2945 2459 3016 Ega
2499 2947 2672 3016 major
2714 2948 2905 3002 domus
2935 2963 3056 3002 cum
3095 2946 3347 3002 Nantilda
3375 2948 3459 3003 re-

1865 3035 1986 3105 gina
2019 3049 2243 3106 regnum
2278 3035 2531 3090 Clodovei
2555 3037 2916 3091 administrat.

1935 3123 2093 3179 Circa
2137 3125 2251 3179 haec
2297 3133 2541 3194 tempora
2571 3139 2694 3178 cum
2735 3125 2788 3178 in
2832 3134 3016 3180 castro
3060 3115 3455 3180 Casino‘vasta

1791 3193 1836 3256 C
1869 3212 2101 3268 solitudo
2146 3193 2424 3279 existeret,
2462 3213 2745 3270 venientes
2791 3215 2858 3269 de
2901 3214 3333 3270 Celmanieorum
3371 3215 3454 3270 vel

1867 3301 2334 3357 Aurelianensium
2382 3303 2598 3372 regione
2646 3303 2874 3369 Franci,
2918 3305 3245 3359 venerabilis
3286 3306 3460 3376 patris
3507 3346 3509 3348 -

1865 3394 2141 3450 Benedicti
2173 3392 2394 3464 ejusque
2419 3410 2689 3466 germanae
2711 3395 3022 3451 Scolasticte
3049 3411 3276 3466 corpora
3305 3396 3454 3452 aufe-

1867 3494 2024 3553 runt,
2048 3493 2103 3540 et
2132 3486 2184 3539 in
2213 3500 2368 3540 suam
2411 3485 2642 3555 patriam
2670 3485 3011 3556 absportant.
3049 3485 3258 3557 Corpus
3282 3485 3456 3541 sancti

1866 3578 2142 3634 Benedicti
2173 3578 2225 3632 in
2259 3579 2531 3634 territorio
2563 3578 2974 3644 Aurelianensi,
3024 3579 3078 3633 in
3123 3579 3458 3634 monasterio

1867 3673 2010 3741 quod
2039 3680 2264 3727 vocatur
2285 3673 2586 3738 Floriacus,
2618 3672 2882 3742 sepultum
2910 3683 3013 3728 est.
3051 3672 3220 3727 Porro
3250 3685 3453 3728 sancta:

1869 3761 2182 3819 Scolastica:
2211 3763 2263 3818 in
2291 3765 2538 3834 partibus
2567 3763 3052 3820 Cenomanensium
3079 3764 3452 3836 religiosorum

1869 3853 2154 3908 devotione
2175 3854 2474 3909 conditum.

1941 3941 2086 4012 Rege
2113 3942 2409 3999 Cuniberto
2431 3953 2665 4009 mortuo,
2687 3946 2752 4001 de
2777 3960 2944 4017 regno
2971 3946 3456 4018 Langobardorum

1868 4032 2010 4087 inter
2043 4032 2316 4104 principes
2346 4049 2539 4104 magna
2573 4034 2631 4089 ﬁt
2675 4036 3077 4102 controversia,
3107 4038 3324 4106 plurimi
3370 4038 3457 4092 iu-

1870 4123 2236 4188 terﬁciuntur,
2279 4125 2525 4180 nonnulli
2572 4137 2945 4191 excaecantur;
2991 4128 3245 4183 mulieres
3290 4129 3455 4184 etiam

1870 4233 1992 4288 quae
2019 4233 2076 4272 se
2126 4219 2342 4287 reginas
2385 4218 2502 4274 fore
2544 4218 2914 4287 jactaverant,
2965 4235 3100 4274 naso
3142 4229 3197 4274 et
3235 4221 3457 4276 auribus

1870 4308 2096 4363 abscisis
2118 4308 2505 4376 deturpantur;
2538 4310 2605 4363 ad
2634 4318 2941 4364 extremum
2984 4309 3304 4365 Heribertus
3346 4311 3454 4365 dux

1871 4399 2285 4455 Taurinensium
2325 4415 2550 4471 regnum
2578 4401 2828 4456 obtinuit.
2909 4413 2918 4418 ‘

1940 4494 2096 4548 Anno
2110 4492 2404 4548 Dominica:
2429 4493 2817 4549 incarnationis
2839 4493 2942 4550 632
2976 4494 3085 4550 Leo
3117 4495 3452 4565 augustalem

1794 4565 2187 4658 I)tlignitatem
2239 4585 2536 4656 arripiens,
2583 4585 2944 4642 Iustinianum
2991 4602 3156 4658 regno
3200 4589 3454 4658 privavit,

1872 4690 2103 4745 eumque
2133 4674 2344 4729 exulem
2381 4675 2436 4729 in
2478 4675 2649 4731 Ponto
2692 4677 2949 4738 servavit,
2980 4691 3316 4748 regnumque
3348 4678 3456 4732 Ro-

1871 4781 2155 4821 manorum
2204 4765 2376 4820 tribus
2419 4766 2574 4820 annis
2621 4767 2782 4820 rexit.
2827 4765 3049 4837 Sergius
3088 4781 3223 4835 papa
3263 4766 3315 4820 in
3367 4782 3456 4820 sa-

1877 4857 2056 4912 crario
2085 4855 2229 4912 beati
2256 4855 2400 4911 Petri
2429 4857 2654 4927 apostoli
2686 4873 2936 4928 magnam
2981 4858 3282 4928 portionem
3327 4857 3456 4928 ligni

1875 4945 2168 5003 Dominicte
2213 4949 2390 5004 crucis
2429 4949 2658 5019 reperit,
2703 4965 2824 5020 quae
2862 4966 2930 5005 ex
2967 4958 3206 5019 tempore
3250 4949 3342 5002 illo
3391 4949 3460 5001 ab

1875 5039 2023 5094 omni
2053 5038 2250 5110 populo
2293 5038 2346 5092 in
2389 5038 2608 5094 basilica
2653 5038 3123 5102 Constantiniana,
3147 5039 3213 5092 de
3249 5038 3456 5090 exalta-

1877 5130 2038 5188 tionis
2065 5131 2182 5202 ejus
2222 5129 2499 5185 osculatur
2529 5144 2592 5184 ac
2619 5130 2898 5186 adoratur.
2929 5130 2987 5185 In
3013 5121 3295 5186 Britannia
3321 5125 3462 5180 Cud-

1872 5221 2092 5290 bertus,
2124 5221 2581 5278 Lindisfarnensis
2625 5223 2869 5279 ecclesiae
2907 5224 3189 5292 episcopus
3214 5257 3229 5283 ,
3281 5217 3461 5272 clarus

1874 5313 2128 5381 habetur,
2165 5315 2218 5370 in
2241 5310 2428 5368 Galliis
2465 5313 2757 5369 Audoeuus
2786 5308 3227 5384 Rotomagensis,
3259 5307 3464 5379 Eligius

1874 5403 2252 5460 Nnvinmpncic
2305 5402 2570 5448 Q-nlnilinq
2595 5403 3011 5446 Rilnri'mnn-wic
3038 5397 3270 5442 anicnnni
3333 5397 3462 5440 Μοινὲ
