3958 5306
498 360 575 420 ‘59

1603 349 1968 409 RECINONIS
2004 348 2422 410 PRUMIENSIS
2460 348 2749 409 ABBATIS

3040 335 3049 340 -
3090 330 3171 339 ς--σ-υ

3600 386 3605 391 η
3696 347 3782 406 to

3278 404 3311 423 Α

504 471 820 542 Anglorum,
849 468 919 525 ob
938 464 1165 539 gratiam
1191 463 1457 536 evangelii
1484 464 1537 519 in
1564 463 1768 521 Gallias
1790 464 2082 529 transiens,
2111 468 2163 528 Α
2187 465 2393 520 italiam
2423 466 2586 532 venit,
2616 465 2979 537 pugnavitque
3003 477 3127 520 cum
3150 462 3439 520 ileriberto
3461 478 3589 537 rege
3613 479 3777 520 eum-

500 579 536 618 a
586 560 776 632 Sergio
832 573 970 631 papa
1014 556 1301 627 episcopus
1340 554 1637 610 Fresonum
1697 562 2078 615 consecratur,

502 663 665 721 atque
690 651 745 704 in
768 647 993 705 eandem
1027 653 1239 717 gentem
1280 644 1349 700 ad
1382 643 1784 713 praedicandum
1813 641 2082 713 dirigitur.

574 742 732 796 Anno
781 737 1076 794 Dominicae
1134 735 1521 791 incarnationis
1565 734 1668 790 635
1712 733 1961 790 Tiberius
2000 747 2087 789 re-

498 832 685 904 gnavit
724 845 891 886 annos
919 829 972 881 7.
1003 827 1100 883 Hie
1131 835 1320 883 contra
1366 826 1601 882 Leonem
1647 825 1964 895 insurgens,
1997 838 2085 879 re-

495 939 663 996 gnum
699 922 814 992 ejus
857 921 1080 985 invasit,
1114 934 1346 990 eumque
1388 927 1500 974 toto
1530 931 1637 988 quo
1680 917 1795 988 ipse
1838 915 2084 988 regnavit

500 1024 774 1085 tempore,
818 1013 872 1067 in
900 1013 1088 1067 eadem
1131 1010 1352 1067 civitate
1391 1010 1446 1065 in
1492 1008 1739 1065 custodia
1768 1006 1960 1063 tenuit.
1993 1006 2086 1061 Gi-

488 1104 669 1161 snlfus
696 1104 804 1159 dux
846 1101 1213 1157 Beneventum
1254 1109 1311 1155 et
1335 1098 1684 1169 Campaniam
1714 1097 1872 1169 igne,
1906 1095 2083 1168 gladio

494 1178 891 1264 et'captivitate
919 1190 1170 1244 vastavit.
1210 1188 1446 1245 Joannes
1477 1187 1777 1245 Romanam
1818 1187 1958 1257 regit
1991 1201 2082 1242 ec-

495 1283 740 1339 clesiam.
786 1280 886 1336 Hic
926 1281 1207 1335 universos
1257 1279 1500 1350 captivos
1532 1292 1669 1348 quos
1709 1275 1948 1334 Gisulfus
1993 1291 2082 1332 ce—

490 1382 649 1445 perat
694 1372 956 1437 redemit,
1002 1379 1163 1440 atque
1206 1368 1591 1441 Langobardos
1634 1367 1851 1424 domum
1904 1367 2081 1425 redire

495 1462 648 1528 fecit,
679 1463 765 1518 cui
795 1460 1057 1518 successit
1084 1459 1221 1515 alius
1247 1459 1545 1516 Iohannes.

569 1551 872 1609 Ludovicus
890 1565 1012 1616 rex,
1035 1564 1231 1621 corpus
1253 1550 1395 1604 beati
1419 1548 1658 1619 Dionysii
1677 1546 2078 1618 discooperiens

491 1642 673 1698 minus
718 1641 1001 1712 religiose,
1044 1639 1171 1696 licet
1196 1639 1425 1710 cupide,
1463 1654 1526 1695 os
1552 1638 1792 1695 bracchii
1830 1623 1997 1710 fregit
2024 1647 2082 1694 et

491 1731 693 1803 rapuit,
728 1729 1119 1801 confestimque
1148 1730 1481 1800 stupefactus
1520 1728 1575 1783 in
1617 1728 1910 1783 amentiam
1943 1728 2078 1803 inci;

2186 569 2292 625 que
2315 555 2476 620 vicit;
2503 556 2594 625 qui
2628 554 2758 610 dum
2798 555 2853 610 in
2881 554 3167 610 Franciam
3198 553 3387 626 fugere
3415 553 3592 618 vellet,
3624 553 3771 609 Tici-

2184 662 2311 701 num
2355 645 2576 701 flnvium
2609 647 2887 717 ingressus
2911 662 3035 703 cum
3060 661 3201 718 equo
3227 653 3573 702 transnatare
3600 661 3772 703 cona-

2183 748 2270 794 tus
2291 749 2395 804 est,
2420 740 2511 794 sed
2534 739 2659 808 quia
2681 752 2816 794 auro
2837 748 3095 810 gravatus
3120 746 3259 804 erat,
3284 738 3439 808 aquis
3470 735 3771 793 suffocatus

2182 830 2456 885 extinctus
2491 839 2593 885 est.
2629 829 2987 901 Ansprandus
3025 844 3249 900 regnum
3290 829 3526 885 obtinuit
3566 828 3603 884 3
3649 836 3771 884 tan-

2184 922 2459 977 tummodo
2497 936 2728 977 menses.
2762 920 2892 977 Post
2916 922 3070 992 cujus
3099 922 3376 978 interitum
3401 920 3702 992 Liutprand

2184 1010 2326 1066 ﬁlius
2345 1008 2462 1079 ejus
2488 1011 2542 1065 in
2565 1010 2730 1080 regali
2751 1011 3101 1068 constituitur
3121 1010 3281 1067 solio.

2251 1101 2406 1173 Apud
2457 1100 2791 1157 Francorum
2841 1116 3059 1172 quoque
3104 1110 3319 1173 gentem
3372 1100 3601 1171 Pippino
3651 1099 3769 1156 vita

2179 1204 2453 1264 exempto,
2478 1193 2595 1264 ejus
2625 1192 2768 1249 ﬁlius
2792 1192 3018 1249 Carolus
3048 1194 3105 1248 in
3142 1192 3446 1263 principatu
3479 1191 3764 1257 successit,
3807 1253 3812 1256 ,

2180 1283 2307 1340 licet
2334 1298 2431 1354 per
2466 1282 2636 1338 multa
2666 1282 2809 1339 bella
2828 1291 2885 1339 et
2907 1283 3208 1339 certamina
3248 1282 3316 1337 de
3348 1296 3509 1336 manu
3558 1280 3767 1351 Regin-

2179 1374 2303 1429 fridi
2342 1375 2571 1430 eundem
2614 1373 2974 1445 principatum
3015 1372 3316 1429 sustulerit.
3363 1370 3498 1426 Nam
3539 1386 3662 1427 cum
3708 1371 3767 1425 in

2181 1465 2426 1521 custodia
2450 1473 2756 1530 teneretur,
2797 1464 2982 1520 divino
3008 1475 3144 1519 nutu
3169 1471 3387 1533 ereptus
3417 1459 3650 1531 aufugit,
3699 1475 3768 1516 ac

2178 1554 2415 1624 primum
2441 1563 2628 1609 contra
2665 1552 3042 1625 Reginfridum
3078 1568 3201 1609 eum
3229 1551 3419 1623 paucis
3454 1550 3539 1606 bis
3574 1559 3769 1621 terque

2180 1652 2457 1700 certamen
2488 1645 2631 1712 iniit,
2675 1645 2744 1701 ad
2767 1653 3069 1702 extremum
3106 1659 3231 1700 eum
3260 1642 3405 1713 apud
3446 1640 3766 1696 Vinciacutn

2180 1751 2377 1808 magno
2404 1737 2704 1793 certamine
2750 1736 3027 1807 superavit
3072 1734 3174 1791 Cui
3224 1741 3406 1789 tamen
3456 1747 3656 1798 unam,
3704 1740 3770 1786 ut

490 1792 588 1886 dit,
620 1792 820 1893 etpost
851 1822 986 1892 duos
1013 1792 1187 1876 annos
1206 1792 1373 1875 vitam
1399 1834 1523 1875 cum
1551 1833 1717 1890 regno
1742 1804 1935 1873 finivit.
1960 1792 2078 1873 Hoc
2101 1813 2150 1875 B
2180 1792 2379 1894 rerum,
2423 1826 2526 1883 hoc
2564 1835 2649 1882 est
2682 1792 3130 1898 Andagavensem
3171 1825 3450 1881 civitatem
3490 1822 3563 1878 ad
3608 1792 3768 1877 habi-

490 1925 733 1986 tempore
754 1916 992 1987 synodus
1017 1913 1278 1984 Aquileia:
1302 1913 1443 1968 facta
1474 1913 1544 1968 ob
1571 1912 1896 1983 imperitiam
1925 1912 2073 1979 ﬁdei,

488 2005 737 2075 quintum
776 2003 1083 2060 universale
1109 2004 1397 2059 concilium
1424 2003 1699 2073 suscipere
1724 2001 1933 2069 difﬁdit,
1955 2018 2076 2074 quae

484 2092 726 2169 synodus
758 2096 897 2152 facta
928 2095 1106 2152 fuerat
1128 2097 1459 2168 temporibus
1480 2095 1661 2167 Vigilii
1687 2110 1862 2167 papae,
1883 2103 2076 2153 contra

484 2187 770 2243 haereticos
806 2187 902 2256 qui
928 2186 1144 2243 beatam
1172 2186 1395 2242 Mariam
1433 2186 1607 2243 solum
1643 2185 1939 2254 hominem,
1966 2202 2074 2243 non

482 2276 658 2332 Deum
685 2286 742 2333 et
765 2277 1060 2343 hominem,
1089 2277 1344 2348 genuisse
1368 2277 1727 2344 afﬁrmabant,
1758 2277 1812 2332 in
1850 2292 1956 2348 qua
1981 2293 2075 2350 sy-

484 2367 628 2422 nodo
675 2367 942 2423 catholiee
991 2368 1297 2423 institutum
1349 2376 1429 2424 est
1455 2406 1471 2434 ,
1528 2377 1589 2423 ut
1635 2366 1806 2423 Maria
1859 2382 2077 2439 semper

483 2458 639 2530 virgo
670 2458 902 2523 θεοτόκος
928 2457 1221 2525 diceretur,
1261 2459 1389 2530 quia
1421 2475 1527 2515 non
1557 2459 1733 2516 solum
1771 2459 2070 2527 hominem,

478 2550 578 2605 sed
607 2565 734 2606 vere
763 2550 931 2605 Deum
959 2558 1016 2606 et
1039 2551 1313 2606 hominem
1341 2550 1548 2621 genuit.

554 2642 628 2695 Ea
659 2650 817 2698 actate
859 2641 1057 2697 claruit
1092 2641 1416 2697 Lambertus
1455 2641 1788 2713 Tungrensis
1826 2640 2073 2699 ecclesiae

481 2734 787 2803 episcopus,
827 2733 921 2803 qui
959 2732 1085 2787 dum
1123 2732 1329 2803 regiam
1379 2732 1594 2787 domum
1629 2733 1746 2786 zelo
1795 2731 2073 2803 religionis

480 2836 744 2877 accensus
771 2820 1124 2890 increpasset,
1150 2823 1218 2877 ab
1247 2820 1589 2890 iniquissimo
1613 2820 1833 2876 Dodone
1858 2827 1915 2875 et
1950 2820 2073 2877 aliis

480 2912 614 2967 viris
661 2912 726 2967 de
776 2912 976 2983 palatio
1025 2912 1207 2968 missis
1250 2912 1541 2982 improvise
1586 2911 1874 2968 conclusus
1926 2911 2070 2967 intra

481 3004 700 3059 domum
729 3004 990 3068 ecclesiae,
1023 3004 1078 3058 in
1104 3003 1309 3059 Leotlio
1334 3004 1456 3067 vico
1480 3004 1769 3060 occiditur.

549 3095 707 3151 Anno
761 3094 1052 3151 Dominicm
1122 3093 1513 3149 incarnationis
1573 3093 1679 3148 642
1730 3092 2068 3149 Justininnus

479 3187 719 3243 secundo
765 3202 889 3242 cum
930 3186 1149 3243 Tiberio
1194 3186 1305 3241 ﬁlio
1348 3186 1593 3258 regnavit
1639 3199 1812 3241 annos
1853 3183 1908 3238 6.
1965 3183 2065 3239 Hic
2092 3166 2136 3226 Ο

480 3290 707 3347 regnum
756 3290 947 3330 rursus
994 3275 1295 3345 recipiens,
1349 3290 1444 3330 eos
1492 3274 1584 3344 qui
1636 3287 1697 3329 se
1748 3273 2066 3345 expulerant

478 3366 728 3436 patritios
764 3366 998 3431 occidit,
1045 3359 1281 3421 Leonem
1317 3381 1535 3437 quoque
1563 3375 1618 3421 et
1665 3365 1943 3421 Tiberium
1972 3364 2061 3435 qui

478 3461 658 3517 locum
685 3460 802 3530 ejus
852 3469 1209 3533 usurparant,
1264 3461 1438 3530 cepit,
1488 3468 1545 3515 et
1592 3460 1647 3514 in
1689 3459 1869 3516 medio
1916 3460 2064 3516 circo

475 3568 662 3610 coram
708 3552 856 3609 omni
895 3551 1092 3622 populo
1123 3550 1358 3622 jugulari
1400 3549 1674 3622 praecepit.
1718 3549 2064 3607 Gallicinium

477 3660 608 3701 vero
632 3644 996 3715 patriarcham
1019 3642 1677 3712 Constantinopolitanum
1697 3641 1869 3697 erutis
1893 3642 2064 3698 oculis

478 3734 705 3789 Romam
727 3733 895 3798 misit,
923 3732 1231 3802 Cyrumque
1253 3731 1526 3796 abbatem,
1551 3730 1643 3799 qui
1666 3745 1789 3786 eum
1813 3731 1866 3786 in
1890 3729 2062 3787 Ponto

480 3823 973 3889 exulemaluerat,
1021 3823 1332 3892 episcopum
1361 3822 1415 3875 in
1464 3821 1585 3877 loco
1630 3819 1882 3876 Gallicini
1930 3835 2060 3877 con-

475 3917 673 3973 stituit.
707 3914 977 3987 Sisinnius
1013 3921 1068 3968 et
1103 3911 1491 3968 Constantinus
1520 3911 1821 3966 Romanam
1869 3918 2063 3982 regunt

476 4008 785 4065 ecclesiam.
807 4005 971 4060 Hunc
1013 4004 1429 4061 Constantinum
1472 4004 1541 4059 ad
1576 4018 1636 4058 se
1662 4003 1850 4058 venire
1863 4000 2063 4071 jubens

475 4098 839 4161 Justinianus,
888 4095 1187 4153 honorifice
1228 4095 1465 4165 suscepit
1510 4109 1576 4149 ac
1617 4095 1864 4160 remisit;
1898 4110 2060 4165 quem

475 4196 779 4259 prostratus
819 4187 871 4241 in
907 4194 1115 4242 terram
1164 4201 1265 4257 pro
1289 4185 1404 4241 suis
1440 4184 1681 4256 peccatis
1724 4185 2061 4242 intercedere

476 4293 693 4349 rogans,
745 4287 943 4333 cuncta
987 4276 1230 4333 ecclesiae
1276 4276 1558 4350 privilegia
1602 4277 1903 4333 renovavit.
1957 4276 2057 4345 Qui

476 4384 600 4423 eum
638 4368 935 4422 exercitum
966 4367 1020 4421 in
1057 4366 1287 4422 Pontum
1335 4368 1574 4423 mitteret
1597 4367 1667 4423 ad
1705 4369 2061 4438 comprehen—

476 4457 712 4512 (lendum
734 4456 1092 4527 Philippicum
1110 4496 1125 4522 ,
1150 4471 1312 4525 quem
1336 4457 1408 4511 ibi
1434 4457 1789 4527 religaverat,
1828 4458 2055 4513 multum

2178 1917 2397 1972 tandum
2437 1916 2731 1980 concessit,
2772 1926 3027 1972 cunctam
3076 1928 3207 1971 vero
3250 1913 3587 1971 Francorum
3625 1925 3768 1984 gen-

2176 2013 2283 2061 tem
2306 2006 2423 2080 ipse
2447 2004 2852 2076 gubernandam
2874 2004 3132 2075 suscepit.

2241 2095 2400 2153 Anno
2450 2094 2744 2151 Dominicze
2808 2094 3201 2171 incarnationis
3258 2092 3365 2151 648
3423 2091 3767 2163 Philippicas

2172 2187 2421 2259 regnavit
2466 2201 2668 2241 annum
2713 2201 2881 2241 unum
2921 2193 2978 2242 et
3016 2200 3232 2242 menses
3257 2184 3311 2240 6.
3344 2184 3445 2241 llic
3470 2193 3762 2255 postquam

2173 2277 2438 2350 imperiali
2462 2277 2723 2349 dignitate
2748 2276 3100 2333 conﬁrmatus
3130 2284 3237 2343 est,
3267 2274 3408 2349 Cyro
3437 2275 3508 2331 de
3535 2273 3764 2346 pontiﬁ-

2172 2380 2292 2427 catu
2328 2369 2559 2440 abjecto,
2606 2370 2674 2426 ad
2715 2369 3128 2443 gubernandum
3160 2369 3552 2426 monasterium
3598 2384 3759 2424 suum

2171 2461 2226 2518 in
2269 2460 2501 2518 Pontum
2544 2462 2722 2519 redire
2761 2462 3038 2533 praecepit.
3084 2461 3185 2518 Hie
3209 2461 3566 2518 Constantino
3604 2475 3761 2532 papa

2170 2552 2379 2612 litteras
2423 2555 2573 2625 pravi
2623 2554 2890 2626 dogmatis
2939 2554 3157 2619 direxit,
3207 2568 3342 2625 quas
3388 2552 3478 2608 ille
3525 2553 3755 2623 respuit,

2170 2644 2466 2715 statuitque
2486 2642 2716 2714 populus
2736 2642 3036 2710 Romanus,
3059 2657 3129 2699 ne
3152 2642 3391 2699 haeretici
3412 2642 3758 2713 imperatoris

2167 2749 2384 2797 nomen,
2417 2744 2513 2789 aut
2549 2736 2770 2790 chartas
2802 2744 2898 2790 aut
2925 2735 3153 2806 ﬁguram
3193 2734 3351 2790 solidi
3395 2736 3753 2803 susciperent.

2168 2821 2366 2880 Contra
2389 2823 2534 2878 hunc
2577 2824 2919 2889 Anastasius,
2956 2823 3048 2894 qui
3072 2833 3128 2880 et
3152 2822 3430 2881 Artemius
3450 2823 3632 2878 dictus
3650 2833 3753 2889 est,

2167 2914 2453 2986 insurgens
2469 2929 2593 2969 eum
2625 2930 2791 2986 regno
2822 2914 3047 2985 expulit,
3075 2915 3357 2988 oculisque
3387 2898 3644 2986 privavit.

2234 3007 2391 3064 Anno
2450 3007 2742 3065 Dominicm
2805 3008 3196 3065 incarnationis
3256 3008 3363 3064 650
3431 3008 3756 3066 Anastasius

2167 3101 2408 3171 regnavit
2431 3116 2603 3157 annos
2622 3101 2675 3155 5.
2707 3100 2808 3155 Hic
2847 3100 3054 3156 litteras
3092 3099 3450 3157 Constantino
3477 3116 3634 3171 papa:
3655 3118 3756 3172 per

2169 3189 2562 3246 Scltolasticum
2591 3189 2878 3259 patricium
2907 3199 2965 3246 et
2989 3190 3288 3245 exarcbum
3323 3189 3491 3245 Italiae
3528 3190 3754 3255 direxit,

2165 3279 2360 3349 quibus
2398 3294 2458 3335 se
2498 3277 3077 3335 fautorem.catholicae
3114 3279 3241 3335 ﬁdei
3267 3287 3324 3335 et
3359 3280 3499 3335 sexti
3532 3281 3755 3337 concilii

2165 3372 2576 3442 prtetlicatorem
2601 3385 2722 3426 esse
2748 3370 3059 3427 declaravit.
3096 3368 3361 3427 Defuncto
3386 3369 3594 3427 Gisulfo
3615 3371 3757 3428 duce

2164 3463 2565 3529 Beneventano,
2613 3462 2911 3520 Romaldus
2941 3462 3083 3521 ﬁlius
3121 3462 3240 3535 ejus
3282 3463 3460 3521 locum
3499 3462 3620 3532 ejus
3657 3464 3760 3521 ob-

2167 3553 2349 3609 tinuit.

2233 3642 2390 3699 Circa
2419 3643 2534 3701 hare
2561 3652 2801 3714 tempora
2832 3644 3102 3702 Petronax
3122 3686 3138 3713 ,
3167 3646 3302 3703 civis
3327 3645 3612 3702 Brexianze
3655 3662 3755 3700 ur-

2161 3732 2266 3800 bis,
2310 3733 2494 3789 divino
2535 3749 2719 3791 amore
2759 3747 3134 3806 compunctus,
3178 3746 3420 3792 castrum
3462 3736 3756 3793 Cassinum

2161 3821 2336 3892 petiit,
2376 3831 2434 3878 et
2474 3823 2865 3879 monasterium
2903 3825 3077 3881 sancti
3111 3825 3413 3892 Benedicti,
3454 3827 3599 3896 quod
3632 3824 3754 3894 jam

2162 3921 2292 3968 tunc
2326 3912 2428 3968 100
2459 3922 2517 3970 et
2557 3914 2625 3970 l0
2661 3932 2835 3973 annos
2869 3917 3207 3973 destructum
3243 3919 3532 3983 manebat,
3560 3917 3757 3972 readi-

2161 4001 2373 4070 ficavit,
2409 4004 2811 4076 multorumque
2848 4009 3237 4064 monachorum
3258 4017 3415 4077 pater
3444 4008 3518 4063 ibi
3543 4008 3751 4065 extitit.

2160 4092 2458 4164 Gregorius
2507 4109 2649 4167 papa
2706 4098 3087 4164 constituitur;
3144 4098 3236 4153 hic
3284 4097 3621 4167 Bonifacium
3683 4113 3753 4153 ex

2160 4183 2442 4240 Britannia
2466 4194 2648 4242 ortum
2674 4185 2986 4258 episcopum
3008 4187 3305 4254 ordinavit,
3333 4197 3390 4244 et
3417 4204 3518 4259 per
3537 4202 3665 4243 eum
3696 4190 3750 4243 in

2158 4273 2505 4331 Germaniam
2549 4277 2771 4334 verbum
2821 4277 3010 4333 salutis
3050 4277 3385 4349 praedicavit,
3428 4286 3484 4335 et
3527 4288 3749 4351 gentem

2159 4365 2306 4422 illam
2355 4368 2631 4423 sedentem
2693 4367 2749 4423 in
2800 4368 3036 4426 tenebris
3082 4368 3397 4441 evangelica
3456 4367 3580 4426 luce
3627 4367 3753 4425 illu-

2162 4458 2371 4513 stravit.

828 4510 968 4615 papa
994 4510 1290 4614 prohibuit,
1322 4545 1416 4600 sed
1445 4510 1624 4601 tam'en
1649 4510 2058 4604 inminenti};
2084 4510 2137 4570 Β
2164 4510 2183 4513 Ἴ
2219 4510 2461 4604 Carolus
2489 4549 2741 4621 princeps
2769 4560 2957 4606 contra
2981 4551 3307 4617 Ratbodum,
3332 4565 3516 4621 regem
3550 4551 3751 4609 Freso-

476 4636 671 4705 potuit.
723 4636 1015 4691 Exercitus
1063 4635 1156 4706 qui
1212 4637 1426 4692 'missus
1471 4647 1660 4693 contra
1703 4638 2060 4710 Philippicum

476 4727 676 4792 fuerat,
702 4727 767 4782 ad
806 4736 1014 4796 partem
1042 4727 1159 4796 ejus
1186 4742 1246 4783 se
1282 4729 1530 4793 contulit,
1555 4737 1612 4784 et
1659 4746 1783 4786 eum
1824 4731 2059 4801 impera-

480 4828 651 4874 torem
695 4817 842 4884 fecit,
871 4818 961 4888 qui
1010 4816 1532 4889 Constantinopolim
1572 4828 1760 4876 contra
1798 4821 2059 4878 Justinia-

479 4926 606 4965 num
652 4909 904 4973 veniens,
941 4924 1064 4963 cum
1104 4923 1169 4963 eo
1203 4909 1272 4965 ab
1296 4910 1430 4965 urbe
1470 4909 1703 4966 miliario
1743 4912 2061 4969 duodecimo

479 4998 754 5071 pugnavit,
797 5007 853 5053 et
887 5013 1010 5053 eum
1052 5000 1273 5066 occidit,
1305 5016 1639 5072 regnumque
1683 5003 1909 5080 adepotus
1953 5014 2057 5061 est.

478 5091 765 5163 Imperavit
790 5098 970 5146 autem
987 5130 1004 5157 ,
1030 5099 1090 5145 ut
1114 5091 1506 5160 prmmisimus,
1550 5092 1653 5148 bac
1683 5093 1917 5149 secunda
1942 5095 2061 5140 vim

481 5183 510 5198 Λ

2164 4656 2315 4707 num,
2343 4642 2510 4697 multa
2538 4644 2834 4699 certamina
2856 4646 3115 4701 conserit.
3141 4644 3245 4712 Qui
3268 4654 3535 4717 tyrannus
3558 4643 3746 4700 divino

2164 4741 2296 4787 nutu
2334 4734 2634 4805 percutitur
2666 4751 2810 4791 anno
2854 4735 3068 4806 prtefati
3099 4736 3363 4807 principis
3406 4735 3472 4801 4;
3519 4750 3666 4791 anno
3712 4733 3749 4789 5

2164 4823 2316 4892 regni
2339 4825 2420 4880 sui
2448 4827 2702 4896 pugnavit
2731 4826 2874 4885 idem
2907 4825 3131 4884 Carolus
3157 4826 3448 4883 adversum
3475 4825 3746 4892 Saxones,

2163 4929 2365 4984 eosque
2402 4916 2551 4971 vicit.

2234 5004 2555 5062 Anastasius
2577 5005 2869 5077 imperator
2886 5006 3114 5063 classem
3135 5007 3191 5062 in
3210 5006 3597 5065 Alexandriam
3616 5023 3747 5064 con-

2168 5103 2248 5130 'M
2286 5094 2318 5118 “
2670 5096 2699 5109 "
2806 5097 2816 5104 ’
2906 5097 2943 5112 ”
3082 5097 3094 5106 ’
3131 5112 3184 5118 ··’
3237 5097 3285 5116 ³·
3335 5097 3513 5151 medio
3552 5097 3747 5152 itinere
