3958 5462
173 296 235 352 ll
1355 291 1768 353 CHRONICON.
1808 324 1877 334 —
1909 294 2024 353 AN.
2064 296 2318 358 655-718.
3373 301 3449 363 Β

173 415 359 482 gnatm
386 423 586 464 annum
616 424 801 463 unum.
839 407 933 462 llic
959 417 1242 478 postquam
1272 421 1495 476 regnum
1526 405 1754 476 accepit,
1784 407 1835 468 Α
1860 406 2014 477 cujus
2033 409 2203 463 errori
2232 408 2533 464 Germanus
2562 410 2867 481 patriarcha
2889 427 2993 467 non
3024 411 3390 477 consentiens,
3415 430 3446 467 ιι

176 520 300 558 mox
336 503 389 557 in
422 502 569 573 regia
610 502 743 556 urbe
786 500 1073 573 imaginem
1124 499 1292 564 illam,
1336 499 1388 553 in
1432 514 1537 569 qua
1571 506 1761 553 sancta

174 595 416 671 synodus
455 601 574 649 erat
617 593 849 663 depicta,
878 600 978 647 eta
1014 589 1324 661 Philippico
1361 597 1481 644 erat
1520 587 1757 656 dejecta,

174 686 481 758 pristino‘in
512 685 632 741 loco
668 685 860 740 erexit.
891 682 987 738 His
1014 682 1203 737 diebus
1232 682 1305 735 ita
1337 677 1763 735 Tiberisﬂuvius

175 777 478 841 inundavit,
503 783 580 842 ut,
600 774 736 829 ultra
753 774 962 829 alveum
978 788 1145 827 suum
1168 785 1438 843 egressus,
1460 768 1626 824 multa
1654 768 1763 823 Ro-

179 878 353 925 manae
406 865 596 927 fecerit
638 867 805 921 exitia
848 865 1079 929 civitati,
1117 865 1191 919 ila
1228 863 1363 918 utin
1398 861 1500 916 ‘Via
1539 860 1646 915 lata
1694 861 1761 916 ad

172 978 337 1017 unam
378 970 433 1018 et
464 962 629 1017 Seruis
655 968 924 1015 staturam
956 964 1316 1020 excresceret,
1345 965 1508 1025 atque
1546 969 1575 1008 a
1605 960 1760 1024 porta

170 1054 346 1113 sancti
378 1048 524 1110 Petri
552 1068 723 1122 usque
752 1052 818 1107 ad
851 1059 1069 1122 pontem
1100 1048 1353 1105 Molvium
1383 1060 1620 1122 aqumse
1662 1044 1762 1101 de»-

174 1148 495 1203 scendentes
519 1145 925 1215 conjungerent.
1542 1164 1545 1169 ι

243 1240 401 1294 Anno
431 1237 723 1293 Dominica:
744 1232 1129 1289 incarnationis
1158 1230 1262 1287 655
1306 1229 1417 1287 Leo
1451 1237 1642 1302 regnat
1665 1243 1763 1283 an-

172 1344 271 1385 nos
296 1328 351 1384 9.
393 1326 487 1382 His
519 1326 848 1397 temporibus
880 1323 1309 1379 Sarracenorum
1347 1335 1480 1392 gens
1518 1335 1642 1375 cum
1673 1319 1761 1373 in-

178 1436 360 1477 menso
388 1419 626 1475 exercitu
652 1417 893 1481 veniens,
926 1412 1439 1484 Constantinopolim
1462 1410 1762 1469 circumde-

175 1515 272 1577 dit,
303 1527 367 1567 ac
396 1526 494 1584 per
529 1509 844 1566 coutinutun
890 1506 1179 1563 triennium
1208 1503 1440 1566 obsedit,
1473 1502 1646 1559 donec
1678 1500 1760 1556 ci-

180 1605 323 1658 vibus
361 1601 530 1657 multa
558 1598 813 1654 instantia
841 1596 907 1651 ad
939 1596 1106 1650 Deum
1138 1594 1519 1657 clamantibus,
1542 1589 1760 1663 plurimi

185 1709 353 1748 eorum
380 1691 553 1757 fame,
590 1690 812 1761 frigore,
847 1687 1010 1752 bello,
1047 1684 1460 1756 pestilentiaque
1496 1682 1756 1752 perirent,

1860 498 2075 570 propria
2101 499 2233 572 sede
2264 500 2517 571 depulsus
2538 512 2649 568 est,
2674 514 2728 558 et
2762 503 2879 572 ejus
2906 504 3098 560 inloco
3127 504 3451 561 Anastasius

1860 591 2144 662 presbyter
2174 591 2490 647 ordinatur.
2549 591 2708 648 Circa
2752 595 2867 651 haec
2918 606 3163 665 tempora
3222 594 3450 651 Carolus

1862 681 2418 753 princepsPippinum
2444 683 2612 738 lilium
2648 700 2804 740 suum
2839 686 2906 741 ad
2943 686 3337 757 Liutprandum
3364 701 3452 744 rev

1862 785 1982 841 gem
2003 771 2220 838 direxit,
2244 780 2303 825 ut
2322 771 2605 844 ejuszjuxta
2625 789 2830 830 morem
2857 776 3108 847 capillum
3145 776 3409 832 incideret
3438 790 3456 831 ε

1863 860 1954 931 qui
1989 859 2107 931 ejus
2140 862 2431 918 .cmsariem
2464 864 2748 930 incidens,
2779 865 2827 920 ei
2873 876 3026 937 pater
3062 865 3285 923 effectus
3322 874 3454 930 est,
3496 914 3503 921 .

1863 952 2155 1025 multisque
2202 970 2326 1011 eum
2373 956 2599 1012 ditatum
2640 958 2802 1024 regiis
2851 959 3166 1017 muneribus
3211 959 3448 1031 genitori

1850 1045 2090 1103 remisit.

1933 1135 2159 1192 Carolus
2190 1137 2256 1194 18
2293 1138 2626 1211 anno..regui
2681 1139 2762 1195 sui
2816 1155 2941 1195 cum
2976 1142 3214 1197 exercitu
3248 1142 3301 1197 in
3331 1140 3454 1198 Wi-

1858 1228 2079 1284 stracha
2111 1230 2280 1297 venit,
2307 1245 2537 1301 eamque
2554 1246 2664 1286 suae
2685 1230 2873 1287 ditioni
2890 1232 3150 1303 subjecit.
3196 1234 3352 1290 Anno
3375 1235 3450 1290 20

1850 1318 2013 1390 «regni
2036 1319 2118 1374 sui
2133 1319 2346 1375 iterum
2376 1335 2500 1375 cum
2517 1320 2875 1375 validamanu
2896 1320 3222 1379 .Vasconiam
3246 1324 3449 1395 ingres-

1860 1424 1955 1464 sus
1992 1419 2094 1474 est,
2135 1411 2490 1467 etEudouein
2534 1426 2701 1482 regno
2730 1412 2891 1468 simul
2928 1421 2984 1468 et
3029 1412 3141 1468 vita
3181 1414 3444 1484 privavit;

1860 1502 2108 1571 sequenti
2143 1518 2288 1558 anno
2321 1511 2511 1558 contra
2558 1503 2703 1559 filios
2726 1503 2982 1575 ejusdem
3020 1504 3261 1562 Eudonis
3287 1505 3449 1562 dimi-

1852 1595 2026 1653 .cavit.
2709 1641 2713 1645 .

1931 1687 2088 1742 Anno
2114 1686 2185 1742 22
2234 1686 2384 1758 regni
2426 1688 2508 1743 sui
2550 1686 2977 1744 Sarracenorum
3016 1688 3289 1745 exercitus
3329 1704 3450 1743 rur-

182 1803 243 1845 ae
264 1789 335 1841 sic
360 1786 563 1857 pertesi
581 1782 876 1839 obsidionis
894 1780 1266 1834 abscederent.
1295 1775 1494 1830 Eorum
1519 1773 1755 1827 maxima
1786 1781 1979 1840 Bsum
2034 1778 2087 1833 in
2133 1778 2365 1834 Calliam
2423 1777 2688 1834 introiens
2744 1779 2966 1833 multam
3019 1779 3447 1837 devastationem

178 1879 454 1935 multitudo
485 1882 803 1949 tempestate
833 1873 885 1927 in
921 1870 1057 1926 mari
1094 1868 1277 1940 periit,
1314 1867 1455 1921 intra
1486 1864 1758 1921 Constan-

86 2030 91 2033 _
172 1971 447 2042 tinnpulim
482 1982 607 2023 vero
638 1975 878 2039 tempore
924 1960 1221 2019 obsidionis
1260 1958 1367 2015 500
1395 1957 1543 2013 milia
1576 1955 1756 2012 homi-

170 2058 638 2130 nuurpestileutia
662 2056 935 2112 interiere.

238 2149 608 2221 Liutprandus
646 2163 742 2203 rex
773 2161 898 2202 ossa
936 2142 1109 2200 sancti
1137 2140 1420 2214 Augustini
1456 2136 1695 2211 episcopi
1724 2152 1756 2193 a

170 2240 418 2300 Sardinia
450 2239 741 2303 transtulit,
768 2248 823 2293 et
847 2238 900 2292 in
926 2236 1114 2291 urbem
1137 2235 1493 2305 Tycinensem
1516 2248 1639 2287 cum
1664 2231 1757 2285 de-

168 2339 276 2393 hito
311 2339 519 2393 honore
544 2334 825 2404 sepelivit:
863 2332 1005 2387 idem
1042 2345 1141 2384 rex
1172 2329 1484 2384 Ravennam
1513 2324 1750 2391 obsedit,

158 2431 399 2486 classem
431 2428 632 2483 invasit
671 2434 832 2496 atque
859 2422 1147 2479 destruxit.

232 2518 466 2576 Carolus
489 2518 742 2589 princeps
766 2516 830 2570 10
872 2529 1013 2572 anno
1042 2512 1194 2587 regni
1222 2512 1307 2567 sui
1336 2527 1457 2568 cum
1492 2508 1759 2580 Bajoariis

158 2612 446 2685 pugnavit,
478 2610 679 2679 eOSque
710 2607 854 2662 vicit.
874 2606 1026 2660 idem
1048 2620 1162 2670 rex,
1186 2603 1586 2674 quintodecimo
1617 2615 1759 2655 anno

164 2702 315 2776 regni
341 2702 425 2757 sui
452 2701 829 2757 Alamanniam
858 2698 1154 2774 ingressus,
1192 2703 1385 2751 contra
1410 2693 1755 2749 Lantfrldum

165 2795 461 2859 dimicavit,
488 2802 542 2849 et
571 2793 671 2850 sibi
706 2792 930 2849 eandem
971 2798 1181 2861 gentem
1210 2786 1455 2858 subjecit.
1498 2784 1759 2839 Sextode-

167 2893 305 2947 cimo
328 2905 481 2948 anno
521 2887 671 2958 regni
699 2885 783 2942 sui
814 2884 1136 2945 Vasconiam
1160 2878 1754 2953 ingressus,Eudonem

170 2982 356 3039 ducem
384 2978 687 3052 Aquitania:
707 2975 855 3034 bello
878 2973 1195 3049 perterruit.
1431 3040 1439 3045 _

237 3073 299 3126 l7
332 3085 478 3127 anno
513 3066 803 3124 Sarraceni
828 3081 895 3121 ex
930 3062 1189 3137 Hispania
1225 3076 1348 3117 cum
1393 3059 1653 3115 uxoribus
1698 3065 1755 3113 et

1856 1869 2005 1933 fecit,
2032 1877 2221 1925 contra
2250 1884 2385 1939 quos
2412 1869 2637 1925 Carolus
2667 1885 2774 1927 non
2813 1870 2969 1941 longe
2998 1885 3028 1923 a
3051 1868 3303 1925 Narbona
3330 1868 3449 1923 ιιρις

1858 1959 1967 2015 lum
2001 1960 2372 2028 committens,
2410 1975 2505 2019 eos
2545 1960 2688 2016 sicut
2734 1967 2790 2015 et
2828 1961 2979 2031 prius
3022 1960 3257 2019 maxima
3300 1962 3450 2018 caede

1851 2049 2167 2123 prostravit.

1927 2141 2085 2196 Anno
2110 2139 2181 2195 24
2205 2139 2356 2213 regni
2388 2141 2470 2197 sui
2515 2141 2710 2197 iterato
2742 2140 3029 2197 Sarraceni
3071 2140 3350 2197 Gallorum
3380 2140 3448 2195 li~

1854 2248 1952 2288 nes
1995 2233 2258 2305 ingressi,
2300 2249 2471 2305 usque
2519 2234 2587 2289 ad
2647 2232 2985 2290 Provinciam
3050 2243 3349 2299 venerunt,
3388 2243 3451 2291 et

1848 2333 2013 2394 capta
2054 2324 2292 2391 Arelate,
2338 2326 2520 2380 ornaia
2560 2324 2981 2394 circumquaque
3020 2323 3258 2380 demoliti
3299 2332 3446 2381 sunt.

1859 2414 2012 2470 Tunc
2035 2413 2281 2481 Carolus,
2311 2416 2377 2470 ad
2394 2414 2785 2485 Liutprandum
2816 2430 2996 2486 regem
3021 2414 3257 2477 mittens,
3290 2414 3449 2483 auxi-

1860 2504 1989 2559 lium
2031 2515 2223 2561 contra
2255 2504 2587 2561 Sarracenos
2619 2506 2885 2576 exposcit,
2907 2506 2998 2576 qui
3034 2507 3166 2561 nihil
3201 2516 3445 2562 moratus

1849 2609 1981 2655 .cnm
2012 2596 2161 2651 omni
2206 2594 2965 2668 Langobardorumexercitu
2994 2597 3047 2651 in
3080 2595 3196 2666 ejus
3230 2596 3448 2666 adjuto-

1858 2686 1999 2739 rium
2031 2687 2337 2757 properavit
2364 2702 2517 2757 :quo
2547 2695 2824 2757 comperto
2853 2702 2985 2759 gens
3016 2686 3444 2747 Sarracenorum

1857 2793 1985 2833 mox
2016 2778 2086 2832 ab
2103 2778 2222 2834 illis
2246 2778 2555 2850 regionibus
2579 2778 2805 2850 aufugit.

1927 2868 2085 2923 Anno
2108 2867 2178 2923 26
2228 2869 2488 2938 regnisui
2525 2868 2752 2925 Carolus
2794 2868 3235 2931 bellicosissimus
3268 2878 3324 2926 et
3360 2871 3455 2927 τίς.

1846 2959 2282 3015 ηθιοτίοεῑεδὶηιιιε
2312 2960 2564 3030 princeps
2602 2959 2932 3016 Francorum
2958 2961 3206 3017 moritur.

1932 3050 2096 3105 Fiunt
2120 3053 2300 3122 igitur,
2344 3052 2396 3107 ni
2443 3052 2616 3118 fallor,
2658 3052 2784 3109 anni
2819 3054 2886 3108 ab
2932 3053 3304 3109 incarnatione
3344 3055 3449 3111 θος

171 3161 401 3230 parvulis
443 3157 754 3221 venientes,
791 3133 1140 3224 Aquitaniam
1194 3148 1379 3206 Galliae
1423 3147 1756 3219 provinciam
1786 3133 1831 3196 C
1864 3142 1994 3196 mini
2022 3141 2317 3213 computati
2346 3142 2818 3214 aquadragesimo
2847 3142 3084 3198 secundo
3110 3158 3253 3197 anno
3278 3143 3448 3214 iunpo.

173 3254 313 3326 quasi
339 3253 483 3307 inea
521 3247 817 3308 babitaturi
853 3246 1086 3311 intrant;
1128 3242 1356 3299 Carolus
1397 3240 1650 3311 quidem,
1698 3246 1758 3293 ut

174 3348 367 3405 dictum
415 3353 539 3409 est,
582 3357 704 3397 cum
744 3339 977 3396 Eudone»
1011 3336 1317 3412 Aquitania:
1338 3334 1593 3409 principe
1617 3341 1757 3386 tunc

175 3438 490 3497 discordiam
527 3434 778 3499 habebat,
806 3432 898 3507 gui
926 3440 1127 3495 tamen,
1167 3429 1221 3483 in
1254 3442 1423 3485 unum
1450 3440 1509 3480 se
1536 3425 1758 3496 conjun-

178 3539 369 3599 gcntes,
396 3536 590 3588 contra
612 3522 829 3583 eosdem
858 3522 1187 3578 Sarracenos
1204 3518 1318 3589 pari
1340 3516 1565 3572 consilio
1591 3514 1753 3569 dimi-

178 3633 374 3679 carunt.
402 3619 544 3680 Nam
584 3619 854 3675 irruentes
877 3614 1073 3671 Franci
1119 3627 1282 3686 super
1310 3627 1427 3677 eos,
1448 3608 1554 3666 375
1583 3608 1753 3663 millia

175 3729 234 3772 ex
264 3715 339 3770 eis
368 3712 781 3770 interfecerunt.
804 3708 957 3764 Eudo
976 3722 1193 3781 quoque
1230 3720 1394 3776 super
1434 3717 1622 3759 eorum
1663 3715 1755 3756 ca-

180 3815 283 3862 stra
320 3807 559 3868 irruens,
594 3803 710 3873 pari
756 3801 917 3857 modo
960 3800 1156 3855 multos
1184 3796 1531 3863 interficiens,
1568 3794 1750 3849 omnia

177 3895 480 3952 devastavit.
528 3892 675 3948 Mille
730 3900 936 3946 tantum
991 3887 1267 3964 quingenti
1320 3887 1633 3942 ceciderunt
1682 3900 1749 3941 ex

172 3982 404 4050 Francis,
441 3993 501 4039 ut
532 3984 597 4037 .in
639 3982 865 4053 epistola
909 3980 977 4035 ab
1023 3979 1243 4035 Eudoue
1287 3978 1447 4037 missa
1488 3974 1750 4047 Gregorio

170 4091 315 4147 papa!
337 4078 402 4133 de
430 4078 622 4133 eadem
652 4074 878 4131 victoria
899 4073 1229 4127 continetur.

230 4165 308 4221 Ea
342 4163 799 4236 tempestateLeo
834 4163 1130 4233 imperator
1154 4155 1749 4225 sanctorumimagines

170 4255 427 4323 depositas
454 4254 716 4319 incendit,
745 4253 1097 4322 Romanoque
1125 4247 1364 4318 pontifici
1393 4246 1652 4319 Gregorio
1680 4245 1750 4299 si-

168 4346 309 4400 .ntilia
330 4346 527 4411 facere,
545 4348 590 4401 si
609 4362 763 4402 suam
776 4343 1151 4405 .vellethabere
1172 4339 1424 4412 gratiam,
1448 4337 1745 4391 mandavit.

178 4434 271 4489 Sed
298 4436 528 4506 pontifex
558 4437 670 4495 hoc
706 4434 886 4493 facere
914 4430 1256 4503 contempsit.
1300 4427 1494 4486 Omnis
1532 4440 1745 4498 quoque

174 4522 430 4581 Ravennze
452 4528 725 4582 exercitus
749 4525 830 4580 vel
860 4523 1205 4581 Venetiarum
1239 4521 1431 4577 talibus
1448 4520 1615 4590 jussis
1638 4534 1743 4571 uno
1776 4497 1826 4561 θ
1850 4521 2168 4576 Euvaristus

179 4615 344 4669 animo
371 4619 704 4678 restiterunt,
732 4624 787 4669 et
810 4615 911 4668 nisi
950 4611 1190 4683 pontifex
1229 4627 1322 4667 eos
1358 4609 1742 4681 prohibuisset,

181 4704 331 4760 aiium
359 4708 741 4779 imperatorem
773 4721 934 4777 super
961 4720 1020 4760 se
1047 4703 1460 4760 constituerent.

236 4795 340 4855 Per
368 4799 507 4854 idem
547 4809 758 4868 tempus
772 4795 1141 4866 Liutprandus
1168 4800 1467 4847 rex‘castra
1492 4788 1746 4851 Emilize,

184 4888 524 4948 Fcrouianum
551 4903 608 4947 et
635 4890 1117 4954 Montembcllium,
1135 4886 1347 4943 Buxeta
1370 4894 1427 4940 et
1451 4884 1746 4944 Perticeta,

182 4977 534 5037 Bononiauum
549 4990 605 5037 et
620 4980 954 5053 Pentapolim
974 4978 1375 5045 Auximumque
1400 4974 1621 5039 invasit,
1650 4972 1745 5027 sed

183 5082 293 5140 post
317 5075 519 5144 aliquos
560 5074 697 5141 dies,
718 5074 963 5131 Romano
990 5069 1243 5144 pontifice
1262 5068 1608 5132 elaboraute,
1637 5064 1746 5119 Ro-

183 5169 345 5224 manis
381 5170 591 5225 reddita
636 5180 780 5226 sunt.
818 5172 934 5229 Leo
981 5171 1259 5241 Augustus
1292 5168 1357 5223 ad
1398 5165 1580 5238 pejora
1620 5177 1741 5233 proo

184 5269 384 5322 ετεεειιε
405 5268 517 5325 ϐθι,
547 5260 623 5317 ila
664 5270 720 5315 ul
746 5264 1096 5338 compelleret
1130 5274 1318 5317 omnes
1359 5255 1745 5315 Constantino-

122 5418 130 5435 ,
182 5345 331 5415 polim
357 5350 662 5407 habitantes
692 5362 798 5413 tam
828 5358 878 5413 vi
910 5369 1075 5427 quam
1102 5350 1503 5414 blandimentis,
1529 5354 1743 5402 sancto-

186 5449 286 5462 ⁸-1..
330 5449 576 5462 ;_-_!_-_
630 5449 678 5462 _I_
1005 5456 1017 5462 -
1172 5458 1185 5462 -
1238 5457 1431 5462 _____-_-
1494 5449 1739 5462 ;_--A-.--A

1862 3234 1928 3289 rii
1975 3233 2285 3302 Octaviani,
2331 3248 2502 3303 usque
2553 3234 2623 3289 ad
2650 3232 2921 3293 ultimum
2974 3233 3173 3293 Leonis
3217 3234 3445 3305 Augusti

1858 3344 2095 3394 annum,
2144 3328 2237 3399 qui
2284 3325 2617 3398 temporibus
2666 3324 2846 3382 Caroli
2866 3326 3138 3398 principis
3190 3341 3447 3398 regnasse

1858 3420 2223 3491 cognoscitur,
2246 3418 2369 3485 718,
2385 3432 2604 3474 menses
2631 3417 2689 3482 5,
2718 3417 2834 3473 dies
2866 3418 2922 3473 2.

1930 3513 2314 3568 Discernamus
2344 3512 2529 3576 etiam,
2564 3510 2607 3566 si
2639 3509 2835 3581 placet,
2872 3510 3093 3566 eosdem
3131 3524 3302 3567 annos
3340 3509 3446 3565 Do-

1857 3606 1987 3665 mini
2016 3621 2111 3676 per
2126 3613 2377 3675 tempora
2409 3602 2722 3673 pontificum
2751 3601 3143 3665 Romanorum,
3172 3608 3230 3654 et
3262 3601 3446 3656 videa.

1856 3714 2000 3762 mus,
2031 3698 2301 3769 quomodo
2331 3696 2432 3755 sibi
2472 3704 2711 3764 tempora
2736 3694 3037 3766 principum
3065 3701 3121 3749 et
3147 3692 3441 3764 prmsulutn

1852 3791 2157 3847 adiuvicem
2196 3795 2508 3859 comparata
2542 3786 2923 3857 respondeant.

1921 3880 2124 3939 Beatus
2140 3878 2339 3934 Petrus
2361 3875 2633 3948 apostolus
2659 3877 2840 3931 Roma:
2860 3876 2913 3929 iu
2934 3873 3231 3947 episcopali
3259 3873 3444 3931 cathe-

1852 3974 1949 4033 dra
1977 3972 2118 4028 sedit
2142 3983 2313 4023 annos
2331 3966 2424 4032 25,
2459 3980 2673 4021 menses
2697 3965 2753 4031 2,
2775 3964 2894 4019 dies
2918 3964 2972 4020 2.

1849 4065 2019 4127 Linus
2304 4059 2443 4114 sedit
2514 4072 2684 4114 annos
2757 4070 2970 4112 menses
3116 4056 3232 4111 dies

2568 4149 2627 4202 11
2849 4147 2884 4200 3
2979 4174 2997 4185 κ
3134 4148 3204 4204 15

1848 4244 2031 4300 Cletus
2348 4269 2416 4284 -κ-
2567 4237 2630 4293 l2
2846 4238 2869 4291 1
3133 4238 3156 4290 1
3175 4239 3193 4290 ι

1848 4334 2097 4391 Clemens
2344 4359 2414 4374 -π-
2589 4328 2623 4383 9
2835 4326 2873 4383 2
3124 4328 3194 4381 10

1850 4426 2140 4483 Anacletus
2343 4452 2414 4471 -ν-
2595 4422 2630 4479 9
2841 4420 2879 4475 2
3127 4422 3197 4476 10

2338 4504 2870 4573 —9'to
3154 4512 3192 4570 ε

1848 4612 2159 4666 Alexander
2341 4639 2409 4651 --
2560 4606 2627 4665 10
2844 4606 2877 4660 7
3165 4609 3190 4661 1

1846 4702 2036 4758 Xistus
2344 4732 2409 4749 -
2555 4700 2622 4753 10
2838 4698 2875 4753 2
3163 4702 3191 4755 1

1850 4792 2213 4862 Telesphorus
2339 4821 2410 4837 -νν
2554 4790 2613 4845 11
2837 4790 2875 4844 5
3122 4790 3187 4847 2|

1852 4882 2058 4955 Yginus
2351 4912 2411 4923 --
2588 4881 2623 4938 4
2839 4882 2875 4937 3
3160 4882 3196 4935 ὅ

1850 4975 1976 5031 Pius
2340 5004 2406 5020 -ς-
2552 4972 2619 5027 19
2842 4972 2876 5027 4
3161 4972 3197 5026 5

1848 5067 2111 5126 Anicetus
2342 5096 2404 5111 --
2555 5063 2578 5116 1
2597 5062 2617 5118 1
2840 5060 2875 5116 4
3158 5059 3194 5111 5

1848 5156 2048 5216 Sother
2345 5185 2411 5202 --
2590 5150 2625 5206 9
2847 5148 2881 5204 6
3125 5145 3191 5202 21

1849 5252 2196 5310 Eleutherius
2348 5280 2418 5291 —-
2564 5244 2631 5299 15
2844 5244 2879 5298 5
3160 5237 3199 5289 2

1850 5346 2040 5404 Victor
2350 5372 2416 5388 --
2557 5338 2624 5393 10
2840 5334 2876 5388 2
3129 5327 3198 5383 10

1850 5435 2189 5462 '1..-L--:_....
2599 5427 2630 5462 Ω
2848 5424 2883 5462 Β
3130 5416 3203 5454 ‘n
