3958 5606
484 400 558 459 45
1492 392 1856 451 REGZNONIS
1896 393 2014 450 rm
2042 391 2319 453 mmsis
2361 400 2653 468 Anulus
3679 400 3763 461 α.

484 515 764 576 Antherus
932 512 1071 570 sedit
1143 526 1314 568 annos
1388 524 1602 567 menses
1745 509 1861 564 dies
2095 508 2147 570 Α
2176 508 2282 568 Leo
2692 513 2831 570 sedit
2905 527 3073 569 annos
3137 524 3348 570 menses
3491 509 3608 569 dies

1181 606 1255 661 12
1467 604 1494 659 t
1755 602 1825 675 ta

3188 601 3257 658 10
3294 647 3298 650 .
3474 600 3534 656 17

480 704 753 763 Fabianus
984 729 1049 743 --
1194 699 1262 754 14
1442 695 1502 751 11
1756 695 1816 749 11

2171 693 2489 753 Benedictus
2684 725 2754 738 —
3180 693 3249 751 10
3460 690 3530 748 12

479 798 763 856 Cornelius
970 823 1042 836 —
1218 791 1256 847 2
1465 787 1502 844 2
1577 860 1581 865 .
1785 786 1822 842 2
2169 784 2408 843 Joannes
2691 817 2762 829 —
2941 787 2965 841 1
3502 782 3540 843 9

416 906 435 919 ί·
462 891 678 947 Lucius
973 915 1045 928 οε-
1217 883 1254 939 3
1471 883 1507 939 3
1788 881 1823 935 3

1788 881 1823 935 3
2168 875 2353 934 Conon
2695 907 2766 920 -—
3184 877 3211 933 1
3226 878 3247 932 1

477 907 590 947 huc
650 907 678 947 s
973 915 1045 928 οι-
1219 907 1254 939 o
1471 907 1507 939 υ
1788 907 1823 935 υ
2168 907 2353 934 υυιιυιι
2695 907 2766 920 -—
3184 907 3211 933 ι
3226 907 3248 932 ι

477 907 755 1051 Stelxianu
970 1004 1039 1017 --
1214 974 1246 1028 7
1461 973 1496 1028 5
1780 970 1818 1027 2
2168 967 2392 1042 Sergius
2682 998 2755 1012 --
2895 969 2965 1025 11
3212 969 3248 1028 8
3462 967 3535 1024 23

476 1069 664 1126 Sixtus
976 1096 1044 1106 —
1224 1066 1250 1119 1
1436 1062 1504 1118 10
1749 1059 1822 1115 23
2166 1056 2405 1117 Joannes
2686 1087 2759 1101 -
2934 1058 2970 1115 3
3213 1059 3250 1115 2
3467 1058 3537 1114 l2

473 1158 761 1235 Dionysius
970 1187 1041 1198 --
1218 1154 1257 1211 6
1462 1154 1500 1209 2
1781 1150 1819 1205 4

2163 1147 2401 1207 Joannes
2687 1177 2759 1191 —
2932 1149 2970 1205 2
3213 1149 3249 1208 6
3410 1198 3414 1201 Α

474 1253 627 1311 Felix
979 1279 1051 1292 -—-
1221 1248 1255 1303 1
1463 1245 1500 1300 3
1744 1240 1819 1298 25

2165 1238 2439 1297 Sisinnius
2686 1267 2756 1283 --
3465 1238 3539 1296 20

471 1344 827 1402 Euticbianus
974 1371 1045 1383 -
1223 1341 1247 1393 1
1465 1337 1490 1392 1
1785 1335 1812 1389 1
2163 1329 2548 1387 Constantinus
2688 1359 2761 1373 —-
2936 1330 2969 1385 7
3466 1330 3537 1387 15

472 1437 643 1494 Gaius
970 1463 1039 1473 -—
1185 1431 1243 1487 11
1460 1428 1497 1484 ι
1749 1423 1820 1479 12
2162 1420 2457 1494 Gregorius
2676 1451 2749 1464 —
2888 1422 2961 1479 l6
3213 1424 3247 1481 9
3470 1424 3533 1480 11

476 1528 818 1586 Marcellinus
970 1556 1039 1569 —-
1212 1524 1248 1581 9
1460 1521 1495 1577 4
1742 1519 1815 1576 25
2161 1510 2456 1584 Gregorius
2484 1560 2489 1563 .
2686 1541 2754 1555 -ο
2896 1513 2967 1569 10
3214 1516 3248 1573 8
3460 1513 3533 1571 25

472 1620 759 1678 Marcellus
968 1648 1038 1659 -—-
1216 1616 1250 1670 5
1462 1614 1495 1668 7
1741 1610 1815 1666 22

2161 1603 2457 1662 Zacharias
2687 1635 2757 1647 —
2900 1605 2928 1661 1
2942 1604 2958 1616 ’
3213 1608 3251 1664 3
3466 1605 3533 1661 11

472 1713 735 1770 Eusebius
969 1739 1039 1751 —-
1214 1708 1251 1762 6
1464 1705 1490 1759 l
1775 1700 1812 1759 3
2228 1696 2317 1753 Fit
2341 1712 2503 1769 ergo,
2533 1708 2594 1754 ut
2623 1697 2975 1765 arbitramur,
3002 1712 3211 1755 summa
3241 1697 3436 1769 horum
3467 1712 3498 1753 a
3531 1704 3751 1768 tempo-

469 1805 798 1863 llelebiatles
966 1830 1037 1842 —
1210 1799 1246 1853 1
2087 1860 2119 1863 _
2159 1789 2310 1846 ribus
2351 1788 2495 1845 beati
2532 1788 2677 1845 Petri
2720 1789 2951 1861 apostoli
2980 1804 3149 1861 usque
3179 1790 3248 1846 ad
3288 1787 3608 1846 Zachariam
3651 1804 3754 1859 pa-

469 1860 730 1954 siivéstcr
965 1922 1038 1935 -
1175 1890 1247 1945 at
1427 1886 1494 1945 ιθ
1741 1883 1809 1939 l0
2087 1860 2131 1920 Β
2158 1893 2307 1950 pam,
2332 1879 2423 1949 qui
2449 1878 2715 1952 principio
2738 1860 2890 1951 regni
2910 1860 3121 1951 Pippini
3145 1878 3445 1936 Romanam
3477 1876 3753 1950 gubernat

468 1988 684 2043 Marcus
962 2012 1034 2026 —-
1210 1980 1247 2035 2
1453 1978 1488 2035 8
1733 1973 1809 2031 20
2156 1966 2474 2036 ecclesiam,
2510 1968 2638 2025 anni
2668 1967 2795 2037 703,
2836 1982 3050 2026 menses
3075 1968 3128 2035 8.
3172 1969 3290 2025 dies
3326 1967 3419 2025 26.
3449 1967 3660 2037 Quibus
3700 1969 3752 2023 si

467 2078 643 2134 Julius
956 2103 1025 2113 -—
1172 2070 1239 2125 15
1450 2068 1487 2123 2
1774 2064 1810 2120 6
2154 2062 2414 2119 addamus
2463 2062 2767 2135 quindecim
2818 2076 2990 2118 annos
3036 2060 3352 2127 Octaviani,
3399 2058 3470 2115 23
3516 2057 3751 2122 Tiberii,

470 2165 721 2223 Liberius
959 2192 1030 2205 -
1102 2150 1106 2154 Α
1210 2160 1245 2215 6
1454 2158 1491 2214 3
1772 2154 1810 2212 ι
2152 2153 2189 2209 3
2231 2153 2368 2221 Caii,
2419 2154 2668 2210 similiter
2711 2154 2746 2210 3
2790 2152 3021 2220 Claudii,
3079 2152 3206 2223 quia
3253 2150 3289 2207 4
3336 2147 3544 2207 Claudii
3602 2162 3753 2204 anno
3798 2185 3805 2188 ~

467 2257 619 2314 Felix
954 2283 1026 2294 —
1212 2252 1239 2307 1
1458 2248 1496 2304 3
1772 2247 1812 2302 2
2155 2243 2349 2302 Petrus
2376 2244 2657 2316 apostolus
2711 2244 2937 2303 Romam
2974 2243 3145 2312 venit,
3190 2251 3247 2300 et
3276 2241 3391 2313 ipse
3431 2239 3543 2312 jam
3572 2252 3752 2295 annus

466 2348 733 2403 Damasus
963 2362 1057 2384 --‘
1177 2339 1244 2397 18
1453 2338 1529 2409 ὅν
1736 2335 1807 2393 12
2153 2335 2208 2391 in
2252 2335 2569 2408 pontiﬁcatu
2625 2335 2743 2409 ejus
2798 2343 3175 2408 computatur,
3235 2333 3562 2405 colliguntur
3614 2329 3743 2385 anni

467 2438 699 2496 SIIICIUS
963 2465 1031 2477 —
1173 2432 1244 2489 15
2152 2424 2288 2492 747ς
2339 2434 2755 2497 supercrescunt
2797 2425 2981 2499 itaque
3029 2425 3156 2481 anni
3194 2421 3512 2496 pontiﬁcum
3565 2433 3746 2480 annos

464 2528 788 2586 Anastasius
930 2522 935 2525 ’
1238 2523 1276 2581 3
1618 2520 1621 2523 “
1770 2519 1839 2578 10
2149 2514 2453 2587 principum
2477 2514 2842 2572 Romanorum
2866 2513 2935 2570 29
2956 2514 3133 2569 annis.
3161 2511 3303 2583 Quid
3326 2513 3521 2571 horum
3550 2511 3735 2586 potius

465 2621 813 2678 Innocentius
988 2634 1060 2662 __‘
1200 2616 1271 2673 15
1521 2614 1559 2670 9
1766 2613 1833 2669 21
2148 2604 2485 2675 sequendum
2524 2604 2615 2671 sit,
2644 2604 2883 2676 prudens
2924 2602 3096 2659 lector
3136 2602 3337 2660 videat.
3384 2601 3519 2659 Illud
3559 2609 3741 2658 tamen

466 2713 717 2770 Zosimus
981 2740 1055 2753 -
1232 2711 1255 2765 l
1514 2710 1549 2764 3
1762 2706 1825 2763 11
2147 2710 2247 2767 pro
2267 2704 2417 2752 certo
2454 2696 2680 2764 scimus,
2724 2694 2868 2767 quod
2907 2709 3009 2751 nec
3034 2703 3411 2766 augustorum,
3436 2707 3541 2750 nec
3565 2692 3743 2750 antis-

466 2803 776 2860 Bonifacius
986 2831 1059 2844 —
1236 2800 1273 2856 3
1520 2798 1556 2864 8
1798 2796 1832 2851 7
2149 2789 2306 2846 litum
2344 2803 2605 2845 numerus
2646 2804 2910 2845 annorum
2945 2787 3112 2861 cyclis
3139 2787 3380 2863 Dionysii
3408 2786 3739 2852 concordat,

465 2895 775 2952 Celestinus
981 2919 1057 2936 -
1232 2889 1270 2947 8
1484 2889 1554 2945 10
1768 2888 1834 2944 17
2145 2877 2413 2949 siquidem
2452 2878 2506 2933 in
2537 2876 2643 2933 alio
2666 2877 2807 2949 plus,
2849 2877 2905 2934 in
2942 2876 3048 2933 alio
3072 2877 3253 2933 minus
3278 2876 3567 2933 invenitur.
3601 2875 3742 2932 Nam

464 2986 654 3045 Sinus
992 3012 1061 3025 .-
1236 2981 1273 3039 8
1766 2980 1836 3038 19
2145 2968 2441 3024 secundum
2486 2968 2802 3041 Dionysium
2831 2983 2975 3026 anno
3006 2967 3302 3025 Dominicm
3343 2965 3740 3026 incarnationis

418 3124 425 3127 ι
465 3078 575 3134 ι,εο
989 3105 1069 3118 ._.
1197 3074 1262 3130 ει
1517 3074 1545 3129 1
1762 3071 1830 3127 15
2146 3058 2244 3115 711
2288 3059 2514 3117 Carolus
2536 3060 2788 3132 princeps
2826 3060 3077 3127 moritur,
3104 3068 3160 3116 et
3197 3058 3458 3132 Pippinns
3500 3060 3742 3131 suscepit

461 3168 705 3226 Hilarius
982 3197 1054 3209 --
1230 3164 1266 3221 6
1512 3163 1550 3218 5
1762 3161 1831 3217 10
2083 3222 2112 3226 _
2146 3152 2541 3225 principatum;
2585 3160 2762 3226 potest
2800 3161 2981 3209 autem
3038 3153 3156 3209 ﬁeri
3195 3159 3256 3208 ut
3292 3153 3427 3209 vitio
3456 3151 3741 3223 scriptoris

463 3222 775 3330 “Simplicius
985 3287 1056 3300 -
1192 3256 1269 3313 15
1518 3256 1545 3311 1
1798 3253 1831 3309 7
2069 3222 2117 3283 (ἶ
2148 3222 2403 3299 numerus
2422 3243 2495 3300 sit
2518 3222 2849 3316 depravatus
2871 3258 3158 3299 annorum.

461 3350 616 3408 Felix
988 3379 1060 3391 ..-
1235 3348 1271 3404 8
1484 3346 1546 3402 11
1764 3344 1832 3402 is
2217 3330 2345 3387 llaec
2384 3332 2606 3398 idcirco,
2638 3332 2707 3389 ab
2747 3332 2864 3404 ipso
2904 3332 3296 3389 incarnationis
3334 3332 3545 3389 Domini
3588 3347 3741 3389 anno

459 3440 709 3500 Gelanius
987 3467 1059 3482 -—
1232 3435 1269 3497 4
1516 3438 1552 3495 8
1763 3434 1832 3492 18

2172 3422 2423 3478 ιωτιιίιιηι
2450 3422 2751 3494 capientes,
2789 3438 2963 3495 usque
2992 3424 3098 3479 buc
3119 3423 3489 3495 perduximus,
3516 3432 3578 3479 ut
3602 3423 3735 3494 quia

455 3531 780 3589 Anastasius
973 3559 1046 3570 -
1224 3531 1250 3585 1
1469 3528 1532 3585 11
1751 3526 1825 3584 21
2126 3508 2376 3583 sequens
2401 3512 2619 3570 libellus
2641 3527 2672 3568 a
2703 3522 2886 3570 nostra
2925 3514 3192 3586 parvitate
3219 3514 3418 3582 editus,
3451 3530 3550 3587 per
3586 3512 3736 3584 ejus-

461 3624 764 3697 symaohus
972 3651 1048 3665 ..-
1192 3622 1260 3678 15
1500 3622 1542 3677 π
1754 3620 1825 3677 27
2136 3604 2264 3697 dem
2315 3604 2721 3697 incarnationis,
2749 3606 3044 3663 Dominica:
3078 3621 3253 3697 annos
3292 3616 3533 3679 tempora
3578 3606 3734 3679 prin-

458 3696 747 3775 liormisda
978 3743 1049 3755 —-
1226 3714 1283 3771 9~
1759 3713 1827 3768 t7

2168 3696 2319 3767 ipum
2346 3705 2401 3753 et
2434 3705 2584 3769 gesta
2610 3696 2872 3765 declarat,
2916 3697 3019 3754 iste
3047 3696 3423 3764 nihilominus,
3451 3712 3557 3770 quo
3592 3706 3731 3754 tem-

456 3806 756 3863 Mercurius
975 3831 1045 3844 _
1222 3801 1261 3857 2
1751 3800 1823 3860 26
2140 3800 2288 3856 pore,
2321 3801 2430 3856 quo
2456 3787 2508 3841 in
2539 3786 2678 3853 loco,
2704 3786 2788 3844 vel
2818 3788 2946 3860 quid
2981 3788 3083 3844 sub
3107 3803 3430 3861 unoquoque
3483 3788 3731 3860 principe

457 3897 610 3955 rem
967 3919 1039 3932 -.
1213 3893 1250 3950 ι
1494 3892 1531 3948 2
1749 3892 1818 3949 μ
2138 3883 2319 3930 actum
2342 3874 2432 3943 sit,
2455 3877 2766 3932 summatim
2788 3880 3141 3936 demonstrat.
3167 3878 3492 3952 Triumphos
3512 3895 3732 3951 quoque

457 3984 765 4042 Bonifacius
974 4012 1045 4025 _..
1220 3983 1257 4038 2
1752 3981 1825 4037 26
2140 3974 2452 4021 sanctorum
2496 3977 2795 4039 martyrum
2850 3978 2907 4024 et
2945 3970 3356 4037 conlessorum,
3416 3970 3616 4042 quibus
3670 3971 3728 4026 in

356 4062 365 4075 ’
455 4075 718 4149 Agapitus
974 4104 1047 4119 --
1468 4074 1527 4131 11
1756 4073 1825 4130 18

2164 4056 2292 4122 ocis,
2326 4057 2410 4113 vel
2436 4058 2550 4149 sub;
2570 4060 2766 4131 quibus
2797 4060 3015 4133 regibus
3038 4077 3296 4117 coronam
3328 4061 3512 4135 gloria:
3537 4077 3727 4133 perce—

457 4147 721 4229 είὶνένίυε
972 4199 1042 4213 __.
1082 4208 1085 4210 ,
1221 4170 1246 4227 ι
1506 4170 1544 4228 5
1755 4170 1819 4228 η
2137 4154 2365 4217 perunt,
2409 4147 2730 4206 nominatim
2768 4150 2998 4219 aperiat.
3042 4150 3209 4223 Igitur
3240 4151 3330 4209 ubi
3372 4152 3474 4207 iste
3515 4151 3724 4219 linitur,

455 4262 683 4333 Vigilius
769 4328 773 4332 ,
976 4290 1047 4305 -
1189 4261 1257 4319 is
1505 4262 1540 4319 s
1753 4260 1824 4325 εδ

2160 4234 2228 4292 lle
2255 4246 2651 4308 consequenter
2691 4237 2904 4296 initium
2943 4240 3144 4312 capiat,
3186 4250 3241 4298 et
3269 4240 3359 4297 ubi
3390 4240 3481 4298 ille
3510 4239 3723 4312 incipit,

457 4327 708 4424 peiagius
769 4328 773 4332 ’
973 4383 1047 4396 __
1190 4355 1253 4411 η
1471 4356 1540 4414 ιο
1755 4356 1824 4413 18
2134 4327 2239 4385 iste
2261 4327 2422 4385 linem
2453 4329 2735 4386 sortiatur.

453 4441 691 4500 Joannes
975 4475 1047 4490 -—-
1189 4446 1259 4502 12
1470 4448 1534 4503 11
1753 4448 1825 4504 26

1753 4448 1825 4504 26
2300 4452 2307 4457 ’
2501 4438 2796 4480 EXPLlClT
2827 4438 3012 4481 LIBER
3055 4439 3315 4486 PRIMUS.

455 4531 775 4628 Decedictus
972 4562 1047 4578 --
1743 4536 1817 4595 23
2063 4567 2115 4628 Β
2242 4514 2538 4580 INCIPIT
2582 4517 2831 4628 LIB-Ell-
3325 4519 3607 4587 REGUM

452 4619 704 4694 Pelagius
977 4652 1048 4664 ——-
1192 4624 1260 4681 10
1500 4626 1538 4681 2
1755 4628 1820 4685 ,0
2065 4615 2109 4628 ”
2697 4615 3213 4682 FRANCORUM.

451 4710 745 4814 gregarius
977 4742 1050 4757 -
1193 4716 1260 4776 14
1506 4717 1542 4773 6
1754 4720 1822 4776 10

2202 4736 2360 4792 Anno
2392 4734 2686 4793 Dominica:
2722 4737 3108 4795 incarnationis
3150 4740 3249 4795 7st
3334 4754 3518 4798 aro.us
3571 4740 3713 4797 (ilius

453 4798 779 4904 ﬁabiuiauus
973 4831 1046 4846 --
1223 4807 1251 4904 ξ
1500 4807 1535 4863 5
1944 4899 1949 4903 ,
2131 4823 2363 4897 Pippini,
2412 4826 2585 4897 major
2613 4827 2806 4885 domus
2838 4836 2895 4884 et
2929 4828 3371 4893 bellicosissimus
3397 4831 3508 4888 dux
3545 4832 3721 4889 Fran-

451 4888 763 4949 Bonil’acius
973 4923 1045 4935 -
1220 4896 1253 4951 8
1743 4899 1818 4957 22
1944 4899 1949 4903 ’

1228 4896 1253 4997 β
1475 4996 1483 4997 7
1507 4995 1518 4997 Α
1743 4899 1818 4957 22
1944 4899 1949 4903 ’
2129 4888 2359 4985 eorum,
2375 4888 2659 4974 defunctus
2689 4930 2791 4975 est.

452 4981 724 5088 Elonorius
967 5016 1039 5028 —
1179 4989 1250 5046 12
1466 4995 1524 5088 ll
1743 4996 1813 5088 l3
2198 4981 2357 5062 Anno
2386 5006 2679 5063 Dominicn:
2716 5008 3107 5067 incarnationis
3149 5010 3253 5065 7J2
3293 5010 3720 5071 Carolomannus

451 5073 747 5177 §everinus
972 5106 1043 5120 --
1229 5172 1243 5177 _
1778 5086 1817 5145 4
2130 5105 2188 5155 et
2237 5097 2492 5177 Pippinus
2537 5097 2634 5153 lilii
2676 5097 2794 5167 eius
2847 5101 3116 5157 duxerunt
3159 5104 3458 5160 exercitum
3526 5114 3718 5163 contra

453 5162 689 5266 Joannes
974 5198 1046 5210 ——
1499 5176 1534 5231 9
1745 5179 1815 5237 18
1922 5233 1926 5237 4
2133 5162 2653 5246 ΙίυηθΙ-ἆυπηῖιιιοθω
2680 5162 3096 5263 Aquitanorum,
3117 5203 3171 5251 et
3193 5203 3455 5266 ceperunt
3474 5162 3715 5254 castrum

451 5253 769 5357 Iheﬂdms
967 5289 1064 5302 ’“’”
1492 5268 1528 5323 5
1740 5272 1814 5329 18
2128 5284 2271 5354 quod
2301 5293 2529 5339 vocatur
2549 5253 2763 5350 Lucas:
2779 5295 2836 5342 et
2871 5287 2926 5341 in
2967 5253 3156 5347 eodem
3195 5253 3391 5348 itinere
3417 5253 3716 5346 diviserunt

451 5343 719 5451 Eiartinus
961 5382 1031 5393 —
1738 5360 1810 5416 26
2129 5343 2353 5444 regnum
2392 5343 2891 5432 Francorum'inter
2922 5391 3002 5441 se,
3033 5343 3093 5433 in

344 5508 355 5515 _
449 5435 724 5509 Eugenius
750 5518 755 5523 ἢ
964 5471 1036 5487 ...-
1215 5448 1241 5502 1
1489 5449 1524 5506 3
1738 5452 1811 5514 24

2153 5435 2219 5519 us
2260 5463 2521 5531 Pictavis;
2574 5468 2816 5536 postme
2864 5435 3297 5528 Carolomannus
3570 5435 3712 5528 anno

450 5528 771 5584 Vitellianus
970 5564 1041 5580 ...
1217 5536 1252 5591 θ

2126 5551 2497 5606 Alamanniam
2528 5569 2651 5606 cum
2685 5555 2926 5606 examini
2956 5557 3183 5602 vastavit
