4010 6406
463 409 531 470 ιτ

459 501 582 588 loco
597 526 690 600 qui
715 524 910 582 dicitur
932 515 1278 585 Scahauiugi,
1304 520 1357 566 et
1374 509 1601 580 Gripho,
1622 501 1846 561 collecta
1860 514 2042 562 manu,
2077 501 2123 558 Α

461 627 566 676 una
608 589 731 676 cum
771 612 1076 671 Saxonibus
1113 616 1274 677 super
1303 600 1524 656 fluvium
1549 597 1760 655 Obacro
1805 591 1946 649 sedit
1991 589 2044 645 in

459 715 660 777 locum,
691 708 783 781 qui
812 705 1008 764 dicitur
1035 691 1350 756 Orbemum.

512 810 689 880 'Auuo
709 812 1004 874 Dominicaa
1024 803 1412 867 incarnationis
1432 799 1537 858 748
1563 797 1767 868 Gripho
1791 796 1856 851 de
1875 791 2048 850 Saxo-

451 907 552 984 “uia
588 921 841 982 egressus
882 911 986 968 est,
1023 901 1075 955 in
1114 894 1417 968 Bajoariam
1455 888 1727 962 pervenit,
1767 885 2050 955 ipsumque

464 969 721 1075 ducatum
744 995 846 1054 sibi
873 988 1199 1063 subjugavit.
1235 982 1534 1040 Hiltrudem
1569 993 1692 1032 cum
1732 969 2052 1030 Thassilone

464 1073 627 1167 cepit,
655 1099 710 1149 et
750 1103 864 1146 suae
901 1082 1091 1142 ditioni
1121 1077 1368 1148 subjecit.
1411 1071 1674 1142 Suidcger
1707 1066 1856 1122 venit
1883 1064 1937 1118 in
1965 1077 2054 1118 so-

464 1154 656 1242 latium
699 1175 992 1251 supradicti
1026 1161 1500 1241 Gripbonisfﬂaec
1537 1160 1762 1216 audiens
1794 1154 2054 1226 Pippinus

465 1293 587 1334 cum
626 1247 869 1331 exercitu
902 1268 1029 1323 illuc
1057 1262 1223 1326 venit,
1252 1267 1550 1326 omnesque
1578 1247 2056 1324 suprauomiuatos

465 1355 569 1424 sibi
617 1348 953 1432 ‘subjugavit,
999 1352 1332 1423 Gripbonem
1376 1354 1432 1401 et
1475 1339 1816 1399 Lantfridum
1869 1349 2052 1392 secum

467 1455 621 1512 duxit
642 1454 696 1508 iu
723 1425 1037 1510 Franciam,
1066 1437 1440 1498 Thassilouem
1470 1432 1661 1487 ducem
1684 1425 2054 1498 Bajoariorum

468 1532 1127 1607 constituit."Gripbonem
1156 1542 1287 1584 vero
1313 1527 1366 1580 in
1396 1521 1641 1595 partibus
1666 1516 1929 1572 Nenstrize
1957 1513 2060 1568 mi-

467 1637 564 1702 sit,
602 1642 658 1690 et
693 1631 744 1687 ei
789 1628 857 1683 42
896 1603 1188 1682 comitatus
1234 1615 1416 1680 dedit;
1463 1611 1587 1667 inde
1625 1611 1818 1665 iterum
1853 1603 2058 1673 Gripho

468 1697 682 1800 fugiens
707 1713 1058 1780 WasConiam
1085 1711 1259 1786 petiit,
1288 1717 1346 1766 et
1371 1706 1437 1762 ad
1463 1700 1837 1776 Waiphariuiu
1863 1697 2057 1752 ducem

469 1818 864 1891 Aquitanorum
896 1807 1162 1880 pervenit.

1458 385 1822 450 REGINONiS
1858 376 2271 441 PRUMIENSIS
2309 371 2600 432 ABBATIS

2821 346 2912 358 --γης
2925 347 2930 349 .

3663 356 3734 416 48

2151 503 2291 557 ctus,
2323 499 2532 561 martyr
2565 483 2764 543 Christi
2813 479 3085 538 occubuit.
3123 476 3422 534 Walfridus
3449 474 3492 508 “
3515 475 3652 532 abba
3677 473 3737 530 in

2151 585 2304 640 italia
2334 580 2610 638 clarescit.

2219 674 2379 728 Auno
2402 668 2692 726 Dominicm
2727 661 3114 721 incarnationis
3151 659 3254 717 753
3283 659 3325 692 ¹⁶
3351 657 3610 730 Pippinus
3645 672 3739 714 rex

2151 781 2248 838 per
2274 763 2622 836 apostolicam
2667 758 3037 814 invitationem
3085 753 3293 808 Italiam
3337 752 3612 822 ingressus
3636 758 3742 815 est,

2144 857 2409 928 justitiam
2437 854 2582 911 Petri
2609 849 2837 923 apostoli
2862 861 3133 920 quaareus.
3165 841 3466 899 Haistulfus
3490 857 3582 896 rex
3609 839 3751 895 Lan-

2152 947 2512 1021 gobardorum
2569 941 2935 1013 supradictam
2979 934 3251 1006 justitiam
3305 931 3746 994 contradicendo,

2153 1019 2562 1107 Thermopylas,
2601 1032 2656 1089 id
2692 1039 2775 1086 est
2809 1028 3012 1092 clusas,
3059 1023 3542 1095 Langobardorum
3568 1019 3748 1090 petiit,

2153 1137 2209 1184 et
2228 1127 2441 1184 obviam
2463 1123 2689 1195 Pippino
2710 1120 2822 1191 regi
2850 1127 2906 1174 et
2931 1116 3156 1172 Francis
3181 1115 3346 1176 venit,
3377 1122 3433 1169 et
3458 1111 3754 1169 commisso

2153 1217 2358 1290 przelio,
2400 1214 2631 1270 Domino
2667 1209 2970 1265 auxiliante
3014 1213 3069 1262 et
3111 1205 3272 1259 beato
3312 1202 3474 1256 Petro
3512 1200 3750 1254 interce-

2157 1312 2339 1371 dente,
2371 1305 2629 1376 Pippinus
2655 1318 2776 1358 cum
2819 1298 3045 1355 Francis
3085 1297 3258 1352 victor
3302 1293 3504 1350 extitit.
3548 1290 3755 1345 Eodem

2157 1413 2298 1454 anno
2338 1395 2644 1466 Stephanus
2693 1405 2832 1464 papa
2875 1388 3130 1444 reductus
3158 1395 3242 1442 est
3271 1385 3339 1440 ad
3371 1398 3525 1439 suam
3567 1381 3757 1439 sedem

2157 1504 2256 1561 per
2279 1487 2472 1543 missos
2498 1485 2638 1554 regis
2660 1480 2894 1553 Pippiui,
2923 1479 3212 1534 Folradnm
3233 1484 3287 1532 et
3311 1475 3434 1530 aliis
3467 1473 3757 1544 plurimis;

2157 1579 2367 1636 incluso
2390 1592 2518 1631 vero
2541 1572 2860 1642 llaistulpho
2885 1583 3008 1640 rege
3037 1568 3088 1623 in
3110 1567 3275 1637 Papia
3305 1565 3545 1629 civitate,
3564 1578 3759 1618 neces-

2158 1672 2319 1727 sitate
2345 1668 2541 1725 ductus
2567 1664 2832 1737 justitiam
2876 1661 3049 1717 sancti
3081 1657 3228 1714 Petri
3262 1656 3538 1728 pollicitus
3561 1662 3645 1710 est
3671 1652 3759 1708 fa-

2159 1761 2428 1816 ciendam.
2459 1758 2537 1813 Ex
2582 1757 2686 1812 hac
2731 1745 3090 1825 promissione
3123 1765 3217 1806 rex
3253 1747 3512 1819 Pippinus
3539 1745 3766 1802 obsides

2084 1871 2134 1931 Β
2161 1851 2230 1906 40
2259 1849 2477 1921 recepit,
2509 1857 2563 1904 et
2601 1861 2724 1902 cum
2763 1850 3106 1900 sacramenta
3137 1840 3348 1902 ﬁrmata
3392 1853 3644 1895 reversus
3673 1843 3767 1894 est

490 1928 700 2007 A-Auno
743 1920 1034 1979 Dominicte
1093 1910 1486 1972 incarnationis
1558 1906 1652 1963 149
1711 1901 2060 1960 Burchardus

2187 1960 2217 1997 n
2247 1941 2553 1997 Franciam.
2583 1937 2694 1993 Nec
2717 1933 3048 2006 superﬂuum
3071 1931 3456 2002 judicavimus,
3487 1928 3533 1983 si
3557 1929 3766 1998 episto-

469 2005 932 2085 Winiburgeusis
971 2005 1218 2064 ecclesiae
1250 2002 1560 2075 episcopus,
1590 2005 1644 2053 et
1670 1994 1937 2051 Folradus
1967 2006 2058 2047 ca-

469 2102 898 2182 pellauus'missi
928 2097 1264 2155 suntRomae
1288 2093 1356 2148 ad
1385 2087 1708 2146 Zachariam
1746 2097 1965 2155 papam,
2004 2087 2066 2135 ut

473 2177 870 2269 interrogarent
904 2192 970 2249 de
991 2189 1209 2260 regibus
1246 2186 1302 2241 in
1327 2181 1586 2246 Francia,
1611 2178 1705 2250 qui
1734 2177 1839 2232 illis
1863 2185 2066 2243 tempo-

473 2293 626 2348 ribus
657 2303 763 2346 non
789 2285 1053 2341 habentes
1083 2278 1286 2350 regiam
1314 2280 1659 2346 potestatem,
1697 2281 1856 2338 reges
1886 2275 2066 2320 tamen

471 2381 833 2452 vocabantur,
862 2375 908 2431 si
933 2374 1070 2430 bene
1090 2376 1272 2426 essent
1293 2382 1361 2421 an
1387 2361 1528 2419 non?
1554 2361 1622 2416 Et
1647 2357 1906 2430 prmfatus
1931 2368 2066 2426 papa

474 2450 755 2530 mandavit
801 2466 1058 2538 Pippino,
1098 2460 1291 2516 melius
1336 2455 1439 2513 sibi
1473 2452 1646 2509 videri
1695 2450 1846 2506 illum
1888 2462 2068 2519 regem

474 2566 662 2624 vocari
688 2561 790 2635 .qui
827 2565 1147 2632 potestatem
1186 2551 1430 2616 haberet,
1458 2561 1621 2618 quam
1652 2543 1802 2599 illum
1831 2541 1923 2611 qui
1955 2539 2072 2595 sine

485 2659 652 2728 regali
691 2629 964 2727 potestate
991 2645 1268 2710 manebat,
1293 2651 1348 2697 et
1375 2654 1442 2696 ue
1470 2636 1885 2710 perturba'retur
1911 2629 2072 2686 Chri-

479 2719 774 2805 sti‘anita-tis
796 2741 953 2806 ordo,
992 2753 1091 2809 per
1119 2733 1500 2790 auctoritatem
1533 2724 1882 2796 apostolicam
1907 2719 2075 2790 jussit

482 2840 766 2912 Pippinum
795 2848 987 2908 regem
1005 2828 1206 2886 creari.
1231 2833 1285 2883 et
1312 2829 1514 2880 sanctae
1541 2815 1813 2874 unctionis
1841 2813 1959 2871 oleo
1987 2811 2072 2867 in-

486 2931 635 3002 ungL

553 2999 711 3076 Ᾱηηο
735 3015 1026 3074 ῡοῐηὶηῐοω
1052 3000 1438 3068 incarnationis
1457 2999 1572 3060 750
1598 3001 1860 3072 Pippinus
1887 3011 2079 3054 secun-

487 3113 614 3169 dum
649 3121 856 3163 morem
886 3104 1216 3160 Francorum
1243 3097 1446 3154 electus
1476 3095 1528 3149 in
1567 3106 1771 3163 regem,
1801 3099 1857 3146 et
1885 3095 2079 3142 unctus

487 3216 586 3272 per
614 3211 829 3254 manum
853 3202 1055 3249 sanctae
1085 3187 1359 3244 memoria:
1386 3180 1648 3239 Bouifacii
1681 3175 2079 3249 Mogontiaceu-

490 3251 575 3272 _.-_

490 3292 566 3346 sis
593 3287 744 3342 urbis
773 3278 1186 3351 archiepiscopi,
1215 3285 1271 3331 et
1315 3274 1558 3330 elevatus
1591 3279 1674 3326 est
1711 3285 1741 3323 a
1771 3266 1996 3322 Francis
2025 3264 2079 3318 iu
2106 3251 2152 3314 C

491 3393 661 3450 regno
701 3377 754 3431 in
798 3370 1107 3430 Suessinnis
1151 3369 1390 3425 civitate.
1445 3363 1747 3418 Hildericus
1795 3373 1949 3425 vero,
1987 3355 2080 3427 qui

493 3447 748 3527 faisorex
777 3465 1094 3528 vocabatur,
1120 3469 1373 3515 attonsus
1397 3463 1480 3511 est
1521 3460 1573 3510 et
1604 3453 1658 3507 in
1699 3447 2082 3506 monasterium

496 3563 715 3620 missus.

570 3674 728 3729 Auno
759 3667 1069 3725 Dominicaz
1114 3658 1503 3719 incarnationis
1547 3657 1646 3713 751
1691 3654 1953 3726 Pippinus
1994 3665 2090 3707 rex

499 3771 556 3823 tu
585 3761 878 3820 Saxoniam
906 3759 1010 3814 iter
1041 3755 1189 3821 fecit,
1231 3761 1285 3809 et
1315 3748 1656 3822 Hildegarius
1683 3747 1967 3816 episcopus
1994 3757 2088 3798 oc-

502 3859 651 3914 cisus
680 3862 764 3910 est
791 3868 824 3908 a
865 3848 1172 3906 Saxonibus
1221 3845 1273 3900 in
1319 3849 1499 3899 castro
1531 3839 1678 3910 quod
1718 3837 1912 3893 dicitur
1941 3832 2092 3905 Wig-

502 3950 656 4013 berc,
680 3943 950 4001 ettauien
991 3938 1246 4010 Pippinus
1277 3951 1372 3990 rex
1396 3934 1570 3989 victor
1597 3930 1797 3995 extitit,
1823 3939 1878 3984 et
1907 3941 2096 3998 perve-

507 4040 584 4096 nit
623 4051 793 4107 usque
823 4034 888 4089 ad
917 4033 1091 4087 locum
1119 4028 1214 4098 qui
1260 4027 1459 4082 dicitur
1501 4023 1713 4089 Rimiae,
1752 4030 1808 4076 et
1851 4031 2096 4075 reversus

506 4139 592 4188 est
621 4131 675 4185 in
709 4125 1012 4189 Franciam,
1053 4121 1140 4176 ubi
1171 4120 1220 4176 ei
1252 4117 1553 4174 nuntiatum
1589 4125 1670 4170 est
1699 4112 1841 4183 quod
1869 4109 2096 4180 Gripho,

509 4222 604 4294 qui
646 4222 699 4277 in
742 4215 1064 4275 Vasconiam
1109 4213 1339 4282 fugerat,
1384 4195 1672 4276 germanus
1711 4202 1829 4271 ejus
1886 4198 2100 4256 occisus

507 4289 614 4368 est.
646 4310 954 4381 Stephanus
976 4319 1123 4376 papa
1148 4303 1216 4356 in
1248 4300 1532 4356 Franciam
1560 4304 1730 4366 venit,
1759 4289 2008 4349 solatium
2046 4297 2102 4344 et

2161 2032 2269 2087 lam
2308 2032 2548 2102 ejusdem
2579 2042 2732 2100 papae
2765 2025 3025 2097 Stephani
3065 2024 3169 2078 hac
3210 2021 3280 2078 de
3306 2035 3471 2078 causa
3501 2021 3766 2090 scriptam

2166 2125 2292 2180 huic
2315 2122 2465 2193 operi
2495 2121 2828 2176 inseramus:
2857 2117 3100 2174 continet
3139 2114 3282 2170 enim
3325 2113 3470 2168 hunc
3494 2111 3714 2167 modum
3743 2125 3763 2162 :

2171 2231 2190 2267 ι
2224 2212 2532 2284 Stephanus
2572 2211 2880 2282 episcopus,
2920 2222 3112 2263 servus
3153 2219 3433 2262 servorqu
3464 2202 3578 2258 Dei.
3607 2201 3768 2256 Sicut

2167 2321 2327 2361 uenio
2349 2319 2408 2360 se
2433 2305 2592 2359 debet
2619 2303 2824 2373 jactare
2849 2301 2918 2356 de
2937 2300 3054 2355 suis
3079 2298 3309 2363 meritis,
3331 2298 3412 2353 sic
3433 2312 3541 2351 non
3565 2296 3771 2351 debent

2167 2410 2331 2467 opera
2359 2394 2475 2458 Dei,
2514 2408 2634 2464 quae
2679 2393 2733 2447 in
2783 2391 2873 2446 illo
2917 2405 3015 2460 per
3054 2404 3182 2445 suos
3223 2397 3442 2443 sanctos
3473 2387 3607 2441 fiunt
3644 2386 3772 2444 sine

2169 2488 2284 2544 suis
2313 2484 2545 2549 meritis,
2577 2482 2738 2538 silere
2767 2481 2860 2537 sed
2896 2479 3211 2550 prmdicare,
3242 2478 3377 2536 sicut
3410 2477 3632 2548 angelus
3663 2476 3769 2531 ad-

2171 2587 2356 2635 monet
2383 2576 2648 2634 Thobiam
2672 2590 2688 2629 :
2715 2574 2858 2630 unde
2899 2587 3004 2644 ego
3043 2587 3142 2643 pro
3169 2571 3518 2642 oppressione
3565 2579 3774 2624 sanctive

2173 2673 2431 2752 Ecclesia:
2467 2688 2499 2727 a
2531 2685 2658 2742 rege
2705 2669 3046 2725 atrocissimo
3091 2676 3146 2722 et
3198 2666 3515 2738 blaspheme
3561 2674 3615 2720 et
3667 2678 3775 2718 nec

2173 2765 2402 2821 dicendo
2428 2762 2714 2837 Haistulfo,
2741 2761 2806 2816 ad
2831 2760 3092 2831 Optimum
3119 2768 3174 2815 et
3197 2760 3367 2814 sancti
3393 2757 3538 2813 Petri
3555 2756 3772 2812 fidelem

2173 2858 2431 2933 domuum
2461 2855 2748 2926 Pippinum
2769 2850 3292 2909 Christianissimum
3315 2864 3493 2920 regem
3521 2849 3572 2902 in
3599 2847 3775 2902 Fran-

2176 2952 2320 3009 ciam
2348 2947 2494 3014 veni,
2522 2947 2611 3002 ubi
2639 2946 2879 3018 egrotavi
2915 2959 3088 3015 usque
3131 2943 3197 2998 ad
3239 2951 3488 3006 mortem,
3515 2949 3568 2994 et
3595 2935 3773 2992 mansi

2183 3038 2399 3111 aliquod
2427 3046 2638 3107 tempus
2666 3036 2805 3107 apud
2838 3050 3032 3106 pagum
3071 3032 3402 3088 Parisiacum
3443 3031 3495 3099 in
3539 3043 3771 3083 venerao

2178 3133 2270 3188 bili
2301 3129 2630 3186 monasterio
2660 3127 2834 3182 sancti
2859 3125 3114 3196 martyris
3138 3122 3412 3196 Dionysii;
3446 3136 3604 3191 quem
3646 3133 3772 3174 cum

2178 3225 2290 3295 jam
2319 3221 2512 3277 medici
2544 3220 2913 3291 desperarent,
2955 3216 3031 3271 fui
3066 3216 3205 3277 sicut
3246 3215 3298 3269 in
3331 3214 3576 3269 oratione
3602 3210 3653 3264 in
3682 3224 3776 3264 ec-

2186 3315 2350 3372 clesia
2396 3311 2637 3381 ejusdem
2687 3311 2827 3366 beati
2870 3308 3125 3378 martyris
3168 3307 3360 3363 subtus
3395 3301 3689 3372 campanis,
3720 3307 3782 3355 et

2185 3407 2296 3464 vidi
2321 3415 2447 3460 ante
2469 3403 2643 3459 altare
2671 3403 2946 3458 dominum
2975 3398 3213 3464 Petrum,
3235 3405 3290 3452 et
3312 3395 3626 3464 magistrum
3652 3408 3781 3464 geu-

2190 3499 2323 3554 tium
2343 3495 2618 3551 dominum
2641 3491 2890 3556 Paulum,
2922 3499 2976 3547 et
3002 3499 3112 3545 tota
3140 3495 3321 3543 mente
3347 3485 3467 3541 illos
3489 3480 3782 3553 recognovi

2190 3589 2258 3645 de
2289 3587 2504 3644 illorum
2527 3583 2809 3647 surcariis,
2839 3590 2894 3636 et
2921 3590 3049 3636 tunc
3089 3581 3306 3634 beatum
3344 3575 3625 3630 dominum
3655 3571 3784 3632 Dio-

2187 3679 2403 3752 nysium
2433 3677 2500 3732 ad
2530 3676 2777 3732 dextram
2807 3672 3008 3728 domini
3039 3669 3183 3725 Petri
3210 3666 3458 3724 subtilem
3493 3674 3548 3721 et
3567 3663 3787 3733 longio-

2191 3750 2340 3835 rem;
2393 3767 2636 3836 dixitque
2683 3763 2856 3819 bonus
2897 3769 3084 3833 pastor
3129 3757 3377 3814 dominus
3416 3754 3648 3810 Petrus:
3683 3750 3787 3806 Hic

2195 3860 2364 3916 frater
2423 3866 2607 3912 uoster
2652 3853 2888 3927 postulat
2933 3851 3240 3908 sanitatem.
3300 3848 3366 3902 Et
3409 3845 3544 3902 dixit
3593 3845 3790 3900 beatus

2195 3953 2432 4009 Paulus:
2467 3950 2621 4005 Modo
2672 3947 2974 4003 sanabitur.
3027 3945 3092 3998 Et
3123 3939 3588 4012 appropinquans,
3639 3935 3793 3989 misit

2197 4057 2414 4098 manum
2439 4055 2591 4096 suam
2612 4039 2681 4094 ad
2703 4047 2893 4108 pectus
2916 4034 3116 4091 domini
3145 4029 3384 4102 Dionysii
3405 4025 3789 4087 amicabiliter,

2199 4133 2545 4204 respexitque
2579 4131 2646 4186 ad
2675 4129 2951 4186 dominum
2972 4127 3229 4189 Petrum,
3270 4131 3325 4178 et
3366 4120 3502 4175 dixit
3537 4118 3795 4173 dominus

2203 4227 2393 4282 Petrus
2421 4224 2486 4280 ad
2513 4223 2788 4279 dominum
2823 4219 3131 4291 Dionysium
3159 4215 3408 4271 hilariter
3433 4229 3446 4264 :
3471 4209 3582 4264 Tua
3614 4205 3792 4277 gratia

2201 4325 2282 4372 est
2312 4316 2516 4371 sanitas
2540 4311 2674 4382 ejus.
2711 4313 2777 4367 Et
2803 4310 2987 4367 statim
3020 4308 3209 4363 beatus
3238 4301 3524 4374 Dionysius
3547 4298 3799 4352 thuribu-

513 4401 842 4472 adjutorium
869 4407 1242 4467 quaerenspro
1271 4389 1506 4460 .justitiis
1538 4386 1712 4441 sancti
1749 4383 1914 4439 l‘etri.
1949 4378 2105 4435 Venit
2203 4408 2316 4462 lum
2346 4378 2636 4462 incensi'el
2665 4402 2896 4474 Damam
2927 4400 2978 4454 in
3015 4413 3176 4452 manu
3209 4404 3398 4450 “mens
3422 4405 3543 4446 cum
3571 4387 3799 4460 preshy-

511 4503 696 4550 autem
748 4497 804 4545 et
853 4485 1313 4546 Carolomaunus,
1360 4479 1659 4534 monachus
1689 4484 1759 4530 ~et
1816 4485 2104 4544 germanus

2207 4511 2322 4557 tero
2353 4509 2405 4554 et
2445 4499 2691 4561 diacono,
2723 4495 2814 4564 qui
2861 4495 2912 4547 iu
2949 4499 3112 4562 parte
3153 4488 3391 4549 stabant,
3420 4481 3568 4537 venit
3608 4477 3674 4532 ad
3710 4493 3800 4533 me

517 4579 813 4653 supradicti
845 4577 1007 4648 regis’
1037 4589 1132 4647 per
1153 4571 1450 4642 iussionem
1490 4567 1704 4624 abbatis
1731 4565 1812 4622 sui
1839 4564 1906 4619 ’δη
1936 4563 2105 4658 ΕΜΨ
2137 4600 2184 4658 D
2210 4602 2265 4650 et
2289 4593 2426 4647 dixit
2453 4591 2520 4646 ad
2537 4604 2634 4645 me
2662 4563 2816 4643 :Pax
2849 4594 3052 4649 tecum,
3084 4580 3276 4643 frater,
3308 4575 3412 4631 noli
3449 4573 3658 4635 timere,
3691 4583 3802 4623 non

520 4681 684 4744 ciam,
721 4673 873 4746 quasi
915 4673 984 4729 ad
1022 4667 1448 4726 conturbandam
1491 4662 1806 4734 petitionem
1854 4656 2108 4729 apostoli-

2212 4683 2481 4744 moricris,
2505 4681 2675 4737 donec
2699 4678 2765 4732 ad
2790 4677 2970 4733 sedem
3001 4685 3146 4730 tuam
3185 4681 3446 4740 prospere
3473 4660 3799 4724 revertaris;

517 4787 664 4828 cam.
716 4767 830 4824 Hoc
873 4779 1015 4821 anno
1060 4757 1238 4818 nalale
1278 4759 1488 4816 Domini
1521 4757 1574 4811 in
1620 4751 1928 4846 Theodonis
1961 4749 2110 4815 villa,
2211 4791 2372 4846 surge
2401 4787 2587 4836 sanus,
2611 4779 2666 4826 et
2693 4770 2796 4824 hoc
2825 4767 2992 4821 mare
3017 4765 3068 4817 in
3096 4763 3300 4816 honom
3337 4755 3429 4811 Dei
3453 4763 3507 4810 et
3529 4749 3804 4837 θροειριο,

524 4862 727 4934 pascha
755 4859 812 4915 in
844 4855 1137 4914 Carasiaco
1169 4854 1398 4908 domnus
1433 4865 1525 4904 rex
1554 4843 1866 4902 celebravit.

2216 4843 2336 4920 ruui
2368 4863 2510 4918 Petri
2545 4871 2597 4915 et
2641 4857 2813 4924 Pauli,
2841 4871 2976 4926 quos
3009 4852 3181 4915 vides,
3209 4849 3419 4912 dedica,
3450 4843 3645 4899 missas
3674 4853 3802 4911 gra-

601 4974 758 5030 Auno
815 4967 1111 5024 Dominica:
1164 4959 1549 5019 incarnationis
1612 4955 1718 5011 752
1775 4951 2079 5024 supradicto

2217 4957 2409 5012 tiarnm
2443 4968 2626 5024 agens.
2653 4950 2881 5020 Moxque
2907 4961 3071 5002 sanus
3097 4942 3270 4998 factus
3293 4953 3436 5002 sum,
3475 4945 3531 4992 et
3555 4931 3806 4988 volebam

518 5065 843 5136 "Stephanus
891 5074 1024 5130 papa
1076 5053 1416 5112 confirmavit
1456 5049 1738 5120 Pippinum
1787 5054 1972 5101 sancta
2012 5059 2114 5097 uu-

2221 5047 2441 5118 implere
2455 5020 2598 5114 quod
2625 5041 2755 5096 mihi
2781 5042 3104 5110 praecéplum
3119 5041 3260 5097 erat,
3276 5039 3331 5085 et
3352 5027 3602 5084 dicebant
3624 5022 3719 5092 qui
3733 5020 3808 5076 ibi

534 5113 838 5136 --ντ---ηη
892 5113 911 5130 ,ν
960 5113 977 5129 ι
1522 5113 1536 5120 -
1557 5113 1572 5120 -
2478 5113 2486 5114 κ

529 5158 712 5214 ctione
750 5154 803 5209 in
850 5165 1054 5222 regem,
1085 5157 1286 5204 etcum
1331 5159 1398 5200 eo
1429 5143 1639 5197 iuuuxit
1673 5140 1807 5195 duos
1837 5138 1976 5193 ﬁlios
2003 5135 2120 5205 ejus
2222 5113 2467 5198 aderant,
2491 5134 2631 5204 quod
2663 5129 3059 5188 dementabam.
3083 5125 3419 5194 Quapropter
3443 5115 3601 5174 retuli
3625 5113 3733 5169 illis
3756 5118 3812 5167 et

531 5249 787 5306 Carolqu
827 5255 883 5299 et
921 5241 1375 5298 Carolomanuum
1418 5235 1486 5290 ad
1535 5234 1737 5302 regiam
1779 5231 2117 5302 dignitatem.

537 5340 738 5398 Eodem
775 5351 916 5392 anno
950 5344 1168 5390 sanctus
1201 5327 1506 5384 Bonifacius
1545 5323 1982 5394 archiepiscopus
2025 5338 2121 5375 an-

524 5425 795 5490 ‘nuutiaus
824 5429 916 5485 Dei
945 5426 1200 5488 verbum,
1258 5421 1313 5477 iu
1356 5417 1541 5474 Fresia
1571 5433 1599 5472 a
1632 5416 1853 5487 paganis
1901 5413 2124 5468 interfe-

2223 5230 2334 5300 regi
2390 5228 2609 5296 suisque
2657 5222 2906 5277 omnibus
2941 5234 3008 5273 ex
3054 5215 3243 5272 ordine
3277 5225 3397 5283 qua)
3445 5206 3708 5266 videram,
3758 5209 3813 5254 et

2226 5319 2496 5392 quomodo
2521 5295 2742 5373 sanatus
2769 5311 2985 5374 fuerim,
3015 5317 3068 5362 et
3098 5304 3311 5376 implevi
3357 5314 3476 5371 qua:
3505 5295 3654 5366 jussa
3688 5297 3815 5348 sunt

2229 5412 2360 5467 mihi
2387 5409 2590 5464 omnia.
2612 5406 2774 5463 Gesta
2799 5411 2923 5459 sunt
2949 5408 3128 5454 autem
3149 5397 3262 5452 hare
3284 5405 3426 5448 anno
3450 5387 3518 5443 ab
3539 5386 3812 5441 incarnat.

1845 5545 2078 5604 VARL‘E
2118 5540 2521 5600 LECTIONES.

618 5701 663 5734 "
684 5693 986 5754 waltfridus
1014 5693 1067 5747 7.
1103 5689 1393 5746 walfredus
1419 5696 1473 5742 et
1497 5684 1812 5742 vval.frc-.ius
1844 5682 1994 5741 819..
2027 5679 2304 5736 \volfridus
2335 5678 2386 5735 ὅ.
2444 5676 2673 5732 Paulum
2708 5674 2854 5729 Diar.
2887 5680 2976 5730 aut
3017 5666 3324 5725 Strabonem
3353 5661 3568 5714 innucre
3591 5653 3820 5710 videtnr.

549 5769 600 5808 ³⁸
621 5771 686 5828 Α.
719 5770 772 5824 d.
803 5767 839 5824 ἰ.
869 5764 973 5822 752
999 5763 1246 5834 pippinus
1279 5776 1372 5815 rex
1401 5758 1457 5811 2.
