4010 6394
212 409 284 465 49
1374 407 1793 468 CHRONICON.

1942 408 2053 467 AN.
2092 410 2352 468 755-763.
3227 357 3230 360 ’
3417 407 3509 478 δα.

214 529 372 584 Dom.
402 523 526 579 755.
554 524 592 580 5
617 523 739 580 Idus
773 523 910 594 Aug.
943 543 962 574 ι
995 523 1113 592 Quo
1138 523 1338 581 Christi
1386 523 1668 580 roboratus
1693 525 1800 579 vir—
1828 531 1875 588 Α
1905 537 2005 583 est.
2037 528 2236 584 Eodem
2263 499 2406 600 anno
2443 523 2732 582 celebravit
2763 522 2996 579 natalem
3025 521 3243 580 Domini
3266 522 3322 580 in
3344 521 3496 588 Lon-

214 625 350 680 tute,
381 617 524 671 inter
546 616 968 672 celebrationem
991 617 1412 673 consecrationis
1440 616 1649 688 przefati
1677 618 1810 674 alta-

214 709 294 764 ris
331 716 388 764 et
424 707 750 764 oblationem
799 708 1072 774 sacriﬁcii,
1103 709 1258 764 unxit
1288 709 1341 763 in
1377 723 1531 778 reges
1561 709 1601 741 ιτ
1634 708 1808 764 Fran-

1909 620 2111 691 golare,
2139 628 2194 675 et
2223 616 2420 690 pascha
2448 618 2500 671 in
2532 616 2715 686 lopila.

2523 671 2912 766 incarnationis
2940 705 3044 762 760
3079 671 3338 779 Pippinus

211 816 405 856 eorum
436 816 616 872 regem
645 800 930 871 Pippinum
973 809 1028 856 et
1063 800 1199 856 duos
1242 800 1382 858 lilios
1415 801 1533 873 ejus
1557 801 1808 858 Carolum
1912 819 2144 860 cernens
2171 801 2490 858 Waifarium
2513 840 2527 862 ,
2559 801 2748 855 ducem
2799 799 3217 870 Aquitanorum,
3270 800 3510 870 minime.

210 899 268 944 et
304 888 783 967 Carolomannum.
829 887 934 944 Sed
965 899 1021 944 et
1054 889 1369 945 Bertradam
1407 890 1691 962 conjugem
1735 892 1811 962 ip-

210 982 330 1037 sius
358 983 522 1052 regis,
556 981 795 1036 indutam
821 981 1131 1052 cycladibus
1173 983 1336 1054 regiis
1362 983 1533 1053 gratia
1574 982 1812 1054 Spiritus

209 1071 390 1125 sancti
423 1069 751 1141 septiformis
779 1071 1115 1142 consignavit
1146 1071 1198 1127 in
1239 1072 1332 1127 Dei
1378 1073 1620 1137 nomine,
1652 1084 1815 1143 atque

211 1160 550 1215 Francorum
579 1175 834 1230 proceres
873 1161 1164 1233 apostolica
1210 1161 1587 1218 benedictione
1615 1163 1815 1218 sancti-

113 1309 116 1311 ,
213 1252 414 1316 ﬁcans,
440 1251 765 1306 auctoritate
791 1252 964 1308 sancti
1003 1251 1146 1308 Petri
1186 1253 1288 1309 sibi
1318 1269 1348 1308 a
1374 1252 1592 1308 Christo
1619 1253 1816 1308 tradita

210 1345 497 1416 obligavit,
545 1353 599 1399 et
643 1344 945 1400 obtestatus
989 1354 1094 1410 est,
1136 1354 1195 1401 ut
1225 1361 1500 1418 nunquam
1546 1346 1612 1402 de
1646 1345 1818 1400 altera

211 1437 390 1504 stirpe
442 1450 540 1506 per
592 1435 994 1490 succedentium
1039 1443 1342 1507 temporum
1380 1436 1673 1516 curricula,
1712 1437 1814 1506 ipsi

213 1520 300 1579 ("el
329 1525 534 1595 quique
579 1540 644 1580 ex
675 1541 859 1581 eorum
898 1527 1151 1598 progenie
1184 1527 1314 1593 orti,
1341 1543 1520 1600 regem
1560 1544 1723 1600 super
1761 1543 1821 1585 se

212 1626 553 1690 prmsumant
581 1616 760 1687 aliquo
792 1618 952 1676 modo
993 1619 1345 1684 constituere,
1374 1619 1476 1674 nisi
1516 1620 1583 1675 de
1620 1634 1809 1674 eorum

213 1706 498 1777 progenie,
527 1721 664 1776 quos
701 1714 756 1760 et
797 1706 978 1762 divina
1006 1707 1343 1777 providentia
1377 1709 1446 1762 ad
1475 1709 1659 1763 sedem
1694 1721 1822 1776 apo-

215 1798 469 1853 stolicam
499 1796 750 1851 tuendam
777 1797 998 1870 eligere,
1033 1807 1088 1854 et
1121 1813 1216 1868 per
1243 1813 1390 1862 eum,
1423 1799 1672 1854 videlicet
1697 1814 1825 1852 san-

1915 894 2244 960 consentire,
2275 902 2334 950 ut
2359 891 2600 961 justitias
2645 889 2850 949 faceret
2900 893 3142 948 ecclesiis
3171 900 3290 963 (piae
3337 877 3519 958 erant;

1917 985 1970 1039 in
2003 985 2233 1040 Francia
2274 985 2342 1040 de
2383 985 2544 1041 rebus
2583 994 2637 1039 et
2665 983 3102 1054 possessionibus
3131 983 3342 1039 illarum
3373 998 3518 1055 quae.

1917 1075 1972 1131 in
2009 1091 2108 1132 suo
2145 1075 2340 1130 ducatu
2371 1085 2544 1138 erant,
2575 1074 2694 1130 iniit
2720 1071 3004 1130 consilium
3035 1088 3156 1128 cum
3177 1072 3510 1139 Francis,“

1919 1169 2024 1223 iter
2043 1172 2289 1237 pergeret
2322 1165 2375 1220 in
2412 1164 2786 1235 Aquitaniam,
2815 1173 2872 1219 et
2893 1163 3229 1233 supradictas
3257 1161 3498 1233 justitias

1919 1265 2209 1328 quaereret,
2235 1266 2292 1311 et
2334 1256 2579 1326 pervenit
2631 1270 2802 1325 usque
2847 1255 2902 1310 in
2951 1253 3127 1308 locum
3162 1253 3254 1324 qui
3297 1241 3500 1308 dicitur

1921 1347 2197 1404 Thedoad.
2225 1346 2377 1413 Quod
2423 1362 2545 1402 cum
2592 1347 2932 1418 cognovisset
2956 1344 3271 1410 Wail‘arius,
3308 1345 3502 1402 timore

1921 1439 2244 1512 perterritus
2291 1437 2457 1492 mittit
2486 1437 2716 1508 legatos,
2765 1435 3049 1493 Otbertum
3093 1444 3150 1490 et
3176 1435 3457 1490 Dawinum
3483 1473 3501 1502 ,

1922 1540 1978 1587 et
2011 1531 2158 1586 dedit
2184 1529 2430 1585 obsidem
2471 1527 2821 1599 Adalgarium
2849 1542 3006 1582 suum
3035 1525 3417 1596 propinquum,
3447 1535 3514 1582 ει⁴

1923 1622 2201 1678 mandavit
2243 1620 2470 1691 Pippino
2504 1633 2564 1676 se
2609 1619 2789 1674 omnia
2829 1617 3162 1676 redditurum
3189 1658 3204 1683 ,
3243 1617 3504 1688 quidquid

1924 1711 2266 1783 supradictus
2296 1725 2392 1766 rex
2443 1711 2724 1780 quaerebat
2769 1709 2824 1764 in
2857 1708 3036 1764 causis
3078 1707 3460 1764 ecclesiasticis
3488 1748 3516 1774 ,,

1927 1811 1981 1857 et
2003 1801 2300 1858 celebravit
2326 1799 2560 1856 natalem
2587 1798 2797 1856 Domini
2824 1799 2879 1854 in
2904 1797 3202 1864 Carisiaco,
3228 1805 3283 1854 et
3303 1798 3503 1869 pascha

212 1887 292 1942 cti
333 1882 484 1942 Petri
534 1885 822 1952 vicarium,
865 1887 1032 1942 immo
1077 1886 1290 1942 Domini
1337 1886 1466 1942 Jesu
1503 1887 1724 1951 Christi,
1766 1887 1818 1940 iu
1852 1882 1896 1943 Β
1925 1892 2200 1950 similiter.

214 1986 552 2048 potestatem
581 1976 779 2046 regiam
812 1976 1031 2047 dignata
1060 1984 1146 2031 est
1170 1975 1461 2032 sublimare
1483 1983 1539 2032 et
1567 1975 1820 2032 unctione

219 2067 602 2125 sacratissima
633 2081 970 2122 consecrare.
1005 2066 1102 2122 llis
1134 2066 1488 2138 interpositis,
1511 2065 1578 2121 ad
1600 2066 1821 2122 chroni-

220 2178 346 2218 cam
381 2162 694 2217 redeamus.
723 2158 857 2215 Cum
888 2159 1144 2231 Pippinus
1175 2175 1292 2225 rex,
1323 2168 1381 2214 ut
1411 2174 1572 2230 supra
1602 2173 1826 2229 expres-

221 2271 348 2310 sum
375 2261 482 2320 est,
512 2251 717 2308 italiam
747 2253 1019 2323 ingressus
1043 2261 1205 2317 esset,
1243 2251 1674 2308 Carolomannus
1711 2266 1826 2306 mo-

229 2347 445 2403 nachus
477 2344 685 2400 Vienna
711 2343 932 2398 civitate
974 2344 1239 2398 remansit
1271 2358 1377 2398 una
1411 2358 1536 2398 cum
1566 2341 1826 2398 Bertrada

229 2439 460 2508 regina,
509 2437 598 2492 ubi
656 2436 911 2508 languore
963 2444 1248 2508 correptus
1299 2435 1442 2491 diem
1495 2433 1691 2491 clausit
1734 2449 1828 2490 ex-

230 2537 500 2586 tremum.

296 2643 460 2699 Anno
499 2642 790 2699 Dominicze
833 2640 1222 2698 incarnationis
1278 2640 1384 2696 755
1428 2655 1550 2696 cum
1594 2641 1832 2698 audisset

233 2735 503 2808 Pippinus
531 2751 625 2791 rex
651 2750 714 2791 ea
739 2750 844 2790 non
876 2748 994 2790 esse
1020 2749 1148 2789 vera
1177 2749 1296 2804 quae
1326 2732 1676 2803 Haistulphus
1704 2748 1831 2804 pro-

233 2831 461 2886 miserat
501 2831 566 2885 de
595 2829 818 2899 justitiis
844 2828 1014 2884 sancti
1054 2827 1224 2893 Petri,
1269 2826 1464 2882 iterum
1503 2825 1709 2881 Italiam
1748 2826 1832 2881 in-

234 2936 502 2991 gressus,
559 2919 781 2991 Papiam
837 2917 1083 2984 obsedit,
1139 2916 1512 2989 Haistulpbum
1558 2917 1836 2973 obsidione

235 3011 432 3076 cinxit,
465 3024 522 3066 et
547 3026 762 3066 rursum
791 3008 859 3065 de
885 3008 1113 3080 justitiis
1140 3006 1313 3064 sancti
1350 3006 1495 3062 Petri
1524 3007 1834 3063 ﬁrmitatem

239 3102 408 3165 dedit,
438 3109 499 3155 ut
525 3101 746 3158 stabiles
775 3107 1176 3172 permanerent,
1207 3107 1263 3156 et
1283 3099 1504 3169 insuper
1525 3097 1836 3155 Ravennam

239 3210 364 3249 cum
390 3193 671 3263 Pentapoli
697 3202 753 3249 et
786 3193 932 3249 omni
969 3192 1238 3248 Exarcato
1265 3190 1592 3264 conquisivit
1627 3199 1682 3245 et
1712 3205 1836 3245 san-

1995 1987 2155 2043 Anno
2193 1985 2487 2042 Dominicaa
2517 1983 2905 2041 incarnationis
2933 1983 3031 2040 76l
3077 1981 3373 2041 Waifarius
3401 1982 3508 2038 tui-

1927 2080 2073 2137 nime
2097 2077 2343 2149 cogitans
2366 2076 2433 2132 de
2458 2075 2737 2132 obsidibus
2769 2082 2826 2130 et
2872 2073 3228 2143 sacramentis
3257 2071 3418 2138 datis,
3449 2079 3509 2128 ut

1927 2189 1986 2230 se
2012 2172 2313 2229 vindicaret
2341 2170 2406 2225 de
2451 2167 2672 2236 injuria,
2707 2182 2870 2238 quam
2896 2181 2928 2221 a
2960 2165 3186 2222 Francis
3233 2163 3514 2236 praeterita

1928 2276 2071 2317 anno
2099 2259 2274 2315 fuerat
2301 2272 2613 2328 perpessus,
2649 2256 2950 2312 exercitum
2997 2255 3164 2320 misit,
3211 2253 3301 2323 qui
3343 2267 3516 2324 usque

1931 2354 1999 2408 ad
2020 2352 2354 2409 Cabillonem
2389 2350 2665 2405 civitatem
2691 2357 2976 2413 venerunt,
3009 2356 3286 2402 vastantes
3306 2346 3524 2410 omnia..

1931 2445 1999 2500 Et
2041 2459 2164 2501 cum
2209 2442 2552 2512 supradictus
2598 2455 2692 2496 rex
2727 2439 2989 2510 synodum
3045 2446 3251 2493 teneret
3295 2438 3348 2491 iu
3383 2436 3513 2496 villa

1932 2554 2052 2609 qua:
2082 2537 2280 2592 dicitur
2322 2533 2505 2596 Duria.
2538 2531 2854 2587 nunciatum
2885 2537 2968 2585 est
3012 2528 3085 2593 ei,
3122 2529 3265 2599 quod
3298 2526 3513 2582 Waifa-

1935 2629 2049 2684 rius
2093 2632 2506 2699 perpetrasset;
2567 2622 2816 2693 protinus
2857 2618 3156 2675 exercitum
3208 2616 3406 2680 movit,
3459 2620 3516 2672 et

1934 2719 2281 2792 Aquitaniam
2331 2717 2610 2788 ingressus
2631 2713 2798 2768 multa
2829 2709 3051 2766 castella
3081 2709 3265 2780 cmpit,
3306 2705 3517 2763 scilicet

1935 2810 2267 2875 Burdellum,
2297 2807 2517 2864 Clarum
2552 2812 2809 2864 montem,
2843 2800 3150 2865 Cantelam,
3198 2798 3472 2853 Avernum
3493 2836 3511 2868 _,

1935 2913 1989 2960 et
2012 2899 2257 2974 pervenit
2284 2912 2452 2968 usque
2467 2896 2535 2951 ad
2558 2893 2933 2955 Leomodicas,
2949 2888 3213 2944 vastando
3241 2886 3518 2974 omnia,et

1937 2989 2234 3050 celebravit
2263 2987 2499 3045 natalem
2549 2982 2762 3041 Domini
2803 2982 2858 3038 in
2891 2977 3190 3043 Carisiaco,
3224 2983 3279 3030 et
3305 2973 3512 3044 pascha

1937 3083 2204 3140 similiter.
3499 3111 3504 3132 τ

2010 3173 2171 3231 Anno
2214 3171 2508 3229 Dominicae
2537 3164 2934 3225 incarnationis
2975 3165 3081 3220 76¢
3125 3175 3218 3216 rex
3259 3157 3520 3230 Pippinus

240 3293 332 3340 cto
355 3283 521 3339 Petro
549 3240 786 3338 ti'adidit.
825 3283 960 3337 Cum
996 3292 1178 3338 autem
1208 3240 1457 3338 reverslus
1486 3289 1629 3336 esset
1653 3279 1831 3351 Pippi-

1942 3265 2285 3338 Aquitaniam
2305 3278 2429 3319 cum
2475 3259 2719 3318 exercitu
2741 3256 3010 3319 vastavit,
3056 3261 3112 3308 et
3137 3250 3304 3321 coepit
3331 3248 3522 3316 civitat-

241 3389 346 3429 nus
385 3388 482 3428 rex
521 3371 575 3426 in
613 3373 918 3438 Franciam,
950 3371 1311 3427 meditabatur
1338 3371 1678 3442 supradictus
1711 3369 1836 3426 ﬂai-

242 3463 498 3536 stulphus
536 3478 603 3519 ea
652 3463 837 3519 fallere
881 3479 1002 3533 quae
1041 3463 1381 3534 promiserat.
1421 3461 1664 3531 Quadam
1705 3475 1836 3517 vero

243 3560 331 3614 die
372 3573 499 3614 cum
536 3556 909 3613 venationibus
954 3556 1261 3620 inserviret,
1295 3570 1582 3625 percussus
1619 3564 1703 3610 est
1739 3553 1838 3611 Dei

238 3650 470 3720 judicio,
496 3649 772 3718 vitamque
809 3662 930 3703 cum
961 3663 1126 3720 regno
1155 3647 1358 3712 ﬁnivit;
1391 3661 1500 3716 quo
1529 3647 1687 3703 modo
1711 3661 1839 3703 vero

245 3741 450 3796 missus
487 3749 573 3795 est
615 3739 921 3795 Desiderius
963 3739 1015 3794 in
1059 3751 1244 3812 regno,
1287 3737 1342 3794 in
1385 3737 1840 3810 subsequentibus

244 3829 514 3886 dicemus.

314 3947 478 4004 Anno
510 3949 800 4006 Dominica:
834 3949 1220 4007 incarnationis
1255 3949 1360 4007 756
1398 3949 1544 4005 misit
1570 3945 1839 4004 Constan-

247 4039 396 4096 tinus
433 4041 725 4112 imperator
762 4040 874 4113 regi
915 4041 1140 4112 Pippino
1170 4057 1294 4097 cum
1338 4039 1458 4096 aliis
1492 4039 1649 4096 donis
1681 4053 1840 4110 orga-

248 4145 400 4196 num,
425 4138 483 4185 et
513 4145 604 4185 rex
635 4130 892 4201 Pippinus
930 4131 1102 4185 tenuit
1135 4130 1392 4201 placitum
1424 4143 1581 4184 suum
1609 4129 1661 4183 in
1686 4128 1842 4183 Com-

248 4220 470 4291 pendio,
511 4220 692 4292 ibique
721 4221 968 4277 Thassilo
1013 4221 1159 4276 venit
1201 4221 1309 4276 dux
1354 4218 1750 4291 Bajoariorum,
1787 4225 1844 4273 et

250 4326 384 4368 suus
409 4311 636 4369 effectus
670 4321 774 4379 est,
812 4327 910 4384 per
955 4327 1148 4368 manus
1191 4318 1637 4381 sacramentaque
1676 4307 1841 4363 multa

244 4403 450 4472 juravit
488 4404 714 4475 Pippino
735 4414 791 4461 et
819 4405 940 4462 ﬁliis
967 4406 1084 4477 ejus
1110 4419 1271 4477 supra
1295 4419 1492 4475 corpus
1517 4403 1691 4460 sancti
1720 4401 1844 4458 Dio-

251 4499 391 4571 nysii
421 4507 479 4554 et
503 4500 676 4555 sancti
711 4499 966 4556 Germani
1002 4509 1056 4555 et
1096 4498 1272 4555 sancti
1316 4481 1565 4564 Martini;
1594 4494 1842 4553 similiter

251 4598 310 4644 et
337 4589 457 4660 ejus
481 4590 730 4646 homines
757 4589 1009 4647 meliores
1033 4589 1294 4646 fecerunt.

323 4701 484 4756 Anno
533 4700 822 4757 Dominicae
869 4703 1254 4758 incarnationis
1301 4701 1404 4756 757
1446 4700 1706 4772 Pippinus
1747 4715 1839 4756 rex

253 4793 306 4848 in
348 4792 644 4849 Saxoniam
687 4795 789 4850 iter
817 4793 963 4862 fecit,
1006 4804 1062 4850 et
1108 4795 1159 4850 in
1205 4795 1531 4850 munitiones
1569 4792 1843 4848 Saxonum

255 4899 354 4954 per
389 4885 646 4942 virtutem
679 4887 939 4956 introivit,
973 4898 1026 4944 et
1065 4889 1118 4945 in
1168 4889 1284 4945 loco
1309 4889 1400 4960 qui
1437 4889 1634 4945 dicitur
1669 4886 1840 4942 Situia

256 4976 439 5031 multa:
478 4985 686 5047 strages
729 4977 886 5034 factae
939 4987 1065 5034 sunt
1109 4979 1175 5034 de
1214 4979 1411 5050 populo
1450 4978 1745 5034 Saxonum.
1778 4975 1845 5032 Et

259 5075 386 5123 tunc
413 5069 782 5140 promiserunt
809 5085 869 5127 se
895 5085 1110 5125 omnem
1138 5070 1468 5125 voluntatem
1500 5069 1644 5140 regis
1670 5068 1842 5122 factu-

259 5174 367 5224 ros,
391 5160 670 5216 'tributum
720 5161 883 5217 etiam
926 5160 1384 5234 prmsentandum,
1431 5173 1598 5230 equos
1641 5158 1847 5215 scilicet

146 5241 156 5252 ’
261 5248 366 5305 300
385 5265 486 5322 per
508 5249 749 5323 singulos
779 5267 970 5308 annos.

327 5365 487 5422 Anno
525 5365 820 5424 Dominicze
862 5367 1249 5424 incarnationis
1282 5365 1385 5423 758
1419 5374 1576 5421 natus
1609 5372 1694 5420 est
1717 5363 1844 5436 Pip-

262 5454 385 5525 pino
407 5455 521 5528 regi
557 5455 718 5522 ﬁlius,
759 5458 843 5513 cui
876 5457 1216 5529 supradictus
1245 5471 1338 5512 rex
1368 5470 1562 5512 nomen
1592 5455 1847 5525 imposuit

262 5560 441 5613 suum;
483 5547 576 5617 qui
625 5548 754 5603 vixit
799 5564 970 5605 annos
999 5548 1152 5615 duos,
1184 5557 1240 5604 et
1278 5549 1329 5604 in
1363 5547 1522 5604 tertio
1568 5546 1850 5602 defunctus

1867 4591 1920 4653 D

1941 3368 2047 3416 tem
2070 3356 2361 3421 Bituricas,
2391 3360 2445 3409 et
2489 3361 2728 3408 castrum
2773 3346 2916 3418 quod
2957 3343 3156 3400 dicitur
3187 3339 3434 3410 Toarcis,
3465 3347 3522 3391 et

1939 3447 2236 3507 celebravit
2284 3444 2519 3500 natalem
2567 3439 2777 3498 Domini
2807 3439 2864 3494 in
2898 3435 3028 3492 villa
3076 3429 3419 3497 Gentiliaco,
3466 3435 3522 3492 et

1939 3539 2150 3612 pascha
2183 3536 2452 3593 similiter.
3497 3577 3502 3584 .

1939 3687 1945 3693 ,
2011 3631 2170 3686 Anno
2198 3626 2492 3684 Dominicae
2540 3620 2930 3680 incarnationis
2955 3618 3060 3674 763
3109 3631 3203 3672 rex
3251 3612 3519 3685 Pippinus

1942 3725 2132 3782 habuit
2161 3722 2419 3794 placitum
2448 3735 2604 3776 suum
2632 3718 2686 3773 in
2713 3714 2980 3776 Nivernis,
3013 3720 3064 3768 et
3089 3718 3286 3781 quarto
3317 3707 3524 3776 ingres-

1942 3830 2036 3872 sus
2059 3823 2138 3871 est
2171 3810 2544 3884 Aquitaniam,
2577 3808 2758 3879 ibique
2785 3802 3057 3867 'l'hassilo,
3095 3800 3204 3855 dux
3245 3794 3523 3867 Bajoario-

1942 3921 2086 3971 rum,
2116 3901 2428 3975 postpositis
2477 3894 2864 3960 sacramentis,
2893 3889 3266 3948 fraudulenter
3304 3901 3362 3942 se
3400 3884 3524 3975 inde

1942 3996 2220 4061 subduxit,
2239 3974 2422 4051 omnia
2444 3988 2707 4048 beneﬁcia
2729 3985 2947 4052 oblitus,
2960 3998 3080 4055 quae
3108 3996 3204 4048 rex
3228 3974 3527 4048 avunculus

1941 4087 2061 4159 ejus
2105 4086 2156 4143 ei
2206 4085 2450 4150 fecerat,
2507 4090 2562 4136 ct
2609 4077 2912 4148 Bajoariam
2957 4086 3236 4145 regressus
3294 4066 3526 4139 amplius

1945 4175 2118 4234 noluit
2159 4174 2344 4231 videre
2387 4169 2682 4242 supradicti
2725 4165 2873 4240 regis
2910 4163 3129 4218 faciem.
3172 4159 3290 4214 Rex
3341 4164 3526 4218 autem

1943 4264 2293 4341 Aquitaniam
2337 4263 2676 4333 perlustrans
2702 4270 2872 4326 usque
2897 4253 2964 4308 ad
3003 4247 3327 4307 Cadurciam
3351 4244 3521 4341 venit,

1945 4332 2140 4428 et-per
2185 4332 2504 4410 Lemodicas
2534 4359 2803 4409 reversus,
2835 4343 2908 4401 in.
2933 4337 3220 4396 Franciatn
3250 4335 3417 4391 venit.
3458 4332 3527 4388 Et

1948 4424 2091 4504 facta
2130 4453 2217 4502 est
2243 4444 2436 4515 hyems
2463 4438 2639 4496 valida
2663 4477 2679 4503 ,
2727 4445 2781 4491 ει
2805 4431 3099 4495 celebravit
3138 4443 3233 4492 rex
3281 4424 3519 4486 natalem

1947 4537 2162 4596 Domini
2194 4537 2247 4592 in
2282 4533 2409 4590 villa
2437 4547 2556 4604 quae
2601 4528 2800 4587 dicitur
2850 4521 3176 4594 Longolare,
3218 4525 3274 4573 et
3320 4515 3524 4588 pascha

1950 4630 2221 4688 similiter.
3501 4665 3506 4678 ε

2019 4725 2177 4780 Anno
2222 4716 2516 4776 Dominica:
2564 4707 2954 4769 incarnationis
2993 4703 3096 4759 764
3145 4716 3238 4756 rex
3273 4697 3531 4770 Pippinus

1950 4814 2143 4872 habuit
2163 4811 2420 4884 placitum
2447 4820 2604 4862 suum
2631 4804 2684 4858 in
2704 4798 3028 4863 Wormatia,
3057 4803 3112 4851 et
3140 4806 3361 4884 causam
3401 4786 3528 4864 dili~

1950 4913 2141 4979 genter
2163 4881 2518 4975 pertractavit
2539 4896 2678 4951 inter
2692 4889 3015 4948 Waifarium
3036 4895 3090 4942 et
3119 4881 3526 4979 Thassilonem;

1945 4972 2246 5069 celebravit
2276 4994 2508 5052 natalem
2541 4987 2754 5047 Domini
2789 4985 2845 5042 in
2893 4980 3188 5047 Carisiaco,
3238 4987 3292 5035 et
3326 4972 3528 5047 pascha

1951 5089 2222 5149 similiter.

2023 5179 2181 5238 Anno
2227 5173 2520 5236 Dominica:
2568 5164 2962 5230 incarnationis
2981 5160 3086 5226 765
3133 5173 3228 5213 rex
3272 5153 3526 5234 placitum

1952 5286 2108 5328 suum
2139 5266 2327 5325 habuit
2374 5263 2514 5335 apud
2555 5259 2882 5317 Attiniacum
2905 5296 2919 5322 ,
2951 5262 3005 5310 et
3035 5252 3224 5318 eodem
3275 5258 3416 5310 anno
3457 5244 3532 5312 si;

1953 5371 2048 5420 cut
2073 5370 2128 5416 et
2165 5356 2434 5430 superiori
2477 5367 2738 5421 nusquam
2781 5345 3056 5421 profectus
3093 5350 3196 5395 est.
3226 5335 3532 5430 Celebravit

1957 5461 2139 5508 autem
2186 5423 2420 5503 natalem
2468 5443 2679 5498 Domini
2727 5441 2780 5496 in
2833 5436 3000 5508 Aquis
3031 5430 3177 5498 villa,
3225 5437 3278 5484 et
3327 5423 3534 5499 pascha

1956 5541 2221 5599 similiter.

1570 5699 1805 5757 VARIA‘Z
1847 5695 2224 5756 LECTIONES

351 5819 396 5854 "
426 5818 573 5878 unxit
604 5817 656 5873 in
686 5833 826 5890 reges
857 5828 1023 5876 ατη..
1070 5828 1115 5873 ct
1159 5807 1460 5892 consecrare
1493 5817 1766 5886 disposuit,
1795 5813 1850 5869 cf
1853 5855 1863 5866 .
1890 5806 2194 5877 Clausulam
2215 5808 2280 5875 de
2303 5801 2708 5862 consecratione
2731 5814 2816 5870 ap.
2846 5796 3014 5866 Bouq.
3045 5802 3083 5849 t.
3108 5791 3173 5857 V,
3205 5806 3258 5873 p.
3288 5789 3338 5854 9,
3374 5785 3473 5850 10..
