3958 5392
214 397 303 455 53
819 411 821 416 ε
1385 383 1799 450 cunourcos.
1839 415 1909 428 _
1947 381 2060 440 AN.
2099 381 2332 439 ττι-πθ
2525 357 2529 360 ’
2709 339 2716 346 ’
2897 439 2902 443 .
3417 373 3500 434 ἐι

215 511 482 586 reliquit,
531 518 589 567 et
626 522 788 581 quam
837 507 998 566 citius
1025 507 1236 580 potuit,
1270 505 1493 579 Papiam
1543 505 1820 577 ingressus
1849 507 1892 567 Α
1924 497 2096 553 lentes
2154 497 2325 566 ripam
2371 493 2664 568 supradicti
2706 491 2944 551 ﬂuminis
2984 490 3311 552 defendere:
3347 497 3504 552 au-xi-‘

214 613 334 661 est.
373 603 491 659 Rex
523 609 703 658 autem
735 615 859 657 eum
887 600 1139 657 omnibus
1168 599 1460 656 auxiliante
1487 596 1735 661 Domino,
1761 600 1816 649 et
1919 594 2082 650 liante
2144 591 2372 649 Domino
2416 598 2472 647 et
2535 589 2760 646 Francis
2810 586 3213 646 decertantlbus
3237 629 3253 654 ,
3300 588 3517 662 fugatis-

213 695 596 754 intercedente
619 695 781 752 beato
823 693 985 750 Petro
1011 733 1024 759 ,
1059 691 1177 749 sine
1225 691 1445 748 laesione
1484 690 1693 745 Italiam
1726 687 1808 742 in-
1917 685 2246 751 Saxonibus,
2292 682 2488 738 Franci
2536 681 2724 737 ambas
2770 681 2918 752 ripas
2960 689 3401 751 occupaverunt.
3442 688 3520 759 θὶς

209 803 449 859 gressus
476 794 582 853 est,
625 795 681 842 et
725 801 848 842 cum
880 785 948 842 ad
984 785 1204 856 Papiam
1243 784 1593 858 pervenisset,
1646 784 1811 855 Desy-
1915 777 2067 832 multi
2135 775 2379 832 Saxones
2451 773 2618 830 occisi
2683 782 2827 829 sunt.
2873 774 3024 830 Tunc
3077 789 3195 840 rex,
3251 773 3514 832 dividens.

208 881 435 937 derium
477 879 803 935 intrinsecus
829 877 1133 934 latitantem
1162 878 1393 943 obsedit,
1428 877 1608 948 ibique
1631 876 1684 931 in
1713 892 1808 932 sua
1911 870 2208 926 exercitum
2239 910 2254 936 ,
2310 869 2540 939 sumpsit
2595 883 2776 924 secum
2846 878 3096 938 partem,
3150 869 3511 938 perrexitqne

205 983 406 1030 castra
457 970 751 1030 celebravit
799 968 1035 1026 natalem
1084 968 1335 1038 Domini,
1379 977 1436 1026 et
1497 970 1696 1040 pascha
1754 969 1806 1024 in

208 1063 418 1119 Roma.

283 1153 451 1211 Anno
501 1133 793 1212 Dominicis
822 1156 1212 1214 incarnationis
1242 1156 1346 1211 774
1374 1171 1468 1211 rex
1500 1156 1626 1212 dum
1657 1157 1710 1212 in
1739 1157 1803 1212 il-

203 1247 278 1304 lis
332 1247 584 1318 partibus
632 1263 731 1319 pro
759 1247 1066 1319 huiusmodi
1096 1247 1311 1320 negotio
1339 1261 1546 1302 moram
1579 1245 1804 1313 laceret,

207 1338 468 1396 Saxones
507 1340 795 1395 occasione
841 1348 1065 1410 accepta
1090 1379 1106 1406 ,
1152 1339 1466 1411 postpositis
1495 1353 1804 1395 sacramen-

1913 979 2081 1034 usque
2115 963 2182 1018 ad
2255 962 2557 1019 Obaccrum
2609 961 2869 1029 ﬂuvium,
2920 961 3012 1018 ubi
3088 976 3277 1019 omnes
3309 963 3497 1020 'orien-

1910 1053 2043 1109 tales
2092 1052 2334 1109 Saxones
2377 1051 2658 1108 venientes
2705 1067 2830 1107 cum
2879 1049 3178 1108 Hassinone
3216 1052 3353 1109 duce
3402 1067 3497 1109 eo-

1909 1158 2049 1210 rum,
2079 1143 2344 1198 dederunt
2377 1139 2592 1198 obsides
2619 1140 2772 1211 juxta
2803 1139 2948 1210 quod
2990 1138 3192 1211 placuit
3235 1141 3346 1213 regi
3376 1181 3391 1209 ,
3441 1149 3498 1196 et

1896 1233 2220 1304 juraverunt
2250 1242 2612 1290 sacramenta.
2647 1233 2825 1289 Simul
2866 1247 2931 1289 eo
2978 1242 3285 1288 revertente
3333 1246 3496 1290 vene-

1907 1336 2034 1383 runt
2075 1326 2325 1399 Angrarii
2368 1327 2419 1382 in
2452 1341 2590 1398 pago
2637 1325 2728 1396 qui
2761 1325 2959 1383 dicitur
3010 1323 3176 1379 Buclti
3226 1339 3332 1378 una
3368 1338 3492 1379 cum

205 1431 298 1498 us,
331 1431 390 1486 in
432 1430 628 1487 ﬁnibus
666 1430 997 1488 Francorum
1028 1431 1287 1504 impetum
1319 1431 1584 1499 fecerunt.
1616 1439 1670 1488 ει
1713 1446 1804 1486 us.
1901 1418 2154 1475 Brunone
2186 1419 2324 1474 duce
2367 1434 2576 1485 eorum,
2621 1427 2677 1474 et
2725 1418 2968 1474 fecerunt
3015 1415 3158 1473 sicut
3202 1411 3496 1474 orientale‘s

204 1538 316 1595 que
364 1522 438 1578 ad
469 1532 710 1580 castrum
739 1525 882 1595 quod
939 1525 1253 1581 nominatur
1297 1525 1601 1597 Buriaburg
1643 1539 1802 1581 vene-

207 1623 375 1680 runt;
419 1629 652 1684 quorum
696 1615 985 1671 adventum
1014 1615 1205 1673 incolae
1233 1616 1334 1672 loci
1367 1617 1798 1687 prresentientes,

1904 1509 2148 1566 Saxones
2186 1511 2450 1566 fecerant.
2499 1509 2710 1566 lnterea
2757 1525 2880 1568 cum
2924 1507 3152 1565 Francis
3193 1508 3286 1580 qui
3330 1522 3493 1578 super

1899 1598 2119 1654 ﬂuvium
2172 1597 2446 1655 Wisaram
2495 1607 2907 1665 remanserant,
2955 1597 3202 1654 Saxones
3255 1613 3490 1670 pugnam

211 1707 268 1762 in
307 1705 422 1776 jam
484 1707 686 1764 dictam
737 1709 1089 1766 munitionem
1134 1725 1192 1765 se
1245 1719 1587 1780 receperunt.
1631 1710 1789 1782 Igitur

1900 1689 2332 1758 commiserunt,
2383 1699 2458 1756 et,
2494 1691 2606 1746 Deo
2655 1690 2951 1762 largiente,
3007 1689 3206 1745 Franci
3260 1689 3489 1744 victoria

209 1813 331 1855 cum
365 1797 598 1869 praelata
625 1815 758 1872 gens
801 1801 1032 1857 saeviens
1061 1801 1318 1872 coepisset
1355 1800 1660 1858 forinsecus
1701 1801 1799 1856 vil-

1899 1782 2054 1852 potiti
2097 1790 2244 1847 sunt,
2281 1791 2337 1837 et
2367 1781 2551 1853 plures
2592 1798 2655 1837 ex
2689 1781 2994 1837 Saxonibus
3029 1780 3295 1837 interiecti
3343 1791 3489 1837 sunt.

203 1890 381 1946 larum
423 1892 650 1947 aedilicia
692 1907 1060 1960 concremare,
1101 1903 1364 1950 venerunt
1406 1894 1475 1950 ad
1523 1894 1796 1964 quandam
1828 1881 1873 1939 Β
1905 1873 2284 1964 Πίθοέωιίθηδ
2322 1888 2436 1964 τθξν
2470 1873 2664 1928 "crum
2709 1886 2870 1964 super
2903 1872 3152 1964 Saxones
3172 1885 3296 1964 cui"
3325 1887 3488 1928 exe"

198 1983 488 2041 basilicam
516 1985 568 2040 in
607 1985 730 2042 loco
759 1987 851 2057 qui
891 1987 1090 2044 dicitur
1113 1989 1425 2052 Friedislar,
1466 2005 1628 2060 quam
1673 2004 1798 2046 san-

193 2085 304 2134 cta:
337 2079 620 2134 memoriae
647 2079 956 2138 Bonifacius
999 2091 1208 2153 martyr
1231 2083 1605 2152 consecravit,
1632 2093 1795 2154 atque

193 2183 295 2238 per
322 2170 629 2240 prephetiae
681 2172 928 2242 spiritum
999 2175 1249 2245 praedixit
1324 2176 1468 2246 quod
1518 2191 1792 2247 nunquam

192 2257 459 2315 incendio
482 2269 838 2318 cremaretur.
866 2263 1160 2334 Cmperunt
1179 2275 1359 2321 autem
1385 2267 1595 2336 praelati
1624 2265 1794 2324 Saxo-

190 2364 294 2406 nes
318 2351 476 2406 omni
507 2351 808 2410 intentione
837 2365 1048 2412 certare
1089 2358 1349 2415 adversus
1391 2360 1618 2417 eandem
1647 2359 1792 2416 basi-

188 2442 390 2509 licam,
423 2446 880 2514 quemadmodum
917 2462 1039 2503 eam
1095 2465 1190 2519 per
1215 2451 1492 2519 quodlibet
1521 2452 1793 2521 ingenium

187 2534 326 2604 Igne
359 2549 610 2592 cremare
647 2537 970 2607 potuissent.
1003 2539 1072 2594 Et
1100 2540 1227 2596 dum
1269 2543 1384 2598 Iuno
1426 2552 1667 2615 agerent,
1701 2559 1794 2614 ap-

185 2634 507 2696 paruerunt
555 2627 878 2697 quibusdam
911 2631 1236 2688 Christianis
1278 2635 1370 2704 qui
1417 2637 1657 2691 eranLin
1705 2653 1795 2693 ca-

185 2713 378 2778 stello,
416 2714 577 2770 simul
614 2717 936 2786 quibusdam
961 2723 1186 2792 paganis
1214 2725 1304 2793 qui
1337 2725 1388 2779 iu
1419 2726 1606 2782 eodem
1635 2737 1793 2784 erant

185 2804 473 2872 exercitu,
505 2805 612 2862 duo
629 2805 858 2878 juvenes
894 2811 948 2866 in
994 2813 1131 2870 albis
1176 2816 1536 2884 vestimentis,
1568 2819 1659 2890 qui
1707 2821 1784 2890 ip-

191 2909 313 2950 sam
346 2895 634 2952 basilicam
665 2899 736 2954 ab
751 2900 872 2971 igne
898 2906 1268 2976 protegebant,
1297 2917 1352 2962 et
1373 2918 1657 2981 propterea
1682 2927 1790 2968 non

191 2991 495 3053 potuerunt
519 3001 694 3056 neque
727 2988 955 3048 interius
1002 3008 1177 3065 neque
1212 2997 1455 3055 exterius
1490 2999 1666 3072 ignem
1700 3017 1794 3058 ae-

192 3075 454 3131 cendere.
524 3075 734 3134 Interea
784 3090 918 3137 nutu
983 3083 1166 3142 divino
1231 3087 1536 3161 majestatis
1590 3107 1790 3163 pavore

193 3163 508 3233 perterriti,
559 3165 616 3220 in
646 3165 828 3239 fugam
859 3173 1108 3230 conversi
1135 3184 1262 3239 sunt
1286 3217 1302 3244 ,
1356 3181 1570 3237 nemine
1599 3198 1784 3253 perae-

1900 1961 2011 2016 eitu
2041 1961 2255 2017 irruens
2305 1959 2528 2016 multam
2561 1973 2796 2033 stragem
2826 1961 2973 2026 fecit,
3007 1969 3064 2016 et
3111 1959 3346 2032 przedam
3397 1975 3486 2017 co-

1898 2054 2104 2123 piosam
2125 2053 2270 2124 cepit
2293 2067 2455 2125 super
2479 2053 2850 2126 Westphalos,
2865 2062 2920 2110 et
2946 2055 3120 2110 coacti
3149 2054 3368 2111 obsides
3396 2055 3489 2111 de.

1897 2144 2111 2200 derunt.
2164 2144 2456 2202 Obsidibus
2491 2145 2674 2217 itaque
2704 2147 2957 2218 receptis,
2989 2154 3044 2202 et
3091 2147 3271 2218 przeda
3317 2146 3489 2203 multa

1897 2247 2076 2310 capta,
2105 2253 2199 2294 rex
2245 2239 2297 2294 in
2327 2237 2614 2294 Franciam
2639 2253 2918 2309 reversus,
2948 2239 3038 2294 ubi
3066 2239 3370 2295 nuntiatum
3400 2247 3487 2295 est

1896 2331 1969 2396 ei,
1993 2330 2134 2400 quod
2167 2329 2480 2401 Rotgaudus
2512 2330 2897 2401 Langobardus
2943 2339 3273 2402 postponens
3322 2329 3484 2386 {Idem

1897 2429 1952 2476 et
1989 2428 2331 2475 sacramenta
2363 2420 2623 2475 adversus
2652 2435 2775 2475 eum
2827 2420 3088 2477 rebellare
3137 2421 3481 2492 disponeret;

1898 2510 2080 2566 statim
2127 2510 2232 2566 Illis
2285 2511 2338 2565 in
2392 2509 2636 2581 partibus
2669 2511 2775 2566 iter
2809 2511 3060 2582 arripuit,
3089 2520 3143 2567 et
3189 2511 3494 2568 celebravit

1899 2601 2127 2657 natalem
2171 2602 2380 2659 Domini
2411 2602 2462 2658 in
2492 2603 2616 2658 villa
2655 2617 2775 2673 quae
2821 2603 3021 2658 dicitur
3070 2601 3397 2660 Sclesistadt
3426 2604 3504 2662 in,

1898 2695 2149 2750 Elisacio.
2858 2741 2860 2743 μ

1969 2783 2022 2858 ⁶[
2039 2784 2237 2839 Eodem
2265 2785 2306 2816 “
2334 2793 2566 2857 tempore
2601 2783 2830 2840 Venecia:
2857 2786 2968 2841 dua:
2992 2796 3202 2858 propter
3227 2785 3501 2842 inuidiam-1

1895 2883 1942 2927 et
1981 2873 2201 2929 insidias
2249 2872 2645 2945 aliquantorum
2682 2873 3050 2941 Venetiarum,
3103 2876 3289 2932 dantes
3330 2892 3480 2931 occa-

1893 2966 2092 3020 sionem
2116 2966 2186 3032 ei,
2217 2974 2274 3021 ut
2304 2965 2497 3023 Carolo
2523 2967 2632 3037 regi
2677 2964 2970 3022 Veneciam
3002 2968 3210 3023 tradere
3249 2967 3420 3032 vellet,
3447 2984 3506 3022 is.

1893 3055 2003 3110 suis
2025 3054 2322 3110 hominibus
2353 3055 2406 3087 ἀ
2439 3065 2622 3126 captus
2649 3065 2750 3122 est,
2775 3065 2824 3112 et
2863 3055 3368 3129 Constantinopolim
3409 3060 3480 3112 ad

1895 3145 2296 3202 Constantinum
2317 3147 2683 3219 imperatorem
2705 3148 2760 3202 in
2777 3147 2991 3202 exilium
3014 3151 3353 3204 transmissus
3379 3160 3472 3205 est.

193 3263 422 3325 quente.
473 3237 732 3316 Inventus
757 3270 941 3318 autem
968 3273 1053 3322 est
1080 3237 1266 3337 postea
1287 3237 1435 3329 unus
1482 3289 1546 3330 ex
1579 3237 1784 3334 eisdem
1816 3261 1859 3323 (ἶ
1897 3237 2069 3337 gmw}
2099 3255 2216 3337 ,κη’
2256 3239 2408 3337 “in”.
2434 3240 2737 3337 .‘im’uffa'or.
2781 3239 3060 3312 dmgenm
3101 3243 3379 3314 “quirem
3427 3252 3481 3298 τι

196 3344 516 3442 Saxonibus
550 3362 797 3411 mortuus
813 3354 973 3426 juxta
1001 3359 1172 3431 ipsam
1195 3362 1494 3434 basilicam,
1524 3367 1679 3426 ﬂexis
1699 3386 1790 3442 ge-

193 3437 375 3534 nibus,
435 3442 666 3500 acclinis
693 3460 856 3515 supra
905 3449 1089 3520 pedes,
1119 3452 1326 3511 habens
1355 3455 1536 3527 ignem
1565 3469 1622 3516 et
1644 3437 1788 3534 ligna

194 3529 247 3586 in
276 3534 562 3601 manibus,
589 3544 646 3591 et
688 3538 834 3594 velut
859 3555 954 3597 ore
982 3541 1138 3600 ﬂaret
1166 3545 1338 3615 ipsam
1368 3548 1648 3608 basilicam
1678 3529 1790 3610 ere-

196 3631 462 3680 maturus.
506 3625 642 3682 Dum
676 3628 794 3686 haec
819 3642 1054 3705 aguntur
1077 3675 1093 3701 ,
1143 3636 1368 3696 Carolus
1409 3657 1438 3696 a
1493 3643 1662 3699 Roma
1698 3662 1786 3702 re-

198 3724 386 3771 versus
434 3716 588 3772 venit
639 3717 856 3789 Papiam
889 3761 904 3787 ,
959 3722 1241 3796 ipsamque
1287 3728 1564 3786 civitatem
1617 3736 1788 3791 armis

199 3805 359 3875 cepit,
414 3807 642 3878 insuper
677 3810 1030 3884 Desyderium
1087 3831 1268 3888 regem
1306 3833 1429 3875 cum
1475 3837 1642 3879 uxore
1690 3841 1785 3880 sua

199 3901 254 3948 et
298 3894 432 3963 ﬂlia,
467 3913 802 3972 omnemque
849 3903 1162 3962 thesaurum
1203 3908 1433 3980 palatii,
1479 3913 1662 3984 ibique
1692 3932 1784 3973 ve-

203 3983 414 4045 nientes
460 4005 658 4048 omnes
708 3993 1049 4066 Langobardi
1103 3999 1171 4056 de
1218 4002 1428 4060 cunctis
1476 3983 1787 4065 civitatibus

201 4079 389 4151 Italia,
437 4086 560 4157 ejus
609 4104 668 4146 se
697 4091 1052 4150 subdiderunt
1099 4095 1473 4155 dominationi.
1503 4101 1786 4174 Adalgisns

201 4185 326 4228 vero
372 4175 517 4233 lilius
546 4178 828 4251 Desyderil
857 4183 1018 4254 regis,
1049 4183 1171 4256 luga
1197 4185 1379 4257 lapsus
1407 4205 1558 4245 mare
1609 4193 1785 4249 intro-

203 4263 316 4334 ivit,
345 4279 401 4325 et
439 4269 970 4346 Constantinopolim
1012 4281 1270 4349 perrexit.
1319 4282 1548 4342 Carolus
1595 4289 1780 4360 subju-

203 4368 322 4426 gata
383 4362 537 4420 Italia
587 4377 646 4421 et
689 4367 958 4436 ordinata,
989 4373 1287 4430 custodiam
1339 4375 1674 4436 Francorum
1730 4383 1782 4438 in

207 4443 362 4519 Papia
399 4454 682 4514 dimittens
706 4473 828 4516 cum
861 4477 1058 4536 magno
1087 4465 1359 4538 triumpho
1396 4470 1450 4525 in
1494 4470 1781 4529 Franciam

207 4550 448 4634 reversus
487 4556 605 4614 est;
657 4559 714 4606 et
747 4567 870 4608 cum
899 4555 1136 4612 venisset
1159 4557 1216 4613 in
1263 4558 1439 4617 locum
1463 4563 1556 4634 qui
1584 4564 1782 4622 dicitur

210 4624 603 4704 Hengilinheim
624 4681 640 4708 ,
686 4644 835 4701 misit
860 4655 1093 4717 quatuor
1119 4665 1303 4708 scaras
1341 4653 1396 4709 in
1435 4624 1729 4714 saxoniam
1764 4674 1778 4713 :

211 4724 316 4777 tres
387 4741 622 4801 pugnam
685 4749 809 4790 cun
888 4736 1194 4798 Saxonibus
1244 4743 1500 4812 inierunt,
1557 4756 1614 4804 et
1675 4751 1784 4806 Deo

213 4814 499 4878 auxiliante
563 4824 802 4884 victores
858 4830 1182 4901 extiterunt;
1220 4845 1414 4905 quarta
1452 4854 1582 4896 vero
1627 4857 1781 4899 scara

215 4915 314 5003 non
341 4908 524 5003 habuit
552 4931 810 4989 pugnam,
838 4923 933 4980 sed
958 4935 1114 4996 capta
1150 4929 1332 4998 prtuda
1366 4944 1560 5003 magna
1601 4949 1788 4991 rever-

215 5002 256 5046 ει
281 5007 402 5056 sunt
428 5002 480 5059 in
507 5005 821 5080 Franciam,
870 5023 928 5070 et
956 5015 1250 5073 celebravit
1275 5035 1368 5076 rex
1417 5002 1649 5080 natalem
1679 5024 1784 5080 Do-

218 5085 340 5143 mini
368 5090 420 5146 in
449 5095 741 5172 Carisiaco,
768 5115 823 5162 et
844 5108 1047 5178 pascha
1075 5111 1346 5167 similiter.

283 5195 432 5302 Anno
459 5205 745 5271 Dominicm
765 5217 1152 5278 incarnationis
1169 5223 1274 5278 775
1295 5239 1388 5279 rex
1413 5226 1598 5283 habuit
1619 5245 1780 5302 syno-

223 5283 337 5343 dum
365 5293 413 5347 in
435 5299 556 5390 villa
581 5319 697 5374 quae
745 5311 942 5368 dicitur
1004 5313 1192 5381 Duria,
1223 5325 1278 5370 et
1315 5316 1438 5372 inde
1487 5283 1777 5374 Saxoriiam

1893 3329 2260 3399 fraudulentas
2303 3332 2526 3388 insidias
2560 3331 2893 3389 Venetiarum
2921 3345 3102 3406 aperte
3137 3353 3472 3408 cognoscens,

1889 3420 2101 3477 illorum
2147 3423 2500 3480 incusationes
2539 3442 2634 3493 pro
2675 3426 2868 3481 nichilo
2912 3427 3102 3494 duxit,
3154 3439 3202 3484 et
3254 3431 3474 3485 eundem

1891 3510 2074 3565 ducem
2098 3512 2471 3584 Anlhipatrum
2493 3517 2708 3586 patricii
2724 3516 2868 3586 fecit.
2897 3515 3060 3584 Quem
3085 3536 3204 3574 cum
3233 3520 3402 3592 legato
3426 3530 3474 3575 et

1889 3601 2108 3670 epistola
2141 3619 2239 3657 sua
2267 3603 2338 3657 ad
2388 3603 2655 3659 Venetiam
2683 3607 2904 3674 remisit,
2939 3618 2987 3661 et
3020 3609 3074 3663 in
3114 3611 3329 3680 propria
3355 3611 3475 3664 sede

1889 3708 2006 3746 eum
2033 3692 2413 3749 honorabiliter
2439 3696 2685 3750 restituit.
2719 3696 2860 3752 Nam
2908 3708 3023 3770 post
3070 3709 3288 3755 mortem
3333 3699 3473 3770 ejus-

1889 3781 2006 3836 dem
2045 3779 2376 3839 Constantini
2405 3787 2646 3856 prwdicti
2687 3788 2901 3845 rebelles
2941 3789 3127 3844 ducem
3177 3791 3475 3849 interimere

1889 3873 2232 3930 conabantur.
2285 3874 2521 3942 Quorum
2564 3880 2839 3957 consilium
2873 3882 2984 3937 dux
3014 3885 3322 3955 procaciter
3338 3903 3472 3957 prir-

1889 3961 2084 4028 videns,
2114 3961 2370 4035 Nicoforo
2393 3956 2700 4037 imperatori
2734 3971 2860 4029 ilico
2906 3973 3267 4029 nunciandum
3296 3977 3472 4042 misit;

1888 4052 2306 4110 animadvertens
2355 4065 2530 4111 autem
2582 4060 2868 4130 imperator
2907 4063 3004 4118 hoc
3053 4064 3301 4134 facinus,
3350 4081 3472 4122 mox

1892 4143 2133 4200 Nicetam
2158 4148 2438 4216 patricium
2483 4151 2552 4204 ad
2588 4151 2999 4223 investigandum
3038 4171 3254 4210 causam
3288 4158 3342 4212 in
3376 4156 3470 4214 Ve—

1889 4238 2079 4291 netiam
2115 4238 2288 4304 misit;
2310 4243 2399 4311 qui
2423 4241 2516 4294 illo
2544 4243 2767 4308 veniens,
2805 4245 3084 4314 patefactis
3107 4247 3272 4317 culpis
3291 4289 3306 4314 ,
3335 4249 3469 4304 duo-

1887 4326 2053 4380 decim
2090 4343 2154 4382 επ
2187 4327 2293 4383 illis
2340 4329 2519 4398 inﬁdis
2563 4334 2985 4402 comprehendit;
3018 4353 3146 4407 quos
3183 4354 3359 4393 secum
3387 4356 3468 4394 re-

1886 4417 2079 4472 ducens
2119 4417 2276 4487 jussu
2326 4420 2657 4490 imperatoris
2708 4423 2764 4478 in
2806 4426 3129 4496 ergastulum
3183 4443 3301 4482 cum
3359 4431 3468 4484 vita

1885 4506 2182 4562 destinavit.
2225 4507 2304 4583 7.]

1817 4611 1862 4670 ι)
1955 4600 2113 4654 Αηηο
2159 4599 2453 4660 Dominicae
2509 4605 2902 4665 incarnationis
2949 4607 3054 4664 776
3107 4608 3333 4667 Carolus
3378 4625 3476 4667 rex

1887 4687 2092 4745 Italiam
2133 4690 2449 4764 ingressus,
2505 4695 2974 4768 Forojulianorum
3023 4707 3211 4770 partes
3261 4701 3472 4771 petivit,

1887 4777 2226 4851 Rotgaudum
2277 4784 2532 4841 rebellem
2580 4797 2800 4860 captant
2844 4789 3097 4845 decollari
3141 4790 3345 4862 jussit,
3404 4794 3474 4849 ad

1887 4868 2192 4924 Tarvisium
2218 4871 2496 4931 civitatem
2531 4878 2694 4942 venit,
2721 4878 2902 4950 ibique
2931 4881 3128 4948 pascha
3155 4883 3472 4948 celebravit,

1887 4971 1942 5017 et
1963 4961 2228 5018 ordinatis
2273 4966 2457 5034 rebus,
2490 4968 2764 5026 derelictis
2791 4971 3104 5027 custodibus
3132 4988 3200 5028 ex
3242 4971 3474 5030 Francis
3520 4961 3524 4967 ’
3567 5012 3582 5024 -

1891 5052 1942 5107 ἰη
1967 5052 2278 5111 civitatibus
2301 5071 2422 5128 qua:
2448 5059 2711 5118 adversus
2735 5077 2859 5119 eum
2891 5075 3197 5129 senserant,
3225 5063 3278 5117 in
3307 5063 3478 5122 Fran-

1889 5145 2028 5198 ciam
2051 5158 2172 5199 eum
2196 5149 2554 5218 prosperitate
2577 5165 2827 5210 reversus
2846 5161 2949 5210 est.
2974 5151 3186 5208 Interea
3210 5152 3477 5223 Saxones,
3499 5213 3507 5222 _

1889 5233 2102 5306 cognita
2158 5235 2398 5293 absentia
2455 5240 2635 5312 regis,
2685 5258 2834 5298 more
2870 5242 3030 5297 solito
3078 5243 3252 5312 ruptis
3281 5258 3473 5300 sacra-

1891 5325 2086 5366 ntonlic
2137 5325 2188 5368 in
2244 5343 2406 5374 ηηιιιη
2460 5331 2760 5376 ιιηιισΙΛΙισιιῖ
2834 5332 3176 5374 ΙΙριιμοΙηιι-σιι
3237 5340 3476 5370 ρειαί-ιπηι-
