4010 6438
705 418 777 432 λσ-ε

422 429 551 498 ’55

1591 427 1959 504 REGINONIS
1991 428 2043 502 Ρ]

2151 401 2409 503 mENsns
2448 436 2740 504 taenis
3674 442 3748 506 se

477 534 1108 620 pneberent,-macltinas
1147 563 1476 625 praeparant,
1511 545 1868 615 munitionem
1913 558 2060 616 obsi-
2085 563 2135 625 Α
2163 575 2289 615 nam
2344 561 2532 617 urbem
2566 562 2824 631 perrexit,
2857 554 2948 617 ubi
2997 557 3408 620 innumerabilis
3449 563 3740 622 multitudo

478 643 642 698 dione
666 643 908 727 cingunt,
933 655 992 700 et
1031 648 1258 704 summis
1280 648 1488 705 viribus
1533 658 1765 716 certant,
1797 651 1892 706 sed
1929 638 2070 705 nihil

475 732 785 804 proﬂciunt.
814 736 1264 810 Quadam-itaque
1296 739 1384 796 die
1431 756 1554 798 cum
1595 742 1792 797 iterum
1825 744 2065 800 redivivo

478 828 780 885 certamine
825 830 1024 888 bellum
1076 845 1400 905 parassent,
1448 838 1699 910 apparuit
1744 839 1913 908 gloria
1965 841 2061 896 Dei

471 918 763 977 manifeste
809 938 970 993 supra
1026 924 1246 982 domum
1281 928 1564 998 ecclesiae,
1613 946 1735 1001 qua:
1764 941 1883 986 erat
1924 932 2064 988 infra

471 1008 651 1079 ipsum
682 1022 921 1069 castrum
946 1055 962 1081 ,
1015 1016 1322 1075 videntibus
1351 1019 1562 1087 multis,
1604 1029 1714 1076 tam
1739 1009 2064 1078 Christianis

475 1115 643 1176 quam
673 1107 933 1184 paganis.
963 1107 1100 1164 Nam
1147 1112 1254 1166 duo
1301 1122 1454 1168 scuta
1484 1125 1854 1184 apparuerunt
1898 1127 2074 1187 supra

470 1190 753 1261 praefatam
785 1195 1064 1253 basilicam
1103 1200 1397 1273 sanguineo
1421 1201 1603 1258 colore
1636 1201 1986 1272 ﬂammantia,
2008 1215 2064 1261 et

471 1283 620 1339 velut
658 1287 716 1341 in
735 1289 933 1359 pradio
962 1293 1282 1361 quibusdam
1305 1296 1539 1352 motibus
1566 1297 1856 1369 agitantia.~
1878 1299 2063 1369 Itaque

469 1375 795 1447 pagani-hoc
821 1379 1032 1451 signum
1063 1383 1389 1453 aspicientes
1412 1427 1429 1452 ,
1468 1386 1664 1443 timore
1693 1396 1746 1444 et
1771 1387 2061 1446 formidine

470 1465 836 1536 repleti-mox
873 1472 926 1525 in
965 1470 1150 1543 fugam
1181 1476 1429 1532 conversi
1457 1486 1622 1554 sunt,
1669 1487 1723 1534 et
1749 1479 1804 1533 in
1851 1488 2059 1536 tantam

469 1558 760 1613 amentiam
790 1561 1143 1630 devenerunt,
1174 1574 1263 1633 ut,
1282 1566 1485 1623 strictis
1513 1567 1735 1640 gladiis,-
1754 1571 1955 1626 mutuis
2002 1585 2061 1628 se

470 1649 648 1706 armis
675 1651 1050 1710 confoderent.
1107 1657 1323 1725 Quanto
1377 1676 1508 1717 vero
1563 1661 1640 1716 illi
1688 1662 1808 1734 plus
1857 1679 2060 1734 pavore

465 1744 752 1811 perterriti
772 1744 1053 1818 fugerunt,
1073 1753 1415 1825 tanto-magis
1441 1753 1740 1811 ChriStiani
1765 1757 2056 1813 confortati

470 1835 900 1906 omnipotentem
930 1839 1225 1899 Dominum
1262 1844 1578 1914 laudabant,
1609 1849 1700 1918 qui
1729 1849 1904 1905 salvos
1929 1851 2058 1907 facit

2163 650 2229 705 de
2259 650 2504 720 partibus
2550 647 2875 722 B'urgundiae
2903 660 2960 706 et
3011 652 3310 708 Austrasiaa
3358 655 3440 709 vel
3485 654 3742 726 Bajoaria!

2164 755 2258 796 seu
2281 739 2581 796 Provincia:
2602 750 2657 796 et
2689 740 3054 812 Septimanitc,
3076 758 3205 813 pars
3231 744 3397 799 etiam
3423 742 3744 816 Langobar‘

2164 826 2356 887 dorum
2389 831 2443 886 in
2485 833 2745 888 auxilium
2795 832 3130 890 Francorum
3167 845 3556 890 convenerunt.
3587 835 3747 893 Obsi-

2163 924 2324 980 dione
2349 924 2529 996 itaque
2551 926 2728 982 cincta
2749 926 2966 982 civitate
2988 927 3160 981 territi
3195 925 3504 992 Sarraceni,
3528 928 3746 984 obsides

2164 1014 2426 1072 dederunt
2460 1027 2516 1073 et
2547 1016 2870 1072 immensum
2919 1016 3131 1087 pondus
3159 1018 3300 1072 auri.
3331 1016 3530 1087 Ejectis
3564 1019 3747 1088 itaque

2164 1105 2483 1162 Sarracenis
2511 1107 2576 1162 de
2602 1107 2937 1178 Pampilona,
2964 1109 3243 1177 murisque
3279 1108 3521 1178 ejusdem
3557 1108 3749 1164 civita-

2163 1198 2232 1255 tis
2263 1201 2474 1267 dirutis,
2504 1191 2950 1257 Va'sconibusaue
2991 1197 3316 1271 subiugatis.
3341 1201 3400 1256 in
3456 1200 3749 1257 Franciam

2164 1293 2473 1347 revertitur.

2235 1382 2440 1438 Interea
2501 1381 2746 1439 Saxones
2797 1384 3078 1439 audientes
3147 1383 3290 1451 quod
3343 1381 3572 1438 Carotus
3617 1394 3749 1439 cum

2160 1463 2386 1529 Francis
2412 1483 2521 1529 tam
2549 1473 2709 1546 longa
2741 1481 3008 1530 terrarum
3039 1475 3224 1545 spacia
3255 1474 3324 1530 ab
3365 1475 3444 1528 eis
3475 1482 3620 1529 esset
3653 1489 3748 1529 see

2159 1577 2401 1637 paratus,
2444 1567 2705 1622 suadente
2743 1567 3089 1624 Widichindo
3130 1568 3427 1624 secundum
3456 1577 3751 1623 consueti»

2162 1651 2341 1712 dinem
2374 1657 2570 1712 iterum
2606 1657 2848 1714 rebellati
2877 1667 3023 1724 sunt,
3055 1666 3109 1713 et
3141 1658 3208 1714 ad
3235 1657 3456 1712 Duriam
3482 1668 3747 1724 castrum,

2160 1746 2300 1816 quod
2344 1745 2580 1802 Coloniae
2623 1747 2833 1803 civitati
2869 1748 3180 1820 contiguum
3225 1755 3330 1814 est,
3371 1763 3544 1820 usque
3583 1763 3755 1805 vena

2161 1847 2307 1902 runt,
2340 1838 2607 1904 (aedibus,
2638 1839 2842 1910 rapinis
2869 1848 2924 1893 et
2951 1838 3216 1894 incendiis
3241 1838 3421 1892 omnia
3460 1838 3754 1894 devastana

467 1937 750 1997 sperantes
772 1931 826 1986 in
859 1947 937 1988 se.
971 1934 1050 1990 Ex
1081 1937 1343 2006 przcdicto
1369 1939 1534 2010 igitur
1581 1940 1698 1996 loco
1735 1957 1856 1997 cum
1903 1953 2043 1998 tanta

2161 1938 2260 1984 tes.
2291 1929 2443 1996 Quod
2488 1941 2612 1985 cum
2662 1930 2968 1984 nuntiatum
3022 1937 3165 1985 esset
3205 1929 3316 2000 regi
3374 1929 3664 1985 revertenti
3691 1937 3751 1984 et

464 2016 780 2076 confusione
810 2021 1183 2093 discedentes,
1202 2037 1467 2084 venerunt
1513 2031 1581 2086 ad
1626 2031 1769 2086 aliud
1811 2041 2051 2088 castrum

465 2109 609 2176 quod
647 2110 948 2181 appellatur
978 2114 1296 2188 Desuburgb
1342 2117 1477 2190 (.15),
1509 2120 1600 2175 ubi
1647 2120 1934 2176 voluerunt
1981 2124 2054 2178 si-

464 2199 665 2256 militer
701 2201 914 2269 facere;
941 2206 1063 2272 sed,
1111 2207 1223 2264 Deo
1246 2211 1544 2268 auxiliante
1584 2210 1919 2284 Francisque
1974 2213 2054 2270 eis

463 2291 698 2347 viriliter
742 2298 1215 2367 repugnantibus,
1241 2301 1376 2357 nihil
1415 2304 1833 2374 praWaluerunt.
1887 2305 2052 2377 Oppi-

462 2381 590 2437 dani
627 2399 761 2463 vero
779 2390 1056 2456 persecuti
1074 2399 1200 2446 sunt
1226 2407 1321 2448 eos
1355 2409 1526 2464 usque
1560 2396 1626 2450 ad
1669 2396 1866 2451 ﬂumen
1904 2397 2048 2467 quod

461 2471 630 2544 Lippa
657 2475 876 2543 dicitur,
907 2487 964 2533 et
987 2480 1189 2538 multos
1226 2498 1294 2539 ex
1317 2484 1831 2541 eis-interfecerunt.
1860 2487 2048 2558 Itaque

460 2580 559 2621 rex
585 2567 944 2626 Wormatiam
971 2573 1225 2642 veniens,
1248 2577 1511 2648 synodum
1554 2578 1920 2650 placitumque
1945 2596 2048 2651 pu-

460 2657 660 2715 blicum
692 2663 764 2717 ibi
795 2665 987 2732 tenuit,
1016 2676 1091 2733 et,
1119 2668 1348 2725 concilio
1383 2669 1580 2736 soluto,
1619 2687 1743 2726 mox
1773 2671 2047 2729 Saxonum

456 2747 611 2805 ﬁnes
639 2755 977 2821 penetravit,
1007 2767 1062 2811 et
1094 2758 1238 2812 velut
1285 2759 1474 2831 ingens
1517 2768 1810 2831 tempestas
1861 2764 2044 2820 omnia

459 2847 1146 2910 prosternit,*munitiones
1187 2853 1459 2922 irrumpit;
1489 2852 1734 2910 Saxones
1772 2855 2044 2924 perterriti

455 2933 527 2986 ad
552 2933 726 2990 locum
756 2937 846 2992 ubi
874 2937 1040 3009 Lippa
1063 2941 1236 2996 oritur
1248 2943 1623 3008 venerunt,ibi
1648 2959 1706 3000 se
1719 2952 1769 2998 et
1787 2960 1936 2999 suam
1953 2961 2046 3015 pa-

457 3023 619 3078 triam
649 3026 761 3097 regi
794 3028 1151 3096 tradiderunt,
1177 3039 1234 3085 et
1264 3033 1668 3102 spoponderunt
1695 3047 1754 3089 se
1780 3033 2046 3090 Christia-

458 3129 558 3169 nos
585 3129 708 3170 esse
736 3116 953 3173 debere.
983 3119 1136 3176 Tunc
1165 3137 1261 3177 rex
1283 3139 1389 3178 una
1421 3139 1544 3179 cum
1572 3123 1798 3180 Francis
1833 3137 2046 3182 restau-

451 3208 602 3284 ravit
631 3208 978 3284 Heresburgh
1027 3222 1267 3268 castrum
1310 3223 1366 3270 et
1411 3215 1556 3270 aliud
1587 3226 1823 3272 castrum
1878 3233 2042 3289 super

2151 2018 2265 2089 jam
2325 2023 2687 2077 commoranti
2735 2020 3084 2077 Autisiodoro
3128 2019 3356 2086 civitati,
3407 2019 3556 2074 misit
3602 2020 3748 2075 idem

2115 2123 2122 2128 '
2155 2113 2405 2184 princeps
2453 2128 2663 2168 scaram
2707 2129 2870 2168 unam
2899 2127 2969 2167 ex
2998 2111 3189 2167 electis
3224 2111 3380 2174 viris,
3409 2125 3529 2181 qua:
3552 2125 3747 2166 eorum

2155 2203 2426 2259 violentiae
2469 2205 2765 2260 resisteret.
2798 2204 3043 2260 Saxones
3073 2204 3356 2258 audientes
3398 2203 3748 2258 incolumitas

2157 2301 2263 2347 tem
2321 2294 2464 2365 regis
2492 2302 2547 2348 et
2595 2295 2890 2349 adventum
2931 2294 3291 2359 Francorum,
3318 2293 3370 2348 in
3401 2293 3584 2363 fugam
3613 2307 3750 2349 conv

2153 2383 2294 2438 versi
2320 2392 2474 2448 sunt;
2523 2398 2660 2453 quos
2683 2383 2879 2439 Franci
2907 2397 2939 2438 c
2965 2383 3192 2454 vestigio
3237 2394 3547 2454 sequentes,
3583 2400 3746 2455 repe-

2153 2480 2341 2525 rerunt
2362 2485 2460 2526 eos
2485 2486 2648 2542 super
2667 2470 2886 2526 ﬂuvium
2920 2471 3074 2540 cujus
3099 2473 3424 2528 vocabulum
3461 2482 3545 2528 est
3564 2473 3747 2529 Adar-

2153 2576 2243 2625 na,
2275 2560 2327 2614 in
2359 2560 2478 2615 loco
2530 2561 2622 2630 qui
2667 2562 2867 2616 dicitur
2893 2561 3109 2630 Lihesi;
3151 2565 3240 2620 ubi
3272 2581 3448 2636 pugna
3475 2573 3652 2634 empta
3685 2574 3747 2621 et

2153 2649 2324 2715 ﬁnita,
2349 2650 2546 2706 Franci
2577 2652 2875 2708 auxiliante
2900 2653 3130 2710 Domino
3153 2656 3388 2712 victores
3414 2657 3740 2724 extiterunt,

2149 2752 2204 2797 et
2243 2743 2531 2798 multitudo
2558 2743 2834 2799 Saxonum
2871 2756 2954 2801 est
2985 2743 3054 2802 ibi
3091 2748 3288 2803 occisa.
3324 2748 3391 2802 Et
3445 2748 3743 2803 celebravit

2149 2849 2243 2889 rex
2266 2834 2498 2890 natalem
2523 2835 2733 2890 Domini
2762 2836 2813 2890 in
2838 2835 3145 2893 Heristellio
3164 2847 3220 2893 et
3240 2840 3438 2909 pascha
3465 2838 3739 2894 similiter.

2218 2926 2379 2982 Anno
2406 2927 2700 2983 Βοιιιίιιὶεςε
2729 2928 3119 2986 incarnationis
3166 2930 3269 2986 779
3302 2929 3530 2987 Carolus
3572 2932 3729 2987 venit

2151 3018 2204 3074 in
2240 3019 2451 3087 villam,
2501 3035 2621 3089 qua:
2647 3020 2847 3075 dicitur
2879 3020 3293 3092 Compendium,
3327 3022 3416 3076 ubi
3452 3037 3512 3077 se
3538 3021 3737 3076 obtulit

2150 3110 2547 3167 Hildebrandus
2579 3109 3048 3184 [Spoletanorum]
3102 3112 3209 3166 dux
3243 3126 3363 3166 cum
3396 3111 3734 3177 muneribus,

2147 3205 2373 3276 ejusque
2406 3199 2758 3260 dominationi
2798 3220 2858 3260 se
2889 3206 3144 3260 subdidit.
3171 3205 3371 3262 Eodem
3402 3220 3544 3260 anno
3571 3220 3735 3278 syno-

454 3297 703 3370 ιῖρρεηη,
727 3301 815 3356 ubi
837 3303 1114 3360 venientes
1137 3304 1382 3362 Samncs
1415 3323 1520 3362 una
1544 3323 1666 3362 cum
1703 3309 1962 3366 υςοτίιηιε
1985 3319 2041 3366 ει
2069 3297 2114 3360 C
2145 3295 2271 3350 dum
2298 3295 2471 3352 tenuit
2491 3295 2544 3350 in
2563 3295 2751 3358 Duria,
2777 3303 2835 3350 et
2857 3305 2978 3366 post
2999 3297 3115 3352 hzec
3137 3295 3428 3353 Saxoniam
3457 3300 3735 3370 ingressus

453 3389 694 3459 parvulis
738 3391 1153 3470 innumerabilis
1185 3396 1475 3453 multitudo
1523 3399 1779 3469 baptizati
1812 3410 1938 3456 sunt
1985 3402 2039 3459 in

455 3480 674 3535 nomine
700 3491 903 3538 sanctae
931 3483 1236 3542 Trinitatis.
1278 3486 1526 3545 Postharc
1553 3489 1770 3547 obsides
1808 3503 2041 3562 quantos

447 3583 550 3625 rex
580 3572 808 3642 expetiit
846 3575 1147 3645 dederunt;
1209 3578 1523 3635 reformatis
1563 3592 1743 3637 autem
1801 3585 2040 3640 castellis

454 3659 827 3732 custodiisque
862 3663 1156 3735 dispositis,
1193 3667 1421 3724 Carolus
1462 3671 1514 3726 in
1546 3671 1832 3728 Franciam
1860 3690 2041 3731 rever-

455 3753 612 3818 titur,
642 3761 699 3808 et
722 3753 1020 3812 celebravit
1045 3760 1278 3816 natalem
1302 3761 1518 3818 Domini
1553 3762 1608 3817 in
1642 3763 1952 3821 Heristcllio
1984 3776 2039 3823 ct

453 3849 657 3916 pascha
690 3849 743 3904 in
773 3850 1127 3924 Noviomago.

519 3939 681 3997 Anno
711 3942 1005 3999 Dominicae
1052 3930 1445 4002 incarnationis
1477 3947 1579 4002 777
1621 3962 1716 4004 rex
1744 3947 2036 4005 Saxoniam

452 4031 732 4104 ingressus
753 4035 1009 4107 placitum
1049 4037 1222 4092 tenuit
1247 4037 1300 4092 in
1324 4038 1444 4094 loco
1464 4037 1556 4109 qui
1586 4038 1784 4094 dicitur
1805 4038 2038 4095 Padres-

445 4121 686 4193 brunna,
719 4127 808 4183 ubi
858 4142 1050 4185 omnes
1074 4127 1320 4186 Saxones
1369 4139 1765 4196 convenerunt,
1804 4141 2034 4202 excepto

449 4211 820 4285 Witicbindis,
871 4220 962 4290 qui
993 4236 1114 4275 cum
1145 4223 1334 4292 paucis
1363 4222 1671 4279 Saxonibus
1709 4223 1764 4278 in
1791 4224 2035 4294 partibus

448 4309 818 4368 Nortmannim
845 4314 1106 4386 confugit.
1132 4315 1189 4370 ln
1212 4317 1402 4372 eodem
1430 4316 1593 4372 etiam
1623 4316 1744 4372 ioco
1768 4327 2035 4373 venerunt

449 4401 742 4458 Sarracen‘i
782 4404 848 4459 dc
889 4405 1136 4474 partibus
1171 4405 1468 4477 Hispaniae,
1496 4422 1728 4476 quorum
1761 4409 1876 4464 haec
1907 4415 2034 4463 sunt

447 4493 690 4560 nomina,
731 4494 901 4560 lbina,
953 4494 1149 4551 Larabi
1214 4507 1269 4553 et
1315 4497 1455 4553 filius
1505 4498 1760 4560 Devitefi,
1805 4499 1894 4570 qui
1918 4500 2029 4569 jam

434 4583 651 4656 Ioseph
695 4587 1100 4653 nominabatur,-
1123 4599 1179 4644 et
1206 4603 1371 4659 gener
1413 4588 1549 4658 ejus,
1577 4591 1667 4645 ubi
1696 4589 1864 4645 etiam
1894 4590 2031 4646 mul-

2150 3401 2318 3457 usque
2347 3388 2416 3442 ad
2453 3386 2676 3458 Lippam
2704 3389 2868 3444 venit.
2900 3389 3090 3444 Conati
3123 3398 3250 3445 sunt
3278 3384 3456 3446 autem
3489 3390 3734 3447 Saxones

2145 3478 2398 3534 resistere
2421 3477 2477 3533 in
2507 3478 2628 3533 loco
2651 3479 2744 3549 qui
2779 3479 2977 3534 dicitur
3005 3479 3267 3546 Buochol,
3298 3481 3392 3536 sed
3421 3480 3553 3535 nihil
3587 3496 3726 3551 prae-

2142 3570 2449 3626 valuerunt.
2474 3570 2675 3640 Aperta
2697 3579 2879 3626 autem
2907 3572 2990 3626 via
3023 3571 3387 3628 Westfaluvos
3412 3572 3732 3645 subjugave-

2147 3673 2276 3718 runt
2307 3670 2362 3718 et
2386 3677 2582 3719 omnes
2610 3661 2858 3719 Saxones
2883 3663 2974 3733 qui
3006 3662 3147 3718 ultra
3178 3664 3448 3720 Wisaram
3491 3678 3733 3734 commo-

2141 3755 2420 3810 rabantur.
2473 3754 2712 3809 Veniens
2749 3763 2930 3809 autem
2983 3769 3078 3811 rex
3121 3755 3176 3810 in
3218 3754 3338 3810 loco
3370 3756 3460 3825 qui
3505 3765 3731 3811 vocatur

2147 3844 2436 3912 ﬂedofulli,
2469 3847 2674 3915 accepit
2716 3846 2934 3902 obsides
2968 3857 3026 3902 et
3057 3857 3396 3904 sacramenta
3436 3863 3465 3902 a
3495 3846 3731 3904 Saxoni-

2139 3934 2270 3999 bus,
2297 3935 2388 4006 qui
2439 3935 2507 3990 ab
2531 3951 2596 3991 eo
2617 3934 2950 4003 defecerant,
2990 3946 3046 3993 et
3077 3953 3328 3994 reversus
3355 3948 3438 3993 est
3467 3937 3521 3992 in
3551 3937 3730 3992 Frau-

2137 4027 2302 4092 ciam,
2330 4035 2385 4082 et
2410 4027 2704 4083 celebravit
2726 4027 2961 4084 natalem
2991 4029 3203 4086 Domini
3235 4031 3291 4084 in
3317 4029 3618 4086 Wormatia
3644 4030 3726 4086 ci-

2139 4121 2328 4184 vitate,
2363 4129 2418 4174 et
2446 4121 2644 4189 pascha
2671 4121 2942 4177 similiter.

2207 4209 2368 4265 Anno
2397 4209 2691 4266 Dominicze
2732 4212 3127 4269 incarnationis
3156 4211 3260 4267 780
3291 4211 3523 4268 Carolus
3551 4211 3730 4268 Saxo-

2145 4306 2289 4362 niam
2335 4306 2611 4377 ingressus
2641 4307 2709 4361 ad
2749 4307 3094 4379 lleresburgh
3122 4309 3292 4370 venit,
3323 4319 3378 4363 et
3401 4309 3524 4364 inde
3550 4309 3617 4364 ad
3641 4309 3725 4366 lo-

2139 4411 2264 4454 eum
2328 4398 2420 4454 ubi
2469 4397 2639 4470 Lippa
2670 4401 2970 4468 consurgit,
3005 4409 3061 4455 et
3102 4401 3174 4456 ibi
3223 4401 3485 4472 synodum
3525 4401 3722 4458 tenuit.

2131 4490 2260 4545 inde
2307 4505 2629 4561 progressus
2652 4494 2720 4546 ad
2752 4492 2963 4547 Albiam
2997 4491 3214 4548 ﬂuvium
3239 4495 3408 4559 venit,
3439 4494 3566 4548 etin
3603 4493 3726 4564 ipso

2138 4580 2332 4636 itinere
2351 4579 2794 4653 Bardogavenses
2819 4592 2874 4638 et
2897 4582 3047 4637 multi
3075 4583 3141 4638 de
3153 4582 3450 4639 Norlliudis
3463 4585 3724 4655 haptizati

445 4676 626 4733 titudo
661 4677 940 4735 Saxonum
967 4680 1238 4751 baptizata
1266 4691 1350 4737 est
1379 4691 1433 4737 et
1461 4675 2029 4738 sacramenta-secun—

2151 4680 2276 4726 sunt
2307 4672 2361 4727 in
2404 4672 2522 4728 loco
2549 4673 2639 4743 qui
2675 4673 2874 4728 dicitur
2905 4673 3175 4745 Horbeym
3197 4714 3214 4741 ,
3243 4675 3382 4728 ultra
3416 4673 3722 4730 Obaccrum

450 4767 579 4822 dum
601 4771 1049 4826 consuetudinem
1073 4771 1358 4839 dederunt,
1384 4783 1442 4826 ut
1461 4773 1750 4843 perderent
1777 4773 2023 4845 ingenui-

445 4868 611 4915 tatem
645 4868 702 4916 et
753 4876 967 4916 onmem
1014 4861 1411 4929 haereditatem,
1473 4863 1575 4918 nisi
1643 4875 2030 4921 conservarent

439 4953 753 5020 susceptam
786 4948 1250 5006 C-hristianitatem
1277 4961 1333 5007 ct
1362 4952 1682 5023 promissam
1713 4950 2022 5009 ﬁdelitatem

440 5041 586 5112 regis
611 5048 669 5095 et
703 5039 938 5096 filiorum
966 5039 1102 5109 ejus,
1136 5057 1237 5098 nec
1257 5057 1367 5098 non
1386 5042 1551 5096 etiam
1587 5051 1641 5096 et
1669 5043 2020 5100 Francorum.

417 5130 673 5188 tCaroius
708 5132 762 5187 in
809 5131 1101 5189 Franciam
1139 5149 1388 5189 reversus
1436 5133 1733 5190 celebravit
1787 5135 2020 5191 natalem

441 5223 657 5278 Domini
685 5225 740 5279 in
777 5225 1034 5290 Duciaco,
1071 5235 1128 5281 et
1158 5226 1359 5297 pascha
1402 5226 1456 5280 in
1486 5226 1780 5298 Aquitania
1811 5227 1863 5282 in
1892 5227 2018 5284 villa

425 5328 557 5382 qua
577 5314 776 5372 dicitur
799 5317 1126 5390 Casinogilo.

2135 4761 2354 4818 ﬂuvium
2377 4803 2406 4830 ,.
2438 4773 2494 4819 et
2525 4766 2770 4835 pervenit
2805 4779 2976 4834 usque
3012 4765 3079 4820 ad
3108 4765 3284 4819 locum
3321 4764 3408 4818 ubi
3434 4764 3560 4819 Jora
3587 4779 3722 4819 con-

2134 4853 2250 4909 ﬂuit
2278 4856 2330 4910 in
2365 4856 2544 4912 Albia.
2573 4857 2857 4925 Dispositis
2887 4857 3069 4926 itaque
3092 4866 3199 4910 tam
3224 4855 3530 4912 Saxonibus
3551 4871 3716 4926 quam

2134 4944 2362 5010 Sclavis,
2387 4945 2442 5000 in
2478 4944 2760 5000 Franciam
2805 4959 3052 5001 reversus
3076 4955 3178 5000 est.
3212 4945 3350 5002 Inito
3374 4957 3553 5001 autem
3586 4961 3720 5001 con-

2131 5037 2274 5103 silio,
2318 5047 2378 5093 ut
2430 5037 2657 5093 Romam
2692 5048 2939 5109 pergeret
2975 5038 3238 5093 orationis
3264 5053 3428 5094 causa
3457 5053 3562 5092 una
3589 5052 3716 5093 cum

2130 5127 2360 5200 conjuge
2408 5128 2751 5200 ilildegarda,
2783 5129 3079 5185 celebravit
3120 5129 3357 5185 natalem
3408 5128 3626 5185 Domini
3657 5130 3717 5187 in

2127 5222 2294 5293 Papia
2327 5222 2568 5279 civitate.

2108 5355 2110 5358 μ
2195 5316 2353 5370 Αιιηο
2407 5312 2699 5371 Dominica:
2749 5315 3140 5372 incarnationis
3189 5315 3286 5368 78l
3335 5313 3565 5369 Carolus
3607 5313 3714 5369 iter

415 5423 418 5426 ’
505 5407 666 5464 Δηιιο
715 5408 1008 5467 Dominica:
1047 5409 1441 5467 incarnatibnis
1490 5411 1593 5468 778
1621 5411 1846 5468 Carolus
1895 5429 2018 5468 cum
2124 5423 2356 5480 pergens
2395 5410 2691 5464 celebrant
2722 5414 2926 5478 pascha
2955 5409 3006 5462 in
3047 5409 3240 5472 Roma,
3272 5416 3327 5462 et
3363 5407 3434 5462 ibi
3468 5407 3685 5476 baptiza

425 5497 680 5553 exercitu
709 5499 1026 5570 Hispaniam
1076 5501 1352 5570 ingressus
1377 5502 1481 5567 est,
1513 5502 1660 5557 venit
1685 5517 1814 5558 vero
1845 5503 2019 5573 primo

427 5583 496 5642 ad
523 5586 894 5662 Pampilonem
923 5591 1221 5661 civitatem,
1247 5593 1440 5650 deinde
1481 5594 1548 5649 ad
1579 5593 2020 5666 Ciesaraugusta-

2126 5507 2210 5555 tns
2238 5508 2323 5555 est
2368 5499 2508 5554 ﬁlius
2533 5498 2651 5567 ejus
2680 5499 2938 5568 Pippinus
2970 5500 3039 5554 ab
3068 5499 3306 5554 Adriano
3333 5511 3491 5568 papa,
3535 5498 3626 5566 qui
3658 5504 3716 5551 ct

2123 5594 2239 5664 ipse
2278 5609 2404 5649 eum
2449 5594 2516 5649 de
2543 5609 2700 5650 sacro
2741 5592 2890 5648 fonte
2916 5593 3178 5663 suscepit,
3196 5601 3251 5648 et
3283 5591 3390 5646 duo
3415 5589 3508 5644 lilii
3535 5587 3654 5659 ejus
3677 5605 3709 5643 a

1939 5705 2170 5763 NOTan

499 5790 615 5866 (l3)
657 5792 989 5865 Heginonem
1048 5797 1321 5854 annalium
1371 5797 1802 5854 Laurissensmm
1851 5799 2012 5859 verba
2051 5800 2189 5856 male
2236 5800 2587 5866 intellexisse.
2635 5818 2731 5858 nec
2786 5801 2872 5857 nic
2933 5802 2998 5858 de
3045 5800 3170 5856 ‘alio
3213 5809 3392 5858 castro
3463 5797 3569 5856 nisi
3638 5797 3710 5856 de

429 5841 716 5937 t-igiburgo
740 5841 1068 5923 tsermonem
1123 5885 1241 5926 esse
1299 5872 1456 5934 posse
1525 5871 1752 5940 quisque
1813 5857 1971 5927 vilct.
