  <div class='ocr_page' id='page_1' title='image "/cluster/home/n/w/nwhite01/storage/ocr_20150623/132/hvd.32044015471733/034.png"; bbox 0 0 4010 6396; ppageno 0'>
   <div class='ocr_carea' id='block_1_1' title="bbox 228 408 2387 479">
    <p class='ocr_par' dir='ltr' id='par_1_1' title="bbox 228 408 2387 479">
     <span class='ocr_line' id='line_1_1' title="bbox 228 408 2387 479; baseline 0 -4"><span class='ocrx_word' id='word_1_1' title='bbox 228 408 298 475; x_wconf 73' lang='grc'><strong>87</strong></span> <span class='ocrx_word' id='word_1_2' title='bbox 1420 414 1838 479; x_wconf 65' lang='lat' dir='ltr'><strong>CHRONICON.</strong></span> <span class='ocrx_word' id='word_1_3' title='bbox 1873 447 1946 458; x_wconf 90' lang='lat'>—</span> <span class='ocrx_word' id='word_1_4' title='bbox 1979 419 2091 474; x_wconf 80' lang='lat' dir='ltr'><strong>AN.</strong></span> <span class='ocrx_word' id='word_1_5' title='bbox 2133 419 2236 475; x_wconf 77' lang='lat'><strong>782</strong></span> <span class='ocrx_word' id='word_1_6' title='bbox 2267 420 2387 478; x_wconf 84' lang='lat'><strong>787.</strong></span> 
     </span>
    </p>
   </div>
   <div class='ocr_carea' id='block_1_2' title="bbox 3423 420 3502 483">
    <p class='ocr_par' dir='ltr' id='par_1_2' title="bbox 3423 420 3502 483">
     <span class='ocr_line' id='line_1_2' title="bbox 3423 420 3502 483; baseline 0 0"><span class='ocrx_word' id='word_1_7' title='bbox 3423 420 3502 483; x_wconf 75' lang='lat'><strong>58</strong></span> 
     </span>
    </p>
   </div>
   <div class='ocr_carea' id='block_1_3' title="bbox 229 526 3494 610">
    <p class='ocr_par' dir='ltr' id='par_1_3' title="bbox 229 526 3494 610">
     <span class='ocr_line' id='line_1_3' title="bbox 229 526 3494 610; baseline 0.002 -24"><span class='ocrx_word' id='word_1_8' title='bbox 229 526 544 605; x_wconf 73' lang='lat' dir='ltr'><strong>supradicto</strong></span> <span class='ocrx_word' id='word_1_9' title='bbox 585 529 844 607; x_wconf 84' lang='lat' dir='ltr'><strong>pontiﬁce</strong></span> <span class='ocrx_word' id='word_1_10' title='bbox 891 532 1103 595; x_wconf 87' lang='lat' dir='ltr'><strong>inuncti</strong></span> <span class='ocrx_word' id='word_1_11' title='bbox 1150 547 1277 594; x_wconf 88' lang='lat' dir='ltr'><strong>sunt</strong></span> <span class='ocrx_word' id='word_1_12' title='bbox 1332 537 1388 594; x_wconf 91' lang='lat' dir='ltr'><strong>in</strong></span> <span class='ocrx_word' id='word_1_13' title='bbox 1438 553 1614 610; x_wconf 87' lang='lat' dir='ltr'><strong>reges,</strong></span> <span class='ocrx_word' id='word_1_14' title='bbox 1668 536 1808 592; x_wconf 92' lang='lat' dir='ltr'><strong>idem</strong></span> <span class='ocrx_word' id='word_1_15' title='bbox 1835 529 1887 598; x_wconf 75' lang='grc' dir='ltr'><strong>Α</strong></span> <span class='ocrx_word' id='word_1_16' title='bbox 1916 531 2006 587; x_wconf 88' lang='lat' dir='ltr'><strong>ubi</strong></span> <span class='ocrx_word' id='word_1_17' title='bbox 2027 534 2330 589; x_wconf 90' lang='lat' dir='ltr'><strong>coadunato</strong></span> <span class='ocrx_word' id='word_1_18' title='bbox 2351 535 2618 600; x_wconf 83' lang='lat' dir='ltr'><strong>exercitu.</strong></span> <span class='ocrx_word' id='word_1_19' title='bbox 2643 539 2820 593; x_wconf 92' lang='lat' dir='ltr'><strong>denuo</strong></span> <span class='ocrx_word' id='word_1_20' title='bbox 2847 541 3009 610; x_wconf 84' lang='lat' dir='ltr'><strong>super</strong></span> <span class='ocrx_word' id='word_1_21' title='bbox 3041 526 3284 595; x_wconf 80' lang='lat' dir='ltr'><strong>Saxones</strong></span> <span class='ocrx_word' id='word_1_22' title='bbox 3313 539 3494 608; x_wconf 90' lang='lat' dir='ltr'><strong>irruit,</strong></span> 
     </span>
    </p>
   </div>
   <div class='ocr_carea' id='block_1_4' title="bbox 230 618 1807 701">
    <p class='ocr_par' dir='ltr' id='par_1_4' title="bbox 230 618 1807 701">
     <span class='ocr_line' id='line_1_4' title="bbox 230 618 1807 701; baseline 0.002 -21"><span class='ocrx_word' id='word_1_23' title='bbox 230 618 489 696; x_wconf 83' lang='lat' dir='ltr'><strong>Pippinus</strong></span> <span class='ocrx_word' id='word_1_24' title='bbox 503 641 666 698; x_wconf 86' lang='lat' dir='ltr'><strong>super</strong></span> <span class='ocrx_word' id='word_1_25' title='bbox 677 629 907 697; x_wconf 75' lang='lat' dir='ltr'><strong>Italiam,</strong></span> <span class='ocrx_word' id='word_1_26' title='bbox 925 630 1248 688; x_wconf 78' lang='lat' dir='ltr'><strong>Ludowicus</strong></span> <span class='ocrx_word' id='word_1_27' title='bbox 1259 644 1424 701; x_wconf 83' lang='lat' dir='ltr'><strong>super</strong></span> <span class='ocrx_word' id='word_1_28' title='bbox 1436 629 1807 700; x_wconf 81' lang='lat' dir='ltr'><strong>Aquitaniam.</strong></span> 
     </span>
    </p>
   </div>
   <div class='ocr_carea' id='block_1_5' title="bbox 227 714 1813 791">
    <p class='ocr_par' dir='ltr' id='par_1_5' title="bbox 227 714 1813 791">
     <span class='ocr_line' id='line_1_5' title="bbox 227 714 1813 791; baseline 0.003 -21"><span class='ocrx_word' id='word_1_29' title='bbox 227 714 358 772; x_wconf 84' lang='lat' dir='ltr'><strong>inde</strong></span> <span class='ocrx_word' id='word_1_30' title='bbox 385 729 640 774; x_wconf 83' lang='lat' dir='ltr'><strong>reversus</strong></span> <span class='ocrx_word' id='word_1_31' title='bbox 676 720 827 776; x_wconf 89' lang='lat' dir='ltr'><strong>venit</strong></span> <span class='ocrx_word' id='word_1_32' title='bbox 864 720 1245 787; x_wconf 83' lang='lat' dir='ltr'><strong>Mediolanum,</strong></span> <span class='ocrx_word' id='word_1_33' title='bbox 1287 722 1378 777; x_wconf 90' lang='lat' dir='ltr'><strong>ubi</strong></span> <span class='ocrx_word' id='word_1_34' title='bbox 1421 721 1694 791; x_wconf 87' lang='lat' dir='ltr'><strong>baptizata</strong></span> <span class='ocrx_word' id='word_1_35' title='bbox 1723 727 1813 774; x_wconf 82' lang='lat' dir='ltr'><strong>est</strong></span> 
     </span>
    </p>
   </div>
   <div class='ocr_carea' id='block_1_6' title="bbox 225 806 1810 886">
    <p class='ocr_par' dir='ltr' id='par_1_6' title="bbox 225 806 1810 886">
     <span class='ocr_line' id='line_1_6' title="bbox 225 806 1810 886; baseline 0.004 -25"><span class='ocrx_word' id='word_1_36' title='bbox 225 806 340 863; x_wconf 84' lang='lat' dir='ltr'><strong>ﬁlia</strong></span> <span class='ocrx_word' id='word_1_37' title='bbox 360 806 478 878; x_wconf 86' lang='lat' dir='ltr'><strong>eius</strong></span> <span class='ocrx_word' id='word_1_38' title='bbox 526 807 677 866; x_wconf 86' lang='lat' dir='ltr'><strong>Gisia</strong></span> <span class='ocrx_word' id='word_1_39' title='bbox 701 813 770 868; x_wconf 91' lang='lat' dir='ltr'><strong>ab</strong></span> <span class='ocrx_word' id='word_1_40' title='bbox 794 813 1200 886; x_wconf 73' lang='lat' dir='ltr'><strong>archiepiscopo</strong></span> <span class='ocrx_word' id='word_1_41' title='bbox 1223 813 1450 880; x_wconf 87' lang='lat' dir='ltr'><strong>Thoma,</strong></span> <span class='ocrx_word' id='word_1_42' title='bbox 1479 813 1574 884; x_wconf 85' lang='lat' dir='ltr'><strong>qui</strong></span> <span class='ocrx_word' id='word_1_43' title='bbox 1598 821 1652 868; x_wconf 92' lang='lat' dir='ltr'><strong>et</strong></span> <span class='ocrx_word' id='word_1_44' title='bbox 1693 812 1810 881; x_wconf 89' lang='lat' dir='ltr'><strong>ipse</strong></span> 
     </span>
    </p>
   </div>
   <div class='ocr_carea' id='block_1_7' title="bbox 221 901 1810 978">
    <p class='ocr_par' dir='ltr' id='par_1_7' title="bbox 221 901 1810 978">
     <span class='ocr_line' id='line_1_7' title="bbox 221 901 1810 978; baseline 0.004 -24"><span class='ocrx_word' id='word_1_45' title='bbox 221 912 346 955; x_wconf 87' lang='lat' dir='ltr'><strong>eam</strong></span> <span class='ocrx_word' id='word_1_46' title='bbox 369 913 401 954; x_wconf 93' lang='lat' dir='ltr'><strong>a</strong></span> <span class='ocrx_word' id='word_1_47' title='bbox 419 915 580 958; x_wconf 87' lang='lat' dir='ltr'><strong>sacro</strong></span> <span class='ocrx_word' id='word_1_48' title='bbox 609 901 757 960; x_wconf 79' lang='lat' dir='ltr'><strong>fonte</strong></span> <span class='ocrx_word' id='word_1_49' title='bbox 777 903 996 961; x_wconf 77' lang='lat' dir='ltr'><strong>levavit.</strong></span> <span class='ocrx_word' id='word_1_50' title='bbox 1038 905 1134 962; x_wconf 83' lang='lat' dir='ltr'><strong>His</strong></span> <span class='ocrx_word' id='word_1_51' title='bbox 1165 907 1240 962; x_wconf 89' lang='lat' dir='ltr'><strong>ita</strong></span> <span class='ocrx_word' id='word_1_52' title='bbox 1266 907 1522 978; x_wconf 77' lang='lat' dir='ltr'><strong>peractis,</strong></span> <span class='ocrx_word' id='word_1_53' title='bbox 1557 921 1810 962; x_wconf 87' lang='lat' dir='ltr'><strong>reversus</strong></span> 
     </span>
    </p>
   </div>
   <div class='ocr_carea' id='block_1_8' title="bbox 219 989 1805 1068">
    <p class='ocr_par' dir='ltr' id='par_1_8' title="bbox 219 989 1805 1068">
     <span class='ocr_line' id='line_1_8' title="bbox 219 989 1805 1068; baseline 0.005 -24"><span class='ocrx_word' id='word_1_54' title='bbox 219 997 309 1044; x_wconf 89' lang='lat' dir='ltr'><strong>est</strong></span> <span class='ocrx_word' id='word_1_55' title='bbox 357 989 415 1046; x_wconf 92' lang='lat' dir='ltr'><strong>in</strong></span> <span class='ocrx_word' id='word_1_56' title='bbox 444 990 757 1050; x_wconf 85' lang='lat' dir='ltr'><strong>Franciam.</strong></span> <span class='ocrx_word' id='word_1_57' title='bbox 805 994 1006 1065; x_wconf 67' lang='lat' dir='ltr'><strong>Perjd</strong></span> <span class='ocrx_word' id='word_1_58' title='bbox 1056 1005 1270 1068; x_wconf 84' lang='lat' dir='ltr'><strong>tempus</strong></span> <span class='ocrx_word' id='word_1_59' title='bbox 1298 997 1460 1068; x_wconf 90' lang='lat' dir='ltr'><strong>legati</strong></span> <span class='ocrx_word' id='word_1_60' title='bbox 1502 997 1805 1067; x_wconf 85' lang='lat' dir='ltr'><strong>apostolici,</strong></span> 
     </span>
    </p>
   </div>
   <div class='ocr_carea' id='block_1_9' title="bbox 218 1079 1806 1161">
    <p class='ocr_par' dir='ltr' id='par_1_9' title="bbox 218 1079 1806 1161">
     <span class='ocr_line' id='line_1_9' title="bbox 218 1079 1806 1161; baseline 0.005 -25"><span class='ocrx_word' id='word_1_61' title='bbox 218 1079 522 1141; x_wconf 85' lang='lat' dir='ltr'><strong>Formosus</strong></span> <span class='ocrx_word' id='word_1_62' title='bbox 568 1097 624 1143; x_wconf 91' lang='lat' dir='ltr'><strong>et</strong></span> <span class='ocrx_word' id='word_1_63' title='bbox 648 1087 912 1146; x_wconf 89' lang='lat' dir='ltr'><strong>Damasus</strong></span> <span class='ocrx_word' id='word_1_64' title='bbox 946 1089 1203 1160; x_wconf 90' lang='lat' dir='ltr'><strong>episcopi,</strong></span> <span class='ocrx_word' id='word_1_65' title='bbox 1253 1105 1375 1146; x_wconf 91' lang='lat' dir='ltr'><strong>cum</strong></span> <span class='ocrx_word' id='word_1_66' title='bbox 1425 1090 1610 1147; x_wconf 85' lang='lat' dir='ltr'><strong>missis</strong></span> <span class='ocrx_word' id='word_1_67' title='bbox 1640 1090 1806 1161; x_wconf 87' lang='lat' dir='ltr'><strong>regis,</strong></span> 
     </span>
    </p>
   </div>
   <div class='ocr_carea' id='block_1_10' title="bbox 219 1172 1808 1254">
    <p class='ocr_par' dir='ltr' id='par_1_10' title="bbox 219 1172 1808 1254">
     <span class='ocr_line' id='line_1_10' title="bbox 219 1172 1808 1254; baseline 0.005 -27"><span class='ocrx_word' id='word_1_68' title='bbox 219 1172 436 1231; x_wconf 82' lang='lat' dir='ltr'><strong>Sicult&#39;o</strong></span> <span class='ocrx_word' id='word_1_69' title='bbox 457 1177 739 1248; x_wconf 89' lang='lat' dir='ltr'><strong>capellano</strong></span> <span class='ocrx_word' id='word_1_70' title='bbox 776 1188 833 1235; x_wconf 92' lang='lat' dir='ltr'><strong>et</strong></span> <span class='ocrx_word' id='word_1_71' title='bbox 872 1180 1122 1236; x_wconf 84' lang='lat' dir='ltr'><strong>Euvardo</strong></span> <span class='ocrx_word' id='word_1_72' title='bbox 1149 1183 1411 1254; x_wconf 87' lang='lat' dir='ltr'><strong>magistro</strong></span> <span class='ocrx_word' id='word_1_73' title='bbox 1459 1182 1652 1238; x_wconf 87' lang='lat' dir='ltr'><strong>directi</strong></span> <span class='ocrx_word' id='word_1_74' title='bbox 1681 1189 1808 1238; x_wconf 90' lang='lat' dir='ltr'><strong>sunt</strong></span> 
     </span>
    </p>
   </div>
   <div class='ocr_carea' id='block_1_11' title="bbox 217 1266 1808 1340">
    <p class='ocr_par' dir='ltr' id='par_1_11' title="bbox 217 1266 1808 1340">
     <span class='ocr_line' id='line_1_11' title="bbox 217 1266 1808 1340; baseline 0.006 -20"><span class='ocrx_word' id='word_1_75' title='bbox 217 1267 287 1322; x_wconf 84' lang='lat' dir='ltr'><strong>ad</strong></span> <span class='ocrx_word' id='word_1_76' title='bbox 312 1266 693 1326; x_wconf 88' lang='lat' dir='ltr'><strong>Thassilonem</strong></span> <span class='ocrx_word' id='word_1_77' title='bbox 715 1273 928 1340; x_wconf 86' lang='lat' dir='ltr'><strong>ducem,</strong></span> <span class='ocrx_word' id='word_1_78' title='bbox 984 1283 1392 1330; x_wconf 90' lang='lat' dir='ltr'><strong>commonentes</strong></span> <span class='ocrx_word' id='word_1_79' title='bbox 1419 1283 1474 1330; x_wconf 90' lang='lat' dir='ltr'><strong>et</strong></span> <span class='ocrx_word' id='word_1_80' title='bbox 1496 1283 1808 1330; x_wconf 86' lang='lat' dir='ltr'><strong>contestan-</strong></span> 
     </span>
    </p>
   </div>
   <div class='ocr_carea' id='block_1_12' title="bbox 215 1361 1805 1438">
    <p class='ocr_par' dir='ltr' id='par_1_12' title="bbox 215 1361 1805 1438">
     <span class='ocr_line' id='line_1_12' title="bbox 215 1361 1805 1438; baseline 0.007 -27"><span class='ocrx_word' id='word_1_81' title='bbox 215 1364 303 1412; x_wconf 91' lang='lat' dir='ltr'><strong>tes</strong></span> <span class='ocrx_word' id='word_1_82' title='bbox 350 1372 420 1414; x_wconf 87' lang='lat' dir='ltr'><strong>ex</strong></span> <span class='ocrx_word' id='word_1_83' title='bbox 453 1361 779 1418; x_wconf 88' lang='lat' dir='ltr'><strong>auctoritate</strong></span> <span class='ocrx_word' id='word_1_84' title='bbox 804 1365 1126 1435; x_wconf 89' lang='lat' dir='ltr'><strong>apostolica,</strong></span> <span class='ocrx_word' id='word_1_85' title='bbox 1156 1375 1217 1420; x_wconf 93' lang='lat' dir='ltr'><strong>ut</strong></span> <span class='ocrx_word' id='word_1_86' title='bbox 1240 1367 1621 1422; x_wconf 90' lang='lat' dir='ltr'><strong>recordaretur</strong></span> <span class='ocrx_word' id='word_1_87' title='bbox 1662 1367 1805 1438; x_wconf 83' lang='lat' dir='ltr'><strong>prio-</strong></span> 
     </span>
    </p>
   </div>
   <div class='ocr_carea' id='block_1_13' title="bbox 215 1457 1808 1523">
    <p class='ocr_par' dir='ltr' id='par_1_13' title="bbox 215 1457 1808 1523">
     <span class='ocr_line' id='line_1_13' title="bbox 215 1457 1808 1523; baseline 0.008 -21"><span class='ocrx_word' id='word_1_88' title='bbox 215 1462 341 1502; x_wconf 89' lang='lat' dir='ltr'><strong>rum</strong></span> <span class='ocrx_word' id='word_1_89' title='bbox 373 1461 862 1521; x_wconf 81' lang='lat' dir='ltr'><strong>sacramentorum,</strong></span> <span class='ocrx_word' id='word_1_90' title='bbox 889 1465 946 1512; x_wconf 92' lang='lat' dir='ltr'><strong>et</strong></span> <span class='ocrx_word' id='word_1_91' title='bbox 965 1471 1074 1512; x_wconf 93' lang='lat' dir='ltr'><strong>non</strong></span> <span class='ocrx_word' id='word_1_92' title='bbox 1097 1457 1258 1512; x_wconf 87' lang='lat' dir='ltr'><strong>aliter</strong></span> <span class='ocrx_word' id='word_1_93' title='bbox 1287 1457 1509 1523; x_wconf 79' lang='lat' dir='ltr'><strong>faceret,</strong></span> <span class='ocrx_word' id='word_1_94' title='bbox 1533 1458 1639 1514; x_wconf 87' lang='lat' dir='ltr'><strong>nisi</strong></span> <span class='ocrx_word' id='word_1_95' title='bbox 1665 1459 1808 1515; x_wconf 89' lang='lat' dir='ltr'><strong>sicut</strong></span> 
     </span>
    </p>
   </div>
   <div class='ocr_carea' id='block_1_14' title="bbox 205 1537 1807 1623">
    <p class='ocr_par' dir='ltr' id='par_1_14' title="bbox 205 1537 1807 1623">
     <span class='ocr_line' id='line_1_14' title="bbox 205 1537 1807 1623; baseline 0.011 -33"><span class='ocrx_word' id='word_1_96' title='bbox 205 1537 574 1609; x_wconf 84' lang='lat' dir='ltr'><strong>jurejurando</strong></span> <span class='ocrx_word' id='word_1_97' title='bbox 613 1542 729 1612; x_wconf 92' lang='lat' dir='ltr'><strong>jam</strong></span> <span class='ocrx_word' id='word_1_98' title='bbox 759 1547 958 1603; x_wconf 92' lang='lat' dir='ltr'><strong>dudum</strong></span> <span class='ocrx_word' id='word_1_99' title='bbox 985 1550 1315 1619; x_wconf 87' lang='lat' dir='ltr'><strong>promiserat</strong></span> <span class='ocrx_word' id='word_1_100' title='bbox 1353 1549 1582 1620; x_wconf 85' lang='lat' dir='ltr'><strong>Pippino</strong></span> <span class='ocrx_word' id='word_1_101' title='bbox 1609 1552 1721 1623; x_wconf 86' lang='lat' dir='ltr'><strong>regi</strong></span> <span class='ocrx_word' id='word_1_102' title='bbox 1751 1561 1807 1608; x_wconf 93' lang='lat' dir='ltr'><strong>et</strong></span> 
     </span>
    </p>
   </div>
   <div class='ocr_carea' id='block_1_15' title="bbox 212 1628 1807 1710">
    <p class='ocr_par' dir='ltr' id='par_1_15' title="bbox 212 1628 1807 1710">
     <span class='ocr_line' id='line_1_15' title="bbox 212 1628 1807 1710; baseline 0.011 -28"><span class='ocrx_word' id='word_1_103' title='bbox 212 1628 345 1687; x_wconf 86' lang='lat' dir='ltr'><strong>ﬁliis</strong></span> <span class='ocrx_word' id='word_1_104' title='bbox 377 1631 514 1701; x_wconf 81' lang='lat' dir='ltr'><strong>ejus.</strong></span> <span class='ocrx_word' id='word_1_105' title='bbox 544 1633 641 1691; x_wconf 82' lang='lat' dir='ltr'><strong>His</strong></span> <span class='ocrx_word' id='word_1_106' title='bbox 669 1639 1129 1696; x_wconf 87' lang='lat' dir='ltr'><strong>admonitionibus</strong></span> <span class='ocrx_word' id='word_1_107' title='bbox 1157 1643 1436 1698; x_wconf 87' lang='lat' dir='ltr'><strong>consensit</strong></span> <span class='ocrx_word' id='word_1_108' title='bbox 1457 1642 1721 1710; x_wconf 86' lang='lat' dir='ltr'><strong>Thassilo,</strong></span> <span class='ocrx_word' id='word_1_109' title='bbox 1750 1653 1807 1700; x_wconf 90' lang='lat' dir='ltr'><strong>et</strong></span> 
     </span>
    </p>
   </div>
   <div class='ocr_carea' id='block_1_16' title="bbox 209 1725 1805 1804">
    <p class='ocr_par' dir='ltr' id='par_1_16' title="bbox 209 1725 1805 1804">
     <span class='ocr_line' id='line_1_16' title="bbox 209 1725 1805 1804; baseline 0.011 -29"><span class='ocrx_word' id='word_1_110' title='bbox 209 1725 448 1793; x_wconf 83' lang='lat' dir='ltr'><strong>sumptis</strong></span> <span class='ocrx_word' id='word_1_111' title='bbox 475 1725 758 1785; x_wconf 85' lang='lat' dir='ltr'><strong>obsidibus</strong></span> <span class='ocrx_word' id='word_1_112' title='bbox 792 1745 824 1785; x_wconf 86' lang='lat' dir='ltr'><strong>a</strong></span> <span class='ocrx_word' id='word_1_113' title='bbox 854 1745 1001 1804; x_wconf 87' lang='lat' dir='ltr'><strong>rege,</strong></span> <span class='ocrx_word' id='word_1_114' title='bbox 1025 1733 1576 1790; x_wconf 84' lang='lat' dir='ltr'><strong>venitWormatiam.</strong></span> <span class='ocrx_word' id='word_1_115' title='bbox 1609 1735 1700 1791; x_wconf 91' lang='lat' dir='ltr'><strong>ubi</strong></span> <span class='ocrx_word' id='word_1_116' title='bbox 1724 1751 1805 1792; x_wconf 88' lang='lat' dir='ltr'><strong>re-</strong></span> 
     </span>
    </p>
   </div>
   <div class='ocr_carea' id='block_1_17' title="bbox 209 1814 1799 1895">
    <p class='ocr_par' dir='ltr' id='par_1_17' title="bbox 209 1814 1799 1895">
     <span class='ocr_line' id='line_1_17' title="bbox 209 1814 1799 1895; baseline 0.011 -29"><span class='ocrx_word' id='word_1_117' title='bbox 209 1814 439 1868; x_wconf 85' lang='lat' dir='ltr'><strong>novavit</strong></span> <span class='ocrx_word' id='word_1_118' title='bbox 474 1828 838 1884; x_wconf 88' lang='lat' dir='ltr'><strong>sacramenta,</strong></span> <span class='ocrx_word' id='word_1_119' title='bbox 892 1831 948 1878; x_wconf 91' lang='lat' dir='ltr'><strong>et</strong></span> <span class='ocrx_word' id='word_1_120' title='bbox 997 1823 1146 1880; x_wconf 86' lang='lat' dir='ltr'><strong>dedit</strong></span> <span class='ocrx_word' id='word_1_121' title='bbox 1198 1824 1483 1881; x_wconf 91' lang='lat' dir='ltr'><strong>duodecim</strong></span> <span class='ocrx_word' id='word_1_122' title='bbox 1542 1826 1799 1895; x_wconf 86' lang='lat' dir='ltr'><strong>obsides;</strong></span> 
     </span>
    </p>
   </div>
   <div class='ocr_carea' id='block_1_18' title="bbox 1912 623 3488 700">
    <p class='ocr_par' dir='ltr' id='par_1_18' title="bbox 1912 623 3488 700">
     <span class='ocr_line' id='line_1_18' title="bbox 1912 623 3488 700; baseline 0.005 -24"><span class='ocrx_word' id='word_1_123' title='bbox 1912 623 2004 692; x_wconf 90' lang='lat' dir='ltr'><strong>qui</strong></span> <span class='ocrx_word' id='word_1_124' title='bbox 2048 637 2108 680; x_wconf 90' lang='lat' dir='ltr'><strong>se</strong></span> <span class='ocrx_word' id='word_1_125' title='bbox 2134 623 2479 681; x_wconf 86' lang='lat' dir='ltr'><strong>sociaverant</strong></span> <span class='ocrx_word' id='word_1_126' title='bbox 2509 641 2670 697; x_wconf 90' lang='lat' dir='ltr'><strong>super</strong></span> <span class='ocrx_word' id='word_1_127' title='bbox 2698 626 2940 694; x_wconf 87' lang='lat' dir='ltr'><strong>ﬂuvium,</strong></span> <span class='ocrx_word' id='word_1_128' title='bbox 2972 629 3126 700; x_wconf 88' lang='lat' dir='ltr'><strong>cujus</strong></span> <span class='ocrx_word' id='word_1_129' title='bbox 3166 628 3488 685; x_wconf 88' lang='lat' dir='ltr'><strong>vocabulum</strong></span> 
     </span>
    </p>
   </div>
   <div class='ocr_carea' id='block_1_19' title="bbox 1911 713 3498 794">
    <p class='ocr_par' dir='ltr' id='par_1_19' title="bbox 1911 713 3498 794">
     <span class='ocr_line' id='line_1_19' title="bbox 1911 713 3498 794; baseline 0.004 -25"><span class='ocrx_word' id='word_1_130' title='bbox 1911 722 1997 769; x_wconf 91' lang='lat' dir='ltr'><strong>est</strong></span> <span class='ocrx_word' id='word_1_131' title='bbox 2013 713 2145 769; x_wconf 88' lang='lat' dir='ltr'><strong>Asa.</strong></span> <span class='ocrx_word' id='word_1_132' title='bbox 2175 713 2251 770; x_wconf 91' lang='lat' dir='ltr'><strong>lbi</strong></span> <span class='ocrx_word' id='word_1_133' title='bbox 2285 715 2683 794; x_wconf 30' lang='lat' dir='ltr'><strong>iterum‘pugna</strong></span> <span class='ocrx_word' id='word_1_134' title='bbox 2714 716 2873 784; x_wconf 86' lang='lat' dir='ltr'><strong>inita,</strong></span> <span class='ocrx_word' id='word_1_135' title='bbox 2899 733 3004 774; x_wconf 87' lang='lat' dir='ltr'><strong>non</strong></span> <span class='ocrx_word' id='word_1_136' title='bbox 3032 720 3210 774; x_wconf 90' lang='lat' dir='ltr'><strong>minor</strong></span> <span class='ocrx_word' id='word_1_137' title='bbox 3232 735 3498 776; x_wconf 85' lang='lat' dir='ltr'><strong>numerus</strong></span> 
     </span>
    </p>
   </div>
   <div class='ocr_carea' id='block_1_20' title="bbox 1913 802 3494 881">
    <p class='ocr_par' dir='ltr' id='par_1_20' title="bbox 1913 802 3494 881">
     <span class='ocr_line' id='line_1_20' title="bbox 1913 802 3494 881; baseline 0.006 -23"><span class='ocrx_word' id='word_1_138' title='bbox 1913 802 2188 860; x_wconf 78' lang='lat' dir='ltr'><strong>Saxonum</strong></span> <span class='ocrx_word' id='word_1_139' title='bbox 2229 807 2444 871; x_wconf 88' lang='lat' dir='ltr'><strong>cecidit,</strong></span> <span class='ocrx_word' id='word_1_140' title='bbox 2481 822 2642 878; x_wconf 89' lang='lat' dir='ltr'><strong>quam</strong></span> <span class='ocrx_word' id='word_1_141' title='bbox 2685 807 2739 862; x_wconf 93' lang='lat' dir='ltr'><strong>in</strong></span> <span class='ocrx_word' id='word_1_142' title='bbox 2767 809 3033 878; x_wconf 88' lang='lat' dir='ltr'><strong>superiori</strong></span> <span class='ocrx_word' id='word_1_143' title='bbox 3062 811 3250 881; x_wconf 66' lang='lat' dir='ltr'><strong>praelio</strong></span> <span class='ocrx_word' id='word_1_144' title='bbox 3279 811 3494 878; x_wconf 85' lang='lat' dir='ltr'><strong>cecide-</strong></span> 
     </span>
    </p>
   </div>
   <div class='ocr_carea' id='block_1_21' title="bbox 1912 895 3497 972">
    <p class='ocr_par' dir='ltr' id='par_1_21' title="bbox 1912 895 3497 972">
     <span class='ocr_line' id='line_1_21' title="bbox 1912 895 3497 972; baseline 0.004 -21"><span class='ocrx_word' id='word_1_145' title='bbox 1912 904 2019 951; x_wconf 85' lang='lat' dir='ltr'><strong>rat.</strong></span> <span class='ocrx_word' id='word_1_146' title='bbox 2049 895 2203 953; x_wconf 90' lang='lat' dir='ltr'><strong>Tunc</strong></span> <span class='ocrx_word' id='word_1_147' title='bbox 2231 912 2324 953; x_wconf 81' lang='lat' dir='ltr'><strong>rex</strong></span> <span class='ocrx_word' id='word_1_148' title='bbox 2355 897 2628 953; x_wconf 90' lang='lat' dir='ltr'><strong>Wisaram</strong></span> <span class='ocrx_word' id='word_1_149' title='bbox 2653 899 2890 965; x_wconf 89' lang='lat' dir='ltr'><strong>transiit,</strong></span> <span class='ocrx_word' id='word_1_150' title='bbox 2916 909 2971 956; x_wconf 92' lang='lat' dir='ltr'><strong>et</strong></span> <span class='ocrx_word' id='word_1_151' title='bbox 2996 901 3063 956; x_wconf 93' lang='lat' dir='ltr'><strong>ad</strong></span> <span class='ocrx_word' id='word_1_152' title='bbox 3085 901 3299 956; x_wconf 81' lang='lat' dir='ltr'><strong>Albiam</strong></span> <span class='ocrx_word' id='word_1_153' title='bbox 3323 917 3497 972; x_wconf 90' lang='lat' dir='ltr'><strong>usque</strong></span> 
     </span>
    </p>
   </div>
   <div class='ocr_carea' id='block_1_22' title="bbox 1909 989 3493 1059">
    <p class='ocr_par' dir='ltr' id='par_1_22' title="bbox 1909 989 3493 1059">
     <span class='ocr_line' id='line_1_22' title="bbox 1909 989 3493 1059; baseline 0.001 -15"><span class='ocrx_word' id='word_1_154' title='bbox 1909 989 2174 1058; x_wconf 83' lang='lat' dir='ltr'><strong>pervenit,</strong></span> <span class='ocrx_word' id='word_1_155' title='bbox 2198 997 2321 1059; x_wconf 90' lang='lat' dir='ltr'><strong>post</strong></span> <span class='ocrx_word' id='word_1_156' title='bbox 2349 991 2466 1045; x_wconf 80' lang='lat' dir='ltr'><strong>haec</strong></span> <span class='ocrx_word' id='word_1_157' title='bbox 2513 991 2568 1045; x_wconf 93' lang='lat' dir='ltr'><strong>in</strong></span> <span class='ocrx_word' id='word_1_158' title='bbox 2606 990 2894 1046; x_wconf 88' lang='lat' dir='ltr'><strong>Franciam</strong></span> <span class='ocrx_word' id='word_1_159' title='bbox 2943 992 3254 1048; x_wconf 87' lang='lat' dir='ltr'><strong>revertitur.</strong></span> <span class='ocrx_word' id='word_1_160' title='bbox 3288 992 3493 1048; x_wconf 87' lang='lat' dir='ltr'><strong>Eodem</strong></span> 
     </span>
    </p>
   </div>
   <div class='ocr_carea' id='block_1_23' title="bbox 1909 1079 3496 1153">
    <p class='ocr_par' dir='ltr' id='par_1_23' title="bbox 1909 1079 3496 1153">
     <span class='ocr_line' id='line_1_23' title="bbox 1909 1079 3496 1153; baseline 0.001 -19"><span class='ocrx_word' id='word_1_161' title='bbox 1909 1093 2052 1134; x_wconf 87' lang='lat' dir='ltr'><strong>anno</strong></span> <span class='ocrx_word' id='word_1_162' title='bbox 2079 1079 2214 1135; x_wconf 90' lang='lat' dir='ltr'><strong>obiit</strong></span> <span class='ocrx_word' id='word_1_163' title='bbox 2252 1080 2450 1145; x_wconf 85' lang='lat' dir='ltr'><strong>Bertha</strong></span> <span class='ocrx_word' id='word_1_164' title='bbox 2482 1082 2666 1153; x_wconf 89' lang='lat' dir='ltr'><strong>regina</strong></span> <span class='ocrx_word' id='word_1_165' title='bbox 2714 1080 2750 1134; x_wconf 74' lang='grc'>4</span> <span class='ocrx_word' id='word_1_166' title='bbox 2775 1081 2850 1136; x_wconf 93' lang='lat' dir='ltr'><strong>ld.</strong></span> <span class='ocrx_word' id='word_1_167' title='bbox 2881 1081 3048 1136; x_wconf 77' lang='lat' dir='ltr'><strong>Julii:</strong></span> <span class='ocrx_word' id='word_1_168' title='bbox 3080 1089 3134 1138; x_wconf 90' lang='lat' dir='ltr'><strong>et</strong></span> <span class='ocrx_word' id='word_1_169' title='bbox 3171 1097 3292 1138; x_wconf 91' lang='lat' dir='ltr'><strong>cum</strong></span> <span class='ocrx_word' id='word_1_170' title='bbox 3337 1080 3496 1136; x_wconf 86' lang='lat' dir='ltr'><strong>Wor-</strong></span> 
     </span>
    </p>
   </div>
   <div class='ocr_carea' id='block_1_24' title="bbox 1910 1172 3496 1243">
    <p class='ocr_par' dir='ltr' id='par_1_24' title="bbox 1910 1172 3496 1243">
     <span class='ocr_line' id='line_1_24' title="bbox 1910 1172 3496 1243; baseline 0.003 -17"><span class='ocrx_word' id='word_1_171' title='bbox 1910 1172 2136 1226; x_wconf 88' lang='lat' dir='ltr'><strong>matiam</strong></span> <span class='ocrx_word' id='word_1_172' title='bbox 2181 1173 2520 1243; x_wconf 87' lang='lat' dir='ltr'><strong>pervenisset</strong></span> <span class='ocrx_word' id='word_1_173' title='bbox 2568 1189 2685 1240; x_wconf 88' lang='lat' dir='ltr'><strong>rex,</strong></span> <span class='ocrx_word' id='word_1_174' title='bbox 2715 1174 2944 1231; x_wconf 87' lang='lat' dir='ltr'><strong>sociavit</strong></span> <span class='ocrx_word' id='word_1_175' title='bbox 2969 1174 3071 1230; x_wconf 90' lang='lat' dir='ltr'><strong>sibi</strong></span> <span class='ocrx_word' id='word_1_176' title='bbox 3110 1175 3166 1239; x_wconf 86' lang='lat' dir='ltr'><strong>in</strong></span> <span class='ocrx_word' id='word_1_177' title='bbox 3210 1176 3496 1230; x_wconf 77' lang='lat' dir='ltr'><strong>matrimo-</strong></span> 
     </span>
    </p>
   </div>
   <div class='ocr_carea' id='block_1_25' title="bbox 1909 1262 3496 1336">
    <p class='ocr_par' dir='ltr' id='par_1_25' title="bbox 1909 1262 3496 1336">
     <span class='ocr_line' id='line_1_25' title="bbox 1909 1262 3496 1336; baseline 0.002 -20"><span class='ocrx_word' id='word_1_178' title='bbox 1909 1264 2058 1317; x_wconf 88' lang='lat' dir='ltr'><strong>nium</strong></span> <span class='ocrx_word' id='word_1_179' title='bbox 2091 1263 2482 1319; x_wconf 86' lang='lat' dir='ltr'><strong>Fastradanam</strong></span> <span class='ocrx_word' id='word_1_180' title='bbox 2524 1263 2807 1336; x_wconf 78' lang='lat' dir='ltr'><strong>reginam;</strong></span> <span class='ocrx_word' id='word_1_181' title='bbox 2840 1272 2896 1320; x_wconf 91' lang='lat' dir='ltr'><strong>et</strong></span> <span class='ocrx_word' id='word_1_182' title='bbox 2926 1263 3222 1322; x_wconf 86' lang='lat' dir='ltr'><strong>celebravit</strong></span> <span class='ocrx_word' id='word_1_183' title='bbox 3261 1262 3496 1321; x_wconf 86' lang='lat' dir='ltr'><strong>natalem</strong></span> 
     </span>
    </p>
   </div>
   <div class='ocr_carea' id='block_1_26' title="bbox 1907 1351 3190 1425">
    <p class='ocr_par' dir='ltr' id='par_1_26' title="bbox 1907 1351 3190 1425">
     <span class='ocr_line' id='line_1_26' title="bbox 1907 1351 3190 1425; baseline 0.001 -16"><span class='ocrx_word' id='word_1_184' title='bbox 1907 1351 2122 1409; x_wconf 88' lang='lat' dir='ltr'><strong>Domini</strong></span> <span class='ocrx_word' id='word_1_185' title='bbox 2153 1353 2206 1408; x_wconf 92' lang='lat' dir='ltr'><strong>in</strong></span> <span class='ocrx_word' id='word_1_186' title='bbox 2237 1353 2574 1422; x_wconf 89' lang='lat' dir='ltr'><strong>Heristellio,</strong></span> <span class='ocrx_word' id='word_1_187' title='bbox 2604 1363 2660 1410; x_wconf 92' lang='lat' dir='ltr'><strong>et</strong></span> <span class='ocrx_word' id='word_1_188' title='bbox 2689 1357 2890 1425; x_wconf 84' lang='lat' dir='ltr'><strong>pascha</strong></span> <span class='ocrx_word' id='word_1_189' title='bbox 2919 1354 3190 1411; x_wconf 88' lang='lat' dir='ltr'><strong>similiter.</strong></span> 
     </span>
    </p>
   </div>
   <div class='ocr_carea' id='block_1_27' title="bbox 1978 1450 3497 1523">
    <p class='ocr_par' dir='ltr' id='par_1_27' title="bbox 1978 1450 3497 1523">
     <span class='ocr_line' id='line_1_27' title="bbox 1978 1450 3497 1523; baseline 0.002 -19"><span class='ocrx_word' id='word_1_190' title='bbox 1978 1450 2136 1505; x_wconf 85' lang='lat' dir='ltr'><strong>Anno</strong></span> <span class='ocrx_word' id='word_1_191' title='bbox 2156 1450 2450 1507; x_wconf 69' lang='lat' dir='ltr'><strong>Dominicze</strong></span> <span class='ocrx_word' id='word_1_192' title='bbox 2477 1451 2870 1508; x_wconf 82' lang='lat' dir='ltr'><strong>incarnationis</strong></span> <span class='ocrx_word' id='word_1_193' title='bbox 2898 1451 3002 1506; x_wconf 74' lang='grc'>784</span> <span class='ocrx_word' id='word_1_194' title='bbox 3028 1451 3254 1507; x_wconf 82' lang='lat' dir='ltr'><strong>Carolus</strong></span> <span class='ocrx_word' id='word_1_195' title='bbox 3288 1451 3497 1523; x_wconf 77' lang='lat' dir='ltr'><strong>ingres-</strong></span> 
     </span>
    </p>
   </div>
   <div class='ocr_carea' id='block_1_28' title="bbox 1909 1541 3496 1613">
    <p class='ocr_par' dir='ltr' id='par_1_28' title="bbox 1909 1541 3496 1613">
     <span class='ocr_line' id='line_1_28' title="bbox 1909 1541 3496 1613; baseline 0.001 -17"><span class='ocrx_word' id='word_1_196' title='bbox 1909 1555 2003 1596; x_wconf 89' lang='lat' dir='ltr'><strong>sus</strong></span> <span class='ocrx_word' id='word_1_197' title='bbox 2025 1550 2111 1596; x_wconf 90' lang='lat' dir='ltr'><strong>est</strong></span> <span class='ocrx_word' id='word_1_198' title='bbox 2141 1541 2460 1607; x_wconf 88' lang='lat' dir='ltr'><strong>Saxoniam,</strong></span> <span class='ocrx_word' id='word_1_199' title='bbox 2505 1555 2570 1598; x_wconf 90' lang='lat' dir='ltr'><strong>eo</strong></span> <span class='ocrx_word' id='word_1_200' title='bbox 2598 1544 2740 1613; x_wconf 90' lang='lat' dir='ltr'><strong>quod</strong></span> <span class='ocrx_word' id='word_1_201' title='bbox 2779 1543 2976 1598; x_wconf 89' lang='lat' dir='ltr'><strong>iterum</strong></span> <span class='ocrx_word' id='word_1_202' title='bbox 3009 1541 3366 1598; x_wconf 77' lang='lat' dir='ltr'><strong>rebellassent</strong></span> <span class='ocrx_word' id='word_1_203' title='bbox 3437 1549 3496 1598; x_wconf 87' lang='lat' dir='ltr'><strong>et</strong></span> 
     </span>
    </p>
   </div>
   <div class='ocr_carea' id='block_1_29' title="bbox 1907 1631 3496 1703">
    <p class='ocr_par' dir='ltr' id='par_1_29' title="bbox 1907 1631 3496 1703">
     <span class='ocr_line' id='line_1_29' title="bbox 1907 1631 3496 1703; baseline 0.002 -17"><span class='ocrx_word' id='word_1_204' title='bbox 1907 1645 2030 1686; x_wconf 89' lang='lat' dir='ltr'><strong>cum</strong></span> <span class='ocrx_word' id='word_1_205' title='bbox 2060 1631 2142 1687; x_wconf 90' lang='lat' dir='ltr'><strong>eis</strong></span> <span class='ocrx_word' id='word_1_206' title='bbox 2183 1631 2362 1701; x_wconf 90' lang='lat' dir='ltr'><strong>aliqua</strong></span> <span class='ocrx_word' id='word_1_207' title='bbox 2393 1647 2520 1702; x_wconf 90' lang='lat' dir='ltr'><strong>pars</strong></span> <span class='ocrx_word' id='word_1_208' title='bbox 2551 1631 2877 1697; x_wconf 89' lang='lat' dir='ltr'><strong>Fresonum,</strong></span> <span class='ocrx_word' id='word_1_209' title='bbox 2914 1639 2971 1687; x_wconf 92' lang='lat' dir='ltr'><strong>et</strong></span> <span class='ocrx_word' id='word_1_210' title='bbox 3023 1631 3272 1703; x_wconf 90' lang='lat' dir='ltr'><strong>pervenit</strong></span> <span class='ocrx_word' id='word_1_211' title='bbox 3323 1646 3496 1701; x_wconf 86' lang='lat' dir='ltr'><strong>usque</strong></span> 
     </span>
    </p>
   </div>
   <div class='ocr_carea' id='block_1_30' title="bbox 1905 1721 3494 1790">
    <p class='ocr_par' dir='ltr' id='par_1_30' title="bbox 1905 1721 3494 1790">
     <span class='ocr_line' id='line_1_30' title="bbox 1905 1721 3494 1790; baseline 0.001 -13"><span class='ocrx_word' id='word_1_212' title='bbox 1905 1722 1974 1778; x_wconf 92' lang='lat' dir='ltr'><strong>ad</strong></span> <span class='ocrx_word' id='word_1_213' title='bbox 2028 1721 2278 1790; x_wconf 86' lang='lat' dir='ltr'><strong>Huculvi,</strong></span> <span class='ocrx_word' id='word_1_214' title='bbox 2321 1721 2651 1780; x_wconf 90' lang='lat' dir='ltr'><strong>circueundo</strong></span> <span class='ocrx_word' id='word_1_215' title='bbox 2689 1730 2745 1778; x_wconf 93' lang='lat' dir='ltr'><strong>et</strong></span> <span class='ocrx_word' id='word_1_216' title='bbox 2787 1722 3050 1778; x_wconf 90' lang='lat' dir='ltr'><strong>vastando</strong></span> <span class='ocrx_word' id='word_1_217' title='bbox 3098 1722 3301 1778; x_wconf 91' lang='lat' dir='ltr'><strong>omnia.</strong></span> <span class='ocrx_word' id='word_1_218' title='bbox 3361 1722 3494 1778; x_wconf 90' lang='lat' dir='ltr'><strong>Erat</strong></span> 
     </span>
    </p>
   </div>
   <div class='ocr_carea' id='block_1_31' title="bbox 1904 1814 3491 1886">
    <p class='ocr_par' dir='ltr' id='par_1_31' title="bbox 1904 1814 3491 1886">
     <span class='ocr_line' id='line_1_31' title="bbox 1904 1814 3491 1886; baseline 0.002 -19"><span class='ocrx_word' id='word_1_219' title='bbox 1904 1822 2085 1868; x_wconf 70' lang='lat' dir='ltr'><strong>autem</strong></span> <span class='ocrx_word' id='word_1_220' title='bbox 2118 1814 2283 1870; x_wconf 92' lang='lat' dir='ltr'><strong>nimia</strong></span> <span class='ocrx_word' id='word_1_221' title='bbox 2329 1815 2613 1871; x_wconf 91' lang='lat' dir='ltr'><strong>inundatio</strong></span> <span class='ocrx_word' id='word_1_222' title='bbox 2673 1829 2959 1885; x_wconf 89' lang='lat' dir='ltr'><strong>aquarum.</strong></span> <span class='ocrx_word' id='word_1_223' title='bbox 3004 1814 3125 1884; x_wconf 86' lang='lat' dir='ltr'><strong>ipse</strong></span> <span class='ocrx_word' id='word_1_224' title='bbox 3183 1815 3351 1886; x_wconf 81' lang='lat' dir='ltr'><strong>igitur</strong></span> <span class='ocrx_word' id='word_1_225' title='bbox 3393 1829 3491 1883; x_wconf 91' lang='lat' dir='ltr'><strong>per</strong></span> 
     </span>
    </p>
   </div>
   <div class='ocr_carea' id='block_1_32' title="bbox 210 1900 3491 1988">
    <p class='ocr_par' dir='ltr' id='par_1_32' title="bbox 210 1900 3491 1988">
     <span class='ocr_line' id='line_1_32' title="bbox 210 1900 3491 1988; baseline 0 -31"><span class='ocrx_word' id='word_1_226' title='bbox 210 1900 332 1974; x_wconf 89' lang='lat' dir='ltr'><strong>[sed</strong></span> <span class='ocrx_word' id='word_1_227' title='bbox 374 1920 485 1960; x_wconf 90' lang='lat' dir='ltr'><strong>non</strong></span> <span class='ocrx_word' id='word_1_228' title='bbox 532 1907 620 1964; x_wconf 84' lang='lat' dir='ltr'><strong>diu</strong></span> <span class='ocrx_word' id='word_1_229' title='bbox 647 1911 904 1980; x_wconf 68' lang='lat' dir='ltr'><strong>pmfams</strong></span> <span class='ocrx_word' id='word_1_230' title='bbox 930 1913 1177 1972; x_wconf 67' lang='lat' dir='ltr'><strong>Thassilo</strong></span> <span class='ocrx_word' id='word_1_231' title='bbox 1213 1917 1482 1988; x_wconf 65' lang='lat' dir='ltr'><strong>promissa</strong></span> <span class='ocrx_word' id='word_1_232' title='bbox 1515 1930 1800 1973; x_wconf 66' lang='lat' dir='ltr'><strong>conserva-</strong></span> <span class='ocrx_word' id='word_1_233' title='bbox 1831 1911 1876 1970; x_wconf 82' lang='grc' dir='ltr'><strong>Β</strong></span> <span class='ocrx_word' id='word_1_234' title='bbox 1907 1902 2257 1975; x_wconf 86' lang='lat' dir='ltr'><strong>Thuringiam</strong></span> <span class='ocrx_word' id='word_1_235' title='bbox 2285 1905 2352 1960; x_wconf 91' lang='lat' dir='ltr'><strong>ab</strong></span> <span class='ocrx_word' id='word_1_236' title='bbox 2373 1903 2624 1960; x_wconf 89' lang='lat' dir='ltr'><strong>orientali</strong></span> <span class='ocrx_word' id='word_1_237' title='bbox 2654 1913 2807 1976; x_wconf 89' lang='lat' dir='ltr'><strong>parte</strong></span> <span class='ocrx_word' id='word_1_238' title='bbox 2830 1904 3052 1960; x_wconf 88' lang='lat' dir='ltr'><strong>intravit</strong></span> <span class='ocrx_word' id='word_1_239' title='bbox 3086 1919 3250 1975; x_wconf 90' lang='lat' dir='ltr'><strong>super</strong></span> <span class='ocrx_word' id='word_1_240' title='bbox 3273 1903 3491 1958; x_wconf 78' lang='lat' dir='ltr'><strong>Hostia-</strong></span> 
     </span>
    </p>
   </div>
   <div class='ocr_carea' id='block_1_33' title="bbox 207 1991 1801 2066">
    <p class='ocr_par' dir='ltr' id='par_1_33' title="bbox 207 1991 1801 2066">
     <span class='ocr_line' id='line_1_33' title="bbox 207 1991 1801 2066; baseline 0.009 -21"><span class='ocrx_word' id='word_1_241' title='bbox 207 1991 336 2066; x_wconf 91' lang='lat' dir='ltr'><strong>vit.]</strong></span> <span class='ocrx_word' id='word_1_242' title='bbox 368 1993 679 2052; x_wconf 87' lang='lat' dir='ltr'><strong>Celebravit</strong></span> <span class='ocrx_word' id='word_1_243' title='bbox 703 2010 884 2057; x_wconf 89' lang='lat' dir='ltr'><strong>autem</strong></span> <span class='ocrx_word' id='word_1_244' title='bbox 927 2017 1024 2059; x_wconf 92' lang='lat' dir='ltr'><strong>rex</strong></span> <span class='ocrx_word' id='word_1_245' title='bbox 1051 2003 1290 2062; x_wconf 90' lang='lat' dir='ltr'><strong>natalem</strong></span> <span class='ocrx_word' id='word_1_246' title='bbox 1318 2006 1532 2062; x_wconf 88' lang='lat' dir='ltr'><strong>Domini</strong></span> <span class='ocrx_word' id='word_1_247' title='bbox 1563 2006 1619 2061; x_wconf 94' lang='lat' dir='ltr'><strong>in</strong></span> <span class='ocrx_word' id='word_1_248' title='bbox 1647 2004 1801 2062; x_wconf 85' lang='lat' dir='ltr'><strong>Cari-</strong></span> 
     </span>
    </p>
   </div>
   <div class='ocr_carea' id='block_1_34' title="bbox 209 2085 894 2160">
    <p class='ocr_par' dir='ltr' id='par_1_34' title="bbox 209 2085 894 2160">
     <span class='ocr_line' id='line_1_34' title="bbox 209 2085 894 2160; baseline 0.012 -19"><span class='ocrx_word' id='word_1_249' title='bbox 209 2085 384 2153; x_wconf 71' lang='lat' dir='ltr'><strong>siaco,</strong></span> <span class='ocrx_word' id='word_1_250' title='bbox 404 2098 464 2144; x_wconf 89' lang='lat' dir='ltr'><strong>et</strong></span> <span class='ocrx_word' id='word_1_251' title='bbox 484 2091 687 2160; x_wconf 85' lang='lat' dir='ltr'><strong>pascha</strong></span> <span class='ocrx_word' id='word_1_252' title='bbox 713 2093 894 2149; x_wconf 91' lang='lat' dir='ltr'><strong>simul.</strong></span> 
     </span>
    </p>
   </div>
   <div class='ocr_carea' id='block_1_35' title="bbox 281 2181 1800 2257">
    <p class='ocr_par' dir='ltr' id='par_1_35' title="bbox 281 2181 1800 2257">
     <span class='ocr_line' id='line_1_35' title="bbox 281 2181 1800 2257; baseline 0.011 -23"><span class='ocrx_word' id='word_1_253' title='bbox 281 2181 444 2236; x_wconf 79' lang='lat' dir='ltr'><strong>Anno</strong></span> <span class='ocrx_word' id='word_1_254' title='bbox 471 2182 766 2242; x_wconf 83' lang='lat' dir='ltr'><strong>Dominicae</strong></span> <span class='ocrx_word' id='word_1_255' title='bbox 806 2187 1200 2247; x_wconf 88' lang='lat' dir='ltr'><strong>incarnationis</strong></span> <span class='ocrx_word' id='word_1_256' title='bbox 1223 2191 1349 2257; x_wconf 71' lang='lat'><strong>782,</strong></span> <span class='ocrx_word' id='word_1_257' title='bbox 1373 2191 1601 2249; x_wconf 86' lang='lat' dir='ltr'><strong>Carolus</strong></span> <span class='ocrx_word' id='word_1_258' title='bbox 1640 2193 1800 2251; x_wconf 82' lang='lat' dir='ltr'><strong>Colo-</strong></span> 
     </span>
    </p>
   </div>
   <div class='ocr_carea' id='block_1_36' title="bbox 214 2267 1800 2354">
    <p class='ocr_par' dir='ltr' id='par_1_36' title="bbox 214 2267 1800 2354">
     <span class='ocr_line' id='line_1_36' title="bbox 214 2267 1800 2354; baseline 0.011 -30"><span class='ocrx_word' id='word_1_259' title='bbox 214 2269 359 2324; x_wconf 86' lang='lat' dir='ltr'><strong>niam</strong></span> <span class='ocrx_word' id='word_1_260' title='bbox 393 2272 641 2338; x_wconf 85' lang='lat' dir='ltr'><strong>veniens,</strong></span> <span class='ocrx_word' id='word_1_261' title='bbox 685 2273 933 2332; x_wconf 85' lang='lat' dir='ltr'><strong>Rhenum</strong></span> <span class='ocrx_word' id='word_1_262' title='bbox 963 2280 1182 2334; x_wconf 87' lang='lat' dir='ltr'><strong>transiit</strong></span> <span class='ocrx_word' id='word_1_263' title='bbox 1235 2292 1289 2336; x_wconf 94' lang='lat' dir='ltr'><strong>et</strong></span> <span class='ocrx_word' id='word_1_264' title='bbox 1327 2283 1592 2354; x_wconf 77' lang='lat' dir='ltr'><strong>synodum</strong></span> <span class='ocrx_word' id='word_1_265' title='bbox 1621 2267 1800 2341; x_wconf 85' lang='lat' dir='ltr'><strong>tenuit</strong></span> 
     </span>
    </p>
   </div>
   <div class='ocr_carea' id='block_1_37' title="bbox 210 2361 1800 2436">
    <p class='ocr_par' dir='ltr' id='par_1_37' title="bbox 210 2361 1800 2436">
     <span class='ocr_line' id='line_1_37' title="bbox 210 2361 1800 2436; baseline 0.011 -23"><span class='ocrx_word' id='word_1_266' title='bbox 210 2364 298 2418; x_wconf 90' lang='lat' dir='ltr'><strong>ubi</strong></span> <span class='ocrx_word' id='word_1_267' title='bbox 339 2361 513 2433; x_wconf 89' lang='lat' dir='ltr'><strong>Lippa</strong></span> <span class='ocrx_word' id='word_1_268' title='bbox 548 2367 862 2436; x_wconf 84' lang='lat' dir='ltr'><strong>consurgit;</strong></span> <span class='ocrx_word' id='word_1_269' title='bbox 893 2367 984 2423; x_wconf 92' lang='lat' dir='ltr'><strong>ubi</strong></span> <span class='ocrx_word' id='word_1_270' title='bbox 1024 2385 1215 2427; x_wconf 88' lang='lat' dir='ltr'><strong>omnes</strong></span> <span class='ocrx_word' id='word_1_271' title='bbox 1261 2371 1506 2429; x_wconf 80' lang='lat' dir='ltr'><strong>Saxones</strong></span> <span class='ocrx_word' id='word_1_272' title='bbox 1533 2387 1800 2432; x_wconf 87' lang='lat' dir='ltr'><strong>convene-</strong></span> 
     </span>
    </p>
   </div>
   <div class='ocr_carea' id='block_1_38' title="bbox 207 2460 1799 2528">
    <p class='ocr_par' dir='ltr' id='par_1_38' title="bbox 207 2460 1799 2528">
     <span class='ocr_line' id='line_1_38' title="bbox 207 2460 1799 2528; baseline 0.011 -19"><span class='ocrx_word' id='word_1_273' title='bbox 207 2465 358 2520; x_wconf 87' lang='lat' dir='ltr'><strong>runt,</strong></span> <span class='ocrx_word' id='word_1_274' title='bbox 403 2467 636 2528; x_wconf 86' lang='lat' dir='ltr'><strong>excepto</strong></span> <span class='ocrx_word' id='word_1_275' title='bbox 667 2460 888 2516; x_wconf 88' lang='lat' dir='ltr'><strong>rebellis</strong></span> <span class='ocrx_word' id='word_1_276' title='bbox 924 2461 1327 2520; x_wconf 89' lang='lat' dir='ltr'><strong>Widichindus.</strong></span> <span class='ocrx_word' id='word_1_277' title='bbox 1361 2465 1494 2522; x_wconf 90' lang='lat' dir='ltr'><strong>llluc</strong></span> <span class='ocrx_word' id='word_1_278' title='bbox 1515 2467 1680 2524; x_wconf 91' lang='lat' dir='ltr'><strong>etiam</strong></span> <span class='ocrx_word' id='word_1_279' title='bbox 1705 2484 1799 2526; x_wconf 88' lang='lat' dir='ltr'><strong>ve-</strong></span> 
     </span>
    </p>
   </div>
   <div class='ocr_carea' id='block_1_39' title="bbox 205 2546 1799 2624">
    <p class='ocr_par' dir='ltr' id='par_1_39' title="bbox 205 2546 1799 2624">
     <span class='ocr_line' id='line_1_39' title="bbox 205 2546 1799 2624; baseline 0.011 -24"><span class='ocrx_word' id='word_1_280' title='bbox 205 2554 415 2601; x_wconf 90' lang='lat' dir='ltr'><strong>nerunt</strong></span> <span class='ocrx_word' id='word_1_281' title='bbox 440 2546 599 2618; x_wconf 77' lang='lat' dir='ltr'><strong>legati</strong></span> <span class='ocrx_word' id='word_1_282' title='bbox 625 2547 901 2607; x_wconf 82' lang='lat' dir='ltr'><strong>Godei‘ridi</strong></span> <span class='ocrx_word' id='word_1_283' title='bbox 929 2555 1072 2624; x_wconf 87' lang='lat' dir='ltr'><strong>regis</strong></span> <span class='ocrx_word' id='word_1_284' title='bbox 1100 2553 1582 2614; x_wconf 84' lang='lat' dir='ltr'><strong>Nortmannorum.</strong></span> <span class='ocrx_word' id='word_1_285' title='bbox 1611 2561 1799 2618; x_wconf 87' lang='lat' dir='ltr'><strong>Altde-</strong></span> 
     </span>
    </p>
   </div>
   <div class='ocr_carea' id='block_1_40' title="bbox 206 2639 1798 2722">
    <p class='ocr_par' dir='ltr' id='par_1_40' title="bbox 206 2639 1798 2722">
     <span class='ocr_line' id='line_1_40' title="bbox 206 2639 1798 2722; baseline 0.012 -29"><span class='ocrx_word' id='word_1_286' title='bbox 206 2639 260 2693; x_wconf 93' lang='lat' dir='ltr'><strong>ni</strong></span> <span class='ocrx_word' id='word_1_287' title='bbox 286 2648 345 2695; x_wconf 91' lang='lat' dir='ltr'><strong>et</strong></span> <span class='ocrx_word' id='word_1_288' title='bbox 373 2639 694 2710; x_wconf 84' lang='lat' dir='ltr'><strong>Hosmundi,</strong></span> <span class='ocrx_word' id='word_1_289' title='bbox 719 2660 820 2700; x_wconf 92' lang='lat' dir='ltr'><strong>nec</strong></span> <span class='ocrx_word' id='word_1_290' title='bbox 842 2661 948 2703; x_wconf 92' lang='lat' dir='ltr'><strong>non</strong></span> <span class='ocrx_word' id='word_1_291' title='bbox 969 2648 1137 2704; x_wconf 90' lang='lat' dir='ltr'><strong>etiam</strong></span> <span class='ocrx_word' id='word_1_292' title='bbox 1160 2649 1318 2722; x_wconf 87' lang='lat' dir='ltr'><strong>legati</strong></span> <span class='ocrx_word' id='word_1_293' title='bbox 1339 2652 1642 2710; x_wconf 87' lang='lat' dir='ltr'><strong>Avarorum</strong></span> <span class='ocrx_word' id='word_1_294' title='bbox 1665 2655 1798 2711; x_wconf 84' lang='lat' dir='ltr'><strong>mis-</strong></span> 
     </span>
    </p>
   </div>
   <div class='ocr_carea' id='block_1_41' title="bbox 206 2731 1799 2812">
    <p class='ocr_par' dir='ltr' id='par_1_41' title="bbox 206 2731 1799 2812">
     <span class='ocr_line' id='line_1_41' title="bbox 206 2731 1799 2812; baseline 0.011 -26"><span class='ocrx_word' id='word_1_295' title='bbox 206 2733 302 2787; x_wconf 87' lang='lat' dir='ltr'><strong>sia</strong></span> <span class='ocrx_word' id='word_1_296' title='bbox 332 2731 553 2790; x_wconf 89' lang='lat' dir='ltr'><strong>Cacano</strong></span> <span class='ocrx_word' id='word_1_297' title='bbox 577 2744 634 2791; x_wconf 90' lang='lat' dir='ltr'><strong>et</strong></span> <span class='ocrx_word' id='word_1_298' title='bbox 658 2735 908 2810; x_wconf 86' lang='lat' dir='ltr'><strong>Jugorro.</strong></span> <span class='ocrx_word' id='word_1_299' title='bbox 941 2739 1168 2798; x_wconf 89' lang='lat' dir='ltr'><strong>Peracto</strong></span> <span class='ocrx_word' id='word_1_300' title='bbox 1190 2743 1413 2812; x_wconf 90' lang='lat' dir='ltr'><strong>placito,</strong></span> <span class='ocrx_word' id='word_1_301' title='bbox 1438 2761 1689 2803; x_wconf 86' lang='lat' dir='ltr'><strong>reversus</strong></span> <span class='ocrx_word' id='word_1_302' title='bbox 1715 2759 1799 2804; x_wconf 86' lang='lat' dir='ltr'><strong>est</strong></span> 
     </span>
    </p>
   </div>
   <div class='ocr_carea' id='block_1_42' title="bbox 207 2824 1795 2908">
    <p class='ocr_par' dir='ltr' id='par_1_42' title="bbox 207 2824 1795 2908">
     <span class='ocr_line' id='line_1_42' title="bbox 207 2824 1795 2908; baseline 0.013 -32"><span class='ocrx_word' id='word_1_303' title='bbox 207 2838 305 2878; x_wconf 92' lang='lat' dir='ltr'><strong>rex</strong></span> <span class='ocrx_word' id='word_1_304' title='bbox 346 2824 406 2878; x_wconf 91' lang='lat' dir='ltr'><strong>in</strong></span> <span class='ocrx_word' id='word_1_305' title='bbox 449 2824 764 2883; x_wconf 85' lang='lat' dir='ltr'><strong>Franciam.</strong></span> <span class='ocrx_word' id='word_1_306' title='bbox 811 2828 1058 2888; x_wconf 80' lang='lat' dir='ltr'><strong>Saxones</strong></span> <span class='ocrx_word' id='word_1_307' title='bbox 1104 2834 1300 2890; x_wconf 92' lang='lat' dir='ltr'><strong>iterum</strong></span> <span class='ocrx_word' id='word_1_308' title='bbox 1354 2837 1516 2892; x_wconf 90' lang='lat' dir='ltr'><strong>ﬁdem</strong></span> <span class='ocrx_word' id='word_1_309' title='bbox 1567 2839 1795 2908; x_wconf 87' lang='lat' dir='ltr'><strong>violant,</strong></span> 
     </span>
    </p>
   </div>
   <div class='ocr_carea' id='block_1_43' title="bbox 212 2917 1796 2988">
    <p class='ocr_par' dir='ltr' id='par_1_43' title="bbox 212 2917 1796 2988">
     <span class='ocr_line' id='line_1_43' title="bbox 212 2917 1796 2988; baseline 0.013 -21"><span class='ocrx_word' id='word_1_310' title='bbox 212 2929 362 2971; x_wconf 88' lang='lat' dir='ltr'><strong>arma</strong></span> <span class='ocrx_word' id='word_1_311' title='bbox 387 2917 709 2987; x_wconf 88' lang='lat' dir='ltr'><strong>corripiunt,</strong></span> <span class='ocrx_word' id='word_1_312' title='bbox 761 2923 1024 2980; x_wconf 87' lang='lat' dir='ltr'><strong>suadente</strong></span> <span class='ocrx_word' id='word_1_313' title='bbox 1068 2923 1438 2985; x_wconf 85' lang='lat' dir='ltr'><strong>Widichindo.</strong></span> <span class='ocrx_word' id='word_1_314' title='bbox 1464 2930 1580 2988; x_wconf 87' lang='lat' dir='ltr'><strong>Rex</strong></span> <span class='ocrx_word' id='word_1_315' title='bbox 1614 2941 1796 2987; x_wconf 88' lang='lat' dir='ltr'><strong>autem</strong></span> 
     </span>
    </p>
   </div>
   <div class='ocr_carea' id='block_1_44' title="bbox 209 3013 1799 3096">
    <p class='ocr_par' dir='ltr' id='par_1_44' title="bbox 209 3013 1799 3096">
     <span class='ocr_line' id='line_1_44' title="bbox 209 3013 1799 3096; baseline 0.011 -31"><span class='ocrx_word' id='word_1_316' title='bbox 209 3025 270 3065; x_wconf 90' lang='lat' dir='ltr'><strong>ea</strong></span> <span class='ocrx_word' id='word_1_317' title='bbox 304 3019 631 3081; x_wconf 90' lang='lat' dir='ltr'><strong>tempestate</strong></span> <span class='ocrx_word' id='word_1_318' title='bbox 676 3013 902 3070; x_wconf 88' lang='lat' dir='ltr'><strong>miserat</strong></span> <span class='ocrx_word' id='word_1_319' title='bbox 948 3019 1177 3076; x_wconf 91' lang='lat' dir='ltr'><strong>nuncios</strong></span> <span class='ocrx_word' id='word_1_320' title='bbox 1216 3036 1347 3078; x_wconf 90' lang='lat' dir='ltr'><strong>suos</strong></span> <span class='ocrx_word' id='word_1_321' title='bbox 1392 3023 1706 3096; x_wconf 82' lang='lat' dir='ltr'><strong>Adalgisum</strong></span> <span class='ocrx_word' id='word_1_322' title='bbox 1742 3035 1799 3084; x_wconf 92' lang='lat' dir='ltr'><strong>et</strong></span> 
     </span>
    </p>
   </div>
   <div class='ocr_carea' id='block_1_45' title="bbox 209 3104 1796 3183">
    <p class='ocr_par' dir='ltr' id='par_1_45' title="bbox 209 3104 1796 3183">
     <span class='ocr_line' id='line_1_45' title="bbox 209 3104 1796 3183; baseline 0.008 -23"><span class='ocrx_word' id='word_1_323' title='bbox 209 3104 499 3160; x_wconf 85' lang='lat' dir='ltr'><strong>Geilonem</strong></span> <span class='ocrx_word' id='word_1_324' title='bbox 535 3114 698 3176; x_wconf 91' lang='lat' dir='ltr'><strong>atque</strong></span> <span class='ocrx_word' id='word_1_325' title='bbox 726 3107 1036 3165; x_wconf 89' lang='lat' dir='ltr'><strong>Conradum</strong></span> <span class='ocrx_word' id='word_1_326' title='bbox 1062 3112 1208 3168; x_wconf 87' lang='lat' dir='ltr'><strong>viros</strong></span> <span class='ocrx_word' id='word_1_327' title='bbox 1237 3123 1514 3183; x_wconf 89' lang='lat' dir='ltr'><strong>potentes,</strong></span> <span class='ocrx_word' id='word_1_328' title='bbox 1537 3125 1598 3172; x_wconf 91' lang='lat' dir='ltr'><strong>ut</strong></span> <span class='ocrx_word' id='word_1_329' title='bbox 1631 3117 1796 3173; x_wconf 90' lang='lat' dir='ltr'><strong>duce-</strong></span> 
     </span>
    </p>
   </div>
   <div class='ocr_carea' id='block_1_46' title="bbox 208 3196 1797 3278">
    <p class='ocr_par' dir='ltr' id='par_1_46' title="bbox 208 3196 1797 3278">
     <span class='ocr_line' id='line_1_46' title="bbox 208 3196 1797 3278; baseline 0.011 -30"><span class='ocrx_word' id='word_1_330' title='bbox 208 3204 331 3250; x_wconf 90' lang='lat' dir='ltr'><strong>rent</strong></span> <span class='ocrx_word' id='word_1_331' title='bbox 376 3196 680 3253; x_wconf 89' lang='lat' dir='ltr'><strong>exercitum</strong></span> <span class='ocrx_word' id='word_1_332' title='bbox 708 3198 1043 3258; x_wconf 86' lang='lat' dir='ltr'><strong>Francorum</strong></span> <span class='ocrx_word' id='word_1_333' title='bbox 1077 3213 1133 3260; x_wconf 91' lang='lat' dir='ltr'><strong>et</strong></span> <span class='ocrx_word' id='word_1_334' title='bbox 1158 3203 1435 3262; x_wconf 86' lang='lat' dir='ltr'><strong>Saxonum</strong></span> <span class='ocrx_word' id='word_1_335' title='bbox 1462 3223 1625 3278; x_wconf 89' lang='lat' dir='ltr'><strong>super</strong></span> <span class='ocrx_word' id='word_1_336' title='bbox 1649 3209 1797 3266; x_wconf 87' lang='lat' dir='ltr'><strong>Scia-</strong></span> 
     </span>
    </p>
   </div>
   <div class='ocr_carea' id='block_1_47' title="bbox 209 3288 1794 3370">
    <p class='ocr_par' dir='ltr' id='par_1_47' title="bbox 209 3288 1794 3370">
     <span class='ocr_line' id='line_1_47' title="bbox 209 3288 1794 3370; baseline 0.012 -33"><span class='ocrx_word' id='word_1_337' title='bbox 209 3299 302 3340; x_wconf 85' lang='lat' dir='ltr'><strong>vos</strong></span> <span class='ocrx_word' id='word_1_338' title='bbox 352 3300 578 3355; x_wconf 87' lang='lat' dir='ltr'><strong>paucos,</strong></span> <span class='ocrx_word' id='word_1_339' title='bbox 613 3288 704 3357; x_wconf 88' lang='lat' dir='ltr'><strong>qui</strong></span> <span class='ocrx_word' id='word_1_340' title='bbox 764 3289 942 3346; x_wconf 91' lang='lat' dir='ltr'><strong>adhuc</strong></span> <span class='ocrx_word' id='word_1_341' title='bbox 994 3293 1225 3350; x_wconf 88' lang='lat' dir='ltr'><strong>rebelles</strong></span> <span class='ocrx_word' id='word_1_342' title='bbox 1263 3305 1439 3352; x_wconf 91' lang='lat' dir='ltr'><strong>erant.</strong></span> <span class='ocrx_word' id='word_1_343' title='bbox 1485 3297 1794 3370; x_wconf 89' lang='lat' dir='ltr'><strong>Supradicti</strong></span> 
     </span>
    </p>
   </div>
   <div class='ocr_carea' id='block_1_48' title="bbox 209 3379 1796 3453">
    <p class='ocr_par' dir='ltr' id='par_1_48' title="bbox 209 3379 1796 3453">
     <span class='ocr_line' id='line_1_48' title="bbox 209 3379 1796 3453; baseline 0.011 -23"><span class='ocrx_word' id='word_1_344' title='bbox 209 3391 337 3432; x_wconf 84' lang='lat' dir='ltr'><strong>vero</strong></span> <span class='ocrx_word' id='word_1_345' title='bbox 365 3379 662 3450; x_wconf 90' lang='lat' dir='ltr'><strong>principes,</strong></span> <span class='ocrx_word' id='word_1_346' title='bbox 688 3395 812 3436; x_wconf 90' lang='lat' dir='ltr'><strong>cum</strong></span> <span class='ocrx_word' id='word_1_347' title='bbox 840 3381 953 3453; x_wconf 77' lang='lat' dir='ltr'><strong>iam</strong></span> <span class='ocrx_word' id='word_1_348' title='bbox 994 3384 1049 3440; x_wconf 93' lang='lat' dir='ltr'><strong>in</strong></span> <span class='ocrx_word' id='word_1_349' title='bbox 1077 3385 1273 3442; x_wconf 90' lang='lat' dir='ltr'><strong>itinere</strong></span> <span class='ocrx_word' id='word_1_350' title='bbox 1305 3398 1491 3444; x_wconf 89' lang='lat' dir='ltr'><strong>essent</strong></span> <span class='ocrx_word' id='word_1_351' title='bbox 1513 3389 1796 3449; x_wconf 90' lang='lat' dir='ltr'><strong>audientes</strong></span> 
     </span>
    </p>
   </div>
   <div class='ocr_carea' id='block_1_49' title="bbox 207 3466 1796 3548">
    <p class='ocr_par' dir='ltr' id='par_1_49' title="bbox 207 3466 1796 3548">
     <span class='ocr_line' id='line_1_49' title="bbox 207 3466 1796 3548; baseline 0.013 -30"><span class='ocrx_word' id='word_1_352' title='bbox 207 3466 355 3536; x_wconf 88' lang='lat' dir='ltr'><strong>quod</strong></span> <span class='ocrx_word' id='word_1_353' title='bbox 398 3467 644 3525; x_wconf 87' lang='lat' dir='ltr'><strong>Saxones</strong></span> <span class='ocrx_word' id='word_1_354' title='bbox 688 3471 1078 3543; x_wconf 90' lang='lat' dir='ltr'><strong>rebellassent,</strong></span> <span class='ocrx_word' id='word_1_355' title='bbox 1125 3492 1288 3548; x_wconf 89' lang='lat' dir='ltr'><strong>super</strong></span> <span class='ocrx_word' id='word_1_356' title='bbox 1313 3494 1408 3536; x_wconf 89' lang='lat' dir='ltr'><strong>eos</strong></span> <span class='ocrx_word' id='word_1_357' title='bbox 1433 3495 1583 3536; x_wconf 90' lang='lat' dir='ltr'><strong>arma</strong></span> <span class='ocrx_word' id='word_1_358' title='bbox 1621 3493 1796 3540; x_wconf 87' lang='lat' dir='ltr'><strong>verte-</strong></span> 
     </span>
    </p>
   </div>
   <div class='ocr_carea' id='block_1_50' title="bbox 208 3554 1796 3635">
    <p class='ocr_par' dir='ltr' id='par_1_50' title="bbox 208 3554 1796 3635">
     <span class='ocr_line' id='line_1_50' title="bbox 208 3554 1796 3635; baseline 0.011 -22"><span class='ocrx_word' id='word_1_359' title='bbox 208 3569 361 3624; x_wconf 90' lang='lat' dir='ltr'><strong>runt,</strong></span> <span class='ocrx_word' id='word_1_360' title='bbox 391 3568 450 3615; x_wconf 90' lang='lat' dir='ltr'><strong>et</strong></span> <span class='ocrx_word' id='word_1_361' title='bbox 491 3554 782 3618; x_wconf 88' lang='lat' dir='ltr'><strong>commisso</strong></span> <span class='ocrx_word' id='word_1_362' title='bbox 827 3566 1013 3635; x_wconf 85' lang='lat' dir='ltr'><strong>praelio</strong></span> <span class='ocrx_word' id='word_1_363' title='bbox 1045 3567 1245 3625; x_wconf 92' lang='lat' dir='ltr'><strong>multos</strong></span> <span class='ocrx_word' id='word_1_364' title='bbox 1285 3585 1352 3626; x_wconf 83' lang='lat' dir='ltr'><strong>ex</strong></span> <span class='ocrx_word' id='word_1_365' title='bbox 1397 3573 1478 3628; x_wconf 93' lang='lat' dir='ltr'><strong>eis</strong></span> <span class='ocrx_word' id='word_1_366' title='bbox 1506 3573 1796 3630; x_wconf 82' lang='lat' dir='ltr'><strong>interfece-</strong></span> 
     </span>
    </p>
   </div>
   <div class='ocr_carea' id='block_1_51' title="bbox 205 3651 1795 3726">
    <p class='ocr_par' dir='ltr' id='par_1_51' title="bbox 205 3651 1795 3726">
     <span class='ocr_line' id='line_1_51' title="bbox 205 3651 1795 3726; baseline 0.01 -22"><span class='ocrx_word' id='word_1_367' title='bbox 205 3660 356 3716; x_wconf 88' lang='lat' dir='ltr'><strong>runt,</strong></span> <span class='ocrx_word' id='word_1_368' title='bbox 383 3651 438 3706; x_wconf 92' lang='lat' dir='ltr'><strong>in</strong></span> <span class='ocrx_word' id='word_1_369' title='bbox 483 3667 589 3721; x_wconf 89' lang='lat' dir='ltr'><strong>qua</strong></span> <span class='ocrx_word' id='word_1_370' title='bbox 624 3667 816 3725; x_wconf 86' lang='lat' dir='ltr'><strong>pugna</strong></span> <span class='ocrx_word' id='word_1_371' title='bbox 847 3656 954 3712; x_wconf 93' lang='lat' dir='ltr'><strong>duo</strong></span> <span class='ocrx_word' id='word_1_372' title='bbox 990 3657 1155 3714; x_wconf 86' lang='lat' dir='ltr'><strong>duces</strong></span> <span class='ocrx_word' id='word_1_373' title='bbox 1175 3659 1506 3726; x_wconf 88' lang='lat' dir='ltr'><strong>ceciderunt,</strong></span> <span class='ocrx_word' id='word_1_374' title='bbox 1545 3663 1795 3720; x_wconf 90' lang='lat' dir='ltr'><strong>videlicet</strong></span> 
     </span>
    </p>
   </div>
   <div class='ocr_carea' id='block_1_52' title="bbox 207 3741 1788 3820">
    <p class='ocr_par' dir='ltr' id='par_1_52' title="bbox 207 3741 1788 3820">
     <span class='ocr_line' id='line_1_52' title="bbox 207 3741 1788 3820; baseline 0.009 -24"><span class='ocrx_word' id='word_1_375' title='bbox 207 3741 504 3812; x_wconf 78' lang='lat' dir='ltr'><strong>Adalgisus</strong></span> <span class='ocrx_word' id='word_1_376' title='bbox 542 3751 599 3798; x_wconf 92' lang='lat' dir='ltr'><strong>et</strong></span> <span class='ocrx_word' id='word_1_377' title='bbox 630 3742 809 3812; x_wconf 89' lang='lat' dir='ltr'><strong>Geilo,</strong></span> <span class='ocrx_word' id='word_1_378' title='bbox 845 3746 899 3800; x_wconf 93' lang='lat' dir='ltr'><strong>in</strong></span> <span class='ocrx_word' id='word_1_379' title='bbox 949 3757 1134 3804; x_wconf 91' lang='lat' dir='ltr'><strong>monte</strong></span> <span class='ocrx_word' id='word_1_380' title='bbox 1161 3751 1256 3820; x_wconf 91' lang='lat' dir='ltr'><strong>qui</strong></span> <span class='ocrx_word' id='word_1_381' title='bbox 1296 3751 1495 3808; x_wconf 87' lang='lat' dir='ltr'><strong>dicitur</strong></span> <span class='ocrx_word' id='word_1_382' title='bbox 1539 3752 1788 3810; x_wconf 90' lang='lat' dir='ltr'><strong>Suntdal.</strong></span> 
     </span>
    </p>
   </div>
   <div class='ocr_carea' id='block_1_53' title="bbox 207 3829 1796 3914">
    <p class='ocr_par' dir='ltr' id='par_1_53' title="bbox 207 3829 1796 3914">
     <span class='ocr_line' id='line_1_53' title="bbox 207 3829 1796 3914; baseline 0.011 -28"><span class='ocrx_word' id='word_1_383' title='bbox 207 3829 321 3887; x_wconf 83' lang='lat' dir='ltr'><strong>Hoc</strong></span> <span class='ocrx_word' id='word_1_384' title='bbox 342 3831 574 3890; x_wconf 87' lang='lat' dir='ltr'><strong>audiens</strong></span> <span class='ocrx_word' id='word_1_385' title='bbox 613 3834 932 3904; x_wconf 89' lang='lat' dir='ltr'><strong>imperator,</strong></span> <span class='ocrx_word' id='word_1_386' title='bbox 958 3855 1080 3894; x_wconf 90' lang='lat' dir='ltr'><strong>cum</strong></span> <span class='ocrx_word' id='word_1_387' title='bbox 1111 3840 1336 3898; x_wconf 90' lang='lat' dir='ltr'><strong>Francis</strong></span> <span class='ocrx_word' id='word_1_388' title='bbox 1368 3859 1505 3914; x_wconf 92' lang='lat' dir='ltr'><strong>quos</strong></span> <span class='ocrx_word' id='word_1_389' title='bbox 1531 3847 1632 3902; x_wconf 88' lang='lat' dir='ltr'><strong>sub</strong></span> <span class='ocrx_word' id='word_1_390' title='bbox 1658 3847 1796 3904; x_wconf 88' lang='lat' dir='ltr'><strong>cele-</strong></span> 
     </span>
    </p>
   </div>
   <div class='ocr_carea' id='block_1_54' title="bbox 207 3923 1794 4009">
    <p class='ocr_par' dir='ltr' id='par_1_54' title="bbox 207 3923 1794 4009">
     <span class='ocr_line' id='line_1_54' title="bbox 207 3923 1794 4009; baseline 0.012 -33"><span class='ocrx_word' id='word_1_391' title='bbox 207 3923 376 3978; x_wconf 89' lang='lat' dir='ltr'><strong>ritate</strong></span> <span class='ocrx_word' id='word_1_392' title='bbox 425 3939 754 3997; x_wconf 85' lang='lat' dir='ltr'><strong>congregare</strong></span> <span class='ocrx_word' id='word_1_393' title='bbox 802 3931 978 3998; x_wconf 92' lang='lat' dir='ltr'><strong>potuit</strong></span> <span class='ocrx_word' id='word_1_394' title='bbox 1009 3931 1135 3988; x_wconf 93' lang='lat' dir='ltr'><strong>illuc</strong></span> <span class='ocrx_word' id='word_1_395' title='bbox 1167 3935 1428 4004; x_wconf 88' lang='lat' dir='ltr'><strong>perrexit,</strong></span> <span class='ocrx_word' id='word_1_396' title='bbox 1467 3948 1524 3992; x_wconf 90' lang='lat' dir='ltr'><strong>et</strong></span> <span class='ocrx_word' id='word_1_397' title='bbox 1548 3940 1794 4009; x_wconf 92' lang='lat' dir='ltr'><strong>pervenit</strong></span> 
     </span>
    </p>
   </div>
   <div class='ocr_carea' id='block_1_55' title="bbox 207 4015 1792 4086">
    <p class='ocr_par' dir='ltr' id='par_1_55' title="bbox 207 4015 1792 4086">
     <span class='ocr_line' id='line_1_55' title="bbox 207 4015 1792 4086; baseline 0.011 -18"><span class='ocrx_word' id='word_1_398' title='bbox 207 4030 383 4086; x_wconf 85' lang='lat' dir='ltr'><strong>usque</strong></span> <span class='ocrx_word' id='word_1_399' title='bbox 410 4015 480 4070; x_wconf 89' lang='lat' dir='ltr'><strong>ad</strong></span> <span class='ocrx_word' id='word_1_400' title='bbox 503 4017 679 4072; x_wconf 91' lang='lat' dir='ltr'><strong>locum</strong></span> <span class='ocrx_word' id='word_1_401' title='bbox 705 4018 795 4074; x_wconf 88' lang='lat' dir='ltr'><strong>ubi</strong></span> <span class='ocrx_word' id='word_1_402' title='bbox 817 4019 981 4076; x_wconf 84' lang='lat' dir='ltr'><strong>Alara</strong></span> <span class='ocrx_word' id='word_1_403' title='bbox 1016 4021 1239 4078; x_wconf 90' lang='lat' dir='ltr'><strong>conﬂuit</strong></span> <span class='ocrx_word' id='word_1_404' title='bbox 1264 4025 1317 4079; x_wconf 91' lang='lat' dir='ltr'><strong>in</strong></span> <span class='ocrx_word' id='word_1_405' title='bbox 1370 4024 1605 4083; x_wconf 85' lang='lat' dir='ltr'><strong>Wisara.</strong></span> <span class='ocrx_word' id='word_1_406' title='bbox 1639 4027 1792 4086; x_wconf 85' lang='lat' dir='ltr'><strong>Tunc</strong></span> 
     </span>
    </p>
   </div>
   <div class='ocr_carea' id='block_1_56' title="bbox 205 4105 1796 4175">
    <p class='ocr_par' dir='ltr' id='par_1_56' title="bbox 205 4105 1796 4175">
     <span class='ocr_line' id='line_1_56' title="bbox 205 4105 1796 4175; baseline 0.01 -15"><span class='ocrx_word' id='word_1_407' title='bbox 205 4121 400 4162; x_wconf 90' lang='lat' dir='ltr'><strong>omnes</strong></span> <span class='ocrx_word' id='word_1_408' title='bbox 447 4105 695 4165; x_wconf 88' lang='lat' dir='ltr'><strong>Saxones</strong></span> <span class='ocrx_word' id='word_1_409' title='bbox 754 4111 951 4166; x_wconf 90' lang='lat' dir='ltr'><strong>iterum</strong></span> <span class='ocrx_word' id='word_1_410' title='bbox 995 4115 1384 4172; x_wconf 87' lang='lat' dir='ltr'><strong>convenientes</strong></span> <span class='ocrx_word' id='word_1_411' title='bbox 1435 4119 1796 4175; x_wconf 88' lang='lat' dir='ltr'><strong>subdiderunt</strong></span> 
     </span>
    </p>
   </div>
   <div class='ocr_carea' id='block_1_57' title="bbox 205 4197 1794 4276">
    <p class='ocr_par' dir='ltr' id='par_1_57' title="bbox 205 4197 1794 4276">
     <span class='ocr_line' id='line_1_57' title="bbox 205 4197 1794 4276; baseline 0.008 -24"><span class='ocrx_word' id='word_1_412' title='bbox 205 4212 264 4252; x_wconf 85' lang='lat' dir='ltr'><strong>se</strong></span> <span class='ocrx_word' id='word_1_413' title='bbox 291 4197 398 4253; x_wconf 89' lang='lat' dir='ltr'><strong>sub</strong></span> <span class='ocrx_word' id='word_1_414' title='bbox 422 4207 693 4269; x_wconf 91' lang='lat' dir='ltr'><strong>potestate</strong></span> <span class='ocrx_word' id='word_1_415' title='bbox 735 4203 1031 4271; x_wconf 88' lang='lat' dir='ltr'><strong>supradicti</strong></span> <span class='ocrx_word' id='word_1_416' title='bbox 1066 4205 1227 4276; x_wconf 87' lang='lat' dir='ltr'><strong>regis,</strong></span> <span class='ocrx_word' id='word_1_417' title='bbox 1261 4215 1313 4260; x_wconf 90' lang='lat' dir='ltr'><strong>et</strong></span> <span class='ocrx_word' id='word_1_418' title='bbox 1339 4205 1690 4264; x_wconf 86' lang='lat' dir='ltr'><strong>reddiderunt</strong></span> <span class='ocrx_word' id='word_1_419' title='bbox 1713 4225 1794 4265; x_wconf 90' lang='lat' dir='ltr'><strong>se-</strong></span> 
     </span>
    </p>
   </div>
   <div class='ocr_carea' id='block_1_58' title="bbox 206 4286 1796 4356">
    <p class='ocr_par' dir='ltr' id='par_1_58' title="bbox 206 4286 1796 4356">
     <span class='ocr_line' id='line_1_58' title="bbox 206 4286 1796 4356; baseline 0.008 -16"><span class='ocrx_word' id='word_1_420' title='bbox 206 4286 460 4355; x_wconf 78' lang='lat' dir='ltr'><strong>ditibsos,</strong></span> <span class='ocrx_word' id='word_1_421' title='bbox 490 4289 582 4356; x_wconf 87' lang='lat' dir='ltr'><strong>qui</strong></span> <span class='ocrx_word' id='word_1_422' title='bbox 613 4288 756 4344; x_wconf 89' lang='lat' dir='ltr'><strong>illam</strong></span> <span class='ocrx_word' id='word_1_423' title='bbox 805 4291 1154 4348; x_wconf 88' lang='lat' dir='ltr'><strong>rebellionem</strong></span> <span class='ocrx_word' id='word_1_424' title='bbox 1188 4295 1420 4350; x_wconf 85' lang='lat' dir='ltr'><strong>maxime</strong></span> <span class='ocrx_word' id='word_1_425' title='bbox 1468 4298 1796 4353; x_wconf 80' lang='lat' dir='ltr'><strong>terminave-</strong></span> 
     </span>
    </p>
   </div>
   <div class='ocr_carea' id='block_1_59' title="bbox 209 4382 1796 4461">
    <p class='ocr_par' dir='ltr' id='par_1_59' title="bbox 209 4382 1796 4461">
     <span class='ocr_line' id='line_1_59' title="bbox 209 4382 1796 4461; baseline 0.009 -27"><span class='ocrx_word' id='word_1_426' title='bbox 209 4389 359 4446; x_wconf 85' lang='lat' dir='ltr'><strong>runt,</strong></span> <span class='ocrx_word' id='word_1_427' title='bbox 385 4383 457 4436; x_wconf 87' lang='lat' dir='ltr'><strong>ad</strong></span> <span class='ocrx_word' id='word_1_428' title='bbox 499 4382 852 4439; x_wconf 88' lang='lat' dir='ltr'><strong>occidendum</strong></span> <span class='ocrx_word' id='word_1_429' title='bbox 881 4395 1116 4456; x_wconf 90' lang='lat' dir='ltr'><strong>quatuor</strong></span> <span class='ocrx_word' id='word_1_430' title='bbox 1159 4387 1326 4442; x_wconf 85' lang='lat' dir='ltr'><strong>mulia</strong></span> <span class='ocrx_word' id='word_1_431' title='bbox 1365 4389 1688 4461; x_wconf 87' lang='lat' dir='ltr'><strong>quingentos</strong></span> <span class='ocrx_word' id='word_1_432' title='bbox 1720 4393 1796 4448; x_wconf 82' lang='lat' dir='ltr'><strong>vi-</strong></span> 
     </span>
    </p>
   </div>
   <div class='ocr_carea' id='block_1_60' title="bbox 206 4471 1789 4558">
    <p class='ocr_par' dir='ltr' id='par_1_60' title="bbox 206 4471 1789 4558">
     <span class='ocr_line' id='line_1_60' title="bbox 206 4471 1789 4558; baseline 0.009 -31"><span class='ocrx_word' id='word_1_433' title='bbox 206 4488 322 4528; x_wconf 86' lang='lat' dir='ltr'><strong>ros.</strong></span> <span class='ocrx_word' id='word_1_434' title='bbox 347 4471 724 4532; x_wconf 84' lang='lat' dir='ltr'><strong>Widichindus</strong></span> <span class='ocrx_word' id='word_1_435' title='bbox 744 4493 874 4534; x_wconf 90' lang='lat' dir='ltr'><strong>vero</strong></span> <span class='ocrx_word' id='word_1_436' title='bbox 897 4479 1142 4550; x_wconf 89' lang='lat' dir='ltr'><strong>partibus</strong></span> <span class='ocrx_word' id='word_1_437' title='bbox 1169 4480 1538 4539; x_wconf 80' lang='lat' dir='ltr'><strong>Nortmanniae</strong></span> <span class='ocrx_word' id='word_1_438' title='bbox 1562 4484 1789 4558; x_wconf 81' lang='lat' dir='ltr'><strong>aufugit.</strong></span> 
     </span>
    </p>
   </div>
   <div class='ocr_carea' id='block_1_61' title="bbox 206 4562 1786 4643">
    <p class='ocr_par' dir='ltr' id='par_1_61' title="bbox 206 4562 1786 4643">
     <span class='ocr_line' id='line_1_61' title="bbox 206 4562 1786 4643; baseline 0.011 -27"><span class='ocrx_word' id='word_1_439' title='bbox 206 4562 514 4620; x_wconf 82' lang='lat' dir='ltr'><strong>interfectis</strong></span> <span class='ocrx_word' id='word_1_440' title='bbox 540 4565 724 4638; x_wconf 88' lang='lat' dir='ltr'><strong>itaque</strong></span> <span class='ocrx_word' id='word_1_441' title='bbox 766 4570 1039 4626; x_wconf 91' lang='lat' dir='ltr'><strong>seditiosis</strong></span> <span class='ocrx_word' id='word_1_442' title='bbox 1075 4571 1345 4643; x_wconf 90' lang='lat' dir='ltr'><strong>exilioque</strong></span> <span class='ocrx_word' id='word_1_443' title='bbox 1369 4574 1641 4632; x_wconf 90' lang='lat' dir='ltr'><strong>damnatis</strong></span> <span class='ocrx_word' id='word_1_444' title='bbox 1693 4593 1786 4633; x_wconf 87' lang='lat' dir='ltr'><strong>rex</strong></span> 
     </span>
    </p>
   </div>
   <div class='ocr_carea' id='block_1_62' title="bbox 206 4657 1791 4732">
    <p class='ocr_par' dir='ltr' id='par_1_62' title="bbox 206 4657 1791 4732">
     <span class='ocr_line' id='line_1_62' title="bbox 206 4657 1791 4732; baseline 0.009 -20"><span class='ocrx_word' id='word_1_445' title='bbox 206 4658 260 4712; x_wconf 88' lang='lat' dir='ltr'><strong>in</strong></span> <span class='ocrx_word' id='word_1_446' title='bbox 286 4657 577 4715; x_wconf 89' lang='lat' dir='ltr'><strong>Franciam</strong></span> <span class='ocrx_word' id='word_1_447' title='bbox 604 4677 858 4719; x_wconf 88' lang='lat' dir='ltr'><strong>reversus</strong></span> <span class='ocrx_word' id='word_1_448' title='bbox 882 4675 984 4732; x_wconf 90' lang='lat' dir='ltr'><strong>est,</strong></span> <span class='ocrx_word' id='word_1_449' title='bbox 1010 4674 1065 4722; x_wconf 92' lang='lat' dir='ltr'><strong>et</strong></span> <span class='ocrx_word' id='word_1_450' title='bbox 1107 4666 1400 4723; x_wconf 86' lang='lat' dir='ltr'><strong>celebravit</strong></span> <span class='ocrx_word' id='word_1_451' title='bbox 1428 4669 1663 4725; x_wconf 88' lang='lat' dir='ltr'><strong>natalem</strong></span> <span class='ocrx_word' id='word_1_452' title='bbox 1685 4671 1791 4727; x_wconf 86' lang='lat' dir='ltr'><strong>Do-</strong></span> 
     </span>
    </p>
   </div>
   <div class='ocr_carea' id='block_1_63' title="bbox 205 4746 1574 4839">
    <p class='ocr_par' dir='ltr' id='par_1_63' title="bbox 205 4746 1574 4839">
     <span class='ocr_line' id='line_1_63' title="bbox 205 4746 1574 4839; baseline 0.01 -38"><span class='ocrx_word' id='word_1_453' title='bbox 205 4746 344 4802; x_wconf 86' lang='lat' dir='ltr'><strong>mini</strong></span> <span class='ocrx_word' id='word_1_454' title='bbox 377 4749 435 4803; x_wconf 90' lang='lat' dir='ltr'><strong>in</strong></span> <span class='ocrx_word' id='word_1_455' title='bbox 465 4749 773 4808; x_wconf 89' lang='lat' dir='ltr'><strong>Theodonis</strong></span> <span class='ocrx_word' id='word_1_456' title='bbox 800 4754 946 4822; x_wconf 91' lang='lat' dir='ltr'><strong>villa,</strong></span> <span class='ocrx_word' id='word_1_457' title='bbox 977 4765 1031 4811; x_wconf 90' lang='lat' dir='ltr'><strong>et</strong></span> <span class='ocrx_word' id='word_1_458' title='bbox 1046 4758 1262 4839; x_wconf 64' lang='lat' dir='ltr'><strong>pascha</strong></span> <span class='ocrx_word' id='word_1_459' title='bbox 1305 4759 1574 4815; x_wconf 89' lang='lat' dir='ltr'><strong>similiter.</strong></span> 
     </span>
    </p>
   </div>
   <div class='ocr_carea' id='block_1_64' title="bbox 276 4838 1787 4925">
    <p class='ocr_par' dir='ltr' id='par_1_64' title="bbox 276 4838 1787 4925">
     <span class='ocr_line' id='line_1_64' title="bbox 276 4838 1787 4925; baseline 0.01 -31"><span class='ocrx_word' id='word_1_460' title='bbox 276 4838 440 4895; x_wconf 86' lang='lat' dir='ltr'><strong>Anno</strong></span> <span class='ocrx_word' id='word_1_461' title='bbox 468 4839 764 4898; x_wconf 67' lang='lat' dir='ltr'><strong>Dominicae</strong></span> <span class='ocrx_word' id='word_1_462' title='bbox 792 4838 1183 4904; x_wconf 88' lang='lat' dir='ltr'><strong>incarnationis</strong></span> <span class='ocrx_word' id='word_1_463' title='bbox 1205 4849 1309 4904; x_wconf 78' lang='lat'><strong>785</strong></span> <span class='ocrx_word' id='word_1_464' title='bbox 1330 4851 1465 4906; x_wconf 91' lang='lat' dir='ltr'><strong>obiit</strong></span> <span class='ocrx_word' id='word_1_465' title='bbox 1504 4851 1787 4925; x_wconf 87' lang='lat' dir='ltr'><strong>Hildegar-</strong></span> 
     </span>
    </p>
   </div>
   <div class='ocr_carea' id='block_1_65' title="bbox 207 4925 1786 5007">
    <p class='ocr_par' dir='ltr' id='par_1_65' title="bbox 207 4925 1786 5007">
     <span class='ocr_line' id='line_1_65' title="bbox 207 4925 1786 5007; baseline 0.011 -26"><span class='ocrx_word' id='word_1_466' title='bbox 207 4925 290 4982; x_wconf 89' lang='lat' dir='ltr'><strong>dis</strong></span> <span class='ocrx_word' id='word_1_467' title='bbox 315 4927 501 4998; x_wconf 85' lang='lat' dir='ltr'><strong>regina</strong></span> <span class='ocrx_word' id='word_1_468' title='bbox 529 4930 706 4998; x_wconf 87' lang='lat' dir='ltr'><strong>pridie</strong></span> <span class='ocrx_word' id='word_1_469' title='bbox 743 4931 972 4989; x_wconf 84' lang='lat' dir='ltr'><strong>Kalend.</strong></span> <span class='ocrx_word' id='word_1_470' title='bbox 1010 4935 1154 5004; x_wconf 81' lang='lat' dir='ltr'><strong>Maii,</strong></span> <span class='ocrx_word' id='word_1_471' title='bbox 1195 4939 1337 5007; x_wconf 91' lang='lat' dir='ltr'><strong>quod</strong></span> <span class='ocrx_word' id='word_1_472' title='bbox 1359 4941 1541 4996; x_wconf 90' lang='lat' dir='ltr'><strong>evenit</strong></span> <span class='ocrx_word' id='word_1_473' title='bbox 1567 4951 1693 4998; x_wconf 90' lang='lat' dir='ltr'><strong>tunc</strong></span> <span class='ocrx_word' id='word_1_474' title='bbox 1732 4944 1786 4998; x_wconf 90' lang='lat' dir='ltr'><strong>in</strong></span> 
     </span>
    </p>
   </div>
   <div class='ocr_carea' id='block_1_66' title="bbox 207 5017 1786 5089">
    <p class='ocr_par' dir='ltr' id='par_1_66' title="bbox 207 5017 1786 5089">
     <span class='ocr_line' id='line_1_66' title="bbox 207 5017 1786 5089; baseline 0.011 -18"><span class='ocrx_word' id='word_1_475' title='bbox 207 5017 394 5084; x_wconf 82' lang='lat' dir='ltr'><strong>vigilia</strong></span> <span class='ocrx_word' id='word_1_476' title='bbox 422 5023 757 5080; x_wconf 88' lang='lat' dir='ltr'><strong>ascensionis</strong></span> <span class='ocrx_word' id='word_1_477' title='bbox 781 5025 1016 5081; x_wconf 91' lang='lat' dir='ltr'><strong>Domini.</strong></span> <span class='ocrx_word' id='word_1_478' title='bbox 1059 5036 1116 5083; x_wconf 93' lang='lat' dir='ltr'><strong>et</strong></span> <span class='ocrx_word' id='word_1_479' title='bbox 1142 5043 1239 5084; x_wconf 82' lang='lat' dir='ltr'><strong>rex</strong></span> <span class='ocrx_word' id='word_1_480' title='bbox 1266 5030 1460 5086; x_wconf 89' lang='lat' dir='ltr'><strong>iterum</strong></span> <span class='ocrx_word' id='word_1_481' title='bbox 1494 5032 1786 5089; x_wconf 88' lang='lat' dir='ltr'><strong>Saxoniam</strong></span> 
     </span>
    </p>
   </div>
   <div class='ocr_carea' id='block_1_67' title="bbox 206 5110 1784 5192">
    <p class='ocr_par' dir='ltr' id='par_1_67' title="bbox 206 5110 1784 5192">
     <span class='ocr_line' id='line_1_67' title="bbox 206 5110 1784 5192; baseline 0.006 -23"><span class='ocrx_word' id='word_1_482' title='bbox 206 5110 486 5183; x_wconf 86' lang='lat' dir='ltr'><strong>ingressus</strong></span> <span class='ocrx_word' id='word_1_483' title='bbox 520 5121 626 5178; x_wconf 89' lang='lat' dir='ltr'><strong>est,</strong></span> <span class='ocrx_word' id='word_1_484' title='bbox 647 5129 712 5169; x_wconf 93' lang='lat' dir='ltr'><strong>eo</strong></span> <span class='ocrx_word' id='word_1_485' title='bbox 739 5117 883 5185; x_wconf 86' lang='lat' dir='ltr'><strong>quod</strong></span> <span class='ocrx_word' id='word_1_486' title='bbox 911 5117 1156 5174; x_wconf 90' lang='lat' dir='ltr'><strong>Saxones</strong></span> <span class='ocrx_word' id='word_1_487' title='bbox 1183 5121 1376 5175; x_wconf 89' lang='lat' dir='ltr'><strong>iterum</strong></span> <span class='ocrx_word' id='word_1_488' title='bbox 1410 5123 1784 5192; x_wconf 89' lang='lat' dir='ltr'><strong>rebellassent,</strong></span> 
     </span>
    </p>
   </div>
   <div class='ocr_carea' id='block_1_68' title="bbox 202 5207 1785 5281">
    <p class='ocr_par' dir='ltr' id='par_1_68' title="bbox 202 5207 1785 5281">
     <span class='ocr_line' id='line_1_68' title="bbox 202 5207 1785 5281; baseline 0.009 -23"><span class='ocrx_word' id='word_1_489' title='bbox 202 5213 257 5258; x_wconf 89' lang='lat' dir='ltr'><strong>et</strong></span> <span class='ocrx_word' id='word_1_490' title='bbox 320 5219 447 5260; x_wconf 89' lang='lat' dir='ltr'><strong>cum</strong></span> <span class='ocrx_word' id='word_1_491' title='bbox 495 5207 684 5274; x_wconf 91' lang='lat' dir='ltr'><strong>paucis</strong></span> <span class='ocrx_word' id='word_1_492' title='bbox 728 5207 955 5266; x_wconf 89' lang='lat' dir='ltr'><strong>Francis</strong></span> <span class='ocrx_word' id='word_1_493' title='bbox 1011 5212 1079 5267; x_wconf 93' lang='lat' dir='ltr'><strong>ad</strong></span> <span class='ocrx_word' id='word_1_494' title='bbox 1133 5209 1439 5269; x_wconf 83' lang='lat' dir='ltr'><strong>Tliietmalli</strong></span> <span class='ocrx_word' id='word_1_495' title='bbox 1485 5217 1661 5281; x_wconf 89' lang='lat' dir='ltr'><strong>venit;</strong></span> <span class='ocrx_word' id='word_1_496' title='bbox 1715 5219 1785 5273; x_wconf 90' lang='lat' dir='ltr'><strong>ibi</strong></span> 
     </span>
    </p>
   </div>
   <div class='ocr_carea' id='block_1_69' title="bbox 201 5295 1787 5375">
    <p class='ocr_par' dir='ltr' id='par_1_69' title="bbox 201 5295 1787 5375">
     <span class='ocr_line' id='line_1_69' title="bbox 201 5295 1787 5375; baseline 0.009 -24"><span class='ocrx_word' id='word_1_497' title='bbox 201 5295 454 5352; x_wconf 86' lang='lat' dir='ltr'><strong>Saxones</strong></span> <span class='ocrx_word' id='word_1_498' title='bbox 471 5307 802 5366; x_wconf 88' lang='lat' dir='ltr'><strong>paraverunt</strong></span> <span class='ocrx_word' id='word_1_499' title='bbox 818 5315 1052 5370; x_wconf 82' lang='lat' dir='ltr'><strong>pugnam</strong></span> <span class='ocrx_word' id='word_1_500' title='bbox 1077 5303 1130 5357; x_wconf 92' lang='lat' dir='ltr'><strong>in</strong></span> <span class='ocrx_word' id='word_1_501' title='bbox 1153 5318 1344 5375; x_wconf 89' lang='lat' dir='ltr'><strong>campo</strong></span> <span class='ocrx_word' id='word_1_502' title='bbox 1369 5305 1613 5364; x_wconf 88' lang='lat' dir='ltr'><strong>viriliter.</strong></span> <span class='ocrx_word' id='word_1_503' title='bbox 1636 5307 1787 5365; x_wconf 87' lang='lat' dir='ltr'><strong>Tunc</strong></span> 
     </span>
    </p>
   </div>
   <div class='ocr_carea' id='block_1_70' title="bbox 204 5388 1785 5468">
    <p class='ocr_par' dir='ltr' id='par_1_70' title="bbox 204 5388 1785 5468">
     <span class='ocr_line' id='line_1_70' title="bbox 204 5388 1785 5468; baseline 0.006 -24"><span class='ocrx_word' id='word_1_504' title='bbox 204 5403 302 5444; x_wconf 86' lang='lat' dir='ltr'><strong>rex</strong></span> <span class='ocrx_word' id='word_1_505' title='bbox 339 5403 464 5444; x_wconf 89' lang='lat' dir='ltr'><strong>cum</strong></span> <span class='ocrx_word' id='word_1_506' title='bbox 491 5388 716 5446; x_wconf 90' lang='lat' dir='ltr'><strong>Francis</strong></span> <span class='ocrx_word' id='word_1_507' title='bbox 742 5406 904 5462; x_wconf 91' lang='lat' dir='ltr'><strong>super</strong></span> <span class='ocrx_word' id='word_1_508' title='bbox 933 5409 1028 5450; x_wconf 91' lang='lat' dir='ltr'><strong>eos</strong></span> <span class='ocrx_word' id='word_1_509' title='bbox 1055 5395 1235 5463; x_wconf 89' lang='lat' dir='ltr'><strong>irruit,</strong></span> <span class='ocrx_word' id='word_1_510' title='bbox 1269 5406 1325 5452; x_wconf 92' lang='lat' dir='ltr'><strong>et</strong></span> <span class='ocrx_word' id='word_1_511' title='bbox 1370 5414 1616 5468; x_wconf 88' lang='lat' dir='ltr'><strong>magnam</strong></span> <span class='ocrx_word' id='word_1_512' title='bbox 1645 5409 1785 5454; x_wconf 87' lang='lat' dir='ltr'><strong>stra-</strong></span> 
     </span>
    </p>
   </div>
   <div class='ocr_carea' id='block_1_71' title="bbox 201 5481 1781 5559">
    <p class='ocr_par' dir='ltr' id='par_1_71' title="bbox 201 5481 1781 5559">
     <span class='ocr_line' id='line_1_71' title="bbox 201 5481 1781 5559; baseline 0.006 -23"><span class='ocrx_word' id='word_1_513' title='bbox 201 5495 326 5552; x_wconf 85' lang='lat' dir='ltr'><strong>gem</strong></span> <span class='ocrx_word' id='word_1_514' title='bbox 357 5496 426 5537; x_wconf 90' lang='lat' dir='ltr'><strong>ex</strong></span> <span class='ocrx_word' id='word_1_515' title='bbox 455 5481 537 5537; x_wconf 90' lang='lat' dir='ltr'><strong>eis</strong></span> <span class='ocrx_word' id='word_1_516' title='bbox 581 5481 731 5548; x_wconf 81' lang='lat' dir='ltr'><strong>fecit,</strong></span> <span class='ocrx_word' id='word_1_517' title='bbox 763 5483 834 5538; x_wconf 86' lang='lat' dir='ltr'><strong>ita</strong></span> <span class='ocrx_word' id='word_1_518' title='bbox 884 5493 946 5540; x_wconf 92' lang='lat' dir='ltr'><strong>ut</strong></span> <span class='ocrx_word' id='word_1_519' title='bbox 975 5489 1225 5557; x_wconf 89' lang='lat' dir='ltr'><strong>perpauci</strong></span> <span class='ocrx_word' id='word_1_520' title='bbox 1258 5487 1382 5559; x_wconf 82' lang='lat' dir='ltr'><strong>fuga</strong></span> <span class='ocrx_word' id='word_1_521' title='bbox 1419 5489 1781 5547; x_wconf 86' lang='lat' dir='ltr'><strong>elaberentur.</strong></span> 
     </span>
    </p>
   </div>
   <div class='ocr_carea' id='block_1_72' title="bbox 204 5569 1782 5644">
    <p class='ocr_par' dir='ltr' id='par_1_72' title="bbox 204 5569 1782 5644">
     <span class='ocr_line' id='line_1_72' title="bbox 204 5569 1782 5644; baseline 0.005 -18"><span class='ocrx_word' id='word_1_522' title='bbox 204 5569 334 5630; x_wconf 87' lang='lat' dir='ltr'><strong>Post</strong></span> <span class='ocrx_word' id='word_1_523' title='bbox 358 5580 638 5644; x_wconf 88' lang='lat' dir='ltr'><strong>peractam</strong></span> <span class='ocrx_word' id='word_1_524' title='bbox 669 5575 955 5632; x_wconf 88' lang='lat' dir='ltr'><strong>victoriam</strong></span> <span class='ocrx_word' id='word_1_525' title='bbox 979 5578 1129 5635; x_wconf 90' lang='lat' dir='ltr'><strong>venit</strong></span> <span class='ocrx_word' id='word_1_526' title='bbox 1154 5592 1252 5635; x_wconf 82' lang='lat' dir='ltr'><strong>rex</strong></span> <span class='ocrx_word' id='word_1_527' title='bbox 1279 5580 1348 5635; x_wconf 90' lang='lat' dir='ltr'><strong>ad</strong></span> <span class='ocrx_word' id='word_1_528' title='bbox 1373 5579 1782 5638; x_wconf 86' lang='lat' dir='ltr'><strong>Paderbrunna.</strong></span> 
     </span>
    </p>
   </div>
   <div class='ocr_carea' id='block_1_73' title="bbox 1905 1995 3487 2066">
    <p class='ocr_par' dir='ltr' id='par_1_73' title="bbox 1905 1995 3487 2066">
     <span class='ocr_line' id='line_1_73' title="bbox 1905 1995 3487 2066; baseline 0 -16"><span class='ocrx_word' id='word_1_529' title='bbox 1905 1995 2040 2062; x_wconf 90' lang='lat' dir='ltr'><strong>laos,</strong></span> <span class='ocrx_word' id='word_1_530' title='bbox 2070 1997 2233 2066; x_wconf 79' lang='lat' dir='ltr'><strong>perro</strong></span> <span class='ocrx_word' id='word_1_531' title='bbox 2254 1995 2423 2052; x_wconf 91' lang='lat' dir='ltr'><strong>ﬁlium</strong></span> <span class='ocrx_word' id='word_1_532' title='bbox 2451 2011 2606 2052; x_wconf 90' lang='lat' dir='ltr'><strong>suum</strong></span> <span class='ocrx_word' id='word_1_533' title='bbox 2630 1995 2883 2053; x_wconf 84' lang='lat' dir='ltr'><strong>Carolum</strong></span> <span class='ocrx_word' id='word_1_534' title='bbox 2914 1996 3119 2052; x_wconf 90' lang='lat' dir='ltr'><strong>dimisit</strong></span> <span class='ocrx_word' id='word_1_535' title='bbox 3146 2010 3269 2050; x_wconf 91' lang='lat' dir='ltr'><strong>cum</strong></span> <span class='ocrx_word' id='word_1_536' title='bbox 3310 1995 3487 2050; x_wconf 82' lang='lat' dir='ltr'><strong>valida</strong></span> 
     </span>
    </p>
   </div>
   <div class='ocr_carea' id='block_1_74' title="bbox 1901 2083 3487 2166">
    <p class='ocr_par' dir='ltr' id='par_1_74' title="bbox 1901 2083 3487 2166">
     <span class='ocr_line' id='line_1_74' title="bbox 1901 2083 3487 2166; baseline 0.001 -27"><span class='ocrx_word' id='word_1_537' title='bbox 1901 2100 2066 2147; x_wconf 88' lang='lat' dir='ltr'><strong>manu</strong></span> <span class='ocrx_word' id='word_1_538' title='bbox 2097 2095 2288 2141; x_wconf 90' lang='lat' dir='ltr'><strong>contra</strong></span> <span class='ocrx_word' id='word_1_539' title='bbox 2314 2085 2662 2142; x_wconf 84' lang='lat' dir='ltr'><strong>Westl‘alaos.</strong></span> <span class='ocrx_word' id='word_1_540' title='bbox 2688 2086 2874 2158; x_wconf 90' lang='lat' dir='ltr'><strong>Itaque</strong></span> <span class='ocrx_word' id='word_1_541' title='bbox 2904 2100 2998 2140; x_wconf 88' lang='lat' dir='ltr'><strong>rex</strong></span> <span class='ocrx_word' id='word_1_542' title='bbox 3022 2083 3372 2160; x_wconf 81' lang='lat' dir='ltr'><strong>Thuringiam</strong></span> <span class='ocrx_word' id='word_1_543' title='bbox 3404 2085 3487 2166; x_wconf 45' lang='lat' dir='ltr'><strong>in:</strong></span> 
     </span>
    </p>
   </div>
   <div class='ocr_carea' id='block_1_75' title="bbox 1900 2173 3489 2248">
    <p class='ocr_par' dir='ltr' id='par_1_75' title="bbox 1900 2173 3489 2248">
     <span class='ocr_line' id='line_1_75' title="bbox 1900 2173 3489 2248; baseline -0.001 -18"><span class='ocrx_word' id='word_1_544' title='bbox 1900 2191 2140 2248; x_wconf 88' lang='lat' dir='ltr'><strong>gressus,</strong></span> <span class='ocrx_word' id='word_1_545' title='bbox 2171 2178 2420 2248; x_wconf 88' lang='lat' dir='ltr'><strong>pervenit</strong></span> <span class='ocrx_word' id='word_1_546' title='bbox 2468 2191 2642 2246; x_wconf 85' lang='lat' dir='ltr'><strong>usque</strong></span> <span class='ocrx_word' id='word_1_547' title='bbox 2673 2176 2738 2231; x_wconf 90' lang='lat' dir='ltr'><strong>ad</strong></span> <span class='ocrx_word' id='word_1_548' title='bbox 2791 2174 3014 2230; x_wconf 88' lang='lat' dir='ltr'><strong>ﬂuvium</strong></span> <span class='ocrx_word' id='word_1_549' title='bbox 3043 2173 3232 2240; x_wconf 65' lang='lat' dir='ltr'><strong>Albim,</strong></span> <span class='ocrx_word' id='word_1_550' title='bbox 3263 2181 3320 2230; x_wconf 90' lang='lat' dir='ltr'><strong>et</strong></span> <span class='ocrx_word' id='word_1_551' title='bbox 3363 2173 3489 2228; x_wconf 90' lang='lat' dir='ltr'><strong>inde</strong></span> 
     </span>
    </p>
   </div>
   <div class='ocr_carea' id='block_1_76' title="bbox 1899 2265 3492 2341">
    <p class='ocr_par' dir='ltr' id='par_1_76' title="bbox 1899 2265 3492 2341">
     <span class='ocr_line' id='line_1_76' title="bbox 1899 2265 3492 2341; baseline -0.003 -17"><span class='ocrx_word' id='word_1_552' title='bbox 1899 2269 1968 2324; x_wconf 91' lang='lat' dir='ltr'><strong>ad</strong></span> <span class='ocrx_word' id='word_1_553' title='bbox 2012 2269 2296 2341; x_wconf 83' lang='lat' dir='ltr'><strong>Tagnfurt,</strong></span> <span class='ocrx_word' id='word_1_554' title='bbox 2323 2269 2518 2325; x_wconf 90' lang='lat' dir='ltr'><strong>deinde</strong></span> <span class='ocrx_word' id='word_1_555' title='bbox 2565 2269 2631 2325; x_wconf 94' lang='lat' dir='ltr'><strong>ad</strong></span> <span class='ocrx_word' id='word_1_556' title='bbox 2676 2267 2986 2337; x_wconf 87' lang='lat' dir='ltr'><strong>Scaininge,</strong></span> <span class='ocrx_word' id='word_1_557' title='bbox 3013 2279 3081 2322; x_wconf 93' lang='lat' dir='ltr'><strong>ex</strong></span> <span class='ocrx_word' id='word_1_558' title='bbox 3123 2280 3232 2335; x_wconf 91' lang='lat' dir='ltr'><strong>quo</strong></span> <span class='ocrx_word' id='word_1_559' title='bbox 3257 2265 3378 2322; x_wconf 92' lang='lat' dir='ltr'><strong>loco</strong></span> <span class='ocrx_word' id='word_1_560' title='bbox 3403 2279 3492 2320; x_wconf 76' lang='lat' dir='ltr'><strong>re-</strong></span> 
     </span>
    </p>
   </div>
   <div class='ocr_carea' id='block_1_77' title="bbox 1897 2354 3488 2425">
    <p class='ocr_par' dir='ltr' id='par_1_77' title="bbox 1897 2354 3488 2425">
     <span class='ocr_line' id='line_1_77' title="bbox 1897 2354 3488 2425; baseline -0.003 -13"><span class='ocrx_word' id='word_1_561' title='bbox 1897 2373 2089 2415; x_wconf 82' lang='lat' dir='ltr'><strong>versus</strong></span> <span class='ocrx_word' id='word_1_562' title='bbox 2110 2358 2271 2413; x_wconf 91' lang='lat' dir='ltr'><strong>estin</strong></span> <span class='ocrx_word' id='word_1_563' title='bbox 2303 2357 2612 2412; x_wconf 88' lang='lat' dir='ltr'><strong>Franciam.</strong></span> <span class='ocrx_word' id='word_1_564' title='bbox 2642 2354 2925 2416; x_wconf 82' lang='lat' dir='ltr'><strong>Westfalai</strong></span> <span class='ocrx_word' id='word_1_565' title='bbox 2967 2369 3101 2409; x_wconf 88' lang='lat' dir='ltr'><strong>vero</strong></span> <span class='ocrx_word' id='word_1_566' title='bbox 3129 2366 3488 2425; x_wconf 87' lang='lat' dir='ltr'><strong>congregave-</strong></span> 
     </span>
    </p>
   </div>
   <div class='ocr_carea' id='block_1_78' title="bbox 1899 2443 3487 2518">
    <p class='ocr_par' dir='ltr' id='par_1_78' title="bbox 1899 2443 3487 2518">
     <span class='ocr_line' id='line_1_78' title="bbox 1899 2443 3487 2518; baseline -0.004 -14"><span class='ocrx_word' id='word_1_567' title='bbox 1899 2457 2026 2504; x_wconf 90' lang='lat' dir='ltr'><strong>runt</strong></span> <span class='ocrx_word' id='word_1_568' title='bbox 2054 2463 2114 2504; x_wconf 89' lang='lat' dir='ltr'><strong>se</strong></span> <span class='ocrx_word' id='word_1_569' title='bbox 2132 2449 2287 2518; x_wconf 90' lang='lat' dir='ltr'><strong>juxta</strong></span> <span class='ocrx_word' id='word_1_570' title='bbox 2312 2448 2559 2518; x_wconf 90' lang='lat' dir='ltr'><strong>Lippam,</strong></span> <span class='ocrx_word' id='word_1_571' title='bbox 2585 2447 2786 2517; x_wconf 89' lang='lat' dir='ltr'><strong>quibus</strong></span> <span class='ocrx_word' id='word_1_572' title='bbox 2815 2446 3055 2502; x_wconf 88' lang='lat' dir='ltr'><strong>occurrit</strong></span> <span class='ocrx_word' id='word_1_573' title='bbox 3081 2444 3224 2499; x_wconf 89' lang='lat' dir='ltr'><strong>ﬁlius</strong></span> <span class='ocrx_word' id='word_1_574' title='bbox 3263 2443 3406 2514; x_wconf 88' lang='lat' dir='ltr'><strong>regis</strong></span> <span class='ocrx_word' id='word_1_575' title='bbox 3432 2443 3487 2498; x_wconf 90' lang='lat' dir='ltr'><strong>in</strong></span> 
     </span>
    </p>
   </div>
   <div class='ocr_carea' id='block_1_79' title="bbox 1897 2533 3486 2610">
    <p class='ocr_par' dir='ltr' id='par_1_79' title="bbox 1897 2533 3486 2610">
     <span class='ocr_line' id='line_1_79' title="bbox 1897 2533 3486 2610; baseline -0.004 -17"><span class='ocrx_word' id='word_1_576' title='bbox 1897 2553 2039 2610; x_wconf 85' lang='lat' dir='ltr'><strong>pago</strong></span> <span class='ocrx_word' id='word_1_577' title='bbox 2061 2537 2154 2608; x_wconf 91' lang='lat' dir='ltr'><strong>qui</strong></span> <span class='ocrx_word' id='word_1_578' title='bbox 2183 2538 2382 2592; x_wconf 90' lang='lat' dir='ltr'><strong>dicitur</strong></span> <span class='ocrx_word' id='word_1_579' title='bbox 2430 2537 2677 2610; x_wconf 88' lang='lat' dir='ltr'><strong>Dragini,</strong></span> <span class='ocrx_word' id='word_1_580' title='bbox 2724 2544 2780 2592; x_wconf 90' lang='lat' dir='ltr'><strong>et</strong></span> <span class='ocrx_word' id='word_1_581' title='bbox 2803 2535 3042 2591; x_wconf 89' lang='lat' dir='ltr'><strong>inierunt</strong></span> <span class='ocrx_word' id='word_1_582' title='bbox 3078 2549 3336 2605; x_wconf 88' lang='lat' dir='ltr'><strong>pugnam,</strong></span> <span class='ocrx_word' id='word_1_583' title='bbox 3363 2533 3486 2603; x_wconf 86' lang='lat' dir='ltr'><strong>qui-</strong></span> 
     </span>
    </p>
   </div>
   <div class='ocr_carea' id='block_1_80' title="bbox 1898 2623 3484 2698">
    <p class='ocr_par' dir='ltr' id='par_1_80' title="bbox 1898 2623 3484 2698">
     <span class='ocr_line' id='line_1_80' title="bbox 1898 2623 3484 2698; baseline -0.005 -13"><span class='ocrx_word' id='word_1_584' title='bbox 1898 2630 2001 2685; x_wconf 91' lang='lat' dir='ltr'><strong>bus</strong></span> <span class='ocrx_word' id='word_1_585' title='bbox 2021 2628 2252 2684; x_wconf 86' lang='lat' dir='ltr'><strong>viriliter</strong></span> <span class='ocrx_word' id='word_1_586' title='bbox 2273 2627 2564 2698; x_wconf 89' lang='lat' dir='ltr'><strong>superatis,</strong></span> <span class='ocrx_word' id='word_1_587' title='bbox 2596 2643 2848 2684; x_wconf 89' lang='lat' dir='ltr'><strong>reversus</strong></span> <span class='ocrx_word' id='word_1_588' title='bbox 2875 2635 2961 2682; x_wconf 90' lang='lat' dir='ltr'><strong>est</strong></span> <span class='ocrx_word' id='word_1_589' title='bbox 3013 2624 3378 2681; x_wconf 85' lang='lat' dir='ltr'><strong>Wormatiam</strong></span> <span class='ocrx_word' id='word_1_590' title='bbox 3412 2623 3484 2678; x_wconf 90' lang='lat' dir='ltr'><strong>ad</strong></span> 
     </span>
    </p>
   </div>
   <div class='ocr_carea' id='block_1_81' title="bbox 1899 2713 3483 2790">
    <p class='ocr_par' dir='ltr' id='par_1_81' title="bbox 1899 2713 3483 2790">
     <span class='ocr_line' id='line_1_81' title="bbox 1899 2713 3483 2790; baseline -0.005 -15"><span class='ocrx_word' id='word_1_591' title='bbox 1899 2719 2200 2790; x_wconf 85' lang='lat' dir='ltr'><strong>genitorem</strong></span> <span class='ocrx_word' id='word_1_592' title='bbox 2231 2733 2407 2775; x_wconf 88' lang='lat' dir='ltr'><strong>suum.</strong></span> <span class='ocrx_word' id='word_1_593' title='bbox 2442 2718 2558 2772; x_wconf 87' lang='lat' dir='ltr'><strong>Rex</strong></span> <span class='ocrx_word' id='word_1_594' title='bbox 2593 2719 2776 2788; x_wconf 89' lang='lat' dir='ltr'><strong>itaque</strong></span> <span class='ocrx_word' id='word_1_595' title='bbox 2804 2714 3066 2772; x_wconf 87' lang='lat' dir='ltr'><strong>consultis</strong></span> <span class='ocrx_word' id='word_1_596' title='bbox 3088 2713 3358 2778; x_wconf 87' lang='lat' dir='ltr'><strong>ﬁdelibus,</strong></span> <span class='ocrx_word' id='word_1_597' title='bbox 3381 2713 3483 2768; x_wconf 89' lang='lat' dir='ltr'><strong>ite-</strong></span> 
     </span>
    </p>
   </div>
   <div class='ocr_carea' id='block_1_82' title="bbox 1897 2803 3485 2882">
    <p class='ocr_par' dir='ltr' id='par_1_82' title="bbox 1897 2803 3485 2882">
     <span class='ocr_line' id='line_1_82' title="bbox 1897 2803 3485 2882; baseline -0.006 -15"><span class='ocrx_word' id='word_1_598' title='bbox 1897 2820 2017 2867; x_wconf 88' lang='lat' dir='ltr'><strong>rato</strong></span> <span class='ocrx_word' id='word_1_599' title='bbox 2041 2811 2253 2882; x_wconf 86' lang='lat' dir='ltr'><strong>hyemis</strong></span> <span class='ocrx_word' id='word_1_600' title='bbox 2281 2820 2522 2880; x_wconf 91' lang='lat' dir='ltr'><strong>tempore</strong></span> <span class='ocrx_word' id='word_1_601' title='bbox 2569 2807 2864 2864; x_wconf 90' lang='lat' dir='ltr'><strong>Saxoniam</strong></span> <span class='ocrx_word' id='word_1_602' title='bbox 2897 2806 3138 2871; x_wconf 88' lang='lat' dir='ltr'><strong>intravit,</strong></span> <span class='ocrx_word' id='word_1_603' title='bbox 3161 2813 3217 2859; x_wconf 93' lang='lat' dir='ltr'><strong>et</strong></span> <span class='ocrx_word' id='word_1_604' title='bbox 3239 2803 3485 2860; x_wconf 87' lang='lat' dir='ltr'><strong>celebra-</strong></span> 
     </span>
    </p>
   </div>
   <div class='ocr_carea' id='block_1_83' title="bbox 1897 2896 3488 2967">
    <p class='ocr_par' dir='ltr' id='par_1_83' title="bbox 1897 2896 3488 2967">
     <span class='ocr_line' id='line_1_83' title="bbox 1897 2896 3488 2967; baseline -0.004 -11"><span class='ocrx_word' id='word_1_605' title='bbox 1897 2900 1978 2956; x_wconf 89' lang='lat' dir='ltr'><strong>vit</strong></span> <span class='ocrx_word' id='word_1_606' title='bbox 2002 2901 2238 2956; x_wconf 87' lang='lat' dir='ltr'><strong>natalem</strong></span> <span class='ocrx_word' id='word_1_607' title='bbox 2269 2901 2482 2956; x_wconf 92' lang='lat' dir='ltr'><strong>Domini</strong></span> <span class='ocrx_word' id='word_1_608' title='bbox 2530 2899 2922 2955; x_wconf 84' lang='lat' dir='ltr'><strong>Skidrioburch</strong></span> <span class='ocrx_word' id='word_1_609' title='bbox 2962 2896 3295 2967; x_wconf 85' lang='lat' dir='ltr'><strong>Wizzagawi</strong></span> <span class='ocrx_word' id='word_1_610' title='bbox 3324 2908 3488 2967; x_wconf 90' lang='lat' dir='ltr'><strong>super</strong></span> 
     </span>
    </p>
   </div>
   <div class='ocr_carea' id='block_1_84' title="bbox 1904 2989 3270 3063">
    <p class='ocr_par' dir='ltr' id='par_1_84' title="bbox 1904 2989 3270 3063">
     <span class='ocr_line' id='line_1_84' title="bbox 1904 2989 3270 3063; baseline -0.006 -13"><span class='ocrx_word' id='word_1_611' title='bbox 1904 2993 2130 3050; x_wconf 85' lang='lat' dir='ltr'><strong>ﬂuvium</strong></span> <span class='ocrx_word' id='word_1_612' title='bbox 2156 2994 2386 3058; x_wconf 84' lang='lat' dir='ltr'><strong>Ambra,</strong></span> <span class='ocrx_word' id='word_1_613' title='bbox 2415 2993 2471 3048; x_wconf 88' lang='lat' dir='ltr'><strong>in</strong></span> <span class='ocrx_word' id='word_1_614' title='bbox 2509 2993 2627 3048; x_wconf 86' lang='lat' dir='ltr'><strong>villa</strong></span> <span class='ocrx_word' id='word_1_615' title='bbox 2651 3007 2772 3063; x_wconf 71' lang='lat' dir='ltr'><strong>qua:</strong></span> <span class='ocrx_word' id='word_1_616' title='bbox 2802 2990 3002 3047; x_wconf 86' lang='lat' dir='ltr'><strong>dicitur</strong></span> <span class='ocrx_word' id='word_1_617' title='bbox 3028 2989 3270 3044; x_wconf 85' lang='lat' dir='ltr'><strong>Liuhidi.</strong></span> 
     </span>
    </p>
   </div>
   <div class='ocr_carea' id='block_1_85' title="bbox 1966 3082 3484 3150">
    <p class='ocr_par' dir='ltr' id='par_1_85' title="bbox 1966 3082 3484 3150">
     <span class='ocr_line' id='line_1_85' title="bbox 1966 3082 3484 3150; baseline -0.005 -8"><span class='ocrx_word' id='word_1_618' title='bbox 1966 3087 2126 3143; x_wconf 83' lang='lat' dir='ltr'><strong>Anno</strong></span> <span class='ocrx_word' id='word_1_619' title='bbox 2188 3085 2482 3141; x_wconf 69' lang='lat' dir='ltr'><strong>Dominicaz</strong></span> <span class='ocrx_word' id='word_1_620' title='bbox 2547 3083 2940 3140; x_wconf 89' lang='lat' dir='ltr'><strong>incarnationis</strong></span> <span class='ocrx_word' id='word_1_621' title='bbox 2995 3082 3102 3139; x_wconf 86' lang='lat'><strong>785</strong></span> <span class='ocrx_word' id='word_1_622' title='bbox 3160 3095 3257 3136; x_wconf 92' lang='lat' dir='ltr'><strong>rex</strong></span> <span class='ocrx_word' id='word_1_623' title='bbox 3309 3093 3484 3150; x_wconf 84' lang='lat' dir='ltr'><strong>usque</strong></span> 
     </span>
    </p>
   </div>
   <div class='ocr_carea' id='block_1_86' title="bbox 1895 3171 3482 3247">
    <p class='ocr_par' dir='ltr' id='par_1_86' title="bbox 1895 3171 3482 3247">
     <span class='ocr_line' id='line_1_86' title="bbox 1895 3171 3482 3247; baseline -0.006 -13"><span class='ocrx_word' id='word_1_624' title='bbox 1895 3180 2099 3235; x_wconf 86' lang='lat' dir='ltr'><strong>Adrine</strong></span> <span class='ocrx_word' id='word_1_625' title='bbox 2132 3179 2283 3234; x_wconf 89' lang='lat' dir='ltr'><strong>venit</strong></span> <span class='ocrx_word' id='word_1_626' title='bbox 2337 3192 2500 3247; x_wconf 90' lang='lat' dir='ltr'><strong>super</strong></span> <span class='ocrx_word' id='word_1_627' title='bbox 2533 3176 2758 3232; x_wconf 86' lang='lat' dir='ltr'><strong>ﬂuvium</strong></span> <span class='ocrx_word' id='word_1_628' title='bbox 2808 3175 3060 3240; x_wconf 89' lang='lat' dir='ltr'><strong>Wisara,</strong></span> <span class='ocrx_word' id='word_1_629' title='bbox 3110 3173 3202 3229; x_wconf 90' lang='lat' dir='ltr'><strong>ubi</strong></span> <span class='ocrx_word' id='word_1_630' title='bbox 3253 3171 3482 3229; x_wconf 86' lang='lat' dir='ltr'><strong>conﬂuit</strong></span> 
     </span>
    </p>
   </div>
   <div class='ocr_carea' id='block_1_87' title="bbox 1822 3265 3482 3338">
    <p class='ocr_par' dir='ltr' id='par_1_87' title="bbox 1822 3265 3482 3338">
     <span class='ocr_line' id='line_1_87' title="bbox 1822 3265 3482 3338; baseline -0.005 -14"><span class='ocrx_word' id='word_1_631' title='bbox 1822 3270 1868 3334; x_wconf 87' lang='lat' dir='ltr'><strong>C</strong></span> <span class='ocrx_word' id='word_1_632' title='bbox 1897 3270 2167 3335; x_wconf 89' lang='lat' dir='ltr'><strong>Wachna,</strong></span> <span class='ocrx_word' id='word_1_633' title='bbox 2197 3277 2252 3324; x_wconf 91' lang='lat' dir='ltr'><strong>et</strong></span> <span class='ocrx_word' id='word_1_634' title='bbox 2279 3277 2501 3338; x_wconf 88' lang='lat' dir='ltr'><strong>propter</strong></span> <span class='ocrx_word' id='word_1_635' title='bbox 2533 3268 2758 3322; x_wconf 92' lang='lat' dir='ltr'><strong>nimiam</strong></span> <span class='ocrx_word' id='word_1_636' title='bbox 2781 3265 3184 3321; x_wconf 87' lang='lat' dir='ltr'><strong>inundationem</strong></span> <span class='ocrx_word' id='word_1_637' title='bbox 3212 3277 3482 3333; x_wconf 88' lang='lat' dir='ltr'><strong>aquarum</strong></span> 
     </span>
    </p>
   </div>
   <div class='ocr_carea' id='block_1_88' title="bbox 1899 3353 3484 3429">
    <p class='ocr_par' dir='ltr' id='par_1_88' title="bbox 1899 3353 3484 3429">
     <span class='ocr_line' id='line_1_88' title="bbox 1899 3353 3484 3429; baseline -0.004 -15"><span class='ocrx_word' id='word_1_638' title='bbox 1899 3360 2025 3416; x_wconf 87' lang='lat' dir='ltr'><strong>inde</strong></span> <span class='ocrx_word' id='word_1_639' title='bbox 2052 3374 2303 3415; x_wconf 91' lang='lat' dir='ltr'><strong>reversus</strong></span> <span class='ocrx_word' id='word_1_640' title='bbox 2323 3367 2407 3413; x_wconf 92' lang='lat' dir='ltr'><strong>est</strong></span> <span class='ocrx_word' id='word_1_641' title='bbox 2429 3357 2798 3429; x_wconf 87' lang='lat' dir='ltr'><strong>Heresburgh,</strong></span> <span class='ocrx_word' id='word_1_642' title='bbox 2822 3357 2914 3412; x_wconf 89' lang='lat' dir='ltr'><strong>ubi</strong></span> <span class='ocrx_word' id='word_1_643' title='bbox 2945 3371 3169 3412; x_wconf 86' lang='lat' dir='ltr'><strong>uxorem</strong></span> <span class='ocrx_word' id='word_1_644' title='bbox 3202 3369 3356 3414; x_wconf 85' lang='lat' dir='ltr'><strong>suam</strong></span> <span class='ocrx_word' id='word_1_645' title='bbox 3384 3353 3484 3408; x_wconf 86' lang='lat' dir='ltr'><strong>Fa-</strong></span> 
     </span>
    </p>
   </div>
   <div class='ocr_carea' id='block_1_89' title="bbox 1897 3446 3482 3518">
    <p class='ocr_par' dir='ltr' id='par_1_89' title="bbox 1897 3446 3482 3518">
     <span class='ocr_line' id='line_1_89' title="bbox 1897 3446 3482 3518; baseline -0.003 -11"><span class='ocrx_word' id='word_1_646' title='bbox 1897 3451 2206 3508; x_wconf 90' lang='lat' dir='ltr'><strong>stradanam</strong></span> <span class='ocrx_word' id='word_1_647' title='bbox 2254 3465 2376 3506; x_wconf 91' lang='lat' dir='ltr'><strong>cum</strong></span> <span class='ocrx_word' id='word_1_648' title='bbox 2406 3449 2531 3505; x_wconf 91' lang='lat' dir='ltr'><strong>ﬁliis</strong></span> <span class='ocrx_word' id='word_1_649' title='bbox 2559 3458 2614 3506; x_wconf 92' lang='lat' dir='ltr'><strong>et</strong></span> <span class='ocrx_word' id='word_1_650' title='bbox 2637 3448 2850 3506; x_wconf 87' lang='lat' dir='ltr'><strong>ﬁliabus</strong></span> <span class='ocrx_word' id='word_1_651' title='bbox 2871 3449 3060 3504; x_wconf 92' lang='lat' dir='ltr'><strong>venire</strong></span> <span class='ocrx_word' id='word_1_652' title='bbox 3098 3448 3282 3518; x_wconf 86' lang='lat' dir='ltr'><strong>jussit,</strong></span> <span class='ocrx_word' id='word_1_653' title='bbox 3314 3455 3369 3501; x_wconf 92' lang='lat' dir='ltr'><strong>et</strong></span> <span class='ocrx_word' id='word_1_654' title='bbox 3403 3446 3482 3503; x_wconf 88' lang='lat' dir='ltr'><strong>ibi</strong></span> 
     </span>
    </p>
   </div>
   <div class='ocr_carea' id='block_1_90' title="bbox 1899 3537 3482 3612">
    <p class='ocr_par' dir='ltr' id='par_1_90' title="bbox 1899 3537 3482 3612">
     <span class='ocr_line' id='line_1_90' title="bbox 1899 3537 3482 3612; baseline -0.002 -17"><span class='ocrx_word' id='word_1_655' title='bbox 1899 3549 2008 3601; x_wconf 86' lang='lat' dir='ltr'><strong>tota</strong></span> <span class='ocrx_word' id='word_1_656' title='bbox 2032 3541 2224 3612; x_wconf 84' lang='lat' dir='ltr'><strong>hyeme</strong></span> <span class='ocrx_word' id='word_1_657' title='bbox 2273 3540 2498 3606; x_wconf 84' lang='lat' dir='ltr'><strong>resedit,</strong></span> <span class='ocrx_word' id='word_1_658' title='bbox 2553 3539 2626 3594; x_wconf 89' lang='lat' dir='ltr'><strong>ibi</strong></span> <span class='ocrx_word' id='word_1_659' title='bbox 2657 3539 2819 3594; x_wconf 92' lang='lat' dir='ltr'><strong>etiam</strong></span> <span class='ocrx_word' id='word_1_660' title='bbox 2852 3538 3054 3609; x_wconf 84' lang='lat' dir='ltr'><strong>pascha</strong></span> <span class='ocrx_word' id='word_1_661' title='bbox 3081 3537 3401 3603; x_wconf 87' lang='lat' dir='ltr'><strong>celebravit,</strong></span> <span class='ocrx_word' id='word_1_662' title='bbox 3426 3545 3482 3592; x_wconf 90' lang='lat' dir='ltr'><strong>et</strong></span> 
     </span>
    </p>
   </div>
   <div class='ocr_carea' id='block_1_91' title="bbox 1897 3628 3480 3700">
    <p class='ocr_par' dir='ltr' id='par_1_91' title="bbox 1897 3628 3480 3700">
     <span class='ocr_line' id='line_1_91' title="bbox 1897 3628 3480 3700; baseline -0.004 -13"><span class='ocrx_word' id='word_1_663' title='bbox 1897 3632 2082 3688; x_wconf 91' lang='lat' dir='ltr'><strong>multis</strong></span> <span class='ocrx_word' id='word_1_664' title='bbox 2103 3631 2316 3687; x_wconf 89' lang='lat' dir='ltr'><strong>vicibus</strong></span> <span class='ocrx_word' id='word_1_665' title='bbox 2339 3644 2528 3686; x_wconf 90' lang='lat' dir='ltr'><strong>scaras</strong></span> <span class='ocrx_word' id='word_1_666' title='bbox 2551 3644 2716 3700; x_wconf 89' lang='lat' dir='ltr'><strong>super</strong></span> <span class='ocrx_word' id='word_1_667' title='bbox 2740 3628 2986 3684; x_wconf 89' lang='lat' dir='ltr'><strong>Saxones</strong></span> <span class='ocrx_word' id='word_1_668' title='bbox 3011 3629 3176 3691; x_wconf 86' lang='lat' dir='ltr'><strong>misit,</strong></span> <span class='ocrx_word' id='word_1_669' title='bbox 3203 3635 3259 3683; x_wconf 90' lang='lat' dir='ltr'><strong>et</strong></span> <span class='ocrx_word' id='word_1_670' title='bbox 3286 3641 3480 3682; x_wconf 91' lang='lat' dir='ltr'><strong>eorum</strong></span> 
     </span>
    </p>
   </div>
   <div class='ocr_carea' id='block_1_92' title="bbox 1897 3712 3482 3792">
    <p class='ocr_par' dir='ltr' id='par_1_92' title="bbox 1897 3712 3482 3792">
     <span class='ocr_line' id='line_1_92' title="bbox 1897 3712 3482 3792; baseline -0.005 -15"><span class='ocrx_word' id='word_1_671' title='bbox 1897 3731 2077 3778; x_wconf 87' lang='lat' dir='ltr'><strong>castra</strong></span> <span class='ocrx_word' id='word_1_672' title='bbox 2118 3720 2460 3792; x_wconf 64' lang='lat' dir='ltr'><strong>depraedatus</strong></span> <span class='ocrx_word' id='word_1_673' title='bbox 2489 3727 2597 3786; x_wconf 88' lang='lat' dir='ltr'><strong>est,</strong></span> <span class='ocrx_word' id='word_1_674' title='bbox 2625 3730 2680 3775; x_wconf 88' lang='lat' dir='ltr'><strong>et</strong></span> <span class='ocrx_word' id='word_1_675' title='bbox 2704 3718 2758 3772; x_wconf 92' lang='lat' dir='ltr'><strong>in</strong></span> <span class='ocrx_word' id='word_1_676' title='bbox 2805 3716 2944 3772; x_wconf 84' lang='lat' dir='ltr'><strong>Maio</strong></span> <span class='ocrx_word' id='word_1_677' title='bbox 2990 3716 3256 3790; x_wconf 90' lang='lat' dir='ltr'><strong>synodum</strong></span> <span class='ocrx_word' id='word_1_678' title='bbox 3285 3713 3354 3770; x_wconf 91' lang='lat' dir='ltr'><strong>ad</strong></span> <span class='ocrx_word' id='word_1_679' title='bbox 3382 3712 3482 3769; x_wconf 89' lang='lat' dir='ltr'><strong>Pa-</strong></span> 
     </span>
    </p>
   </div>
   <div class='ocr_carea' id='block_1_93' title="bbox 1897 3805 3482 3879">
    <p class='ocr_par' dir='ltr' id='par_1_93' title="bbox 1897 3805 3482 3879">
     <span class='ocr_line' id='line_1_93' title="bbox 1897 3805 3482 3879; baseline -0.006 -10"><span class='ocrx_word' id='word_1_680' title='bbox 1897 3811 2207 3869; x_wconf 90' lang='lat' dir='ltr'><strong>derbrunna</strong></span> <span class='ocrx_word' id='word_1_681' title='bbox 2253 3810 2462 3877; x_wconf 90' lang='lat' dir='ltr'><strong>habuit,</strong></span> <span class='ocrx_word' id='word_1_682' title='bbox 2505 3818 2562 3866; x_wconf 91' lang='lat' dir='ltr'><strong>et</strong></span> <span class='ocrx_word' id='word_1_683' title='bbox 2587 3809 2712 3866; x_wconf 90' lang='lat' dir='ltr'><strong>inde</strong></span> <span class='ocrx_word' id='word_1_684' title='bbox 2763 3809 2866 3863; x_wconf 91' lang='lat' dir='ltr'><strong>iter</strong></span> <span class='ocrx_word' id='word_1_685' title='bbox 2895 3822 3150 3879; x_wconf 86' lang='lat' dir='ltr'><strong>pergens,</strong></span> <span class='ocrx_word' id='word_1_686' title='bbox 3178 3805 3325 3861; x_wconf 92' lang='lat' dir='ltr'><strong>nullo</strong></span> <span class='ocrx_word' id='word_1_687' title='bbox 3349 3819 3482 3861; x_wconf 92' lang='lat' dir='ltr'><strong>con-</strong></span> 
     </span>
    </p>
   </div>
   <div class='ocr_carea' id='block_1_94' title="bbox 1897 3895 3479 3969">
    <p class='ocr_par' dir='ltr' id='par_1_94' title="bbox 1897 3895 3479 3969">
     <span class='ocr_line' id='line_1_94' title="bbox 1897 3895 3479 3969; baseline -0.006 -11"><span class='ocrx_word' id='word_1_688' title='bbox 1897 3903 2218 3969; x_wconf 91' lang='lat' dir='ltr'><strong>tradicente,</strong></span> <span class='ocrx_word' id='word_1_689' title='bbox 2250 3911 2418 3957; x_wconf 89' lang='lat' dir='ltr'><strong>totam</strong></span> <span class='ocrx_word' id='word_1_690' title='bbox 2453 3900 2750 3956; x_wconf 87' lang='lat' dir='ltr'><strong>Saxoniam</strong></span> <span class='ocrx_word' id='word_1_691' title='bbox 2786 3897 3052 3953; x_wconf 91' lang='lat' dir='ltr'><strong>circuivit.</strong></span> <span class='ocrx_word' id='word_1_692' title='bbox 3087 3895 3250 3951; x_wconf 82' lang='lat' dir='ltr'><strong>Venit</strong></span> <span class='ocrx_word' id='word_1_693' title='bbox 3296 3902 3479 3950; x_wconf 91' lang='lat' dir='ltr'><strong>autem</strong></span> 
     </span>
    </p>
   </div>
   <div class='ocr_carea' id='block_1_95' title="bbox 1897 3985 3481 4063">
    <p class='ocr_par' dir='ltr' id='par_1_95' title="bbox 1897 3985 3481 4063">
     <span class='ocr_line' id='line_1_95' title="bbox 1897 3985 3481 4063; baseline -0.006 -15"><span class='ocrx_word' id='word_1_694' title='bbox 1897 3993 1950 4048; x_wconf 93' lang='lat' dir='ltr'><strong>in</strong></span> <span class='ocrx_word' id='word_1_695' title='bbox 1997 3991 2377 4063; x_wconf 79' lang='lat' dir='ltr'><strong>Bardengawi,</strong></span> <span class='ocrx_word' id='word_1_696' title='bbox 2410 3999 2466 4047; x_wconf 92' lang='lat' dir='ltr'><strong>et</strong></span> <span class='ocrx_word' id='word_1_697' title='bbox 2490 3990 2613 4045; x_wconf 90' lang='lat' dir='ltr'><strong>inde</strong></span> <span class='ocrx_word' id='word_1_698' title='bbox 2641 3989 2790 4044; x_wconf 90' lang='lat' dir='ltr'><strong>misit</strong></span> <span class='ocrx_word' id='word_1_699' title='bbox 2815 3997 2936 4059; x_wconf 91' lang='lat' dir='ltr'><strong>post</strong></span> <span class='ocrx_word' id='word_1_700' title='bbox 2974 3985 3384 4042; x_wconf 77' lang='lat' dir='ltr'><strong>Widicliindun</strong></span> <span class='ocrx_word' id='word_1_701' title='bbox 3423 3994 3481 4039; x_wconf 90' lang='lat' dir='ltr'><strong>et</strong></span> 
     </span>
    </p>
   </div>
   <div class='ocr_carea' id='block_1_96' title="bbox 1893 4077 3477 4152">
    <p class='ocr_par' dir='ltr' id='par_1_96' title="bbox 1893 4077 3477 4152">
     <span class='ocr_line' id='line_1_96' title="bbox 1893 4077 3477 4152; baseline -0.005 -13"><span class='ocrx_word' id='word_1_702' title='bbox 1893 4085 2192 4141; x_wconf 83' lang='lat' dir='ltr'><strong>Abbionem</strong></span> <span class='ocrx_word' id='word_1_703' title='bbox 2217 4084 2308 4151; x_wconf 57' lang='grc' dir='ltr'><strong>ἔθ’,</strong></span> <span class='ocrx_word' id='word_1_704' title='bbox 2339 4092 2395 4139; x_wconf 93' lang='lat' dir='ltr'><strong>et</strong></span> <span class='ocrx_word' id='word_1_705' title='bbox 2439 4091 2698 4152; x_wconf 89' lang='lat' dir='ltr'><strong>utrosque</strong></span> <span class='ocrx_word' id='word_1_706' title='bbox 2745 4081 2813 4135; x_wconf 90' lang='lat' dir='ltr'><strong>ad</strong></span> <span class='ocrx_word' id='word_1_707' title='bbox 2843 4095 2902 4136; x_wconf 91' lang='lat' dir='ltr'><strong>se</strong></span> <span class='ocrx_word' id='word_1_708' title='bbox 2935 4079 3064 4134; x_wconf 83' lang='lat' dir='ltr'><strong>fecit</strong></span> <span class='ocrx_word' id='word_1_709' title='bbox 3103 4077 3312 4144; x_wconf 91' lang='lat' dir='ltr'><strong>venire,</strong></span> <span class='ocrx_word' id='word_1_710' title='bbox 3339 4090 3477 4148; x_wconf 91' lang='lat' dir='ltr'><strong>quos</strong></span> 
     </span>
    </p>
   </div>
   <div class='ocr_carea' id='block_1_97' title="bbox 1894 4166 3481 4239">
    <p class='ocr_par' dir='ltr' id='par_1_97' title="bbox 1894 4166 3481 4239">
     <span class='ocr_line' id='line_1_97' title="bbox 1894 4166 3481 4239; baseline -0.008 -7"><span class='ocrx_word' id='word_1_711' title='bbox 1894 4181 2233 4232; x_wconf 90' lang='lat' dir='ltr'><strong>sacramento</strong></span> <span class='ocrx_word' id='word_1_712' title='bbox 2271 4173 2524 4239; x_wconf 89' lang='lat' dir='ltr'><strong>ﬁrmavit,</strong></span> <span class='ocrx_word' id='word_1_713' title='bbox 2555 4182 2615 4227; x_wconf 91' lang='lat' dir='ltr'><strong>ut</strong></span> <span class='ocrx_word' id='word_1_714' title='bbox 2667 4173 2721 4228; x_wconf 92' lang='lat' dir='ltr'><strong>in</strong></span> <span class='ocrx_word' id='word_1_715' title='bbox 2751 4170 3037 4225; x_wconf 88' lang='lat' dir='ltr'><strong>Franciam</strong></span> <span class='ocrx_word' id='word_1_716' title='bbox 3081 4168 3146 4222; x_wconf 89' lang='lat' dir='ltr'><strong>ad</strong></span> <span class='ocrx_word' id='word_1_717' title='bbox 3177 4183 3301 4223; x_wconf 91' lang='lat' dir='ltr'><strong>eum</strong></span> <span class='ocrx_word' id='word_1_718' title='bbox 3327 4166 3481 4220; x_wconf 80' lang='lat' dir='ltr'><strong>veni-</strong></span> 
     </span>
    </p>
   </div>
   <div class='ocr_carea' id='block_1_98' title="bbox 1895 4257 3480 4336">
    <p class='ocr_par' dir='ltr' id='par_1_98' title="bbox 1895 4257 3480 4336">
     <span class='ocr_line' id='line_1_98' title="bbox 1895 4257 3480 4336; baseline -0.008 -12"><span class='ocrx_word' id='word_1_719' title='bbox 1895 4277 2034 4324; x_wconf 85' lang='lat' dir='ltr'><strong>rent.</strong></span> <span class='ocrx_word' id='word_1_720' title='bbox 2064 4267 2191 4335; x_wconf 86' lang='lat' dir='ltr'><strong>Qui,</strong></span> <span class='ocrx_word' id='word_1_721' title='bbox 2248 4265 2486 4336; x_wconf 90' lang='lat' dir='ltr'><strong>acceptis</strong></span> <span class='ocrx_word' id='word_1_722' title='bbox 2513 4263 2811 4326; x_wconf 89' lang='lat' dir='ltr'><strong>obsidibus,</strong></span> <span class='ocrx_word' id='word_1_723' title='bbox 2839 4262 2906 4317; x_wconf 90' lang='lat' dir='ltr'><strong>ad</strong></span> <span class='ocrx_word' id='word_1_724' title='bbox 2937 4261 3270 4315; x_wconf 86' lang='lat' dir='ltr'><strong>Attiniacum</strong></span> <span class='ocrx_word' id='word_1_725' title='bbox 3297 4257 3363 4314; x_wconf 88' lang='lat' dir='ltr'><strong>ad</strong></span> <span class='ocrx_word' id='word_1_726' title='bbox 3394 4270 3480 4312; x_wconf 88' lang='lat' dir='ltr'><strong>re-</strong></span> 
     </span>
    </p>
   </div>
   <div class='ocr_carea' id='block_1_99' title="bbox 1894 4351 3479 4430">
    <p class='ocr_par' dir='ltr' id='par_1_99' title="bbox 1894 4351 3479 4430">
     <span class='ocr_line' id='line_1_99' title="bbox 1894 4351 3479 4430; baseline -0.005 -18"><span class='ocrx_word' id='word_1_727' title='bbox 1894 4372 2014 4430; x_wconf 90' lang='lat' dir='ltr'><strong>gem</strong></span> <span class='ocrx_word' id='word_1_728' title='bbox 2069 4363 2359 4420; x_wconf 90' lang='lat' dir='ltr'><strong>venerunt,</strong></span> <span class='ocrx_word' id='word_1_729' title='bbox 2390 4353 2576 4424; x_wconf 90' lang='lat' dir='ltr'><strong>ibique</strong></span> <span class='ocrx_word' id='word_1_730' title='bbox 2620 4351 2881 4422; x_wconf 87' lang='lat' dir='ltr'><strong>baptizati</strong></span> <span class='ocrx_word' id='word_1_731' title='bbox 2931 4359 3079 4413; x_wconf 89' lang='lat' dir='ltr'><strong>sunt,</strong></span> <span class='ocrx_word' id='word_1_732' title='bbox 3105 4358 3162 4406; x_wconf 92' lang='lat' dir='ltr'><strong>et</strong></span> <span class='ocrx_word' id='word_1_733' title='bbox 3191 4357 3318 4404; x_wconf 89' lang='lat' dir='ltr'><strong>tunc</strong></span> <span class='ocrx_word' id='word_1_734' title='bbox 3365 4357 3479 4404; x_wconf 89' lang='lat' dir='ltr'><strong>tota</strong></span> 
     </span>
    </p>
   </div>
   <div class='ocr_carea' id='block_1_100' title="bbox 1896 4438 3479 4516">
    <p class='ocr_par' dir='ltr' id='par_1_100' title="bbox 1896 4438 3479 4516">
     <span class='ocr_line' id='line_1_100' title="bbox 1896 4438 3479 4516; baseline -0.007 -13"><span class='ocrx_word' id='word_1_735' title='bbox 1896 4446 2128 4503; x_wconf 88' lang='lat' dir='ltr'><strong>Saxonia</strong></span> <span class='ocrx_word' id='word_1_736' title='bbox 2180 4443 2466 4516; x_wconf 76' lang='lat' dir='ltr'><strong>subiugata</strong></span> <span class='ocrx_word' id='word_1_737' title='bbox 2517 4451 2602 4500; x_wconf 91' lang='lat' dir='ltr'><strong>est</strong></span> <span class='ocrx_word' id='word_1_738' title='bbox 2649 4441 2905 4508; x_wconf 86' lang='lat' dir='ltr'><strong>Francis;</strong></span> <span class='ocrx_word' id='word_1_739' title='bbox 2937 4450 2994 4497; x_wconf 94' lang='lat' dir='ltr'><strong>et</strong></span> <span class='ocrx_word' id='word_1_740' title='bbox 3030 4441 3082 4496; x_wconf 94' lang='lat' dir='ltr'><strong>in</strong></span> <span class='ocrx_word' id='word_1_741' title='bbox 3112 4441 3300 4496; x_wconf 89' lang='lat' dir='ltr'><strong>eadem</strong></span> <span class='ocrx_word' id='word_1_742' title='bbox 3351 4438 3479 4494; x_wconf 91' lang='lat' dir='ltr'><strong>villa</strong></span> 
     </span>
    </p>
   </div>
   <div class='ocr_carea' id='block_1_101' title="bbox 1895 4530 3480 4604">
    <p class='ocr_par' dir='ltr' id='par_1_101' title="bbox 1895 4530 3480 4604">
     <span class='ocr_line' id='line_1_101' title="bbox 1895 4530 3480 4604; baseline -0.005 -11"><span class='ocrx_word' id='word_1_743' title='bbox 1895 4536 2190 4594; x_wconf 83' lang='lat' dir='ltr'><strong>celebravit</strong></span> <span class='ocrx_word' id='word_1_744' title='bbox 2242 4551 2339 4592; x_wconf 88' lang='lat' dir='ltr'><strong>rex</strong></span> <span class='ocrx_word' id='word_1_745' title='bbox 2373 4534 2621 4604; x_wconf 87' lang='lat' dir='ltr'><strong>natalem</strong></span> <span class='ocrx_word' id='word_1_746' title='bbox 2675 4532 2930 4601; x_wconf 89' lang='lat' dir='ltr'><strong>Domini,</strong></span> <span class='ocrx_word' id='word_1_747' title='bbox 2981 4540 3037 4589; x_wconf 91' lang='lat' dir='ltr'><strong>et</strong></span> <span class='ocrx_word' id='word_1_748' title='bbox 3073 4532 3275 4604; x_wconf 88' lang='lat' dir='ltr'><strong>pascha</strong></span> <span class='ocrx_word' id='word_1_749' title='bbox 3329 4530 3480 4587; x_wconf 88' lang='lat' dir='ltr'><strong>simi-</strong></span> 
     </span>
    </p>
   </div>
   <div class='ocr_carea' id='block_1_102' title="bbox 1819 4625 2036 4685">
    <p class='ocr_par' dir='ltr' id='par_1_102' title="bbox 1819 4625 2036 4685">
     <span class='ocr_line' id='line_1_102' title="bbox 1819 4625 2036 4685; baseline -0.009 0"><span class='ocrx_word' id='word_1_750' title='bbox 1819 4625 1868 4685; x_wconf 92' lang='lat' dir='ltr'><strong>D</strong></span> <span class='ocrx_word' id='word_1_751' title='bbox 1895 4627 2036 4683; x_wconf 90' lang='lat' dir='ltr'><strong>liter.</strong></span> 
     </span>
    </p>
   </div>
   <div class='ocr_carea' id='block_1_103' title="bbox 1964 4712 3466 4773">
    <p class='ocr_par' dir='ltr' id='par_1_103' title="bbox 1964 4712 3466 4773">
     <span class='ocr_line' id='line_1_103' title="bbox 1964 4712 3466 4773; baseline -0.003 -1"><span class='ocrx_word' id='word_1_752' title='bbox 1964 4719 2123 4773; x_wconf 85' lang='lat' dir='ltr'><strong>Anno</strong></span> <span class='ocrx_word' id='word_1_753' title='bbox 2147 4715 2440 4773; x_wconf 68' lang='lat' dir='ltr'><strong>Dominica:</strong></span> <span class='ocrx_word' id='word_1_754' title='bbox 2485 4713 2875 4772; x_wconf 88' lang='lat' dir='ltr'><strong>incarnationis</strong></span> <span class='ocrx_word' id='word_1_755' title='bbox 2904 4714 3009 4771; x_wconf 89' lang='grc'><strong>786</strong></span> <span class='ocrx_word' id='word_1_756' title='bbox 3043 4712 3269 4770; x_wconf 87' lang='lat' dir='ltr'><strong>Carolus</strong></span> <span class='ocrx_word' id='word_1_757' title='bbox 3316 4713 3466 4769; x_wconf 92' lang='lat' dir='ltr'><strong>misit</strong></span> 
     </span>
    </p>
   </div>
   <div class='ocr_carea' id='block_1_104' title="bbox 1891 4803 3474 4876">
    <p class='ocr_par' dir='ltr' id='par_1_104' title="bbox 1891 4803 3474 4876">
     <span class='ocr_line' id='line_1_104' title="bbox 1891 4803 3474 4876; baseline -0.003 -14"><span class='ocrx_word' id='word_1_758' title='bbox 1891 4808 2190 4862; x_wconf 91' lang='lat' dir='ltr'><strong>exercitum</strong></span> <span class='ocrx_word' id='word_1_759' title='bbox 2227 4821 2383 4861; x_wconf 92' lang='lat' dir='ltr'><strong>suum</strong></span> <span class='ocrx_word' id='word_1_760' title='bbox 2409 4805 2654 4876; x_wconf 89' lang='lat' dir='ltr'><strong>partibus</strong></span> <span class='ocrx_word' id='word_1_761' title='bbox 2681 4803 2974 4859; x_wconf 78' lang='lat' dir='ltr'><strong>Britannia:</strong></span> <span class='ocrx_word' id='word_1_762' title='bbox 3003 4819 3108 4858; x_wconf 90' lang='lat' dir='ltr'><strong>una</strong></span> <span class='ocrx_word' id='word_1_763' title='bbox 3151 4819 3273 4858; x_wconf 90' lang='lat' dir='ltr'><strong>cum</strong></span> <span class='ocrx_word' id='word_1_764' title='bbox 3303 4803 3474 4858; x_wconf 88' lang='lat' dir='ltr'><strong>misso</strong></span> 
     </span>
    </p>
   </div>
   <div class='ocr_carea' id='block_1_105' title="bbox 1891 4892 3476 4966">
    <p class='ocr_par' dir='ltr' id='par_1_105' title="bbox 1891 4892 3476 4966">
     <span class='ocr_line' id='line_1_105' title="bbox 1891 4892 3476 4966; baseline -0.002 -15"><span class='ocrx_word' id='word_1_765' title='bbox 1891 4911 1996 4951; x_wconf 90' lang='lat' dir='ltr'><strong>suo</strong></span> <span class='ocrx_word' id='word_1_766' title='bbox 2023 4894 2270 4966; x_wconf 90' lang='lat' dir='ltr'><strong>Odulpbo</strong></span> <span class='ocrx_word' id='word_1_767' title='bbox 2325 4895 2566 4966; x_wconf 92' lang='lat' dir='ltr'><strong>principe</strong></span> <span class='ocrx_word' id='word_1_768' title='bbox 2605 4908 2880 4960; x_wconf 90' lang='lat' dir='ltr'><strong>cocorum,</strong></span> <span class='ocrx_word' id='word_1_769' title='bbox 2929 4893 3019 4948; x_wconf 91' lang='lat' dir='ltr'><strong>ubi</strong></span> <span class='ocrx_word' id='word_1_770' title='bbox 3051 4895 3216 4948; x_wconf 81' lang='lat' dir='ltr'><strong>multa</strong></span> <span class='ocrx_word' id='word_1_771' title='bbox 3251 4892 3476 4948; x_wconf 89' lang='lat' dir='ltr'><strong>castella</strong></span> 
     </span>
    </p>
   </div>
   <div class='ocr_carea' id='block_1_106' title="bbox 1889 4983 3472 5056">
    <p class='ocr_par' dir='ltr' id='par_1_106' title="bbox 1889 4983 3472 5056">
     <span class='ocr_line' id='line_1_106' title="bbox 1889 4983 3472 5056; baseline -0.001 -17"><span class='ocrx_word' id='word_1_772' title='bbox 1889 4985 2266 5056; x_wconf 88' lang='lat' dir='ltr'><strong>adquisierunt</strong></span> <span class='ocrx_word' id='word_1_773' title='bbox 2289 4984 2502 5050; x_wconf 88' lang='lat' dir='ltr'><strong>Franci,</strong></span> <span class='ocrx_word' id='word_1_774' title='bbox 2533 4991 2588 5039; x_wconf 93' lang='lat' dir='ltr'><strong>et</strong></span> <span class='ocrx_word' id='word_1_775' title='bbox 2607 4998 2794 5039; x_wconf 90' lang='lat' dir='ltr'><strong>eorum</strong></span> <span class='ocrx_word' id='word_1_776' title='bbox 2824 4983 3087 5054; x_wconf 88' lang='lat' dir='ltr'><strong>primates</strong></span> <span class='ocrx_word' id='word_1_777' title='bbox 3109 4991 3472 5054; x_wconf 69' lang='lat' dir='ltr'><strong>repmsenta-</strong></span> 
     </span>
    </p>
   </div>
   <div class='ocr_carea' id='block_1_107' title="bbox 1897 5070 3476 5146">
    <p class='ocr_par' dir='ltr' id='par_1_107' title="bbox 1897 5070 3476 5146">
     <span class='ocr_line' id='line_1_107' title="bbox 1897 5070 3476 5146; baseline -0.001 -16"><span class='ocrx_word' id='word_1_778' title='bbox 1897 5085 2092 5133; x_wconf 90' lang='lat' dir='ltr'><strong>verunt</strong></span> <span class='ocrx_word' id='word_1_779' title='bbox 2117 5075 2478 5132; x_wconf 88' lang='lat' dir='ltr'><strong>Wormatiam</strong></span> <span class='ocrx_word' id='word_1_780' title='bbox 2522 5075 2633 5146; x_wconf 75' lang='lat' dir='ltr'><strong>regi</strong></span> <span class='ocrx_word' id='word_1_781' title='bbox 2665 5075 2720 5130; x_wconf 92' lang='lat' dir='ltr'><strong>in</strong></span> <span class='ocrx_word' id='word_1_782' title='bbox 2750 5074 2965 5145; x_wconf 81' lang='lat' dir='ltr'><strong>publico</strong></span> <span class='ocrx_word' id='word_1_783' title='bbox 3008 5083 3297 5130; x_wconf 91' lang='lat' dir='ltr'><strong>conventu.</strong></span> <span class='ocrx_word' id='word_1_784' title='bbox 3323 5070 3476 5129; x_wconf 85' lang='lat' dir='ltr'><strong>Tunc</strong></span> 
     </span>
    </p>
   </div>
   <div class='ocr_carea' id='block_1_108' title="bbox 1898 5164 3474 5239">
    <p class='ocr_par' dir='ltr' id='par_1_108' title="bbox 1898 5164 3474 5239">
     <span class='ocr_line' id='line_1_108' title="bbox 1898 5164 3474 5239; baseline -0.001 -17"><span class='ocrx_word' id='word_1_785' title='bbox 1898 5183 1994 5223; x_wconf 91' lang='lat' dir='ltr'><strong>rex</strong></span> <span class='ocrx_word' id='word_1_786' title='bbox 2022 5167 2212 5223; x_wconf 86' lang='lat' dir='ltr'><strong>videns</strong></span> <span class='ocrx_word' id='word_1_787' title='bbox 2240 5181 2298 5223; x_wconf 89' lang='lat' dir='ltr'><strong>se</strong></span> <span class='ocrx_word' id='word_1_788' title='bbox 2326 5181 2392 5222; x_wconf 87' lang='lat' dir='ltr'><strong>ex</strong></span> <span class='ocrx_word' id='word_1_789' title='bbox 2424 5167 2569 5223; x_wconf 92' lang='lat' dir='ltr'><strong>omni</strong></span> <span class='ocrx_word' id='word_1_790' title='bbox 2599 5177 2757 5239; x_wconf 84' lang='lat' dir='ltr'><strong>parte</strong></span> <span class='ocrx_word' id='word_1_791' title='bbox 2783 5181 2971 5238; x_wconf 90' lang='lat' dir='ltr'><strong>pacem</strong></span> <span class='ocrx_word' id='word_1_792' title='bbox 3001 5166 3224 5230; x_wconf 87' lang='lat' dir='ltr'><strong>habere,</strong></span> <span class='ocrx_word' id='word_1_793' title='bbox 3247 5164 3474 5220; x_wconf 86' lang='lat' dir='ltr'><strong>Romam</strong></span> 
     </span>
    </p>
   </div>
   <div class='ocr_carea' id='block_1_109' title="bbox 1895 5256 3474 5341">
    <p class='ocr_par' dir='ltr' id='par_1_109' title="bbox 1895 5256 3474 5341">
     <span class='ocr_line' id='line_1_109' title="bbox 1895 5256 3474 5341; baseline -0.001 -27"><span class='ocrx_word' id='word_1_794' title='bbox 1895 5260 2136 5330; x_wconf 86' lang='lat' dir='ltr'><strong>perrexit</strong></span> <span class='ocrx_word' id='word_1_795' title='bbox 2160 5260 2420 5316; x_wconf 90' lang='lat' dir='ltr'><strong>orationis</strong></span> <span class='ocrx_word' id='word_1_796' title='bbox 2448 5273 2633 5326; x_wconf 89' lang='lat' dir='ltr'><strong>causa,</strong></span> <span class='ocrx_word' id='word_1_797' title='bbox 2663 5268 2719 5316; x_wconf 93' lang='lat' dir='ltr'><strong>et</strong></span> <span class='ocrx_word' id='word_1_798' title='bbox 2755 5267 2816 5315; x_wconf 90' lang='lat' dir='ltr'><strong>ut</strong></span> <span class='ocrx_word' id='word_1_799' title='bbox 2845 5259 2917 5315; x_wconf 93' lang='lat' dir='ltr'><strong>ibi</strong></span> <span class='ocrx_word' id='word_1_800' title='bbox 2941 5267 3064 5314; x_wconf 87' lang='lat' dir='ltr'><strong>cum</strong></span> <span class='ocrx_word' id='word_1_801' title='bbox 3088 5256 3270 5313; x_wconf 90' lang='lat' dir='ltr'><strong>missis</strong></span> <span class='ocrx_word' id='word_1_802' title='bbox 3300 5257 3474 5341; x_wconf 84' lang='lat' dir='ltr'><strong>impe-</strong></span> 
     </span>
    </p>
   </div>
   <div class='ocr_carea' id='block_1_110' title="bbox 1895 5348 3472 5422">
    <p class='ocr_par' dir='ltr' id='par_1_110' title="bbox 1895 5348 3472 5422">
     <span class='ocr_line' id='line_1_110' title="bbox 1895 5348 3472 5422; baseline 0 -18"><span class='ocrx_word' id='word_1_803' title='bbox 1895 5351 2095 5406; x_wconf 85' lang='lat' dir='ltr'><strong>ratoris</strong></span> <span class='ocrx_word' id='word_1_804' title='bbox 2135 5352 2462 5422; x_wconf 91' lang='lat' dir='ltr'><strong>colloquium</strong></span> <span class='ocrx_word' id='word_1_805' title='bbox 2519 5352 2765 5420; x_wconf 88' lang='lat' dir='ltr'><strong>haberet,</strong></span> <span class='ocrx_word' id='word_1_806' title='bbox 2817 5359 2874 5408; x_wconf 92' lang='lat' dir='ltr'><strong>et</strong></span> <span class='ocrx_word' id='word_1_807' title='bbox 2908 5349 3204 5408; x_wconf 87' lang='lat' dir='ltr'><strong>celebravit</strong></span> <span class='ocrx_word' id='word_1_808' title='bbox 3237 5348 3472 5404; x_wconf 90' lang='lat' dir='ltr'><strong>natalem</strong></span> 
     </span>
    </p>
   </div>
   <div class='ocr_carea' id='block_1_111' title="bbox 1893 5439 2760 5498">
    <p class='ocr_par' dir='ltr' id='par_1_111' title="bbox 1893 5439 2760 5498">
     <span class='ocr_line' id='line_1_111' title="bbox 1893 5439 2760 5498; baseline 0.001 -3"><span class='ocrx_word' id='word_1_809' title='bbox 1893 5439 2106 5496; x_wconf 93' lang='lat' dir='ltr'><strong>Domini</strong></span> <span class='ocrx_word' id='word_1_810' title='bbox 2135 5441 2189 5496; x_wconf 93' lang='lat' dir='ltr'><strong>in</strong></span> <span class='ocrx_word' id='word_1_811' title='bbox 2228 5441 2500 5498; x_wconf 87' lang='lat' dir='ltr'><strong>Florentia</strong></span> <span class='ocrx_word' id='word_1_812' title='bbox 2524 5441 2760 5498; x_wconf 89' lang='lat' dir='ltr'><strong>civitate.</strong></span> 
     </span>
    </p>
   </div>
   <div class='ocr_carea' id='block_1_112' title="bbox 1963 5525 3474 5589">
    <p class='ocr_par' dir='ltr' id='par_1_112' title="bbox 1963 5525 3474 5589">
     <span class='ocr_line' id='line_1_112' title="bbox 1963 5525 3474 5589; baseline -0.001 -3"><span class='ocrx_word' id='word_1_813' title='bbox 1963 5532 2123 5588; x_wconf 81' lang='lat' dir='ltr'><strong>Anno</strong></span> <span class='ocrx_word' id='word_1_814' title='bbox 2168 5532 2465 5589; x_wconf 84' lang='lat' dir='ltr'><strong>Dominicae</strong></span> <span class='ocrx_word' id='word_1_815' title='bbox 2515 5529 2907 5588; x_wconf 89' lang='lat' dir='ltr'><strong>incarnationis</strong></span> <span class='ocrx_word' id='word_1_816' title='bbox 2941 5527 3043 5586; x_wconf 92' lang='grc'><strong>787</strong></span> <span class='ocrx_word' id='word_1_817' title='bbox 3083 5527 3310 5585; x_wconf 87' lang='lat' dir='ltr'><strong>Carolus</strong></span> <span class='ocrx_word' id='word_1_818' title='bbox 3363 5525 3474 5584; x_wconf 82' lang='lat' dir='ltr'><strong>Ra-</strong></span> 
     </span>
    </p>
   </div>
   <div class='ocr_carea' id='block_1_113' title="bbox 1893 5621 3471 5699">
    <p class='ocr_par' dir='ltr' id='par_1_113' title="bbox 1893 5621 3471 5699">
     <span class='ocr_line' id='line_1_113' title="bbox 1893 5621 3471 5699; baseline 0.001 -20"><span class='ocrx_word' id='word_1_819' title='bbox 1893 5639 2036 5680; x_wconf 91' lang='lat' dir='ltr'><strong>mam</strong></span> <span class='ocrx_word' id='word_1_820' title='bbox 2063 5626 2231 5695; x_wconf 85' lang='lat' dir='ltr'><strong>venit,</strong></span> <span class='ocrx_word' id='word_1_821' title='bbox 2281 5634 2338 5684; x_wconf 90' lang='lat' dir='ltr'><strong>et</strong></span> <span class='ocrx_word' id='word_1_822' title='bbox 2373 5642 2405 5682; x_wconf 89' lang='lat' dir='ltr'><strong>a</strong></span> <span class='ocrx_word' id='word_1_823' title='bbox 2439 5624 2692 5699; x_wconf 87' lang='lat' dir='ltr'><strong>pontiﬁce</strong></span> <span class='ocrx_word' id='word_1_824' title='bbox 2736 5624 2976 5682; x_wconf 76' lang='lat' dir='ltr'><strong>Adriano</strong></span> <span class='ocrx_word' id='word_1_825' title='bbox 3024 5621 3324 5696; x_wconf 84' lang='lat' dir='ltr'><strong>honoriﬁce</strong></span> <span class='ocrx_word' id='word_1_826' title='bbox 3349 5633 3471 5680; x_wconf 74' lang='lat' dir='ltr'><strong>su-</strong></span> 
     </span>
    </p>
   </div>
   <div class='ocr_carea' id='block_1_114' title="bbox 1520 5737 2188 5802">
    <p class='ocr_par' dir='ltr' id='par_1_114' title="bbox 1520 5737 2188 5802">
     <span class='ocr_line' id='line_1_114' title="bbox 1520 5737 2188 5802; baseline 0.012 -8"><span class='ocrx_word' id='word_1_827' title='bbox 1520 5737 1753 5796; x_wconf 71' lang='lat' dir='ltr'><strong>VARLE</strong></span> <span class='ocrx_word' id='word_1_828' title='bbox 1789 5740 2188 5802; x_wconf 83' lang='lat' dir='ltr'><strong>LECTIONES.</strong></span> 
     </span>
    </p>
   </div>
   <div class='ocr_carea' id='block_1_115' title="bbox 271 5835 2001 5928">
    <p class='ocr_par' dir='ltr' id='par_1_115' title="bbox 271 5835 2001 5928">
     <span class='ocr_line' id='line_1_115' title="bbox 271 5835 2001 5928; baseline 0.008 -29"><span class='ocrx_word' id='word_1_829' title='bbox 271 5835 348 5874; x_wconf 63' lang='grc' dir='ltr'><strong>’θ’</strong></span> <span class='ocrx_word' id='word_1_830' title='bbox 367 5843 654 5905; x_wconf 82' lang='lat' dir='ltr'><strong>abbionem</strong></span> <span class='ocrx_word' id='word_1_831' title='bbox 677 5840 731 5918; x_wconf 61' lang='grc' dir='ltr'><strong>ὅ,</strong></span> <span class='ocrx_word' id='word_1_832' title='bbox 757 5847 845 5917; x_wconf 80' lang='lat' dir='ltr'><strong>5a,</strong></span> <span class='ocrx_word' id='word_1_833' title='bbox 872 5849 921 5906; x_wconf 92' lang='lat' dir='ltr'><strong>d.</strong></span> <span class='ocrx_word' id='word_1_834' title='bbox 957 5845 1008 5918; x_wconf 88' lang='lat'><strong>7,</strong></span> <span class='ocrx_word' id='word_1_835' title='bbox 1045 5849 1096 5919; x_wconf 81' lang='lat'><strong>9,</strong></span> <span class='ocrx_word' id='word_1_836' title='bbox 1129 5848 1210 5918; x_wconf 84' lang='grc'><strong>10,</strong></span> <span class='ocrx_word' id='word_1_837' title='bbox 1260 5853 1337 5920; x_wconf 90' lang='lat' dir='ltr'><strong>ll,</strong></span> <span class='ocrx_word' id='word_1_838' title='bbox 1377 5853 1476 5922; x_wconf 72' lang='lat' dir='ltr'><strong>l2;</strong></span> <span class='ocrx_word' id='word_1_839' title='bbox 1508 5854 1773 5912; x_wconf 82' lang='lat' dir='ltr'><strong>albionem</strong></span> <span class='ocrx_word' id='word_1_840' title='bbox 1799 5856 2001 5928; x_wconf 74' lang='lat' dir='ltr'><strong>reliqui.</strong></span> 
     </span>
    </p>
   </div>
  </div>
