3958 5460
1163 273 1194 308 0

523 343 593 410 δ’.)
1557 342 1924 400 REGINONIS
1961 342 2097 399 PRU

2213 340 2384 396 INSIS
2422 342 2710 399 ΑΒΒᾹῚἸΒ
3712 352 3789 410 60

523 437 710 537 ceptus
759 473 868 531 est,
907 463 997 520 ubi
1023 460 1226 535 aliquot
1246 462 1360 518 dies
1385 436 1625 518 moratus
1662 469 1764 516 est.
1796 458 1947 528 Quod
1971 473 2092 513 cum
2126 460 2170 518 Α
2202 463 2334 508 tum.
2377 457 2527 512 Tunc
2572 460 2900 529 perspiciens
2948 475 3006 518 se
3050 460 3296 518 Thassilo
3324 479 3388 520 ex
3435 466 3582 523 omni
3619 431 3793 538 parte

523 557 766 612 audisset
815 554 1106 625 Heregisus
1152 553 1260 607 dux
1300 547 1799 606 Beneventanorum
1829 591 1844 615 ,
1898 550 2094 604 timore

522 649 866 720 perterritus,
888 647 1030 702 misit
1045 645 1362 702 Romaldum
1389 643 1555 698 ﬁlium
1577 658 1730 699 suum
1751 658 1873 698 cum
1889 643 2098 714 magnis

523 740 838 797 muneribus
864 739 931 794 ad
958 753 1162 810 regem,
1191 736 1469 808 postulans
1508 749 1719 804 pacem,
1773 743 1831 790 et
1873 734 2100 804 promito

523 839 644 888 tens
678 845 737 886 se
784 845 1001 886 omnem
1042 828 1372 883 voluntatem
1416 827 1532 898 ejus
1559 827 1850 882 facturum.
1883 827 1988 881 Sed
2014 826 2099 881 his

523 918 866 978 suasionibus
897 920 1118 978 minime
1165 920 1490 990 apostolicus
1515 917 1762 985 credidit,
1787 918 1882 975 sed
1928 917 2099 989 magis

522 1012 771 1068 hortatus
795 1019 876 1066 est
901 1025 1099 1080 regem,
1127 1017 1187 1064 ut
1213 1007 1502 1066 Beneventi
1532 1009 1666 1066 ﬁnes
1688 1009 1934 1074 intraret,
1956 1007 2099 1079 quod

522 1108 577 1156 et
603 1099 750 1157 fecit.
804 1100 872 1155 Et
913 1114 1035 1154 cum
1066 1099 1304 1168 Capuam
1350 1099 1608 1165 venisset,
1655 1097 1935 1170 Herlgisus
1968 1097 2099 1154 reli-

523 1190 638 1260 quit
662 1188 1031 1245 Beneventum
1057 1198 1112 1245 et
1134 1190 1185 1244 in
1216 1186 1499 1246 Salernum
1547 1191 1798 1253 secessit,
1829 1190 2012 1260 ibique
2041 1204 2101 1247 se

523 1279 771 1334 munivit.
796 1274 1002 1335 Exinde
1026 1281 1173 1335 misit
1198 1279 1361 1335 ﬁlium
1403 1295 1558 1336 suum
1585 1278 1919 1336 Grimaldum
1952 1281 2100 1352 (nam

523 1366 844 1426 Romaldum
886 1384 981 1426 rex
1005 1385 1188 1426 secum
1215 1370 1502 1442 retinebat)
1533 1386 1653 1427 cum
1678 1371 1885 1442 magnis
1914 1377 2102 1426 mune-

519 1459 693 1524 ribus,
721 1457 955 1514 olferens
992 1459 1209 1515 obsides
1245 1467 1299 1515 et
1328 1461 1649 1532 promittens
1673 1475 1888 1516 omnem
1930 1459 2101 1515 ﬁdeli.

525 1557 715 1617 tatem,
762 1561 970 1606 tantum
1011 1561 1071 1606 ut
1124 1552 1192 1605 ab
1219 1551 1621 1622 impugnatione
1658 1560 1916 1608 cessaret.
1949 1547 2101 1606 Tunc

523 1654 621 1695 rex
652 1655 774 1695 cum
801 1638 1049 1695 consultu
1075 1637 1309 1694 ﬁdelium
1329 1649 1383 1695 et
1399 1640 1761 1704 sacerdotum,
1787 1655 1854 1696 ne
1883 1625 2101 1711 penitus

522 1731 795 1804 episcopis
839 1741 895 1788 et
925 1734 1251 1788 monasteria
1287 1735 1722 1798 devastarentnr,
1765 1733 1927 1804 elegit
1964 1733 2101 1788 duo-

2202 562 2323 603 esse
2349 549 2738 616 circumlatum,
2771 561 2827 608 et
2855 554 3044 610 videns
3070 557 3212 626 quod
3243 557 3472 628 Bajoarii
3494 562 3670 632 magis
3692 576 3794 618 es-

2204 648 2326 694 sent
2378 639 2564 696 ﬁdeles
2597 640 2789 698 Carolo
2817 659 2976 714 quam
3021 645 3144 709 sibi,
3193 648 3429 718 undique
3461 659 3794 707 eoarctatus

2201 731 2349 786 venit
2370 731 2436 786 ad
2475 746 2598 788 eum
2627 735 2842 790 tradens
2879 749 2938 791 se
2962 737 3213 794 manibus
3235 738 3351 808 ejus
3373 741 3438 795 ad
3468 742 3791 808 servitium,

2202 822 2538 893 reddensque
2559 825 2811 880 ducatum
2833 825 2933 881 sibi
2959 828 3304 884 commissum
3327 845 3356 884 a
3378 830 3605 902 Pippino
3629 847 3791 902 rege,

2203 923 2259 969 et
2280 929 2338 970 se
2368 914 2420 969 in
2453 916 2702 971 omnibus
2736 932 2992 988 peccasse
3017 927 3072 975 et
3130 920 3270 975 male
3298 922 3471 993 egisse
3496 923 3796 978 confessus

2203 1014 2315 1069 est;
2344 1015 2397 1062 et
2434 1007 2611 1061 denuo
2660 1022 2924 1064 renovans
2953 1020 3291 1066 sacramenta
3317 1013 3464 1067 dedit
3492 1013 3793 1068 duodecim

2203 1095 2418 1151 obsides
2436 1095 2660 1161 electos,
2687 1105 2740 1151 et
2766 1096 3118 1152 tredecimum
3142 1098 3307 1154 ﬁlium
3339 1115 3494 1155 suum
3525 1099 3794 1155 Theodo-

2203 1196 2348 1236 nem.
2387 1181 2523 1248 Rex,
2549 1184 2781 1254 receptis
2826 1185 3128 1252 obsidibus,
3156 1201 3404 1242 reversus
3429 1197 3512 1242 est
3534 1187 3587 1241 in
3609 1188 3798 1242 Fran-

2203 1270 2343 1326 ciam
2370 1311 2384 1336 ,
2416 1279 2471 1328 et
2491 1273 2782 1329 celebravit
2816 1274 3048 1331 natalem
3065 1275 3277 1332 Domini
3305 1277 3358 1332 in
3390 1276 3792 1348 Engilinbeim,

2204 1369 2259 1416 et
2287 1362 2483 1430 pascha
2505 1363 2772 1419 similiter.

2273 1455 2431 1510 Anno
2458 1453 2752 1510 Dominicre
2791 1455 3183 1513 incarnationis
3211 1457 3314 1513 788
3368 1472 3461 1512 rex
3490 1472 3797 1528 congrega-

2204 1545 2281 1601 vit
2307 1547 2568 1618 synodum
2605 1547 2660 1602 in
2689 1548 2913 1617 praefata
2935 1549 3081 1609 villa,
3131 1550 3310 1620 ibique
3335 1551 3481 1604 venit
3510 1550 3793 1612 Thassilo,

2213 1645 2495 1705 coeperunt
2518 1644 2695 1690 autem
2717 1652 2841 1692 eum
2869 1637 3102 1708 Bajoarii
3130 1654 3408 1704 accusare,
3450 1639 3597 1709 quod
3625 1639 3796 1694 [idem

2206 1727 2525 1796 promissam
2554 1728 2830 1793 violasset,
2863 1731 3124 1786 suadente
3163 1746 3332 1786 uxore
3364 1729 3678 1801 Lintherga.
3723 1732 3796 1786 Et

525 1823 698 1879 decim
720 1823 958 1889 obsides,
986 1831 1041 1879 et
1069 1826 1285 1880 tertium
1311 1825 1578 1881 decimum
1615 1825 1782 1880 ﬁlium
1804 1825 2099 1898 supradicti
2136 1821 2179 1882 Β
2205 1816 2412 1887 οινὲθοω
2437 1817 2684 1874 Τίιδδείίο
2709 1819 2976 1891 denegare
3015 1837 3118 1876 ηοη
3173 1821 3362 1891 Ροῑιιίιι
3396 1821 3489 1876 5θά
3534 1836 3798 1890 compro-

523 1915 678 1972 ducis
717 1915 1076 1984 Grimaldum,
1108 1925 1163 1972 et
1185 1926 1404 1988 accepta
1432 1933 1682 1984 munera,
1712 1918 2030 1986 juraverunt
2053 1919 2105 1975 ei

524 2021 714 2063 omnes
737 2005 1128 2074 Beneventani,
1157 2020 1212 2063 et
1253 2024 1504 2065 reversus
1527 2018 1607 2065 est
1633 2007 1882 2076 Romam,
1925 2010 2106 2081 ibique

523 2093 818 2150 celebravit
865 2097 1064 2167 pascha
1119 2112 1242 2152 cum
1296 2098 1526 2168 praesule
1581 2098 1725 2153 sedis
1775 2099 2103 2169 apostolicze.

530 2184 799 2243 Venerunt
824 2187 988 2242 etiam
1014 2187 1066 2241 in
1093 2189 1281 2244 eodem
1306 2189 1424 2244 loco
1462 2190 1611 2244 missi
1644 2187 1980 2246 Thassilonis
2004 2192 2106 2246 Ar-

524 2291 630 2333 nus
657 2279 942 2348 episcopus
961 2288 1015 2334 et
1046 2278 1308 2336 Henricus
1328 2280 1515 2345 abbas,
1541 2290 1790 2352 rogantes
1809 2295 2026 2351 papam,
2049 2291 2110 2337 ut

523 2382 713 2438 pacem
761 2368 986 2435 faceret,
1018 2369 1273 2440 litemque
1321 2371 1638 2426 terminaret
1682 2371 1822 2426 inter
1857 2369 2108 2426 Carolum

522 2472 706 2532 regem
741 2470 796 2517 et
831 2459 1165 2518 Tassilonem
1196 2463 1407 2518 ducem.
1434 2463 1512 2518 Ex
1543 2478 1646 2533 qua
1676 2478 1839 2519 causa
1878 2463 2106 2518 multum

522 2549 824 2606 decertavit
869 2552 1214 2621 apostolicus.
1242 2551 1356 2610 Rex
1388 2564 1568 2609 autem
1600 2555 1666 2610 ad
1704 2551 1973 2625 postulata
2024 2570 2108 2610 re-

523 2642 754 2709 spondit,
781 2655 841 2698 se
866 2658 962 2713 per
982 2642 1148 2698 multa
1185 2653 1429 2715 tempora
1457 2645 1737 2715 quaesisse,
1765 2645 1858 2699 sed
1889 2643 2108 2699 minime

517 2727 773 2787 obtinere
806 2732 1051 2800 potuisse
1089 2749 1103 2786 :
1156 2747 1224 2787 ne
1257 2741 1435 2788 tamen
1468 2733 1782 2788 inobediens
1832 2733 2110 2788 videretur

523 2833 648 2874 esse
679 2819 901 2875 monitis
930 2821 1258 2890 apostolicis,
1301 2824 1534 2878 asseruit
1559 2838 1617 2878 se
1646 2822 1698 2877 in
1738 2821 1976 2891 ejusdem
2012 2839 2109 2895 pa-

523 2919 609 2978 pae
634 2909 920 2978 praesentia
952 2925 1073 2965 cum
1100 2911 1306 2966 eisdem
1343 2912 1522 2967 missis
1544 2927 1734 2982 pacem
1763 2913 1899 2967 velle
1929 2912 2110 2968 ﬁrma-

525 3009 606 3052 re.
640 2997 748 3054 Illis
771 3007 950 3056 autem
983 3002 1354 3067 renuentibus,
1393 3011 1558 3071 atque
1585 3002 1889 3059 dicentibus
1916 3018 2023 3060 non
2053 3018 2112 3059 se

525 3089 726 3146 audere
776 3106 876 3162 pro
921 3093 1135 3148 seniore
1183 3091 1518 3148 diﬁinitivam
1584 3093 1832 3165 proferre
1887 3104 2107 3151 senten-

2206 1911 2366 1967 batus
2393 1921 2478 1968 est
2510 1925 2569 1968 se
2593 1912 2660 1967 ad
2682 1913 2888 1969 Avaros
2916 1924 3100 1984 postea
3125 1913 3509 1979 transmisisse,
3542 1922 3598 1967 et
3632 1913 3687 1968 in
3715 1915 3798 1968 vi-

2209 2013 2317 2057 tam
2347 2003 2583 2060 ﬁdelium
2615 2005 2756 2074 regis
2775 2006 3109 2060 consiliasse.
3132 2005 3211 2059 Ad
3237 2004 3480 2058 ultimum
3504 2003 3794 2059 rorifessus

2207 2101 2289 2147 est
2314 2108 2372 2147 se
2407 2093 2629 2158 dixisse,
2655 2094 2817 2150 etiam
2853 2094 2898 2148 si
2938 2094 3124 2148 decem
3155 2078 3292 2148 ﬁlios
3322 2093 3568 2159 haberet,
3595 2109 3796 2149 omnes

2208 2183 2390 2238 mallet
2413 2183 2680 2238 amittere.
2725 2198 2885 2252 quam
2931 2183 3002 2238 ita
3053 2198 3282 2238 manere.
3323 2184 3462 2238 sicut
3475 2181 3784 2249 juraverat.

2209 2275 2287 2330 Ex
2313 2275 2398 2329 his
2423 2284 2477 2329 et
2525 2274 2645 2328 aliis
2673 2274 2853 2329 multis
2876 2276 2944 2329 ab
2971 2275 3220 2330 omnibus
3249 2274 3576 2345 dijudicatus
3602 2282 3689 2328 est
3715 2275 3787 2328 ad

2211 2375 2460 2422 mortem.
2492 2367 2706 2421 Etcum
2753 2381 2940 2422 omnes
2985 2365 3270 2435 capitalem
3311 2367 3636 2421 sententiam
3669 2381 3794 2435 pro-

2209 2457 2532 2522 clamarent,
2561 2471 2653 2513 rex
2678 2457 3049 2512 misericordia
3075 2465 3277 2520 motus,
3299 2471 3364 2511 eo
3389 2457 3529 2524 quod
3561 2473 3794 2512 consan-

2209 2550 2436 2618 guineus
2480 2547 2597 2618 ejus
2623 2557 2790 2612 esset,
2835 2547 3072 2604 obtinuit
3104 2545 3172 2602 ab
3223 2547 3354 2616 ipsis
3401 2546 3490 2600 Dei
3523 2547 3638 2600 suis
3665 2548 3796 2601 ﬁde-

2211 2640 2350 2696 libus
2382 2656 2449 2695 ne
2504 2647 2824 2695 moreretur.
2877 2640 3242 2711 Interrogatus
3263 2655 3392 2711 ergo
3424 2655 3454 2694 a
3489 2655 3615 2710 rege
3661 2641 3794 2709 quid

2211 2743 2375 2798 agere
2397 2728 2574 2794 vellet,
2619 2737 2778 2783 terra:
2809 2737 3112 2797 prostratus
3134 2729 3402 2784 licentiam
3440 2729 3493 2782 in
3521 2739 3796 2784 monaste-

2212 2821 2351 2876 rium
2383 2821 2614 2875 iutrandi
2646 2821 2892 2890 expetiit,
2936 2831 2992 2874 ut
3016 2821 3084 2874 ibi
3117 2828 3336 2889 peccata
3377 2834 3474 2873 sua
3503 2819 3794 2888 deplorare

2211 2912 2498 2984 potuisset.
2535 2909 2800 2967 Similiter
2821 2920 2875 2967 et
2911 2910 3053 2966 ﬁlius
3077 2909 3194 2980 ejus
3214 2909 3422 2964 Thiodo
3445 2908 3593 2964 l'eeit.
3623 2908 3794 2978 Igitur

2213 3004 2410 3060 attousi
2432 3012 2579 3069 sunt,
2599 3005 2730 3059 etin
2762 3004 3145 3060 monasterium
3175 3002 3346 3058 missi.
3375 3000 3536 3056 Pauci
3555 3000 3796 3072 Bajoarii

2214 3097 2307 3166 qui
2339 3110 2461 3151 cum
2503 3095 2816 3151 Thassiloue
2844 3102 3143 3159 senserant,
3169 3095 3224 3148 in
3252 3093 3471 3149 exilium
3502 3102 3630 3149 sunt
3654 3094 3794 3149 mis—

527 3178 684 3244 tiam,
715 3196 892 3251 neque
932 3196 990 3238 se
1013 3182 1080 3237 ad
1110 3184 1213 3239 hoc
1247 3184 1542 3241 destinatos
1588 3199 1728 3250 esse,
1759 3185 1951 3242 videns
1984 3202 2110 3256 apo-
2137 3167 2181 3231 C
2217 3185 2285 3241 si.
2308 3185 2510 3241 Eodem
2539 3199 2681 3239 anno
2705 3183 3050 3239 commissum
3073 3180 3377 3237 estbellum
3410 3183 3548 3238 inter
3571 3181 3798 3239 Graecos

523 3269 748 3326 stolicus
763 3271 903 3327 facta
929 3274 1232 3341 mendacia,
1256 3283 1312 3334 et
1337 3290 1672 3350 cognoscens
1696 3277 2108 3336 instabilitat'em

521 3358 701 3435 ducis,
753 3364 925 3427 iratus
962 3366 1440 3429 anathematizavit
1485 3374 1801 3445 praedictum
1839 3373 2112 3431 Thassilo-

522 3466 652 3516 nem
701 3470 757 3516 et
805 3477 995 3518 omnes
1039 3461 1113 3518 illi
1145 3463 1409 3530 faventes,
1455 3465 1559 3521 nisi
1604 3464 1919 3522 ﬁdelitatem
1947 3481 2107 3536 quam

523 3553 638 3626 regi
669 3549 897 3625 Pippino
912 3541 976 3609 et
1011 3550 1120 3610 ﬁlio
1140 3555 1258 3626 ejus
1281 3553 1474 3611 Carolo
1503 3555 1846 3625 promiserat,
1873 3569 1970 3625 per
1989 3571 2110 3612 om-

525 3649 617 3705 nia
658 3648 1002 3714 observaret;
1032 3656 1346 3704 contestans
1373 3663 1473 3717 per
1501 3648 1718 3704 eosdem
1757 3648 1953 3704 missos
1975 3664 2107 3705 eun-

527 3740 650 3796 dem
697 3739 896 3805 virum,
923 3748 980 3795 et
1003 3755 1228 3796 monens
1253 3755 1320 3795 ne
1345 3726 1446 3810 per
1470 3740 1589 3811 ejus
1610 3740 2025 3795 obdurationem
2052 3749 2110 3796 et

527 3829 810 3902 perﬁdiam
851 3831 1072 3902 sanguis
1095 3830 1524 3886 Christianorum
1557 3831 1891 3897 funderetur,
1922 3839 1976 3886 et
2003 3815 2110 3886 ter-

528 3935 591 3978 ra
631 3921 1025 3978 devastaretur.
1067 3922 1136 3977 Et
1160 3923 1205 3978 si
1237 3923 1353 3994 ipse
1391 3923 1499 3978 dux
1537 3923 1842 3979 nullatenus
1888 3923 2108 3980 obedire

528 4013 712 4080 vellet,
735 4023 863 4069 tunc
891 4012 1117 4070 Carolus
1144 4022 1200 4069 et
1232 4015 1501 4070 exercitus
1530 4014 1646 4082 ejus
1672 4015 1901 4070 absoluti
1929 4025 2110 4073 essent

529 4119 559 4159 a
584 4104 695 4160 Deo
719 4113 776 4161 et
819 4113 1014 4160 sancto
1059 4103 1242 4170 Petro,
1281 4114 1334 4160 et
1363 4105 1615 4176 quicquid
1659 4105 1713 4160 in
1763 4105 1956 4161 ducatu
1994 4105 2110 4173 ejus

529 4205 902 4266 perpetratum
931 4203 1076 4252 esset
1117 4193 1382 4251 incendiis
1424 4203 1480 4250 et
1507 4194 1811 4251 homicidiis
1833 4194 1916 4251 vel
1942 4195 2115 4264 quali-

529 4299 740 4356 cunque
763 4285 998 4352 malicia,
1023 4293 1192 4341 totum
1223 4285 1325 4342 hoc
1353 4300 1515 4356 super
1537 4285 1910 4343 Thassilonem
1926 4275 2002 4343 ἐι
2027 4301 2115 4343 so-

530 4376 649 4432 cios
665 4377 781 4446 ejus
800 4384 1126 4442 verteretur,
1167 4385 1222 4431 et
1246 4391 1338 4431 rex
1368 4385 1422 4431 et
1444 4375 1639 4432 Franci
1665 4385 1851 4432 essent
1880 4376 2108 4432 innoxii.

534 4465 632 4521 His
652 4468 832 4522 verbis
861 4467 1124 4521 absolutis
1152 4467 1333 4522 missis
1353 4465 1710 4530 Thassilonis,
1739 4481 1831 4520 rex
1865 4465 2110 4520 oratione

534 4555 603 4610 ad
655 4555 840 4609 limina
887 4555 1256 4626 apostolorum
1309 4555 1599 4624 completa,
1644 4563 1699 4609 et
1741 4553 2114 4608 benedictione

531 4653 807 4716 percepta,
864 4645 916 4699 in
944 4644 1231 4700 Franciam
1256 4659 1498 4716 gressum
1548 4642 1750 4715 dirigit,
1787 4651 1843 4697 et
1866 4642 2116 4698 Worma-

535 4734 666 4791 tiam
698 4735 786 4790 ubi
815 4744 937 4792 erat
980 4734 1315 4791 Fastradana
1343 4731 1534 4800 conjux
1562 4729 1679 4800 ejus
1736 4731 1999 4801 pervenit,
2025 4731 2114 4786 ubi

533 4828 796 4900 synodum
835 4827 1201 4900 congregavit,
1247 4833 1304 4881 et
1348 4822 1718 4880 manifestavit
1745 4823 2114 4879 sacerdotibus

533 4930 591 4976 et
614 4919 961 4990 optimatibus
986 4917 1135 4989 regni
1168 4931 1363 4972 causas
1391 4914 1624 4979 itineris,
1655 4921 1710 4968 et
1737 4911 1970 4982 qualiter
1991 4927 2111 4967 ver-

535 5011 676 5068 sutia
721 5009 1059 5066 Thassilonis
1096 5023 1278 5065 coram
1319 5021 1530 5064 summo
1572 5004 1826 5077 pontiﬁce
1851 5012 1996 5060 esset
2021 5005 2116 5060 de-

536 5100 825 5172 prehensa.
872 5099 1019 5154 Misit
1074 5100 1255 5170 itaque
1303 5113 1424 5155 cum
1474 5095 1722 5153 consultu
1763 5095 1997 5151 ﬁdelium
2048 5097 2114 5151 ad

538 5192 769 5247 eundem
815 5188 1188 5246 Thassilonem
1217 5205 1461 5252 monens,
1492 5198 1550 5245 ut
1579 5188 1891 5258 apostolicis
1922 5187 2115 5243 adhor-

541 5282 836 5338 tationibus
892 5283 1319 5350 obtemperaret;
1355 5281 1446 5350 qui
1502 5296 1622 5334 cum
1663 5278 1828 5334 nollet
1874 5276 2113 5344 obedire,

543 5388 638 5424 re!
671 5373 915 5426 nartilms
964 5372 1223 5427 Bajoariaa
1248 5375 1544 5426 exercitum
1591 5373 1753 5426 movit
1805 5371 2022 5420 nrvonil
2065 5371 2116 5410 in

2211 3289 2267 3335 et
2288 3275 2694 3350 Langobardos,
2730 3274 2956 3332 ducibus
2990 3272 3353 3330 lliltlebrando
3381 3274 3447 3330 de
3471 3271 3716 3344 Spoleto,
3741 3281 3799 3329 et

2213 3370 2492 3428 Grimaldo
2518 3369 2583 3424 de
2612 3367 2943 3428 Benevento,
2972 3375 3027 3420 et
3057 3365 3336 3436 Winegiso
3359 3379 3388 3418 a
3415 3378 3544 3432 rege
3583 3363 3797 3418 directo

2213 3477 2336 3516 cum
2365 3458 2607 3523 Francis,
2631 3465 2686 3513 et
2735 3456 2897 3528 fugati
2928 3463 3054 3510 sunt
3079 3454 3276 3518 Graeci,
3302 3461 3358 3508 et
3390 3453 3624 3507 victores
3654 3451 3796 3507 exti-

2212 3559 2396 3607 terunt
2415 3549 2609 3604 Franci
2632 3557 2686 3602 et
2708 3546 3063 3618 Langobardi.
3089 3544 3190 3600 Per
3211 3544 3350 3598 idem
3378 3552 3588 3612 tempus
3611 3558 3795 3613 pugna

2213 3642 2502 3700 commissa
2526 3649 2609 3696 est
2636 3640 2780 3696 inter
2807 3641 3012 3694 Avaros
3039 3646 3094 3691 et
3117 3636 3374 3701 Francos,
3405 3634 3497 3704 qui
3519 3633 3672 3688 Italia
3699 3634 3797 3687 ha-

2210 3733 2478 3798 bitabant,
2519 3739 2592 3795 et,
2629 3731 2741 3786 Deo
2776 3729 3062 3799 largiente,
3112 3726 3392 3782 victoriam
3439 3724 3799 3780 obtinuerunt

2210 3820 2638 3886 Franci._’l‘ertia
2682 3834 2858 3890 pugna
2895 3816 3186 3873 commissa
3210 3824 3295 3871 est
3330 3815 3473 3870 inter
3501 3813 3714 3870 Avaros
3741 3823 3798 3868 et

2210 3912 2488 3982 Bajoarios
2513 3912 2565 3966 in
2597 3925 2787 3981 campo
2807 3909 2998 3975 Iborze,
3028 3918 3082 3964 et
3117 3908 3335 3965 fuerunt
3367 3906 3438 3961 ibi
3469 3899 3797 3975 missi'regis

2213 4005 2590 4063 Grabamanus
2639 4010 2694 4058 et
2737 4001 2950 4057 Odocar
2996 4015 3118 4055 cum
3158 3998 3427 4067 aliquibus
3461 3995 3714 4055 Francis,
3741 4003 3800 4048 et

2212 4097 2325 4153 Deo
2380 4096 2676 4152 auxiliante
2704 4092 2930 4148 victoria
2971 4090 3074 4146 fuit
3116 4090 3450 4145 Francorum
3480 4101 3577 4141 seu
3605 4084 3798 4155 Bajoa-

2214 4189 2439 4243 riorum.
2465 4187 2588 4241 Haec
2609 4183 2789 4240 omnia
2809 4181 3152 4254 supradictus
3174 4177 3420 4233 Tbassilo
3441 4185 3496 4232 et
3523 4191 3662 4230 uxor
3677 4174 3795 4244 ejus

2215 4281 2497 4350 Linthirga
2543 4278 2987 4334 terminavcrunt.
3021 4275 3226 4344 Quarta
3256 4288 3433 4345 pugna
3462 4271 3569 4326 fuit
3602 4281 3798 4326 contra

2214 4371 2444 4437 Avarus,
2501 4370 2593 4440 qui
2634 4369 2922 4424 voluerunt
2948 4369 3226 4423 vindicare
3253 4380 3347 4420 eos
3385 4364 3476 4434 qui
3529 4363 3582 4418 in
3608 4361 3800 4432 pnnlio

2215 4462 2462 4531 superius
2483 4461 2624 4516 dicto
2645 4459 2988 4522 ceciderunt,
3005 4457 3122 4522 sed,
3149 4457 3258 4510 Deo
3281 4453 3590 4523 adjuvante,
3622 4453 3798 4507 victo.

2221 4553 2298 4608 ria
2319 4550 2644 4606 Christianis
2671 4548 2852 4605 cessit.
2886 4548 3014 4604 Post
3034 4548 3150 4603 haec
3176 4545 3402 4602 Carolus
3433 4545 3500 4598 ad
3525 4543 3800 4614 Reganes—

2217 4642 2356 4712 burg
2393 4640 2561 4705 venit,
2595 4639 2777 4708 ibique
2807 4653 3018 4694 marcas
3047 4646 3101 4693 et
3128 4637 3263 4692 ﬁnes
3286 4634 3656 4706 Bajoariorum
3689 4634 3799 4689 dis-

2221 4732 2421 4804 posuit,
2450 4729 2679 4800 indeque
2736 4744 2987 4784 reversus
3029 4728 3194 4784 estin
3224 4726 3535 4789 Franciam,
3578 4731 3634 4780 et
3658 4724 3797 4780 cele-

2221 4820 2400 4876 hravit
2447 4817 2679 4874 natalem
2711 4817 2921 4872 Domini
2954 4817 3006 4870 in
3055 4813 3226 4884 Aquis
3247 4812 3469 4885 palatio,
3498 4820 3554 4868 et
3591 4812 3794 4884 pascha

2222 4913 2489 4970 similiter.

2285 5003 2441 5060 Anno
2471 5000 2764 5060 Dominica:
2795 4997 3181 5054 incarnationis
3210 4996 3312 5053 789
3335 5012 3427 5051 rex
3458 4993 3706 5050 Rhenum
3728 4993 3794 5048 ad

2216 5095 2492 5154 Coloniam
2518 5092 2750 5157 transiit,
2777 5101 2831 5147 et
2859 5091 3148 5146 Saxoniam
3171 5090 3468 5162 ingressus,
3493 5089 3561 5144 ad
3580 5087 3793 5143 Albiam

2218 5187 2436 5242 ﬂuvium
2467 5185 2647 5250 venit;
2683 5184 2862 5254 ibique
2884 5183 3017 5238 duos
3043 5191 3232 5252 pontes
3259 5182 3584 5247 construxit,
3629 5190 3683 5237 et
3728 5196 3792 5235 cx

2220 5285 2444 5346 utraque
2484 5282 2636 5344 parte
2685 5273 2862 5342 pontis
2901 5280 3080 5328 castra
3117 5271 3404 5326 aediﬁcavit
3447 5287 3512 5326 ex
3559 5269 3718 5340 lignis
3743 5277 3796 5322 et

2223 5377 2389 5422 Inrm.
2435 5377 2489 5414 et
2529 5366 2650 5417 inde
2679 5379 2991 5414 ornat-nasus
3033 5362 3342 5418 Sclavorum
3383 5363 3515 5412 ﬁnes
3554 5361 3794 5420 intravit.
