3958 5484
153 425 214 488 θι
1361 412 1746 484 cuntimcon

1852 455 1882 467 -
1919 426 2029 484 AN.
2071 428 2322 486 790-796.
3350 432 3432 500 62'

156 554 196 602 α
231 540 498 609 Abotridi,
522 547 751 613 quorum
782 535 1034 613 princeps
1064 542 1361 598 voeabatur
1386 536 1595 598 Wisan.
1624 542 1734 598 Ob-
1765 545 1813 604 A
1842 548 1990 619 gina,
2027 559 2079 605 et
2121 550 2172 603 in
2207 550 2532 608 monasterio
2563 554 2733 610 sancti
2776 551 2968 612 Albani
3000 556 3292 618 honorlﬁce
3337 562 3433 621 θεέ

157 635 361 694 sidibus
391 633 572 704 itaqua
597 635 850 704 receptis,
878 647 1130 689 reversus
1155 643 1238 690 est
1263 633 1316 690 in
1348 634 1656 700 Franciam,
1684 644 1738 690 et

157 723 447 783 celebravit
495 724 732 781 natalem
795 725 1006 780 Domini
1056 723 1392 792 Wormatite,
1439 737 1494 784 et
1536 729 1734 799 pascha

158 815 425 873 similiter.

222 907 382 962 Anno
410 905 703 962 Dominicre
730 905 1120 964 incarnationis
1147 902 1252 964 790
1281 909 1483 963 nullum
1526 909 1630 963 iter
1657 907 1736 961 fe-

157 999 229 1056 cit
281 1015 396 1064 rex,
449 999 543 1054 sed
593 1000 644 1054 in
693 1001 998 1070 supradicta
1042 1002 1258 1057 civitate
1304 1017 1398 1057 rex
1447 1001 1740 1057 celebravit

159 1088 388 1145 natalem
420 1089 650 1153 Domini,
678 1098 733 1144 et
759 1091 956 1159 pascha
985 1091 1250 1146 similiter.

222 1184 380 1238 Anno
413 1182 706 1238 Dominicis
737 1183 1129 1240 incarnationis
1171 1185 1266 1240 79l
1305 1183 1530 1240 Carolus
1565 1184 1737 1256 partis

159 1273 257 1327 bus
284 1269 659 1339 Bajoariorum
692 1273 963 1340 perrexit,
1013 1283 1070 1329 et
1112 1273 1180 1328 ad
1231 1275 1613 1346 Reganesburg
1647 1287 1738 1330 ve-

160 1365 256 1428 nit,
280 1365 373 1419 ubi
401 1373 456 1419 et
483 1365 782 1420 exercitum
813 1379 970 1420 suum
997 1366 1289 1422 convenire
1327 1365 1518 1434 jussit;
1563 1366 1742 1437 ibique

161 1471 276 1512 cum
298 1457 529 1513 consilio
550 1457 870 1528 optimatum
897 1459 1049 1529 regni
1073 1458 1338 1530 disposuit
1361 1459 1438 1513 ire
1464 1459 1516 1513 in
1538 1459 1744 1513 Avaros

163 1559 274 1605 tum
317 1565 545 1619 regnum
576 1558 798 1621 propter
823 1550 1092 1606 maliciam
1125 1550 1544 1616 intolerabilem,
1579 1561 1741 1620 quam

165 1644 216 1698 ln
245 1641 543 1699 Galliorum
590 1642 816 1713 populos
859 1643 1249 1698 commiserunt
1296 1649 1353 1697 et
1400 1642 1453 1696 in
1501 1640 1744 1695 ecclesiis

169 1721 279 1789 Dei.
298 1734 465 1790 Venit
492 1749 623 1805 ergo
654 1749 777 1788 cum
821 1733 1064 1788 exercitu
1094 1746 1266 1803 usque
1292 1733 1360 1786 ad
1387 1733 1611 1786 Anisum
1640 1729 1744 1784 ﬂu-

170 1827 318 1890 trium,
345 1824 441 1879 ubi
471 1825 774 1880 triduanum
801 1821 1066 1894 jejunium
1092 1839 1213 1878 cum
1237 1821 1450 1877 letaniis
1478 1817 1742 1888 fecerunt,

164 1916 492 1986 postulantes
513 1931 614 1986 pro
642 1916 815 1973 salute
835 1916 1129 1980 exercitus,
1156 1924 1212 1970 et
1238 1915 1508 1986 adiutorio
1535 1915 1652 1980 Dei,
1683 1924 1738 1970 et
1770 1896 1812 1954 Β

161 1999 450 2063 vindictam
480 2006 847 2062 inimicorum.
881 2007 995 2062 Rex
1025 2007 1210 2078 itaque
1237 2006 1393 2061 litora
1417 2007 1648 2062 Danubii
1675 2007 1740 2060 de

159 2097 372 2152 australi
396 2105 552 2167 parte
583 2097 772 2163 tenuit,
803 2096 1045 2152 Saxones
1068 2107 1246 2152 autem
1273 2113 1392 2152 cum
1420 2097 1739 2167 quibusdam

158 2185 402 2253 Francis,
440 2196 493 2241 et
520 2187 749 2257 plurima
789 2187 1135 2242 multitudine
1163 2187 1462 2242 Fresonum
1497 2190 1564 2241 de
1588 2188 1743 2258 aqui-

160 2279 342 2345 lenali,
379 2289 436 2334 et
465 2281 537 2333 ita
567 2287 855 2351 pergentes
882 2289 1147 2334 venerunt
1175 2281 1262 2334 ubi
1287 2279 1399 2347 jam
1434 2279 1561 2335 dicti
1597 2279 1741 2334 Ava-

153 2388 237 2428 res
268 2374 606 2428 munitiones
653 2373 928 2426 habebant
953 2381 1204 2441 paratas,
1235 2374 1300 2427 de
1329 2373 1550 2427 australi
1592 2379 1744 2442 parte

151 2463 215 2515 ad
265 2463 639 2527 Chumbercb,
671 2462 736 2515 de
765 2461 1055 2530 aquilonali
1084 2476 1214 2515 vero
1244 2462 1359 2532 ripa
1400 2463 1453 2516 in
1498 2462 1614 2515 loco
1652 2460 1744 2530 qui

148 2552 353 2608 dicitur
375 2549 585 2621 Camp;
618 2551 696 2605 sic
721 2551 865 2605 enim
888 2550 1199 2605 nominatur
1223 2551 1312 2606 ille
1335 2550 1530 2607 ﬂuvius
1557 2551 1647 2620 qui
1673 2551 1746 2605 ibi

147 2640 332 2702 inﬂuit
363 2643 421 2700 in
455 2645 779 2699 Danubium.
811 2643 997 2712 Itaque
1024 2644 1232 2697 Avares
1262 2655 1386 2701 cum
1426 2659 1491 2700 ex
1519 2652 1747 2712 utraque

145 2738 279 2808 ripa:
305 2743 470 2806 parte
493 2735 752 2789 vidissent
781 2735 1103 2796 exercitum.
1145 2742 1200 2788 ct
1234 2733 1465 2788 classem
1505 2747 1604 2804 per
1633 2748 1745 2788 me-

148 2826 297 2882 dium
323 2824 551 2879 ﬂuvium
573 2824 902 2887 venientem,
939 2830 1120 2877 tantus
1149 2838 1322 2885 error,
1353 2821 1463 2877 Deo
1493 2822 1744 2887 faciente,

151 2934 311 2990 super
331 2932 429 2973 eos
451 2917 681 2980 cecedit,
711 2925 792 2982 ut,
821 2915 1058 2971 dimissis
1080 2915 1341 2984 praesidiis
1367 2913 1745 2980 munitionum,

153 3013 288 3086 Ῑιιειιθ
316 3012 546 3067 latibula
569 3018 898 3081 quaererent,
929 3019 983 3064 et
1009 3009 1088 3064 sic
1115 3008 1335 3064 Christo
1361 3010 1494 3063 duce
1520 3017 1748 3078 uterque

153 3104 430 3160 exercitus
468 3103 672 3171 absque
706 3100 921 3156 laesione
961 3099 1293 3153 Pannoniam
1330 3099 1588 3153 introivit.
1618 3098 1748 3152 Per-

154 3197 300 3253 Vcnit
351 3204 537 3251 autem
589 3207 684 3249 rex
736 3207 904 3262 usque
942 3192 1008 3246 ad
1053 3189 1273 3245 ﬂuvium
1316 3192 1406 3261 qui
1453 3189 1747 3246 vocabatur

155 3289 324 3356 Raba,
341 3287 528 3344 omnia
551 3286 788 3342 caedibus
810 3284 1092 3349 incendiis,
1112 3285 1419 3354 rapinisque
1436 3284 1745 3348 devastans,

156 3390 208 3435 et
233 3380 364 3434 inde
379 3393 636 3435 reversus
658 3375 1078 3445 Reganesburgh
1103 3371 1391 3432 celebravit
1414 3375 1484 3429 ibi
1512 3373 1746 3429 natalem

157 3465 391 3536 Domini,
423 3478 481 3522 et
505 3468 708 3539 pascha
733 3462 1002 3521 similiter.

223 3560 379 3615 Anno
409 3559 709 3613 Dominicte
735 3556 1121 3612 incarnationis
1148 3552 1254 3612 Ἰθὲ
1276 3555 1547 3611 Fellciana
1573 3557 1747 3611 luere-

159 3646 231 3707 sls
256 3651 661 3720 condempnata
703 3656 810 3712 est,
842 3658 1000 3717 quem
1031 3641 1261 3701 Felicem
1302 3647 1646 3717 Engilbertus
1696 3646 1748 3700 in

161 3742 502 3812 praesentiam
543 3739 769 3794 Adriani
801 3737 1070 3810 pontiﬁcis
1108 3737 1350 3802 adduxit,
1383 3747 1437 3792 et
1465 3747 1586 3809 post
1616 3752 1749 3792 con-

162 3832 446 3889 fessionem
476 3831 733 3888 haeresim
763 3828 1054 3884 abdicavit.
1085 3828 1285 3884 Eodem
1319 3844 1461 3883 anno
1489 3828 1632 3883 nulla
1659 3843 1756 3883 ex-

158 3925 356 3993 peditio
399 3922 548 3979 facta
590 3929 696 3984 est,
741 3921 832 3976 sed
869 3929 1074 3974 tantum
1105 3935 1240 3990 pons
1269 3935 1432 3991 super
1472 3935 1638 3974 naves
1684 3921 1752 3975 ad

161 4013 376 4070 ﬁumina
406 4011 744 4069 transeunda
782 4021 1098 4081 compactns
1133 4019 1214 4066 est
1250 4010 1503 4065 anchoris
1534 4020 1588 4066 et
1617 4011 1754 4066 funi-

160 4105 289 4173 bus,
317 4108 391 4162 ita
421 4105 733 4167 cohaerens,
768 4110 830 4158 ut
851 4101 1001 4172 jungi
1031 4110 1084 4156 et
1114 4102 1330 4157 dissolvi
1367 4102 1557 4172 possit,
1580 4110 1633 4155 et
1663 4116 1756 4156 ce-

162 4188 377 4250 lebravit
419 4209 518 4250 rex
571 4189 812 4247 natalem
853 4189 1064 4244 Domini
1117 4189 1170 4243 in
1219 4189 1406 4244 eodem
1451 4188 1570 4244 loco
1611 4190 1752 4244 idem

161 4279 468 4356 Reganasbu
477 4287 608 4356 rgh.

229 4377 382 4432 Anno
412 4374 717 4433 Dominica:
752 4371 1140 4428 incarnationis
1162 4368 1266 4426 793
1307 4369 1532 4425 Carolus
1559 4370 1623 4425 de
1649 4369 1755 4424 Be—

173 4470 507 4540 ganesburgh
540 4466 919 4540 proﬁciscens,
950 4463 1016 4519 ad
1043 4463 1305 4519 fossatum
1339 4478 1587 4533 magnum
1616 4463 1756 4518 inter

172 4553 349 4616 ﬂuvios
398 4558 688 4615 Alcmonia
723 4564 779 4612 et
814 4555 1069 4611 Radenza
1115 4555 1282 4622 venit,
1333 4555 1516 4625 ibique
1556 4555 1750 4611 summi

174 4651 429 4717 pontiﬁcis
444 4651 600 4707 missi
623 4664 748 4706 cum
769 4648 980 4720 magnis
1001 4648 1315 4704 muneribus
1333 4649 1384 4703 in
1411 4650 1753 4718 praesentiam

175 4737 283 4808 eius
317 4751 619 4808 venerunt;
653 4739 726 4796 ibi
757 4739 919 4796 etiam
953 4737 1267 4795 nunciatum
1297 4747 1380 4795 est
1406 4739 1479 4804 ei,
1509 4739 1753 4795 Saxones

179 4833 361 4891 iterum
388 4852 542 4893 more
566 4835 726 4891 solito
759 4833 916 4889 ﬁdem
960 4843 1015 4890 et
1056 4835 1322 4905 promissa
1348 4834 1598 4890 violasse.
1627 4835 1756 4889 lmle

181 4927 383 5000 navigio
409 4944 510 5001 per
553 4927 808 4984 Radenza
841 4926 1018 4981 Mohin
1037 4925 1357 4998 'ingressus,
1391 4924 1622 4981 natalem
1653 4925 1758 4981 Do-

185 5016 304 5073 mini
332 5019 629 5076 celebravit
657 5017 710 5073 in
741 5016 1136 5074 Wurzaburbc.

248 5108 398 5167 Anno
440 5107 736 5167 Dominicae
767 5107 1155 5166 incarnationis
1183 5104 1286 5164 794
1319 5108 1614 5166 celebravit
1658 5123 1754 5163 rex

181 5203 366 5275 pascha
395 5203 446 5259 in
478 5200 897 5270 Franconofurt,
915 5201 1096 5272 ibique
1117 5203 1463 5274 congregavit
1489 5201 1752 5271 synodum

183 5302 411 5364 magnam
454 5292 839 5364 episcoporum
892 5289 1214 5354 Galliarum,
1261 5285 1657 5349 Germanorum
1700 5297 1757 5344 et

1296 5383 1307 5392 .
1343 5381 1671 5428 m'sgn|\|n:luu~
1704 5390 1751 5418 ο.

1838 641 1985 712 pulta
2010 652 2112 699 est.
2140 643 2592 718 Pseudosyuodus
2621 647 2955 715 Graecorum,
3002 669 3162 723 quam
3203 671 3300 725 pro
3327 651 3433 714 ιιὼἓ

1837 735 2057 790 orandis
2105 735 2427 806 imaginibus
2475 731 2742 805 fecerunt,
2791 759 2819 797 a
2848 745 3191 814 pontiﬁcibus
3225 748 3424 816 reiecta

1837 838 1939 883 est.
1969 827 2098 884 Post
2136 829 2251 885 lucc
2295 846 2410 896 rex,
2433 831 2607 889 diviso
2657 831 2708 889 iu
2753 838 2886 892 duas
2934 850 3111 908 partes
3155 843 3420 909 exercitu,

1841 918 2131 975 Saxoniam
2162 921 2436 992 ingressus
2464 933 2548 980 est
2577 943 2589 978 :
2627 925 2739 996 ipse
2781 943 2879 997 per
2906 928 3284 1003 Thuringiam,
3321 935 3424 989 Ca-

1840 1012 1987 1070 rolus
2016 1028 2145 1070 vero
2173 1013 2314 1070 ﬁlius
2333 1014 2449 1085 ejus
2473 1017 2538 1070 ad
2570 1015 2845 1073 Coloniam
2875 1019 3121 1078 Rhenum
3151 1027 3420 1082 transivit.

1777 1132 1792 1145 -
1841 1098 2084 1157 Saxones
2143 1116 2270 1159 vero
2325 1115 2715 1178 congregantes
2775 1126 2833 1166 se
2880 1111 2934 1165 in
2981 1111 3100 1168 loco
3150 1114 3422 1181 Finisfelt,

1840 1203 2282 1262 prmparaveruut
2304 1211 2361 1252 se
2385 1198 2450 1252 ad
2477 1212 2731 1269 pugnam.
2753 1199 2886 1255 Cum
2907 1217 3036 1258 vero
3057 1207 3332 1262 audissent
3359 1221 3421 1263 se

1843 1301 1907 1340 ex
1937 1286 2146 1342 duabus
2168 1290 2412 1359 partibus
2438 1307 2557 1347 esse
2582 1293 2946 1359 circundatos,
2973 1296 3254 1367 dissipavit
3284 1299 3426 1354 Deus

1843 1377 2065 1432 consilia
2093 1390 2299 1445 eorum,
2341 1390 2394 1437 et
2434 1384 2678 1452 quamvis
2702 1383 3069 1442 fraudulenter
3089 1387 3426 1444 Christianos

1843 1481 1902 1524 se
1931 1485 2051 1527 esse
2071 1478 2125 1527 et
2152 1471 2335 1530 ﬁdeles
2362 1476 2472 1547 regi
2498 1475 2613 1531 fore
2640 1479 3020 1548 promiserunt.
3045 1480 3159 1536 Rex
3182 1482 3234 1536 in
3257 1482 3426 1537 Frau-

1843 1559 1983 1614 ciam
2015 1575 2286 1628 reversus,
2315 1561 2610 1620 celebravit
2649 1567 2880 1623 natalem
2912 1570 3120 1625 Domini
3162 1572 3214 1626 in
3260 1572 3429 1642 Aquis

1846 1650 2076 1721 palacio,
2103 1661 2157 1708 et
2181 1654 2383 1723 pascha
2409 1654 2680 1715 similiter.

1913 1743 2070 1798 Anno
2094 1743 2388 1803 Dominicae
2417 1747 2801 1806 incarnationis
2833 1750 2934 1807 795
2979 1767 3074 1808 rex
3120 1753 3266 1807 venit
3313 1751 3428 1807 Mo-

1846 1834 2046 1913 gontia,
2080 1835 2260 1906 ibique
2293 1838 2464 1894 tenuit
2485 1839 2734 1909 placitum
2760 1857 2913 1896 suum
2945 1843 2996 1896 in
3033 1842 3156 1897 villa
3189 1859 3310 1912 quae
3343 1841 3425 1898 tli-

1843 1923 1982 1978 citur
1996 1923 2334 1992 Cufﬁnstein,
2365 1929 2416 1982 in
2437 1919 2957 2001 suburbio‘ejusdem
2988 1932 3157 1988 urbis.
3184 1932 3424 1988 Audiens

1842 2028 1975 2068 vero
2018 2016 2161 2083 quod
2206 2013 2450 2072 Sasones
2493 2019 2789 2075 secundum
2822 2023 3265 2078 consuetudinem
3305 2038 3430 2092 pro-

1843 2102 2154 2158 missionem
2183 2121 2354 2171 suam,
2383 2121 2546 2176 quam
2571 2108 2637 2163 de
2663 2110 2996 2166 observanda
3023 2109 3431 2168 Christianitate

1843 2204 1898 2248 et
1924 2194 2178 2251 ﬁdelitate
2201 2197 2342 2267 regis
2372 2199 2597 2253 tenenda
2627 2198 2891 2264 fecerant,
2919 2201 3128 2256 irritam
3149 2201 3427 2268 fecissent,

1844 2301 1968 2341 cum
1993 2288 2234 2342 exercitu
2257 2287 2549 2344 Saxoniam
2578 2289 2819 2357 intravit,
2845 2300 2899 2345 et
2920 2306 3089 2360 usque
3109 2293 3177 2346 ad
3209 2291 3428 2347 ﬂuvium

1844 2375 1999 2431 Albia
2044 2378 2291 2447 pervenit
2319 2380 2386 2433 ad
2433 2379 2608 2434 locum
2639 2381 2728 2450 qui
2759 2381 2954 2436 dicitur
2984 2382 3195 2449 llliuni,
3234 2383 3286 2437 in
3319 2397 3428 2452 quo

1845 2468 2056 2523 hisdem
2077 2469 2268 2525 diebus
2281 2467 2526 2524 Wizzam
2550 2469 2936 2526 Abrotidorum
2953 2487 3047 2527 rex
3077 2488 3108 2527 a
3125 2471 3432 2528 Saxonibus

1847 2557 2060 2621 occisus
2094 2556 2313 2613 fuerat:
2349 2558 2422 2615 ibi
2453 2559 2618 2614 etiam
2662 2569 2929 2615 venerunt
2967 2561 3116 2616 missi
3161 2560 3425 2624 Thudun,

1848 2646 1938 2716 qui
1968 2646 2018 2700 in
2041 2654 2198 2717 gente
2230 2656 2285 2702 et
2316 2662 2482 2718 regno
2501 2651 2801 2704 Avarorum
2834 2664 3085 2720 magnam
3106 2659 3430 2720 potestatem

1847 2736 2095 2800 habebat,
2123 2736 2458 2794 afﬁrmantes
2490 2741 2636 2809 quod
2668 2739 2810 2795 idem
2843 2740 3073 2795 Tbudun
3115 2756 3238 2796 cum
3279 2749 3423 2794 terra

1845 2837 1900 2884 et
1926 2828 2122 2900 populo
2149 2844 2246 2884 suo
2267 2843 2326 2884 se
2357 2830 2470 2901 regi
2498 2831 2628 2886 dare
2653 2831 2837 2899 vellet,
2859 2843 2916 2888 et
2947 2830 3189 2902 ejusdem
3219 2833 3434 2888 ordina-

1848 2918 1992 2973 tione
2019 2918 2379 2974 Christianam
2409 2920 2568 2974 ﬁdem
2601 2921 2897 2992 suscipere.
2930 2923 3044 2978 Rex
3086 2923 3266 2993 itaque
3304 2921 3435 2976 aﬂli-

1848 3009 1951 3063 ctis
1983 3023 2176 3080 magna
2203 3024 2269 3064 ex
2297 3019 2449 3079 parte
2476 3009 2782 3066 Saxonibus
2806 3027 3101 3082 eorumque
3137 3022 3277 3066 terra
3311 3027 3433 3067 vas-

1852 3107 1989 3165 tata,
2025 3101 2267 3170 acceptis
2295 3100 2574 3156 obsidibus
2597 3101 2649 3156 in
2679 3101 2966 3158 Franciam
2999 3105 3177 3167 rediit,
3207 3112 3260 3158 et
3285 3103 3431 3158 cele-

1849 3188 2029 3244 bravit
2056 3199 2168 3244 nat.
2197 3189 2350 3245 Dom.
2377 3189 2571 3261 Aquis,
2603 3199 2657 3246 et
2689 3193 2885 3260 pascha
2925 3192 3196 3248 similiter.

1924 3278 2082 3332 Anno
2110 3278 2405 3334 Dominicaa
2438 3279 2825 3337 incarnationis
2851 3280 2955 3335 796
2975 3281 3244 3336 Adrianus
3286 3295 3425 3351 papa

1849 3367 2003 3433 obiit,
2037 3375 2087 3422 et
2120 3366 2228 3422 Leo
2259 3384 2383 3423 mox
2414 3368 2466 3422 in
2499 3368 2811 3438 pontiﬁcatu
2837 3371 3114 3437 successit,
3140 3370 3434 3440 statimque

1850 3459 1996 3512 misit
2024 3458 2134 3529 regi
2164 3458 2370 3528 legatos
2391 3473 2511 3513 cum
2537 3462 2850 3516 muneribus
2870 3502 2884 3525 ,
2914 3460 3092 3517 claves
3118 3459 3281 3515 etiam
3306 3477 3436 3516 con-

1853 3545 2100 3602 fessionis
2131 3549 2304 3603 sancti
2329 3547 2473 3604 Petri
2501 3559 2556 3605 et
2582 3549 2837 3605 vexillum
2864 3550 3121 3606 Romanae
3163 3551 3310 3606 urbis
3345 3551 3430 3605 di-

1851 3638 2014 3691 rexit.
2048 3637 2334 3704 Henricus,
2364 3639 2470 3694 dux
2501 3637 2968 3709 Forojulanorum,
2994 3642 3174 3696 missis
3197 3640 3434 3696 homini-

1850 3729 1955 3785 bus
1969 3730 2081 3786 suis
2106 3745 2228 3785 cum
2244 3730 2562 3786 Wonomiro
2586 3730 2780 3786 Sclavo
2802 3731 2853 3785 in
2872 3731 3168 3794 Pannonia,
3195 3731 3434 3802 lringum

1855 3823 2030 3894 gentis
2056 3822 2167 3876 Ava
2179 3838 2359 3876 rerum
2390 3821 2713 3893 principem,
2740 3822 2913 3894 longis
2938 3832 3084 3878 retro
3107 3823 3438 3895 temporibus

1855 3915 1944 3983 qui
1968 3929 2089 3968 eum
2112 3914 2254 3968 civili
2280 3914 2418 3969 bello
2451 3913 2688 3985 fatigatis
2712 3916 2852 3971 inter
2878 3931 2936 3971 se
2958 3917 3315 3986 principibus,
3340 3917 3437 3971 im-

1854 4004 2066 4074 provise
2089 3997 2398 4074 expoliavit.
2425 4004 2672 4076 Cagauus
2699 4015 2752 4061 et
2782 4004 2982 4076 Jugoro
3011 4007 3260 4061 intestina
3284 4006 3438 4062 clade

1859 4097 2168 4167 interempti
2198 4106 2347 4162 sunt,
2375 4098 2689 4153 thesaurum
2721 4099 3021 4168 priscorum
3056 4113 3240 4168 regum
3267 4098 3436 4153 multa

1857 4187 2159 4242 seculorum
2190 4187 2498 4256 prolixitate
2529 4187 2810 4242 collectum
2841 4187 2979 4241 idem
3011 4187 3118 4242 dux
3145 4187 3337 4242 Carolo
3366 4189 3436 4244 ad

1855 4275 2024 4344 Aquis
2051 4274 2308 4344 palatium
2332 4277 2512 4340 misit;
2536 4293 2643 4345 quo
2673 4287 2914 4345 accepto,
2940 4285 3158 4346 peracta
3188 4277 3432 4348 largitori

1855 4365 2094 4419 omnium
2109 4366 2369 4421 bonorum
2386 4366 2680 4436 gratiarum
2705 4367 2937 4430 actione,
2963 4383 3209 4436 magnam
3227 4378 3438 4439 partem

1857 4454 1981 4512 inde
2019 4456 2243 4511 Romam
2270 4457 2335 4512 ad
2364 4456 2550 4510 limina
2571 4457 2938 4526 apostolorum
2969 4459 3116 4514 misit
3136 4475 3231 4529 per
3255 4459 3430 4528 Engil-

1857 4551 2068 4606 bertum
2083 4549 2351 4604 abbatem.
2369 4546 2537 4603 Porro
2555 4547 2816 4618 reliquam
2831 4557 3043 4617 partem
3062 4549 3438 4620 optimatibus,
3487 4543 3496 4546 ’

1857 4645 2071 4703 clericis
2102 4644 2216 4700 sive
2249 4643 2422 4707 laicis,
2443 4641 2761 4710 cacterisquc
2790 4641 3037 4698 ﬁdelibus
3065 4643 3178 4697 suis
3210 4642 3438 4712 largitus

1856 4747 1958 4794 est.
1975 4736 2078 4792 Per
2092 4736 2232 4792 idem
2249 4743 2460 4803 tempus
2473 4733 2702 4790 Tbudun
2718 4734 3011 4790 secundum
3026 4734 3439 4808 promissionem

1859 4845 2010 4886 suam
2037 4844 2157 4882 cum
2189 4841 2380 4898 magna
2407 4833 2561 4897 parte
2589 4824 2825 4878 Avarum
2857 4823 2924 4878 ad
2961 4837 3142 4891 regem
3174 4821 3338 4884 venit,
3377 4829 3432 4876 et

1860 4935 1918 4976 se
1942 4935 2063 4975 cum
2103 4917 2299 4989 populo
2325 4932 2422 4973 suo
2448 4923 2504 4970 et
2528 4915 2704 4984 patria
2732 4915 2843 4985 regi
2873 4913 3128 4978 tradidit;
3160 4920 3214 4968 et
3236 4913 3351 4981 ipse
3376 4919 3437 4966 et

1862 5011 2088 5083 p0pulus
2113 5009 2229 5080 ejus
2262 5009 2571 5078 baptizatus
2593 5012 2701 5070 est,
2730 5016 2786 5060 et
2814 5005 3133 5062 muneribus
3165 5001 3436 5070 susceptis

1859 5101 2137 5156 redierunt
2163 5099 2228 5152 ad
2252 5098 2489 5169 propria.
2522 5095 2602 5151 Eo
2637 5102 2880 5166 tempore
2911 5109 3008 5150 rex
3038 5107 3161 5147 cum
3199 5089 3444 5145 exercitu

1861 5188 2151 5246 Saxouiam
2184 5187 2460 5259 ingressus
2487 5193 2592 5250 est,
2629 5193 2685 5239 et
2713 5184 2972 5256 Pippinus
2999 5197 3091 5236 rex
3131 5181 3183 5234 in
3220 5178 3442 5235 Panno-

1860 5281 2005 5335 niam
2051 5293 2172 5334 cum
2223 5280 2464 5335 exercitu
2507 5275 2774 5332 introivit.
2817 5275 2976 5331 Venit
3016 5279 3196 5326 autem
3244 5269 3448 5338 legatio

1857 5373 2064 5428 Dinnini
2089 5372 2230 5418 panic,
2253 5373 2316 5418 ml
2338 5369 2616 5418 natu-01min
2637 5360 2949 5416 Savnniﬂml-
2974 5377 3093 5408 num
3115 5361 3273 5412 dixit-
3297 5363 3444 5404 nllml
