4010 6410
522 326 591 382 63

1593 335 1970 396 .RICGINONIS
2009 338 2425 402 PRUMIENSIS
2453 345 2744 407 ABBATIS

3707 365 3778 422 64

523 437 760 498 thesauri
782 457 902 514 qua
923 455 1266 527 remanserat
1288 446 1649 504 adducentem
1680 449 1834 505 laetus
1855 451 2090 520 aspexit.
2127 460 2171 518 Α
2203 456 2377 513 mulos
2421 460 2770 532 captivosque
2825 462 3039 522 Mauros
3087 469 3198 541 regi
3237 485 3333 540 per
3375 473 3615 545 legatos,
3645 477 3784 536 Frt-

521 533 611 609 [Et
635 534 929 592 celebravit
954 537 1010 592 in
1041 538 1229 594 eodem
1255 538 1375 594 loco
1400 540 1635 596 natalem
1660 542 1873 598 Domini
1901 551 1955 597 et
1974 545 2098 614 pas-'

519 627 624 683 cha
652 627 948 701 similiter.]

588 719 748 776 Anno
769 719 1062 776 Dominicae
1086 721 1481 780 incarnationis
1507 720 1612 780 797
1641 724 1927 782 Bucilona
1969 725 2101 781 civi-

520 818 603 866 tas
623 810 915 882 Hispaniae,
947 828 1071 883 qua:
1093 812 1205 882 jam
1232 815 1439 883 pridem
1467 831 1496 869 a
1524 811 1750 872 Francis
1781 818 2097 884 disciverat,

522 913 621 972 per
646 899 883 967 Thatim,
915 900 1233 971 praelectum
1264 903 1451 973 ipsius,
1481 901 1712 960 Francis
1741 913 1826 960 est
1856 906 2087 962 reddita.

519 987 656 1044 Nam
698 989 813 1060 ipse
843 992 911 1046 ad
934 990 1193 1060 palatium
1224 993 1466 1060 veniens,
1491 1003 1548 1050 et
1573 995 1845 1051 civitatem
1867 1006 2101 1053 cum‘se-

519 1081 750 1151 metipso
795 1082 909 1153 regi
948 1083 1188 1138 tradidit.
1242 1083 1320 1139 Eo
1369 1093 1608 1156 tempore
1641 1087 1914 1156 expeditio
1954 1087 2098 1144 facta

517 1180 603 1227 est
637 1172 691 1226 in
725 1171 1040 1241 Saxoniam,
1070 1183 1125 1231 et
1155 1192 1327 1248 usque
1351 1178 1420 1233 ad
1448 1193 1710 1234 oceanum
1740 1188 1888 1236 trans
1907 1195 2099 1237 omnes

517 1261 742 1332 paludes
764 1273 820 1319 et
849 1264 991 1320 invia
1019 1265 1136 1320 loca
1165 1269 1484 1337 pertransiit
1504 1270 1800 1338 exercitus,
1825 1281 1881 1328 et
1910 1288 2006 1328 rex
2029 1273 2098 1329 de

516 1351 692 1408 Adqu
735 1354 838 1410 hoc
873 1371 1158 1427 regressus
1188 1359 1380 1416 —hoc
1409 1361 1704 1418 enim'loco
1735 1377 1934 1420 nomen
1971 1374 2054 1419 est
2077 1406 2094 1433 ,

518 1443 608 1497 ubi
637 1459 872 1502 oceanus
898 1445 1188 1504 Saxoniam
1209 1450 1381 1518 alluit,
1403 1482 1473 1494 —
1495 1462 1604 1508 tota
1631 1453 1906 1510 Saxonum
1933 1465 2096 1527 gente

519 1533 928 1594 in-deditionem
959 1553 1058 1611 per
1081 1541 1301 1599 obsides
1328 1553 1576 1614 accepta,
1607 1546 1661 1600 in
1693 1546 1861 1617 Aquis
1883 1548 2086 1618 palatio

520 1640 766 1684 reversus
797 1638 900 1696 est,
930 1632 1020 1687 ubi
1043 1632 1321 1689 Abdellam
1355 1634 1741 1704 Sarracenum,
1773 1637 1944 1693 ﬁlium
1978 1639 2093 1696 Ibin

521 1719 702 1789 magni
728 1723 890 1794 regis,
916 1724 1008 1794 qui
1036 1739 1066 1779 a
1094 1723 1261 1781 fratre
1283 1740 1448 1798 regno
1469 1728 1656 1799 pulsus
1682 1730 1736 1785 in
1769 1728 2093 1787 Mauritania

2190 546 2304 617 jam
2357 560 2412 606 et
2455 552 2770 622 Basilicam,
2823 557 3035 628 hyemis
3081 567 3322 632 tempore
3369 567 3547 635 misit,
3581 579 3638 625 et
3684 585 3783 628 ce-

2196 639 2428 732 lebravit
2467 643 2702 700 natalem
2752 645 2964 704 Domini
3013 649 3069 705 in
3109 652 3300 709 eodem
3326 655 3464 724 loco,
3492 667 3550 714 et
3577 659 3786 731 pascha

2198 727 2470 785 similiter.

2267 820 2424 901 Anno
2445 822 2740 883 Dominicre
2766 828 3156 890 incarnationis
3174 835 3276 892 799
3297 837 3523 895 Romani
3544 841 3783 900 Leonem

2198 920 2391 980 papam
2444 913 2640 970 letania
2693 917 2901 987 majore
2962 931 3178 993 captum
3232 941 3670 998 exeaacaverunt,
3718 949 3788 989 ac

2199 998 2440 1070 linguam
2469 1003 2584 1073 ejus
2612 1006 2876 1066 radicitus
2899 1011 3281 1084 absciderunt;
3330 1020 3421 1090 qui
3447 1021 3499 1076 in
3539 1025 3785 1080 custodia

2199 1092 2401 1147 missus
2427 1104 2589 1150 noctu
2617 1113 2713 1167 per
2735 1115 2949 1156 murum
2972 1105 3164 1172 evasit,
3189 1115 3244 1162 et
3271 1110 3339 1164 ad
3363 1109 3574 1182 legatos
3615 1115 3785 1187 regis,

2197 1184 2290 1254 qui
2324 1193 2448 1242 tunc
2478 1191 2618 1256 apud
2645 1190 2926 1248 basilicam
2958 1197 3129 1252 sancti
3163 1195 3306 1253 Petri
3348 1210 3525 1267 erant,
3554 1184 3786 1260 Wirun-

2197 1275 2323 1329 dum
2349 1276 2563 1334 scilicet
2596 1280 2867 1350 abbatem,
2904 1293 2959 1340 et
3005 1286 3334 1360 Winigisum
3384 1290 3788 1361 Spolitanorum

2197 1363 2388 1419 ducem
2417 1369 2660 1435 veniens,
2688 1371 2965 1440 Spoletum
2996 1377 3191 1434 ductus
3215 1389 3316 1436 est.
3343 1381 3458 1438 Rex
3497 1384 3788 1442 Saxoniam

2196 1452 2494 1525 ingressus,
2509 1461 2649 1530 apud
2679 1461 3065 1522 Paderbrunna
3091 1473 3288 1527 castris
3313 1474 3504 1542 positis
3519 1479 3787 1546 consedit,

2197 1559 2252 1604 et
2281 1551 2410 1608 inde
2437 1555 2611 1612 diviso
2639 1559 2882 1614 exercitu
2902 1600 2918 1626 ,
2949 1561 3201 1619 Carolum
3243 1566 3412 1622 ﬁlium
3457 1584 3612 1625 suum
3663 1587 3790 1628 eum

2198 1641 2486 1699 medietate
2508 1646 2573 1700 ad
2601 1647 2926 1718 colloquium
2959 1650 3274 1712 Sclavorum
3294 1697 3310 1723 ,
3340 1668 3395 1713 et
3423 1661 3490 1713 ad
3525 1662 3792 1732 recipient-‘-

2199 1731 2295 1785 dos
2326 1731 2572 1792 Saxones
2601 1736 2692 1806 qui
2722 1752 2788 1792 ex
2816 1737 3112 1798 Nortliudis
3147 1754 3434 1813 venerunt,
3462 1748 3514 1803 in
3544 1731 3786 1806 Barden-

519 1809 796 1876 exulabat,
827 1812 944 1884 ipse
975 1815 1272 1887 semetipso
1299 1820 1713 1877 commendante
1741 1822 2002 1894 suscepit.
2035 1822 2095 1879 In
2129 1809 2178 1872 Β
2203 1821 2322 1890 gavi
2343 1823 2559 1880 direxit.
2585 1825 2640 1883 In
2664 1829 2852 1884 eodem
2897 1829 3015 1887 loco
3061 1832 3296 1892 Leonem
3342 1809 3536 1910 papam
3578 1855 3792 1898 summo

517 1901 709 1957 eodem
732 1902 851 1960 loco
885 1913 940 1960 et
963 1905 1176 1977 legatus
1197 1907 1400 1966 Nicetae
1425 1911 1517 1981 qui
1553 1920 1681 1978 tunc
1722 1912 1966 1970 Siciliam
2010 1930 2102 1970 re-

521 1991 708 2060 gebat,
741 1996 960 2052 nomine
989 1997 1340 2071 Theophilus,
1363 2003 1512 2058 venit
1533 2003 1878 2075 imperatoris
1901 2006 2103 2078 episto-

519 2082 628 2139 lam
665 2096 910 2165 portans,
952 2107 1114 2159 quem
1147 2094 1448 2153 honoriﬁce
1475 2099 1808 2170 suscipiens,
1849 2111 1973 2172 post
2007 2101 2105 2158 ali-

520 2183 654 2242 quot
674 2175 792 2232 dies
816 2178 1066 2236 absolvit.
1093 2182 1212 2254 Ipse
1242 2199 1371 2242 vero
1393 2186 1682 2246 Novembri
1715 2206 1903 2248 mense
1936 2193 2107 2250 medi-

522 2275 671 2334 ante,
699 2270 766 2324 ad
799 2271 1164 2343 hyemandum
1191 2293 1314 2334 cum
1340 2282 1581 2336 exercitu
1609 2281 1903 2340 Saxoniam
1933 2285 2104 2340 intra-

521 2360 621 2426 vit,
645 2351 944 2433 positisque
974 2368 1168 2422 castris
1182 2367 1336 2437 juxta
1363 2370 1636 2428 Wisaram
1658 2372 1905 2441 ﬂuvium,
1929 2375 2106 2432 locum

521 2457 822 2505 castrorum
851 2452 1218 2511 Heristellium
1240 2458 1421 2513 vocari
1439 2460 1620 2530 jussit.
1644 2461 1775 2518 Illuc
1797 2462 1958 2534 legati
1978 2480 2112 2536 gen-

521 2538 594 2594 tis
615 2543 912 2599 Avarorum
943 2561 1066 2600 cum
1095 2550 1410 2605 muneribus
1435 2554 1644 2622 magnis
1694 2563 1977 2611 venerunt.
2028 2557 2110 2612 De

521 2631 714 2686 eodem
751 2633 870 2690 loco
909 2636 1191 2694 Abdellam
1252 2640 1614 2699 Sarracenum
1667 2662 1791 2702 cum
1846 2646 1957 2702 ﬁlio
2011 2663 2110 2704 suo

521 2718 814 2778 Ludowico
838 2724 892 2778 in
921 2725 1235 2795 Ilispaniam
1266 2731 1346 2786 ire
1383 2731 1572 2800 jussit,
1623 2743 1679 2789 et
1731 2735 1899 2791 ﬁlium
1950 2752 2106 2792 suum

524 2810 811 2881 Pippinum
843 2815 896 2869 in
935 2815 1144 2872 Italiam
1182 2820 1414 2887 remisit,
1443 2823 1557 2892 ipse
1606 2826 1674 2878 ad
1719 2825 2110 2895 disponendum

525 2903 820 2961 Saxoniam
889 2917 1062 2965 totum
1094 2913 1330 2983 'hyemis
1392 2924 1603 2988 tempus
1641 2919 1986 2990 impendens,
2034 2921 2129 2977 ibi

525 2995 764 3052 natalem
787 2997 1022 3066 Domini,
1053 3002 1124 3056 ibi
1149 3003 1345 3072 pascha
1376 3006 1690 3064 celebravit.

603 3086 761 3144 Anno
788 3089 1083 3148 Dominieae
1109 3093 1502 3152 incarnationis
1524 3099 1626 3154 798
1658 3101 1809 3156 venit
1829 3099 1896 3157 ad
1926 3118 2110 3175 regem

525 3179 736 3250 legatus
765 3180 1087 3249 Haldil‘onsi,
1116 3184 1258 3255 regis
1283 3185 1524 3244 Galliciae
1546 3197 1601 3245 et
1624 3190 1879 3258 Asturiaa,
1896 3193 2114 3248 nomine

526 3260 718 3335 Frola,
747 3273 1068 3343 papilionem
1119 3277 1270 3364 mine
1316 3280 1704 3348 magnitudinis
1753 3292 2109 3353 pmsentans.

526 3361 595 3416 Et
618 3361 672 3417 in
705 3361 821 3432 ipso
847 3367 1067 3435 pascha:
1102 3361 1363 3439 tempore,
1396 3368 1673 3427 Nordliudi
1711 3381 1863 3428 trans
1887 3372 2104 3431 Albiam

526 3452 798 3520 sedentes,
830 3457 1092 3513 seditione
1118 3467 1389 3515 commota
1417 3460 1623 3532 legatos
1656 3463 1836 3534 regios
1859 3464 1952 3534 qui
1983 3473 2113 3521 tunc

527 3543 597 3598 ad
651 3543 893 3615 justitias
932 3548 1210 3608 faciendas
1254 3552 1396 3623 apud
1457 3567 1552 3608 eos
1606 3554 2112 3623 conversabantur,

529 3636 1082 3706 comprehenderunt,
1123 3643 1386 3712 quosdam
1431 3657 1500 3699 ex
1556 3643 1636 3699 eis
1681 3645 2111 3712 trucidaverunt,

421 3773 428 3780 .
527 3733 754 3783 czeteros
799 3729 867 3784 ad
914 3731 1287 3787 redimendum
1343 3744 1714 3790 servaverunt.
1769 3735 1885 3790 Rex
1931 3736 2115 3808 itaque

528 3815 754 3873 collecto
780 3821 1046 3888 exercitu,
1074 3823 1139 3877 de
1167 3823 1438 3879 Heristelli
1471 3825 1539 3881 ad
1580 3825 1757 3882 locum
1796 3826 1888 3897 qui
1937 3825 2114 3882 Minda

528 3905 730 3964 dicitur
757 3911 1019 3979 perrexit,
1043 3920 1098 3968 et
1118 3911 1266 3970 facto
1289 3914 1541 3982 consilio,
1562 3916 1617 3971 in
1642 3916 1948 3975 desertores
1964 3933 2114 3984 arma

528 3999 810 4070 corripuit,
834 4011 888 4058 et
919 4011 1085 4058 totam
1112 4005 1255 4061 inter
1293 4006 1503 4062 Albiam
1529 4016 1584 4062 et
1627 4007 1900 4064 Wisaram
1944 4009 2116 4066 Saxo-

530 4089 678 4146 niam
707 4091 1079 4163 depopulanda
1099 4098 1425 4168 peragravit.
1443 4097 1711 4156 Nortliudi
1733 4109 1921 4157 contra
1943 4101 2114 4158 Tran-

529 4181 847 4251 sachonem,
901 4185 1092 4242 ducem
1143 4186 1588 4256 Abrothidorum,
1640 4200 1698 4247 et
1750 4191 2114 4260 Hebruinum,

531 4271 767 4345 legatum
815 4277 978 4348 regis,
1028 4280 1318 4335 commisso
1361 4281 1547 4352 praelia
1595 4283 1723 4340 victi
1769 4292 1917 4341 sunt.
1964 4285 2116 4341 Caesa

533 4374 660 4420 sunt
689 4381 757 4421 ex
781 4367 860 4424 eis
890 4369 942 4422 in
969 4385 1035 4424 eo
1061 4370 1244 4440 praelio
1295 4381 1530 4441 quatuor
1576 4376 1755 4442 milia;
1800 4377 1982 4432 caateri
2024 4377 2118 4446 qui

531 4455 804 4524 fugerunt,
824 4457 888 4512 de
909 4459 1059 4528 pacis
1082 4459 1390 4516 conditione
1407 4470 1641 4519 tractare
1661 4473 1961 4533 coeperunt.
1979 4465 2116 4532 Rex,

533 4544 770 4613 acceptis
799 4545 1076 4602 obsidibus
1105 4562 1135 4601 a
1169 4546 1496 4616 Saxonibus,
1530 4552 1583 4607 in
1613 4551 1897 4608 Franciam
1933 4568 2118 4608 rever-

536 4650 631 4691 sus
655 4643 763 4702 est,
794 4645 848 4692 et
869 4637 1039 4707 Aquis
1067 4639 1390 4708 perveniens
1438 4642 1762 4711 legationem
1806 4641 2117 4698 Graecorum

535 4726 1004 4801 Constantinopoli
1033 4731 1254 4787 missam
1285 4733 1541 4804 suscepit.
1573 4733 1741 4789 Erant
1781 4735 1926 4790 enim
1955 4734 2117 4805 legati

535 4817 799 4875 Michahel
824 4821 1074 4891 patritius
1100 4825 1369 4892 quondam
1403 4825 1668 4896 Phrygiae,
1708 4835 1764 4880 et
1787 4823 2118 4896 Theophilus

535 4911 840 4982 presbyter,
869 4912 1153 4981 epistolam
1199 4913 1414 4970 llirenaa
1454 4915 1815 4984 imperatricis
1860 4916 2116 4972 ferentes.

535 4999 674 5056 Nam
703 4999 844 5057 ﬁlius
871 5000 986 5071 ejus
1012 5002 1404 5060 Constantinus
1435 5005 1732 5074 imperator
1761 5021 1791 5060 a
1818 5006 1930 5060 suis
1973 5020 2121 5061 com-

536 5092 838 5161 prehensus
863 5104 918 5148 et
939 5106 1244 5151 excaecatus
1268 5105 1372 5152 est.
1403 5095 1529 5151 Haec
1557 5105 1734 5150 tamen
1763 5095 1959 5167 legatio
2002 5107 2121 5152 tau-

538 5191 653 5236 tum
683 5180 751 5239 de
774 5198 907 5254 pace
960 5183 1090 5249 fuit;
1155 5200 1292 5255 quos
1333 5201 1456 5241 cum
1503 5185 1844 5252 absolvisset,
1895 5186 2128 5242 absolvit

537 5273 705 5330 etiam
736 5291 860 5331 cum
893 5277 972 5332 eis
1011 5286 1064 5332 et
1089 5275 1384 5332 Sisinuium
1415 5277 1637 5334 fratrem
1673 5277 1950 5348 Tbarasii,
1979 5279 2128 5336 Con-

541 5367 1007 5437 stantinopolitani
1034 5369 1294 5439 episcopi,
1317 5370 1429 5441 jam
1469 5370 1672 5426 dudum
1703 5371 1759 5427 in
1799 5372 1954 5428 Italia
1987 5388 2129 5444 prae-

543 5454 618 5513 lio
643 5466 886 5528 captum.
917 5458 1032 5516 Hoc
1061 5476 1204 5516 anno
1234 5461 1383 5518 sidus
1409 5461 1597 5518 Martis
1619 5463 1673 5519 in
1703 5473 1816 5520 toto
1841 5465 1980 5521 coelo
2024 5480 2131 5521 non

2204 1926 2326 1967 cum
2357 1914 2563 1972 honore
2583 1919 2845 1990 suscepit,
2871 1919 3054 1991 ibique
3082 1925 3314 1981 reditum
3354 1927 3531 1985 Caroli
3570 1929 3664 1985 ﬁlii
3705 1929 3791 1987 sui

2203 2013 2516 2072 expectans,
2544 2005 2779 2064 Leonem
2809 2012 3122 2080 pontiﬁcem
3153 2017 3315 2072 simili
3357 2035 3468 2090 quo
3506 2032 3794 2094 susceptus

2205 2103 2324 2149 erat
2349 2096 2555 2154 honore
2583 2099 2826 2169 dimisit,
2857 2105 2949 2176 qui
2997 2107 3180 2162 statim
3239 2109 3467 2166 Romam
3519 2113 3794 2182 profectus

2203 2194 2306 2242 est.
2338 2185 2574 2260 Recepto
2602 2205 2726 2247 cum
2757 2195 3117 2264 prosperitate
3144 2196 3460 2272 ﬁlio,Aquis
3488 2205 3786 2273 repedavit,

2204 2277 2295 2332 ubi
2328 2277 2538 2350 legatus
2565 2280 2844 2340 Michaelis
2867 2284 3068 2342 Siciliae
3095 2288 3358 2359 praefecti,
3385 2293 3602 2350 nomine
3629 2295 3794 2350 Dani-

2207 2369 2314 2436 hel,
2339 2371 2406 2426 ad
2426 2387 2549 2428 eum
2579 2375 2750 2442 venit,
2782 2385 2944 2447 atque
2992 2379 3117 2436 inde
3163 2395 3285 2437 cum
3341 2400 3540 2455 magno
3589 2387 3796 2445 honore

2207 2459 2460 2518 dimissus
2486 2470 2588 2519 est.
2616 2463 2815 2520 Eodem
2840 2483 2984 2524 anno
3010 2484 3144 2540 gens
3170 2471 3409 2527 Avarum
3441 2491 3468 2527 a
3502 2475 3605 2530 ﬁde
3629 2493 3795 2546 quam

2207 2551 2531 2618 promiserat
2589 2553 2812 2620 defecit,
2844 2565 2901 2611 et
2951 2557 3220 2626 Einricus,
3267 2562 3373 2616 dux
3424 2563 3786 2636 Forojnlano-

2210 2655 2349 2704 rum,
2385 2651 2508 2710 post
2539 2651 2618 2698 tot
2645 2644 2904 2701 victorias
2928 2663 3188 2718 prospere
3213 2660 3393 2721 gestas
3413 2650 3568 2720 juxta
3620 2653 3800 2711 Thar-

2209 2731 2400 2795 sicam,
2432 2731 2705 2788 Liburnia:
2751 2736 3050 2801 civitatem,
3085 2739 3299 2796 insidiis
3335 2743 3536 2798 civium
3570 2759 3797 2815 Oppres-

2209 2836 2303 2876 sus
2331 2831 2430 2876 est.
2457 2823 2560 2878 Per
2588 2824 2728 2880 idem
2759 2834 2968 2897 tempus
2994 2828 3277 2897 Geroldus,
3297 2847 3418 2888 cum
3447 2843 3592 2889 esset
3615 2850 3802 2891 comes

2209 2920 2266 2968 et
2320 2912 2583 2984 Bajoariae
2635 2917 2942 2985 praefectus,
3005 2923 3298 2980 commisso
3351 2940 3475 2980 cum
3523 2927 3802 2984 Avaribus

2208 3006 2396 3075 przelio
2449 3001 2776 3064 interﬁcitur
2829 3010 2907 3083 [et
2954 3012 3009 3067 in
3057 3013 3227 3085 Augia
3274 3017 3554 3090 sepelitur]
3587 3019 3652 3074 de
3688 3033 3803 3088 quo

2217 3098 2271 3152 in
2325 3099 2530 3154 visione
2581 3099 2770 3156 Witini
2840 3102 3058 3172 legitur,
3113 3106 3260 3175 quod
3325 3106 3468 3162 inter
3531 3116 3802 3178 martyres

2171 3189 2288 3244 .‘sit
2345 3190 2752 3248 adnumeratus.
2803 3193 2996 3250 Insula:
3047 3195 3298 3252 Baleares
3351 3214 3471 3268 qua:
3518 3214 3549 3254 a
3594 3198 3805 3256 Mauris

2214 3287 2270 3335 et
2331 3279 2650 3338 Sarracenis
2705 3283 3028 3354 depraedatae
3078 3295 3238 3353 sunt,
3284 3289 3555 3359 postulato
3609 3297 3665 3343 et
3709 3305 3808 3346 ac-

2215 3378 2372 3441 cepto
2399 3387 2429 3426 a
2454 3370 2682 3429 Francis
2709 3373 2933 3440 auxilio,
2965 3389 2994 3428 a
3025 3376 3340 3444 praedonum
3373 3378 3681 3434 incursione
3707 3381 3806 3435 de-

2213 3459 2405 3517 fensati
2436 3473 2581 3529 sunt,
2606 3464 2758 3535 signa
2803 3480 3016 3536 quoque
3044 3465 3349 3522 Maurorum
3381 3471 3433 3523 in
3463 3485 3637 3541 pugna
3665 3470 3800 3525 sub-

2213 3553 2321 3609 lata
2365 3557 2476 3624 regi
2525 3565 2848 3628 praesentata
2870 3567 3015 3614 sunt.
3044 3557 3204 3614 Wido
3223 3574 3426 3625 comes,
3453 3562 3540 3631 qui
3565 3561 3805 3617 Marcam

2213 3656 2401 3704 contra
2428 3646 2674 3705 Britones
2705 3650 2940 3717 tenebat,
2976 3667 3100 3706 cum
3142 3652 3306 3708 sociis
3349 3653 3679 3710 Britanniam
3712 3655 3803 3710 in-

2214 3753 2433 3809 gressus
2457 3746 2731 3810 totamque
2754 3741 3113 3811 perlustrans,
3137 3744 3190 3798 in
3226 3743 3551 3800 deditionem
3575 3746 3804 3816 recepit,

2215 3836 2268 3884 et
2306 3829 2418 3900 regi
2447 3829 2515 3883 de
2543 3829 2779 3886 Saxonia
2822 3833 3117 3888 revertenti
3161 3848 3312 3888 arma
3361 3833 3555 3890 ducum
3604 3836 3697 3906 qui
3746 3851 3812 3893 se

2215 3917 2841 3990 tradiderantinscriptis
2867 3921 3201 3993 singulorum
3233 3923 3539 3979 nominibus
3565 3938 3812 3994 praesen-

2213 4008 2369 4063 tavit.
2401 4008 2537 4078 Tota
2580 4010 2761 4079 itaque
2801 4009 3110 4078 Britannia,
3155 4013 3298 4082 quod
3346 4029 3618 4084 nunquam
3646 4024 3810 4070 antea

2217 4097 2339 4166 fuit,
2370 4098 2593 4156 Francis
2631 4099 2914 4171 subjugata
2961 4111 3068 4157 est.
3098 4102 3299 4158 Eodem
3342 4119 3484 4160 anno
3510 4106 3812 4164 monachus

2216 4183 2434 4261 quidam
2477 4191 2543 4246 de
2592 4189 2985 4262 Hierosolymis
3028 4192 3272 4260 veniens,
3307 4193 3564 4264 reliquias
3607 4195 3808 4251 multas

2216 4279 2396 4335 attulit
2445 4281 2555 4352 regi
2605 4295 2672 4335 ex
2716 4288 2872 4351 parte
2923 4281 3252 4351 patriarchae
3303 4280 3804 4356 Hierosolymitani.

2217 4370 2388 4437 Azan,
2443 4369 2726 4440 praefectus
2772 4371 3010 4427 civitatis
3055 4388 3177 4443 quae
3231 4373 3431 4428 dicitur
3471 4373 3806 4442 Oscaclavis,

2221 4463 2333 4532 regi
2364 4477 2587 4516 munera
2612 4462 2778 4518 misit.
2809 4461 3113 4519 Celebravit
3137 4477 3231 4519 rex
3255 4464 3488 4520 natalem
3515 4465 3727 4521 Domini
3753 4466 3808 4520 in

2222 4549 2410 4607 eodem
2440 4550 2660 4620 palatio.

2291 4644 2448 4699 Anno
2477 4644 2770 4700 Dominicae
2811 4645 3200 4704 incarnationis
3230 4646 3336 4703 800
3376 4663 3470 4706 rex
3501 4648 3812 4705 absolutum

2225 4735 2768 4810 Hierosolymitanum
2799 4741 3144 4806 monachum,
3176 4741 3322 4796 misit
3344 4757 3467 4797 eum
3506 4757 3572 4796 eo
3599 4742 3812 4798 Zacha-

2224 4830 2360 4897 riam
2390 4831 2790 4902 presbyterum,
2821 4831 2888 4886 de
2917 4830 3115 4901 palatio
3141 4848 3263 4898 suo,
3291 4840 3346 4888 et
3374 4848 3470 4903 per
3496 4833 3644 4888 illum
3675 4833 3815 4890 mul-

2224 4930 2334 4976 tam
2363 4924 2642 4993 pecuniam
2675 4923 2823 4978 misit
2846 4937 2942 4992 per
2975 4923 3061 4977 illa
3093 4932 3281 4978 sancta
3303 4924 3418 4980 loca
3441 4925 3529 4981 ubi
3553 4926 3816 4984 Dominus

2226 5023 2576 5070 conversatus
2601 5023 2685 5070 est
2716 5013 3091 5084 corporaliter.
3142 5015 3261 5086 Ipse
3306 5016 3483 5071 medio
3519 5015 3718 5072 Martio
3748 5019 3817 5074 de

2228 5103 2397 5174 Aquis
2417 5118 2688 5174 egressus,
2722 5103 2849 5159 litus
2874 5104 3068 5160 oceani
3099 5102 3290 5160 Gallici
3318 5104 3679 5175 perlustratus
3707 5117 3816 5173 est,

2229 5200 2284 5247 et
2323 5192 2374 5247 in
2422 5194 2538 5262 ipso
2571 5193 2707 5248 mari
2763 5193 2906 5264 quod
2957 5203 3084 5250 tunc
3129 5209 3159 5248 a
3199 5195 3390 5265 piratis
3435 5193 3816 5263 infestabatnr,

2232 5281 2460 5337 classem
2489 5282 2722 5337 instituit
2757 5292 2813 5337 et
2847 5282 3095 5354 praasidia
3126 5283 3410 5354 disposuit.
3442 5283 3650 5340 Pascha
3675 5287 3818 5357 apud

2237 5383 2481 5430 sanctum
2521 5373 2828 5430 Richarium
2857 5373 3192 5430 celebravit:
3226 5374 3457 5445 indeque
3497 5375 3694 5429 iterum
3722 5391 3822 5444 per

2239 5465 2367 5521 litus
2396 5465 2584 5521 oceani
2615 5467 2682 5522 ad
2710 5465 3104 5536 Rotltomagum
3131 5465 3402 5522 civitatem
3429 5469 3695 5538 pervenit,
3720 5468 3820 5524 ibi.

543 5551 864 5621 comparuit.
905 5551 1097 5610 Insulae
1139 5553 1392 5611 Baleares
1429 5569 1458 5609 a
1498 5554 1699 5612 Mauris
1729 5566 1785 5612 et
1817 5555 2135 5613 Sarracenis
2238 5570 2342 5625 que
2374 5555 2623 5628 Sequana
2651 5570 2810 5611 amne
2835 5554 3174 5622 transmisso,
3217 5555 3448 5612 Turonis
3475 5556 3540 5610 ad
3568 5566 3819 5613 sanctum

546 5638 866 5710 depraedalaa
890 5651 1034 5700 sunt.
1054 5643 1394 5711 Aldefonsus,
1414 5662 1509 5702 rex
1536 5645 1776 5703 Gallicite
1805 5655 1860 5703 et
1881 5646 2133 5713 Asturiae,

546 5734 790 5804 praedata
815 5734 1093 5810 Olisipoua
1120 5737 1309 5810 ultima
1332 5739 1604 5811 Hispania:
1628 5740 1870 5808 civitate,
1912 5740 2131 5808 loricas,

2242 5646 2530 5722 Martinum
2571 5645 2834 5702 orationis
2868 5661 3029 5703 causa
3059 5644 3334 5716 proiectus
3359 5656 3461 5712 cst,
3495 5647 3679 5718 ibique
3715 5647 3818 5704 ali-

2242 5749 2371 5815 quot
2408 5739 2521 5798 dies
2547 5747 2788 5795 moratus
2811 5746 2918 5807 est,
2957 5747 3179 5812 propter
3205 5738 3484 5795 adversam
3511 5737 3822 5803 Μαικία-ἀπ
