4010 6394
236 369 306 426 es
833 345 845 358 “
1437 374 1807 434 amomo:

1911 405 1956 417 -
1990 377 2101 432 AN.
2141 377 2398 435 801.83%.
3434 388 3505 448 σθ

233 478 476 550 conjugis
498 479 880 548 valetudinem,
905 481 1244 553 quaaibidem
1271 493 1326 540 et
1354 485 1603 542 defuncta
1632 497 1687 544 et
1712 488 1812 542 hu-
1839 495 1884 552 Α
1916 487 2192 544 Paschalis
2218 490 2595 557 numiculator,
2626 501 2683 549 et
2707 492 3017 566 Campullus
3059 500 3398 572 sacellarius,
3444 517 3503 563 et

232 581 378 627 mata
407 580 513 627 est.
545 571 690 629 Obiit
715 581 894 629 autem
940 575 1112 646 pridie
1157 574 1296 631 Non.
1340 575 1504 632 Junii.
1551 580 1680 636 Inde
1727 597 1824 651 per

227 664 540 718 Anrelianis
565 679 628 718 ac
650 663 893 720 Parisius
919 681 1221 736 regressus,
1250 668 1418 740 Aquis
1446 670 1705 740 palatium
1732 687 1820 725 ve-

230 758 332 812 nit.
361 758 566 814 Eodem
588 773 730 814 anno
759 759 931 828 pridie
958 758 1094 814 Non.
1119 759 1286 828 Junii,
1316 771 1502 819 contra
1527 779 1731 820 morem
1766 774 1822 821 et

227 858 485 904 naturam
522 866 711 921 aspera
759 859 810 905 et
852 851 972 922 gelu
997 860 1248 908 concreta
1279 852 1381 908 fuit
1425 856 1650 926 pruina,
1693 869 1747 912 et
1787 857 1820 912 7

224 942 302 997 Id.
333 941 462 997 Julii
478 943 758 1008 similiter,
786 943 878 998 sed
903 952 1080 998 tamen
1097 943 1296 998 nullam
1328 931 1820 1004 incommoditatem

226 1029 498 1088 fructibus
527 1033 728 1087 attulit.
758 1031 941 1088 Mense
977 1034 1114 1106 Aug.
1149 1033 1414 1106 Mogontia
1443 1036 1697 1108 placitum
1742 1046 1822 1094 te-

179 1158 192 1169 .
225 1121 367 1186 nuit,
397 1130 455 1176 et
480 1122 603 1178 inde
633 1138 853 1178 movens
880 1138 1002 1177 cum
1032 1125 1275 1180 exercitu
1308 1125 1618 1182 Ravennam
1649 1130 1814 1196 venit,

220 1211 316 1266 ubi
348 1213 523 1268 7dies
553 1223 814 1278 moratus,
862 1213 1089 1269 Romam
1138 1230 1384 1286 gressum
1439 1217 1658 1285 direxit,
1708 1219 1818 1276 lilio

219 1320 323 1360 suo
374 1305 599 1376 Pippino
643 1321 764 1360 cum
820 1307 1060 1362 exercitu
1110 1307 1162 1362 in
1213 1307 1579 1364 Beneventum
1626 1311 1815 1366 misso.

217 1395 409 1465 Itaque
438 1411 562 1450 cum
593 1396 820 1452 Romam
855 1397 1108 1461 venisset,
1140 1398 1383 1454 occurrit
1416 1401 1465 1454 ei
1507 1401 1679 1470 pridie
1705 1402 1816 1458 Leo

214 1498 357 1552 papa
379 1493 436 1538 et
459 1495 680 1541 senatus
703 1486 1070 1542 Romanorum
1095 1491 1234 1559 apud
1257 1489 1816 1559 Nomentum,duode—

215 1575 364 1630 cimo
416 1577 486 1630 ab
535 1577 681 1634 Urbe
728 1577 926 1651 lapide,
969 1590 1027 1636 et
1075 1597 1284 1637 summa
1327 1600 1449 1638 eum
1509 1585 1814 1643 humilitate

215 1681 541 1739 Summaque
570 1670 778 1726 honore
807 1673 1065 1743 suscepit,
1097 1675 1368 1744 praudens
1387 1680 1509 1731 eum
1536 1691 1600 1730 eo
1631 1678 1683 1730 in
1721 1692 1814 1734 eo-

211 1756 340 1810 dem
370 1757 510 1813 loco.
536 1759 704 1830 Igitur
733 1760 918 1816 statim
957 1777 1078 1817 eum
1105 1764 1172 1818 ad
1201 1763 1398 1820 Urbem
1425 1766 1733 1836 przecessit,
1758 1774 1815 1822 et

1927 579 2076 634 multi
2107 579 2196 634 alii
2229 581 2434 636 nobiles
2460 583 2710 651 Romani,
2738 588 2828 658 qui
2860 604 3047 646 omnes
3069 594 3253 650 eadem
3280 607 3499 654 senten-

1924 671 1998 725 tia
2049 673 2288 726 damnati
2334 682 2478 728 sunt.
2530 673 2805 733 Ordinatis
2842 680 3023 752 itaque
3049 682 3308 742 Romanae
3351 689 3504 746 urbis

1923 762 2088 817 totius
2116 762 2301 828 Italiae,
2334 778 2438 818 non
2468 773 2672 820 tantum
2714 769 2963 837 publicis,
2999 773 3092 828 sed
3131 774 3296 831 etiam
3327 777 3502 837 cccle-

1921 853 2154 910 siasticis
2183 855 2342 912 rebus
2377 864 2432 911 et
2480 858 2730 928 negotiis,
2765 861 3035 934 missaque
3083 865 3279 923 iterum
3333 885 3503 942 super

1919 940 2329 1000 Beneventanos
2360 948 2484 1000 cum
2509 944 2736 1017 Pippino
2766 950 2875 1006 tilio
2919 952 3097 1009 hostili
3124 940 3496 1028 expeditione,

1919 1031 2036 1102 ipse
2080 1042 2202 1103 post
2243 1034 2440 1104 pascha
2485 1036 2520 1090 4
2558 1036 2783 1094 Kalend.
2814 1040 2939 1098 Maii
2987 1043 3215 1102 Romam
3247 1065 3501 1122 egressus

1918 1129 2023 1188 est,
2057 1132 2112 1178 et
2144 1125 2288 1178 venit
2318 1124 2616 1195 Spoletum,
2649 1139 2703 1184 et
2731 1131 2854 1186 dum
2886 1133 2957 1189 ibi
2989 1146 3314 1206 moraretur,
3339 1140 3376 1195 2
3399 1141 3500 1197 Ka-

1917 1208 2062 1266 lend.
2094 1211 2242 1278 Maii,
2274 1214 2405 1268 hora
2437 1217 2609 1272 noctis
2646 1221 2882 1276 secunda
2927 1231 3266 1284 terrzemotus
3311 1230 3498 1301 ingens

1918 1301 2093 1360 factus
2114 1316 2216 1371 est,
2247 1323 2353 1377 quo
2383 1317 2491 1363 tota
2518 1309 2668 1366 italia
2700 1314 2937 1383 graviter
2957 1331 3225 1374 concussa
3246 1329 3326 1376 est
3351 1338 3366 1387 ;
3389 1339 3498 1392 quo

1918 1406 2068 1453 motu
2099 1407 2302 1454 tectum
2335 1401 2572 1457 basilica:
2601 1403 2744 1459 beati
2767 1404 2917 1462 Pauli
2946 1410 3174 1479 apostoli
3205 1427 3397 1483 magna
3429 1427 3497 1468 ex

1915 1497 2070 1559 parte
2115 1505 2236 1545 cum
2274 1491 2385 1546 suis
2425 1494 2670 1551 trabibus
2699 1498 2922 1553 corruit.
2973 1499 3175 1556 Eodem
3203 1517 3346 1558 anno
3379 1503 3498 1560 loca

1915 1585 2158 1652 quaedam
2187 1585 2333 1640 circa
2367 1585 2614 1643 Rhenum
2663 1599 2717 1646 et
2760 1591 2812 1646 in
2838 1591 3008 1648 Gallia
3038 1603 3091 1649 et
3118 1595 3172 1650 in
3209 1595 3498 1653 Germania

1917 1683 2072 1731 terra:
2103 1686 2249 1731 motu
2302 1687 2661 1747 tremuerunt,
2693 1690 2748 1737 et
2775 1683 3076 1754 pestilentia
3115 1695 3334 1757 propter
3362 1688 3498 1744 mol-

1915 1764 2082 1821 litiem
2128 1767 2354 1838 hyberni
2406 1772 2663 1841 temporis
2721 1771 2864 1829 facta
2913 1784 3017 1830 est.
3076 1776 3379 1849 Imperator
3429 1782 3496 1837 de

210 1845 266 1898 in
311 1846 614 1901 crastinum
658 1848 712 1903 in
757 1850 1015 1918 gradibus
1062 1851 1297 1908 basilicae
1341 1855 1486 1910 beati
1513 1855 1658 1910 Petri
1689 1871 1816 1927 apo-
1846 1836 1891 1896 Β
1919 1856 2136 1929 Spoleto
2165 1836 2475 1920 Ravennam
2517 1836 2779 1934 veniens,
2811 1869 3018 1941 aliquot
3053 1836 3175 1926 dies
3210 1871 3282 1927 ibi
3313 1887 3497 1928 mora-

209 1934 339 1988 stoli
371 1944 546 2002 stans,
577 1937 758 1993 missis
777 1939 989 1994 obviam
1011 1940 1269 1999 Romanae
1292 1944 1442 2000 urbis
1460 1945 1671 2002 vexillis
1692 1962 1814 2003 cum

209 2024 475 2079 crucibus
505 2033 668 2096 atque
697 2027 958 2099 reliquiis,
981 2032 1246 2089 ordinatis
1264 2035 1427 2090 etiam
1462 2045 1625 2108 atque
1642 2039 1816 2108 dispo-

206 2115 333 2170 sitis
367 2132 468 2186 per
506 2134 747 2190 congrua
793 2121 908 2176 loca
963 2132 1068 2178 tam
1113 2126 1523 2198 peregrinorum
1550 2146 1711 2201 quam
1742 2131 1815 2188 ci-

205 2206 360 2261 vium
395 2210 611 2275 turmis,
635 2213 726 2281 qui
757 2213 993 2269 venienti
1025 2215 1214 2272 laudes
1246 2219 1511 2288 dicerent,
1543 2223 1660 2292 ipse
1686 2239 1812 2279 cum

204 2299 363 2354 clero
393 2308 452 2354 et
490 2302 760 2373 episcopis
790 2314 914 2360 ante
942 2308 1146 2378 gradus
1167 2311 1417 2367 ecclesiae
1435 2321 1564 2368 eum
1590 2316 1814 2371 humili-

205 2401 292 2444 ter
319 2393 584 2462 suscepit,
617 2394 854 2465 dataque
876 2397 1258 2457 benedictione
1281 2404 1335 2457 in
1359 2405 1638 2462 basilicam
1665 2407 1809 2464 beati

203 2479 357 2536 Petri
405 2484 633 2554 apostoli
685 2487 892 2542 cunctis
937 2490 1293 2560 psallentibus
1336 2495 1652 2552 introduxit.
1695 2498 1810 2555 Hoc

112 2635 116 2638 ,
202 2587 390 2630 autem
428 2575 628 2632 factum
657 2588 740 2634 est
773 2567 816 2635 8'
838 2581 956 2635 Kal.
989 2581 1243 2639 Decemb.
1285 2584 1417 2643 Post
1451 2587 1482 2644 7
1531 2603 1663 2644 vero
1692 2590 1808 2648 dies

204 2683 304 2724 rex
339 2671 606 2726 concione
637 2682 849 2740 vocata,
894 2691 993 2731 cur
1032 2676 1259 2733 Romam
1292 2681 1530 2737 venisset.
1557 2691 1808 2752 patenter

204 2761 493 2828 indicavit,
516 2771 568 2817 et
596 2763 718 2820 inde
743 2767 940 2823 cotidie
970 2770 1037 2824 ad
1067 2784 1131 2825 ea
1160 2787 1280 2842 quae
1302 2783 1527 2828 venerat
1556 2774 1803 2832 facienda

202 2865 434 2921 operam
459 2854 630 2922 dedit,
661 2856 802 2913 inter
823 2875 963 2930 (μιᾶς,
995 2863 1139 2932 quod
1168 2865 1462 2919 maximum
1482 2875 1538 2921 et
1557 2866 1806 2922 diﬂicilli-

203 2957 354 2995 mum
383 2952 525 3009 erat,
574 2945 641 3002 de
683 2947 1037 3008 discutiendis
1080 2954 1398 3012 criminibus
1445 2971 1566 3026 qua;
1595 2973 1805 3015 summo

202 3031 454 3100 pontifici
482 3033 693 3103 objecta
725 3050 905 3095 erant.
940 3041 1112 3097 Causa
1139 3044 1323 3115 itaque
1349 3047 1603 3102 ventilata
1633 3089 1647 3114 ,
1678 3065 1800 3105 cum

203 3122 391 3178 nullus
433 3126 694 3195 probator
719 3138 812 3185 aut
845 3133 998 3188 testis
1041 3133 1312 3206 legitimus
1357 3148 1663 3209 appareret,
1707 3140 1799 3211 qui

1919 1958 2023 2013 tus,
2053 1947 2274 2020 Papiam
2305 1956 2564 2023 perrexit.
2601 1956 2675 2012 Ibi
2704 1958 3018 2014 nunciatum
3061 1969 3145 2016 est
3182 1960 3252 2027 ei,
3289 1960 3495 2033 legatos

1911 2038 2092 2096 Aaron
2123 2042 2468 2113 Atnirmulin,
2499 2049 2642 2121 regis
2668 2049 2984 2118 Persarum,
3014 2061 3228 2124 portum
3252 2052 3390 2109 Pisa:
3412 2053 3495 2110 in-

1912 2138 2102 2196 trasse,
2134 2134 2330 2205 quibus
2373 2138 2590 2194 obviam
2639 2140 2884 2209 mittens,
2929 2142 3072 2198 inter
3123 2142 3389 2199 Vercellas
3437 2151 3495 2199 et

1909 2219 2196 2279 Eboreiam
2223 2241 2319 2283 eos
2340 2228 2441 2284 sibi
2468 2227 2598 2285 fecit
2622 2234 2957 2302 przesentari.
2985 2233 3135 2292 Unus
3161 2233 3304 2290 enim
3327 2249 3394 2290 ex
3415 2236 3495 2293 eis

1908 2325 2028 2370 erat
2055 2315 2222 2374 Persa
2267 2321 2333 2376 de
2362 2321 2590 2388 oriente,
2618 2322 2827 2395 legatus
2854 2327 2997 2397 regis
3020 2326 3330 2394 Persarum,
3354 2321 3492 2383 alter

1909 2405 2242 2464 Sarracenos
2280 2411 2345 2465 de
2377 2411 2582 2479 Africa,
2614 2413 2820 2485 legatus
2846 2415 3114 2472 Admirati
3144 2417 3485 2483 Habraham,

1907 2495 1999 2567 qui
2047 2497 2100 2551 in
2145 2498 2380 2554 conﬁnio
2425 2500 2624 2557 Africa:
2664 2503 2718 2558 in
2764 2503 2991 2560 Fossato
3010 2506 3350 2576 possidebat,
3393 2506 3490 2578 qui

1905 2586 2058 2644 Isaac
2086 2589 2352 2657 Judmum,
2395 2607 2555 2662 quem
2594 2593 2890 2664 imperator
2918 2605 3045 2652 ante
3073 2596 3490 2667 quadriennium

1909 2677 1975 2732 ad
2023 2693 2206 2751 regem
2251 2679 2540 2736 Persarum
2589 2698 2714 2739 cum
2757 2684 3047 2742 Lantfrido
3090 2695 3142 2742 et
3173 2685 3492 2758 Sigimundo

1906 2767 2145 2833 miserat,
2192 2785 2466 2826 reversum
2514 2788 2638 2828 cum
2685 2776 2894 2847 magnis
2923 2777 3238 2834 muneribus
3270 2779 3486 2836 nuntia-

1904 2867 2119 2915 verunt.
2145 2858 2277 2915 Nam
2301 2859 2614 2919 Lantfridus
2631 2874 2686 2920 et
2713 2863 3062 2938 Sigimundus
3089 2870 3142 2924 in
3175 2869 3365 2926 itinere
3389 2871 3488 2928 de-

1905 2947 2073 3006 functi
2102 2961 2248 3007 sunt.
2294 2953 2438 3010 Misit
2473 2956 2655 3028 itaque
2700 2974 2795 3014 rex
2832 2959 3301 3018 Herchenbaldum
3333 2974 3489 3021 nota-

1905 3039 2046 3094 rium
2078 3040 2130 3095 in
2153 3041 2431 3111 Liguriam
2471 3046 2538 3101 ad
2571 3062 2737 3104 naves
2764 3050 3054 3120 parandas,
3107 3053 3197 3108 ubi
3219 3053 3486 3125 elephans

1903 3139 1958 3185 et
1985 3145 2047 3186 ea
2092 3148 2213 3203 quae
2258 3133 2665 3205 deferebantur,
2713 3141 3160 3209 subveherentur,
3200 3144 3314 3216 ipse
3354 3162 3488 3202 vero

202 3213 388 3270 locum
435 3221 818 3276 controversia;
874 3223 1058 3280 subire
1097 3202 1498 3297 ’ρι-ωειηηεξ-ἑι,
1544 3202 1801 3300 prastat-us
1827 3202 1874 3264 (ἶ
1903 3202 2172 3280 celebrato
2195 3226 2282 3282 die
2311 3229 2613 3287 nativitatis
2635 3234 2806 3288 sancti
2831 3232 3059 3291 Joannis
3079 3202 3325 3306 baptista:
3345 3240 3488 3312 apud

202 3305 452 3376 pontifex
497 3324 680 3365 coram
729 3314 877 3370 omni
922 3317 1120 3387 populo
1153 3319 1206 3374 in
1239 3321 1399 3376 domo
1430 3323 1605 3378 sancti
1656 3323 1800 3380 Petri

200 3400 549 3469 evangelium
588 3413 810 3473 portans
838 3409 1122 3467 ambonem
1153 3414 1485 3480 conscendit,
1521 3415 1800 3472 invocato-

1903 3311 2246 3382 ﬂeboreiam,
2272 3317 2435 3387 Alpes
2463 3329 2829 3392 transgressus
2856 3324 2908 3379 in
2956 3323 3183 3382 Galliam
3227 3311 3480 3386 reversus

1900 3411 2001 3459 est.
2035 3404 2155 3475 Ipsa
2169 3416 2358 3464 aestate
2387 3419 2539 3481 capta
2561 3421 2646 3467 est
2673 3413 3166 3472 civitasBarcilona
3186 3417 3484 3490 Hispaniae,

200 3505 308 3560 que
321 3499 526 3546 sanch
537 3493 822 3552 Trinitatis
839 3500 1074 3565 nomine,
1088 3500 1444 3572 jurejurando
1477 3505 1546 3560 ab
1571 3506 1800 3577 objectis
1893 3497 2006 3569 iam
2029 3501 2346 3557 ιυηοιηίηυε
2357 3502 2474 3573 Plus
2488 3504 2704 3560 biennio
2717 3507 2972 3574 Obsessa;
2996 3506 3169 3564 Ζθῑιιη
3189 3509 3484 3581 Narem“

200 3600 261 3640 se
306 3585 638 3642 criminibus
683 3591 954 3662 purgavit.
1004 3593 1203 3650 Eadem
1235 3595 1320 3651 die
1348 3595 1642 3652 Zacharias
1668 3611 1798 3666 pre-

199 3680 396 3748 sbyter
421 3695 546 3734 cum
572 3680 780 3736 duobus
811 3687 1116 3753 monachis,
1144 3702 1251 3742 uno
1278 3687 1344 3743 de
1369 3698 1549 3744 monte
1579 3687 1796 3757 Oliveti,

201 3769 380 3824 altero
425 3769 495 3824 de
531 3770 833 3839 Bethleem,
875 3773 1104 3831 Romam
1136 3780 1305 3846 venit,
1347 3795 1482 3850 quos
1517 3781 1803 3853 episcopus

201 3858 705 3936 Hierosolymorum
743 3865 812 3920 ad
854 3881 1034 3938 regem
1080 3869 1314 3937 direxit,
1346 3872 1440 3942 qui
1468 3873 1805 3930 benedictio-

202 3949 290 4004 nis
319 3965 490 4006 cansa
518 3951 695 4009 claves
735 3955 966 4026 sepulcri
1013 3957 1224 4014 Domini
1274 3975 1339 4016 ac
1386 3960 1488 4017 loci
1531 3962 1801 4030 calvarize,

168 4072 170 4074 τ
207 4039 397 4097 claves
424 4043 589 4098 etiam
618 4045 855 4102 civitatis
895 4062 1019 4104 cum
1067 4049 1262 4106 vexillo
1299 4051 1632 4119 detulerunt;
1664 4069 1802 4123 quos

206 4144 303 4184 rex
328 4131 563 4202 benigne
591 4135 912 4206 suscipiens,
945 4138 1147 4209 aliquot
1184 4141 1298 4196 dies
1327 4157 1514 4198 secum
1543 4144 1794 4208 detinuit,

212 4230 271 4275 et
298 4235 490 4275 mense
519 4224 691 4292 Aprili
723 4239 1090 4285 remuneratos
1121 4231 1370 4288 absolvit.
1405 4233 1473 4288 Et
1511 4235 1805 4291 celebravit

205 4311 283 4366 ibi
323 4327 420 4367 rex
459 4315 958 4375 natalem'Domini.

273 4402 440 4458 Anno
464 4402 754 4460 Dominicze
781 4407 1277 4466 incarnationisSOI
1307 4427 1429 4467 cum
1462 4429 1553 4468 rex
1583 4415 1698 4484 ipso
1721 4416 1806 4472 die

206 4493 408 4548 natalis
436 4493 649 4550 Domini
675 4507 800 4553 ante
816 4498 1208 4558 confessionem
1236 4505 1408 4558 sancti
1424 4504 1574 4560 Petri
1599 4506 1805 4561 abora-

206 4584 358 4639 tione
372 4595 640 4657 surgeret,
660 4588 768 4645 Leo
794 4606 935 4661 papa
952 4608 1204 4648 coronam
1221 4596 1379 4665 capiti
1395 4595 1510 4664 ejus
1532 4599 1802 4668 imposuit,

206 4685 264 4730 et
289 4692 322 4730 a
356 4687 554 4733 cuncto
574 4678 942 4737 Romanorum
967 4684 1163 4754 populo
1195 4697 1275 4740 ter
1300 4686 1657 4741 acclamatum
1680 4699 1763 4743 est
1784 4706 1800 4744 :

208 4763 406 4822 Carolo
430 4766 665 4839 Augusto
688 4788 720 4824 a
745 4770 853 4830 Deo
877 4783 1150 4838 coronato,
1175 4791 1366 4846 magno
1388 4785 1438 4828 et
1458 4777 1677 4846 paciﬁca
1703 4778 1801 4832 im-

206 4859 446 4927 peratori
509 4859 905 4931 Romanorum,
953 4866 1058 4920 vita
1119 4877 1177 4921 .et
1245 4868 1462 4922 victoria
1485 4867 1507 4922 .'
1554 4868 1621 4922 Et
1679 4878 1801 4939 post

210 4950 400 5006 laudes
449 4967 598 5009 more
636 4955 978 5025 antiquorum
1033 4958 1339 5030 principum
1395 4961 1654 5016 adoratus
1679 4970 1795 5027 est,

208 5051 265 5097 et
289 5040 474 5100 ablato
496 5045 705 5114 patricii
745 5048 960 5103 nomine
982 5047 1280 5120 Imperator
1319 5060 1374 5106 et
1407 5050 1683 5122 Augustus
1715 5062 1802 5108 est

211 5134 534 5204 appellatus.
578 5135 706 5192 Post
731 5153 937 5210 paucos
969 5148 1150 5194 autem
1187 5142 1303 5197 dies
1337 5129 1507 5211 jussit
1547 5157 1662 5207 eos,
1707 5143 1799 5214 qui

209 5235 357 5276 anno
391 5226 660 5297 superiori
693 5227 1003 5296 pontiﬁcem
1032 5229 1412 5300 deposuerant,
1444 5234 1712 5297 exhiberi,
1749 5243 1803 5289 et

211 5309 398 5366 habita
429 5315 494 5367 de
515 5313 596 5369 eis
624 5319 922 5388 quaestione
947 5321 1241 5375 secundum
1275 5321 1444 5394 legem
1477 5323 1800 5391 Romanam,

214 5410 275 5454 ut
301 5401 608 5470 majestatis
631 5407 707 5461 rei
736 5408 952 5477 capitali
982 5410 1249 5465 sententia
1271 5412 1508 5466 danmati
1535 5421 1681 5478 su’ut,
1705 5430 1803 5483 pio

212 5491 414 5559 quibus
442 5502 619 5551 tamen
649 5512 785 5571 papa
812 5498 899 5568 pio
928 5498 1120 5555 affectu
1149 5497 1287 5570 apud
1315 5503 1806 5574 imperatorem‘in-

216 5586 486 5641 tercessit.
537 5587 674 5644 Nam
727 5591 837 5645 vita
884 5601 939 5646 et
991 5593 1356 5647 membrorum
1395 5595 1676 5667 integritas
1725 5599 1805 5653 eis

213 5689 478 5734 concessa
523 5689 628 5747 est,
673 5691 928 5738 cancrum
977 5699 1074 5753 pro
1130 5683 1388 5742 facinoris
1430 5688 1802 5759 magnitudine

213 5770 379 5826 exilio
407 5772 674 5843 deportati
705 5783 847 5829 sunt.
880 5774 1048 5846 llujus
1075 5777 1325 5834 factionis
1352 5780 1500 5835 fuere
1527 5782 1802 5855 principes

1900 3586 2015 3656 ejus
2035 3599 2089 3644 et
2115 3591 2205 3645 alii
2227 3608 2386 3661 quam
2411 3593 2590 3663 plures
2617 3593 2902 3652 Sarraceni
2930 3601 3307 3670 comprehensi
3335 3613 3484 3660 sunt.

1903 3678 1969 3734 Et
1995 3679 2048 3734 in
2074 3679 2228 3736 Italia
2258 3680 2465 3738 .Theate
2491 3683 2685 3740 civitas
2713 3687 2967 3745 similiter
2991 3700 3147 3762 capta
3174 3702 3228 3748 et
3251 3691 3487 3751 ﬂammis

1901 3783 2096 3828 exusta
2119 3781 2222 3839 est,
2251 3772 2778 3847 eiusqueprzel‘ectus
2802 3779 3489 3856 Rotselmuscomprehcn-

1903 3881 1998 3922 sus
2025 3874 2128 3922 est.
2171 3866 2404 3925 Castella
2452 3884 2574 3939 quae
2625 3870 2694 3925 ad
2751 3871 2896 3928 illam
2941 3875 3216 3931 civitatem
3263 3878 3489 3948 aspicie-

1903 3959 2054 4025 bant,
2091 3959 2146 4014 in
2176 3959 2506 4018 deditionem
2538 3974 2755 4035 recepta
2785 3978 2930 4022 sunt.
2977 3968 3155 4025 Zatun
3184 3979 3240 4027 et
3279 3971 3490 4027 Rotsel-

1905 4065 2025 4106 mus
2051 4051 2214 4106 exilio
2242 4053 2481 4109 damnati
2512 4064 2658 4110 sunt.
2689 4055 2883 4114 Mense
2920 4059 3177 4116 Octobrio
3212 4061 3364 4117 Isaac
3393 4061 3490 4118 Ju-

1905 4141 2055 4198 daeus
2079 4143 2144 4199 de
2166 4142 2348 4199 Africa
2375 4160 2496 4199 eum
2524 4146 2762 4202 elefanto
2799 4164 3101 4220 regressus,
3143 4161 3358 4220 portum
3385 4153 3490 4209 Ve-

1906 4234 2055 4288 neris
2102 4234 2345 4300 intravit,
2391 4245 2445 4291 et
2485 4238 2611 4306 quia
2643 4248 2860 4307 propter
2883 4241 3039 4295 nives
3065 4241 3228 4310 Alpes
3258 4245 3490 4301 transire

1906 4340 2014 4381 non
2054 4325 2281 4395 potuit,
2333 4326 2585 4383 Vercellis
2628 4328 2927 4398 hycmavit.
2980 4329 3279 4402 Imperator
3320 4334 3490 4405 Aquis

1907 4420 2143 4475 natalem
2172 4421 2380 4476 Domini
2409 4421 2719 4479 celebravit.

1978 4513 2136 4568 Anno
2162 4512 2452 4568 Dominicte
2480 4513 2870 4570 incarnationis
2905 4514 3010 4570 802
3033 4515 3232 4573 Ilirene
3260 4516 3490 4588 impera-
3543 4589 3546 4592 g

1913 4605 2018 4661 trix
2045 4605 2112 4661 de
2145 4597 2610 4676 Constantinopoli
2639 4606 2788 4661 misit
2823 4606 3058 4678 legatum
3097 4611 3313 4666 nomine
3355 4611 3488 4667 Leo-

1907 4709 2029 4750 nem
2079 4694 2144 4749 ad
2186 4695 2568 4764 imperatorem
2621 4695 2688 4750 de
2735 4710 2866 4766 pace
2914 4697 3284 4753 confirmanda
3346 4701 3490 4757 inter

1904 4784 2142 4840 Francos
2161 4792 2216 4839 et
2261 4783 2500 4850 Graecos,
2541 4793 2598 4840 et
2643 4784 2940 4856 imperator
2967 4788 3488 4861 Constantitmpolm

1904 4875 2050 4929 misit
2076 4873 2230 4930 Jesse
2255 4875 2562 4946 episcopum
2588 4876 3027 4950 Ambianensem,
3055 4889 3110 4936 et
3131 4880 3489 4952 Elingaudutn

1902 4963 2178 5028 comitem,
2212 4973 2270 5017 ut
2315 4979 2502 5034 pacem
2546 4980 2668 5019 cmn
2703 4980 2765 5020 ea
2793 4975 3122 5024 statuerent.
3154 4970 3360 5026 Pascha
3395 4985 3487 5027 ce-

1902 5053 2166 5109 lebratum
2194 5055 2350 5110 estin
2387 5055 2575 5130 eodem
2620 5055 2839 5125 palatio.
2879 5057 3078 5114 Eodem
3107 5075 3250 5114 anno
3280 5062 3345 5115 15
3376 5061 3482 5116 Ka-

1903 5144 2047 5200 lend.
2077 5144 2216 5217 Aug.
2245 5145 2396 5200 venit
2421 5144 2568 5214 Isaac
2594 5161 2719 5227 cum
2750 5145 2988 5207 elefanto
3017 5158 3072 5206 et
3117 5151 3326 5205 czeteris
3368 5166 3490 5205 mu-

1907 5235 2126 5288 neribus
2157 5249 2187 5290 a
2215 5247 2339 5306 rege
2366 5233 2652 5289 Persarum
2690 5236 2870 5292 missis
2909 5237 2962 5292 in
2998 5240 3358 5325 praesentiam
3388 5239 3489 5294 im-

1905 5327 2202 5396 peratoris;
2245 5342 2438 5384 nomen
2467 5326 2716 5385 elefantis
2743 5341 2862 5384 erat
2890 5330 3224 5386 Ambulator.
3283 5331 3487 5389 Ostoua

1913 5418 2104 5474 civitas
2134 5419 2186 5472 in
2217 5419 2367 5474 Italia
2402 5418 2455 5474 in
2479 5420 2810 5476 deditionem
2849 5430 3062 5490 recepta
3111 5430 3213 5478 est.
3259 5422 3489 5486 Luceria

1914 5527 2125 5583 quoque
2154 5512 2420 5582 frequenti
2451 5513 2732 5567 obsidione
2761 5513 3000 5582 fatigata,
3032 5524 3086 5569 et
3117 5515 3229 5585 ipsa
3257 5516 3310 5575 in
3339 5518 3491 5573 dedi-

1914 5603 2112 5657 tionem
2147 5605 2311 5668 venit,
2341 5603 2759 5672 praasidiumque
2801 5603 3132 5660 Francorum
3159 5608 3210 5662 in
3241 5622 3304 5662 ea
3345 5609 3492 5680 posi-

1912 5698 2021 5744 tum
2053 5699 2156 5745 est.
2188 5691 2484 5762 hnperator
2507 5693 2711 5746 aestatis
2739 5701 2976 5764 tempore
3004 5695 3055 5750 in
3081 5695 3369 5754 Arduenna
3399 5713 3491 5754 ves

1911 5784 2218 5836 nationibus
2271 5799 2488 5856 operam
2541 5785 2720 5851 dedit,
2758 5787 3031 5861 ct‘misso
3087 5788 3142 5844 in
3194 5789 3488 5847 Saxoniam
