  <div class='ocr_page' id='page_1' title='image "/cluster/home/n/w/nwhite01/storage/ocr_20150623/132/hvd.32044015471733/039.png"; bbox 0 0 3958 5474; ppageno 0'>
   <div class='ocr_carea' id='block_1_1' title="bbox 475 329 3751 407">
    <p class='ocr_par' dir='ltr' id='par_1_1' title="bbox 475 329 3751 407">
     <span class='ocr_line' id='line_1_1' title="bbox 475 329 3751 407; baseline -0.009 0"><span class='ocrx_word' id='word_1_1' title='bbox 475 353 544 407; x_wconf 76' lang='grc' dir='ltr'><strong>ϐῚ</strong></span> <span class='ocrx_word' id='word_1_2' title='bbox 1556 335 1921 397; x_wconf 67' lang='lat' dir='ltr'><strong>REGINOMS</strong></span> <span class='ocrx_word' id='word_1_3' title='bbox 1938 333 2376 403; x_wconf 48' lang='lat' dir='ltr'><strong>,l’RUMlENSlS</strong></span> <span class='ocrx_word' id='word_1_4' title='bbox 2413 329 2704 389; x_wconf 66' lang='lat' dir='ltr'><strong>ADJATIS</strong></span> <span class='ocrx_word' id='word_1_5' title='bbox 3672 330 3751 392; x_wconf 72' lang='lat'><strong><em>63</em></strong></span> 
     </span>
    </p>
   </div>
   <div class='ocr_carea' id='block_1_2' title="bbox 476 429 3752 527">
    <p class='ocr_par' dir='ltr' id='par_1_2' title="bbox 476 429 3752 527">
     <span class='ocr_line' id='line_1_2' title="bbox 476 429 3752 527; baseline -0.001 -17"><span class='ocrx_word' id='word_1_6' title='bbox 476 459 745 524; x_wconf 77' lang='lat' dir='ltr'><strong>exercitu,</strong></span> <span class='ocrx_word' id='word_1_7' title='bbox 771 453 1164 513; x_wconf 87' lang='lat' dir='ltr'><strong>transalbianos</strong></span> <span class='ocrx_word' id='word_1_8' title='bbox 1194 450 1436 527; x_wconf 79' lang='lat' dir='ltr'><strong>Saxones</strong></span> <span class='ocrx_word' id='word_1_9' title='bbox 1462 450 1714 505; x_wconf 88' lang='lat' dir='ltr'><strong>vastavit.</strong></span> <span class='ocrx_word' id='word_1_10' title='bbox 1745 448 2054 504; x_wconf 84' lang='lat' dir='ltr'><strong>Grimaldus</strong></span> <span class='ocrx_word' id='word_1_11' title='bbox 2085 455 2128 515; x_wconf 75' lang='grc' dir='ltr'><strong>Α</strong></span> <span class='ocrx_word' id='word_1_12' title='bbox 2160 462 2288 518; x_wconf 92' lang='lat' dir='ltr'><strong>ceps</strong></span> <span class='ocrx_word' id='word_1_13' title='bbox 2316 429 2644 512; x_wconf 77' lang='lat' dir='ltr'><strong>Avarorum,</strong></span> <span class='ocrx_word' id='word_1_14' title='bbox 2677 445 3055 514; x_wconf 74' lang='lat' dir='ltr'><strong>imperatorem</strong></span> <span class='ocrx_word' id='word_1_15' title='bbox 3104 444 3258 509; x_wconf 78' lang='lat' dir='ltr'><strong>adiit,</strong></span> <span class='ocrx_word' id='word_1_16' title='bbox 3309 445 3595 516; x_wconf 74' lang='lat' dir='ltr'><strong>postulans</strong></span> <span class='ocrx_word' id='word_1_17' title='bbox 3638 449 3752 514; x_wconf 80' lang='lat' dir='ltr'><strong>sibi</strong></span> 
     </span>
    </p>
   </div>
   <div class='ocr_carea' id='block_1_3' title="bbox 477 537 2055 611">
    <p class='ocr_par' dir='ltr' id='par_1_3' title="bbox 477 537 2055 611">
     <span class='ocr_line' id='line_1_3' title="bbox 477 537 2055 611; baseline -0.011 -3"><span class='ocrx_word' id='word_1_18' title='bbox 477 552 980 608; x_wconf 82' lang='lat' dir='ltr'><strong>Beneventanorum</strong></span> <span class='ocrx_word' id='word_1_19' title='bbox 1022 542 1151 608; x_wconf 81' lang='lat' dir='ltr'><strong>dux,</strong></span> <span class='ocrx_word' id='word_1_20' title='bbox 1191 542 1242 597; x_wconf 94' lang='lat' dir='ltr'><strong>in</strong></span> <span class='ocrx_word' id='word_1_21' title='bbox 1275 540 1500 600; x_wconf 82' lang='lat' dir='ltr'><strong>Luceria</strong></span> <span class='ocrx_word' id='word_1_22' title='bbox 1529 538 1856 611; x_wconf 76' lang='lat' dir='ltr'><strong>Winigisum</strong></span> <span class='ocrx_word' id='word_1_23' title='bbox 1886 537 2055 593; x_wconf 86' lang='lat' dir='ltr'><strong>comi-</strong></span> 
     </span>
    </p>
   </div>
   <div class='ocr_carea' id='block_1_4' title="bbox 480 630 2057 714">
    <p class='ocr_par' dir='ltr' id='par_1_4' title="bbox 480 630 2057 714">
     <span class='ocr_line' id='line_1_4' title="bbox 480 630 2057 714; baseline -0.011 -13"><span class='ocrx_word' id='word_1_24' title='bbox 480 654 590 701; x_wconf 90' lang='lat' dir='ltr'><strong>tem</strong></span> <span class='ocrx_word' id='word_1_25' title='bbox 606 640 831 714; x_wconf 79' lang='lat' dir='ltr'><strong>Spoleti,</strong></span> <span class='ocrx_word' id='word_1_26' title='bbox 847 639 938 711; x_wconf 89' lang='lat' dir='ltr'><strong>qui</strong></span> <span class='ocrx_word' id='word_1_27' title='bbox 960 636 1208 710; x_wconf 64' lang='lat' dir='ltr'><strong>praesidio</strong></span> <span class='ocrx_word' id='word_1_28' title='bbox 1230 641 1479 705; x_wconf 72' lang='lat' dir='ltr'><strong>praeerat,</strong></span> <span class='ocrx_word' id='word_1_29' title='bbox 1509 633 1731 689; x_wconf 89' lang='lat' dir='ltr'><strong>adversa</strong></span> <span class='ocrx_word' id='word_1_30' title='bbox 1752 630 2057 690; x_wconf 86' lang='lat' dir='ltr'><strong>valetudine</strong></span> 
     </span>
    </p>
   </div>
   <div class='ocr_carea' id='block_1_5' title="bbox 482 722 2060 806">
    <p class='ocr_par' dir='ltr' id='par_1_5' title="bbox 482 722 2060 806">
     <span class='ocr_line' id='line_1_5' title="bbox 482 722 2060 806; baseline -0.009 -17"><span class='ocrx_word' id='word_1_31' title='bbox 482 734 763 806; x_wconf 74' lang='lat' dir='ltr'><strong>fatigatum</strong></span> <span class='ocrx_word' id='word_1_32' title='bbox 784 729 1015 796; x_wconf 90' lang='lat' dir='ltr'><strong>obsedit,</strong></span> <span class='ocrx_word' id='word_1_33' title='bbox 1042 738 1099 785; x_wconf 87' lang='lat' dir='ltr'><strong>et</strong></span> <span class='ocrx_word' id='word_1_34' title='bbox 1127 728 1181 783; x_wconf 92' lang='lat' dir='ltr'><strong>iu</strong></span> <span class='ocrx_word' id='word_1_35' title='bbox 1214 725 1542 782; x_wconf 84' lang='lat' dir='ltr'><strong>deditionem</strong></span> <span class='ocrx_word' id='word_1_36' title='bbox 1566 722 1795 793; x_wconf 84' lang='lat' dir='ltr'><strong>accepit,</strong></span> <span class='ocrx_word' id='word_1_37' title='bbox 1819 730 2060 792; x_wconf 80' lang='lat' dir='ltr'><strong>captum-</strong></span> 
     </span>
    </p>
   </div>
   <div class='ocr_carea' id='block_1_6' title="bbox 481 812 2060 896">
    <p class='ocr_par' dir='ltr' id='par_1_6' title="bbox 481 812 2060 896">
     <span class='ocr_line' id='line_1_6' title="bbox 481 812 2060 896; baseline -0.004 -19"><span class='ocrx_word' id='word_1_38' title='bbox 481 840 586 896; x_wconf 83' lang='lat' dir='ltr'><strong>que</strong></span> <span class='ocrx_word' id='word_1_39' title='bbox 616 837 739 879; x_wconf 92' lang='lat' dir='ltr'><strong>cum</strong></span> <span class='ocrx_word' id='word_1_40' title='bbox 768 834 963 892; x_wconf 79' lang='lat' dir='ltr'><strong>magno</strong></span> <span class='ocrx_word' id='word_1_41' title='bbox 990 819 1198 873; x_wconf 84' lang='lat' dir='ltr'><strong>honore</strong></span> <span class='ocrx_word' id='word_1_42' title='bbox 1230 815 1421 870; x_wconf 90' lang='lat' dir='ltr'><strong>tenuit.</strong></span> <span class='ocrx_word' id='word_1_43' title='bbox 1444 813 1746 884; x_wconf 81' lang='lat' dir='ltr'><strong>Imperator</strong></span> <span class='ocrx_word' id='word_1_44' title='bbox 1775 812 1944 883; x_wconf 87' lang='lat' dir='ltr'><strong>Aquis</strong></span> <span class='ocrx_word' id='word_1_45' title='bbox 1970 825 2060 870; x_wconf 80' lang='lat' dir='ltr'><strong>na-</strong></span> 
     </span>
    </p>
   </div>
   <div class='ocr_carea' id='block_1_7' title="bbox 481 904 1255 975">
    <p class='ocr_par' dir='ltr' id='par_1_7' title="bbox 481 904 1255 975">
     <span class='ocr_line' id='line_1_7' title="bbox 481 904 1255 975; baseline -0.018 -2"><span class='ocrx_word' id='word_1_46' title='bbox 481 913 644 973; x_wconf 77' lang='lat' dir='ltr'><strong>talem</strong></span> <span class='ocrx_word' id='word_1_47' title='bbox 677 909 889 966; x_wconf 88' lang='lat' dir='ltr'><strong>Domini</strong></span> <span class='ocrx_word' id='word_1_48' title='bbox 921 904 1255 975; x_wconf 49' lang='lat' dir='ltr'><strong>celebravit.,</strong></span> 
     </span>
    </p>
   </div>
   <div class='ocr_carea' id='block_1_8' title="bbox 548 989 2060 1059">
    <p class='ocr_par' dir='ltr' id='par_1_8' title="bbox 548 989 2060 1059">
     <span class='ocr_line' id='line_1_8' title="bbox 548 989 2060 1059; baseline -0.011 0"><span class='ocrx_word' id='word_1_49' title='bbox 548 1003 705 1059; x_wconf 83' lang='lat' dir='ltr'><strong>Anno</strong></span> <span class='ocrx_word' id='word_1_50' title='bbox 755 998 1048 1056; x_wconf 72' lang='lat' dir='ltr'><strong>Dominica:</strong></span> <span class='ocrx_word' id='word_1_51' title='bbox 1097 993 1489 1051; x_wconf 85' lang='lat' dir='ltr'><strong>incarnationis</strong></span> <span class='ocrx_word' id='word_1_52' title='bbox 1535 989 1640 1047; x_wconf 76' lang='lat'><strong>803</strong></span> <span class='ocrx_word' id='word_1_53' title='bbox 1671 998 1828 1045; x_wconf 71' lang='lat' dir='ltr'><strong>terrm</strong></span> <span class='ocrx_word' id='word_1_54' title='bbox 1882 997 2060 1049; x_wconf 87' lang='lat' dir='ltr'><strong>motus</strong></span> 
     </span>
    </p>
   </div>
   <div class='ocr_carea' id='block_1_9' title="bbox 480 1085 2057 1166">
    <p class='ocr_par' dir='ltr' id='par_1_9' title="bbox 480 1085 2057 1166">
     <span class='ocr_line' id='line_1_9' title="bbox 480 1085 2057 1166; baseline -0.009 -15"><span class='ocrx_word' id='word_1_55' title='bbox 480 1095 649 1166; x_wconf 82' lang='lat' dir='ltr'><strong>Aquis</strong></span> <span class='ocrx_word' id='word_1_56' title='bbox 670 1091 870 1166; x_wconf 88' lang='lat' dir='ltr'><strong>palatio</strong></span> <span class='ocrx_word' id='word_1_57' title='bbox 890 1090 1068 1146; x_wconf 83' lang='lat' dir='ltr'><strong>factus</strong></span> <span class='ocrx_word' id='word_1_58' title='bbox 1095 1099 1198 1155; x_wconf 90' lang='lat' dir='ltr'><strong>est,</strong></span> <span class='ocrx_word' id='word_1_59' title='bbox 1226 1099 1281 1144; x_wconf 87' lang='lat' dir='ltr'><strong>et</strong></span> <span class='ocrx_word' id='word_1_60' title='bbox 1310 1086 1615 1145; x_wconf 83' lang='lat' dir='ltr'><strong>mortalitas</strong></span> <span class='ocrx_word' id='word_1_61' title='bbox 1642 1085 1929 1142; x_wconf 83' lang='lat' dir='ltr'><strong>subsecuta</strong></span> <span class='ocrx_word' id='word_1_62' title='bbox 1951 1090 2057 1149; x_wconf 89' lang='lat' dir='ltr'><strong>est,</strong></span> 
     </span>
    </p>
   </div>
   <div class='ocr_carea' id='block_1_10' title="bbox 479 1176 2062 1259">
    <p class='ocr_par' dir='ltr' id='par_1_10' title="bbox 479 1176 2062 1259">
     <span class='ocr_line' id='line_1_10' title="bbox 479 1176 2062 1259; baseline -0.011 -13"><span class='ocrx_word' id='word_1_63' title='bbox 479 1187 792 1259; x_wconf 74' lang='lat' dir='ltr'><strong>Winegisus</strong></span> <span class='ocrx_word' id='word_1_64' title='bbox 821 1202 850 1239; x_wconf 87' lang='lat' dir='ltr'><strong>a</strong></span> <span class='ocrx_word' id='word_1_65' title='bbox 877 1183 1155 1243; x_wconf 84' lang='lat' dir='ltr'><strong>Grimaldo</strong></span> <span class='ocrx_word' id='word_1_66' title='bbox 1195 1182 1433 1237; x_wconf 88' lang='lat' dir='ltr'><strong>redditus</strong></span> <span class='ocrx_word' id='word_1_67' title='bbox 1458 1189 1559 1235; x_wconf 88' lang='lat' dir='ltr'><strong>est.</strong></span> <span class='ocrx_word' id='word_1_68' title='bbox 1600 1178 1744 1233; x_wconf 84' lang='lat' dir='ltr'><strong>Missi</strong></span> <span class='ocrx_word' id='word_1_69' title='bbox 1772 1176 2062 1246; x_wconf 72' lang='lat' dir='ltr'><strong>imperato-</strong></span> 
     </span>
    </p>
   </div>
   <div class='ocr_carea' id='block_1_11' title="bbox 480 1271 2058 1346">
    <p class='ocr_par' dir='ltr' id='par_1_11' title="bbox 480 1271 2058 1346">
     <span class='ocr_line' id='line_1_11' title="bbox 480 1271 2058 1346; baseline -0.012 -9"><span class='ocrx_word' id='word_1_70' title='bbox 480 1278 559 1338; x_wconf 97' lang='lat' dir='ltr'><strong>ris</strong></span> <span class='ocrx_word' id='word_1_71' title='bbox 587 1292 618 1332; x_wconf 88' lang='lat' dir='ltr'><strong>a</strong></span> <span class='ocrx_word' id='word_1_72' title='bbox 642 1274 1079 1346; x_wconf 88' lang='lat' dir='ltr'><strong>Contantinopoli</strong></span> <span class='ocrx_word' id='word_1_73' title='bbox 1112 1271 1345 1343; x_wconf 76' lang='lat' dir='ltr'><strong>regressi</strong></span> <span class='ocrx_word' id='word_1_74' title='bbox 1380 1278 1530 1336; x_wconf 88' lang='lat' dir='ltr'><strong>sunt,</strong></span> <span class='ocrx_word' id='word_1_75' title='bbox 1561 1277 1617 1325; x_wconf 88' lang='lat' dir='ltr'><strong>et</strong></span> <span class='ocrx_word' id='word_1_76' title='bbox 1642 1276 1905 1322; x_wconf 87' lang='lat' dir='ltr'><strong>venerunt</strong></span> <span class='ocrx_word' id='word_1_77' title='bbox 1935 1280 2058 1320; x_wconf 90' lang='lat' dir='ltr'><strong>cum</strong></span> 
     </span>
    </p>
   </div>
   <div class='ocr_carea' id='block_1_12' title="bbox 483 1359 2062 1439">
    <p class='ocr_par' dir='ltr' id='par_1_12' title="bbox 483 1359 2062 1439">
     <span class='ocr_line' id='line_1_12' title="bbox 483 1359 2062 1439; baseline -0.01 -14"><span class='ocrx_word' id='word_1_78' title='bbox 483 1368 565 1425; x_wconf 87' lang='lat' dir='ltr'><strong>eis</strong></span> <span class='ocrx_word' id='word_1_79' title='bbox 611 1366 772 1439; x_wconf 82' lang='lat' dir='ltr'><strong>legati</strong></span> <span class='ocrx_word' id='word_1_80' title='bbox 811 1363 1051 1420; x_wconf 77' lang='lat' dir='ltr'><strong>Nicol‘ori</strong></span> <span class='ocrx_word' id='word_1_81' title='bbox 1097 1360 1458 1433; x_wconf 86' lang='lat' dir='ltr'><strong>imperatoris,</strong></span> <span class='ocrx_word' id='word_1_82' title='bbox 1512 1359 1604 1430; x_wconf 92' lang='lat' dir='ltr'><strong>qui</strong></span> <span class='ocrx_word' id='word_1_83' title='bbox 1644 1368 1771 1414; x_wconf 90' lang='lat' dir='ltr'><strong>tunc</strong></span> <span class='ocrx_word' id='word_1_84' title='bbox 1819 1372 1932 1415; x_wconf 87' lang='lat' dir='ltr'><strong>rem</strong></span> <span class='ocrx_word' id='word_1_85' title='bbox 1964 1372 2062 1428; x_wconf 86' lang='lat' dir='ltr'><strong>pu-</strong></span> 
     </span>
    </p>
   </div>
   <div class='ocr_carea' id='block_1_13' title="bbox 482 1447 2061 1528">
    <p class='ocr_par' dir='ltr' id='par_1_13' title="bbox 482 1447 2061 1528">
     <span class='ocr_line' id='line_1_13' title="bbox 482 1447 2061 1528; baseline -0.008 -14"><span class='ocrx_word' id='word_1_86' title='bbox 482 1458 678 1517; x_wconf 89' lang='lat' dir='ltr'><strong>blicam</strong></span> <span class='ocrx_word' id='word_1_87' title='bbox 709 1456 958 1528; x_wconf 79' lang='lat' dir='ltr'><strong>regebat,</strong></span> <span class='ocrx_word' id='word_1_88' title='bbox 985 1469 1212 1525; x_wconf 91' lang='lat' dir='ltr'><strong>quorum</strong></span> <span class='ocrx_word' id='word_1_89' title='bbox 1242 1452 1360 1507; x_wconf 67' lang='lat' dir='ltr'><strong>haec</strong></span> <span class='ocrx_word' id='word_1_90' title='bbox 1386 1461 1511 1506; x_wconf 91' lang='lat' dir='ltr'><strong>sunt</strong></span> <span class='ocrx_word' id='word_1_91' title='bbox 1538 1450 1755 1506; x_wconf 89' lang='lat' dir='ltr'><strong>nomina</strong></span> <span class='ocrx_word' id='word_1_92' title='bbox 1780 1466 1794 1509; x_wconf 87' lang='lat'><strong>:</strong></span> <span class='ocrx_word' id='word_1_93' title='bbox 1834 1447 2061 1505; x_wconf 83' lang='lat' dir='ltr'><strong>Michael</strong></span> 
     </span>
    </p>
   </div>
   <div class='ocr_carea' id='block_1_14' title="bbox 483 1539 2059 1621">
    <p class='ocr_par' dir='ltr' id='par_1_14' title="bbox 483 1539 2059 1621">
     <span class='ocr_line' id='line_1_14' title="bbox 483 1539 2059 1621; baseline -0.006 -16"><span class='ocrx_word' id='word_1_94' title='bbox 483 1547 789 1621; x_wconf 88' lang='lat' dir='ltr'><strong>episcopus,</strong></span> <span class='ocrx_word' id='word_1_95' title='bbox 841 1544 1036 1601; x_wconf 88' lang='lat' dir='ltr'><strong>Petrus</strong></span> <span class='ocrx_word' id='word_1_96' title='bbox 1091 1543 1279 1609; x_wconf 83' lang='lat' dir='ltr'><strong>abbas,</strong></span> <span class='ocrx_word' id='word_1_97' title='bbox 1333 1540 1573 1597; x_wconf 86' lang='lat' dir='ltr'><strong>Calistus</strong></span> <span class='ocrx_word' id='word_1_98' title='bbox 1612 1549 1668 1596; x_wconf 90' lang='lat' dir='ltr'><strong>et</strong></span> <span class='ocrx_word' id='word_1_99' title='bbox 1695 1539 2059 1605; x_wconf 85' lang='lat' dir='ltr'><strong>Candidatus,</strong></span> 
     </span>
    </p>
   </div>
   <div class='ocr_carea' id='block_1_15' title="bbox 484 1630 2064 1708">
    <p class='ocr_par' dir='ltr' id='par_1_15' title="bbox 484 1630 2064 1708">
     <span class='ocr_line' id='line_1_15' title="bbox 484 1630 2064 1708; baseline -0.006 -14"><span class='ocrx_word' id='word_1_100' title='bbox 484 1637 578 1708; x_wconf 86' lang='lat' dir='ltr'><strong>qui</strong></span> <span class='ocrx_word' id='word_1_101' title='bbox 626 1643 893 1693; x_wconf 87' lang='lat' dir='ltr'><strong>venerunt</strong></span> <span class='ocrx_word' id='word_1_102' title='bbox 941 1635 1005 1693; x_wconf 87' lang='lat' dir='ltr'><strong>ad</strong></span> <span class='ocrx_word' id='word_1_103' title='bbox 1038 1634 1420 1705; x_wconf 86' lang='lat' dir='ltr'><strong>imperatorem</strong></span> <span class='ocrx_word' id='word_1_104' title='bbox 1470 1632 1521 1686; x_wconf 91' lang='lat' dir='ltr'><strong>in</strong></span> <span class='ocrx_word' id='word_1_105' title='bbox 1568 1630 1860 1689; x_wconf 86' lang='lat' dir='ltr'><strong>Germania</strong></span> <span class='ocrx_word' id='word_1_106' title='bbox 1902 1644 2064 1703; x_wconf 89' lang='lat' dir='ltr'><strong>super</strong></span> 
     </span>
    </p>
   </div>
   <div class='ocr_carea' id='block_1_16' title="bbox 481 1721 2060 1795">
    <p class='ocr_par' dir='ltr' id='par_1_16' title="bbox 481 1721 2060 1795">
     <span class='ocr_line' id='line_1_16' title="bbox 481 1721 2060 1795; baseline -0.007 -11"><span class='ocrx_word' id='word_1_107' title='bbox 481 1724 700 1787; x_wconf 83' lang='lat' dir='ltr'><strong>ﬂuvium</strong></span> <span class='ocrx_word' id='word_1_108' title='bbox 738 1724 886 1791; x_wconf 88' lang='lat' dir='ltr'><strong>Sala,</strong></span> <span class='ocrx_word' id='word_1_109' title='bbox 923 1724 977 1780; x_wconf 94' lang='lat' dir='ltr'><strong>in</strong></span> <span class='ocrx_word' id='word_1_110' title='bbox 1020 1723 1137 1779; x_wconf 92' lang='lat' dir='ltr'><strong>loco</strong></span> <span class='ocrx_word' id='word_1_111' title='bbox 1172 1723 1264 1795; x_wconf 91' lang='lat' dir='ltr'><strong>qui</strong></span> <span class='ocrx_word' id='word_1_112' title='bbox 1306 1722 1506 1779; x_wconf 91' lang='lat' dir='ltr'><strong>dicitur</strong></span> <span class='ocrx_word' id='word_1_113' title='bbox 1550 1721 1721 1789; x_wconf 82' lang='lat' dir='ltr'><strong>Saltz,</strong></span> <span class='ocrx_word' id='word_1_114' title='bbox 1752 1729 1807 1777; x_wconf 92' lang='lat' dir='ltr'><strong>ct</strong></span> <span class='ocrx_word' id='word_1_115' title='bbox 1847 1727 2060 1793; x_wconf 88' lang='lat' dir='ltr'><strong>pactum</strong></span> 
     </span>
    </p>
   </div>
   <div class='ocr_carea' id='block_1_17' title="bbox 2158 532 3757 597">
    <p class='ocr_par' dir='ltr' id='par_1_17' title="bbox 2158 532 3757 597">
     <span class='ocr_line' id='line_1_17' title="bbox 2158 532 3757 597; baseline 0 -1"><span class='ocrx_word' id='word_1_116' title='bbox 2158 539 2335 596; x_wconf 89' lang='lat' dir='ltr'><strong>locum</strong></span> <span class='ocrx_word' id='word_1_117' title='bbox 2364 536 2480 597; x_wconf 87' lang='lat' dir='ltr'><strong>dari</strong></span> <span class='ocrx_word' id='word_1_118' title='bbox 2504 536 2572 591; x_wconf 86' lang='lat' dir='ltr'><strong>ad</strong></span> <span class='ocrx_word' id='word_1_119' title='bbox 2606 533 2957 592; x_wconf 79' lang='lat' dir='ltr'><strong>habitandum</strong></span> <span class='ocrx_word' id='word_1_120' title='bbox 2981 533 3122 595; x_wconf 87' lang='lat' dir='ltr'><strong>inter</strong></span> <span class='ocrx_word' id='word_1_121' title='bbox 3146 532 3428 590; x_wconf 85' lang='lat' dir='ltr'><strong>Sabariam</strong></span> <span class='ocrx_word' id='word_1_122' title='bbox 3453 544 3511 591; x_wconf 88' lang='lat' dir='ltr'><strong>et</strong></span> <span class='ocrx_word' id='word_1_123' title='bbox 3538 535 3757 596; x_wconf 62' lang='lat' dir='ltr'><strong>Carano</strong></span> 
     </span>
    </p>
   </div>
   <div class='ocr_carea' id='block_1_18' title="bbox 2161 612 3754 698">
    <p class='ocr_par' dir='ltr' id='par_1_18' title="bbox 2161 612 3754 698">
     <span class='ocr_line' id='line_1_18' title="bbox 2161 612 3754 698; baseline 0.001 -13"><span class='ocrx_word' id='word_1_124' title='bbox 2161 638 2369 695; x_wconf 71' lang='lat' dir='ltr'><strong>tantum,</strong></span> <span class='ocrx_word' id='word_1_125' title='bbox 2419 626 2543 697; x_wconf 87' lang='lat' dir='ltr'><strong>quia</strong></span> <span class='ocrx_word' id='word_1_126' title='bbox 2592 636 2815 698; x_wconf 78' lang='lat' dir='ltr'><strong>propter</strong></span> <span class='ocrx_word' id='word_1_127' title='bbox 2861 622 3261 679; x_wconf 80' lang='lat' dir='ltr'><strong>infestationem</strong></span> <span class='ocrx_word' id='word_1_128' title='bbox 3313 622 3635 682; x_wconf 90' lang='lat' dir='ltr'><strong>Sclavorum</strong></span> <span class='ocrx_word' id='word_1_129' title='bbox 3676 612 3754 687; x_wconf 82' lang='lat' dir='ltr'><strong>in</strong></span> 
     </span>
    </p>
   </div>
   <div class='ocr_carea' id='block_1_19' title="bbox 2160 719 3759 793">
    <p class='ocr_par' dir='ltr' id='par_1_19' title="bbox 2160 719 3759 793">
     <span class='ocr_line' id='line_1_19' title="bbox 2160 719 3759 793; baseline -0.001 -16"><span class='ocrx_word' id='word_1_130' title='bbox 2160 720 2403 793; x_wconf 87' lang='lat' dir='ltr'><strong>pristinis</strong></span> <span class='ocrx_word' id='word_1_131' title='bbox 2444 719 2661 776; x_wconf 89' lang='lat' dir='ltr'><strong>sedibus</strong></span> <span class='ocrx_word' id='word_1_132' title='bbox 2686 734 2909 776; x_wconf 89' lang='lat' dir='ltr'><strong>manere</strong></span> <span class='ocrx_word' id='word_1_133' title='bbox 2942 733 3061 775; x_wconf 70' lang='lat' dir='ltr'><strong>non</strong></span> <span class='ocrx_word' id='word_1_134' title='bbox 3078 726 3333 791; x_wconf 73' lang='lat' dir='ltr'><strong>poterat;</strong></span> <span class='ocrx_word' id='word_1_135' title='bbox 3379 734 3542 790; x_wconf 87' lang='lat' dir='ltr'><strong>quem</strong></span> <span class='ocrx_word' id='word_1_136' title='bbox 3577 721 3759 791; x_wconf 84' lang='lat' dir='ltr'><strong>impe-</strong></span> 
     </span>
    </p>
   </div>
   <div class='ocr_carea' id='block_1_20' title="bbox 2160 804 3757 888">
    <p class='ocr_par' dir='ltr' id='par_1_20' title="bbox 2160 804 3757 888">
     <span class='ocr_line' id='line_1_20' title="bbox 2160 804 3757 888; baseline -0.001 -21"><span class='ocrx_word' id='word_1_137' title='bbox 2160 820 2310 867; x_wconf 88' lang='lat' dir='ltr'><strong>rator</strong></span> <span class='ocrx_word' id='word_1_138' title='bbox 2329 812 2556 881; x_wconf 85' lang='lat' dir='ltr'><strong>benigne</strong></span> <span class='ocrx_word' id='word_1_139' title='bbox 2579 810 2833 882; x_wconf 86' lang='lat' dir='ltr'><strong>suscepit,</strong></span> <span class='ocrx_word' id='word_1_140' title='bbox 2850 810 3072 887; x_wconf 85' lang='lat' dir='ltr'><strong>ejusque</strong></span> <span class='ocrx_word' id='word_1_141' title='bbox 3092 804 3345 888; x_wconf 78' lang='lat' dir='ltr'><strong>precibus</strong></span> <span class='ocrx_word' id='word_1_142' title='bbox 3374 806 3527 867; x_wconf 68' lang='lat' dir='ltr'><strong>favit.</strong></span> <span class='ocrx_word' id='word_1_143' title='bbox 3542 811 3757 871; x_wconf 85' lang='lat' dir='ltr'><strong>Eodem</strong></span> 
     </span>
    </p>
   </div>
   <div class='ocr_carea' id='block_1_21' title="bbox 2162 900 3760 983">
    <p class='ocr_par' dir='ltr' id='par_1_21' title="bbox 2162 900 3760 983">
     <span class='ocr_line' id='line_1_21' title="bbox 2162 900 3760 983; baseline 0.002 -28"><span class='ocrx_word' id='word_1_144' title='bbox 2162 908 2403 972; x_wconf 89' lang='lat' dir='ltr'><strong>tempore</strong></span> <span class='ocrx_word' id='word_1_145' title='bbox 2442 900 2898 957; x_wconf 80' lang='lat' dir='ltr'><strong>misitexercitum</strong></span> <span class='ocrx_word' id='word_1_146' title='bbox 2925 917 3049 962; x_wconf 88' lang='lat' dir='ltr'><strong>cum</strong></span> <span class='ocrx_word' id='word_1_147' title='bbox 3085 900 3197 963; x_wconf 81' lang='lat' dir='ltr'><strong>lilio</strong></span> <span class='ocrx_word' id='word_1_148' title='bbox 3225 914 3325 960; x_wconf 88' lang='lat' dir='ltr'><strong>suo</strong></span> <span class='ocrx_word' id='word_1_149' title='bbox 3354 900 3760 983; x_wconf 60' lang='lat' dir='ltr'><strong>Carolovsuper</strong></span> 
     </span>
    </p>
   </div>
   <div class='ocr_carea' id='block_1_22' title="bbox 2163 989 3757 1066">
    <p class='ocr_par' dir='ltr' id='par_1_22' title="bbox 2163 989 3757 1066">
     <span class='ocr_line' id='line_1_22' title="bbox 2163 989 3757 1066; baseline 0.003 -19"><span class='ocrx_word' id='word_1_150' title='bbox 2163 989 2386 1049; x_wconf 75' lang='lat' dir='ltr'><strong>Sclavos</strong></span> <span class='ocrx_word' id='word_1_151' title='bbox 2414 991 2507 1062; x_wconf 92' lang='lat' dir='ltr'><strong>qui</strong></span> <span class='ocrx_word' id='word_1_152' title='bbox 2556 1000 2819 1049; x_wconf 82' lang='lat' dir='ltr'><strong>vocantur</strong></span> <span class='ocrx_word' id='word_1_153' title='bbox 2862 992 3084 1061; x_wconf 89' lang='lat' dir='ltr'><strong>Boemi;</strong></span> <span class='ocrx_word' id='word_1_154' title='bbox 3150 993 3244 1066; x_wconf 86' lang='lat' dir='ltr'><strong>qui</strong></span> <span class='ocrx_word' id='word_1_155' title='bbox 3293 1008 3508 1051; x_wconf 86' lang='lat' dir='ltr'><strong>omnem</strong></span> <span class='ocrx_word' id='word_1_156' title='bbox 3543 1002 3757 1051; x_wconf 85' lang='lat' dir='ltr'><strong>terram</strong></span> 
     </span>
    </p>
   </div>
   <div class='ocr_carea' id='block_1_23' title="bbox 2160 1081 3756 1163">
    <p class='ocr_par' dir='ltr' id='par_1_23' title="bbox 2160 1081 3756 1163">
     <span class='ocr_line' id='line_1_23' title="bbox 2160 1081 3756 1163; baseline 0.004 -28"><span class='ocrx_word' id='word_1_157' title='bbox 2160 1095 2349 1136; x_wconf 90' lang='lat' dir='ltr'><strong>eorum</strong></span> <span class='ocrx_word' id='word_1_158' title='bbox 2379 1081 2784 1152; x_wconf 77' lang='lat' dir='ltr'><strong>depopulantes,</strong></span> <span class='ocrx_word' id='word_1_159' title='bbox 2815 1082 3006 1141; x_wconf 90' lang='lat' dir='ltr'><strong>ducem</strong></span> <span class='ocrx_word' id='word_1_160' title='bbox 3030 1098 3218 1143; x_wconf 83' lang='lat' dir='ltr'><strong>eorum</strong></span> <span class='ocrx_word' id='word_1_161' title='bbox 3241 1086 3335 1163; x_wconf 90' lang='lat' dir='ltr'><strong>qui</strong></span> <span class='ocrx_word' id='word_1_162' title='bbox 3370 1086 3756 1156; x_wconf 73' lang='lat' dir='ltr'><strong>appellabatur</strong></span> 
     </span>
    </p>
   </div>
   <div class='ocr_carea' id='block_1_24' title="bbox 2161 1173 3750 1247">
    <p class='ocr_par' dir='ltr' id='par_1_24' title="bbox 2161 1173 3750 1247">
     <span class='ocr_line' id='line_1_24' title="bbox 2161 1173 3750 1247; baseline 0.003 -16"><span class='ocrx_word' id='word_1_163' title='bbox 2161 1174 2334 1236; x_wconf 80' lang='lat' dir='ltr'><strong>Letho</strong></span> <span class='ocrx_word' id='word_1_164' title='bbox 2359 1173 2697 1234; x_wconf 84' lang='lat' dir='ltr'><strong>occiderunt.</strong></span> <span class='ocrx_word' id='word_1_165' title='bbox 2723 1173 3019 1247; x_wconf 87' lang='lat' dir='ltr'><strong>imperator</strong></span> <span class='ocrx_word' id='word_1_166' title='bbox 3038 1173 3349 1235; x_wconf 83' lang='lat' dir='ltr'><strong>Theodonis</strong></span> <span class='ocrx_word' id='word_1_167' title='bbox 3370 1177 3551 1233; x_wconf 89' lang='lat' dir='ltr'><strong>villam</strong></span> <span class='ocrx_word' id='word_1_168' title='bbox 3573 1177 3750 1245; x_wconf 74' lang='lat' dir='ltr'><strong>venit,</strong></span> 
     </span>
    </p>
   </div>
   <div class='ocr_carea' id='block_1_25' title="bbox 2163 1266 3837 1343">
    <p class='ocr_par' dir='ltr' id='par_1_25' title="bbox 2163 1266 3837 1343">
     <span class='ocr_line' id='line_1_25' title="bbox 2163 1266 3837 1343; baseline 0.005 -19"><span class='ocrx_word' id='word_1_169' title='bbox 2163 1266 2394 1337; x_wconf 87' lang='lat' dir='ltr'><strong>indeque</strong></span> <span class='ocrx_word' id='word_1_170' title='bbox 2432 1267 2500 1323; x_wconf 92' lang='lat' dir='ltr'><strong>ad</strong></span> <span class='ocrx_word' id='word_1_171' title='bbox 2542 1266 2814 1323; x_wconf 82' lang='lat' dir='ltr'><strong>Romarici</strong></span> <span class='ocrx_word' id='word_1_172' title='bbox 2853 1280 3087 1327; x_wconf 90' lang='lat' dir='ltr'><strong>montem</strong></span> <span class='ocrx_word' id='word_1_173' title='bbox 3118 1287 3288 1343; x_wconf 89' lang='lat' dir='ltr'><strong>usque</strong></span> <span class='ocrx_word' id='word_1_174' title='bbox 3325 1271 3623 1342; x_wconf 88' lang='lat' dir='ltr'><strong>prolectus,</strong></span> <span class='ocrx_word' id='word_1_175' title='bbox 3669 1272 3757 1332; x_wconf 76' lang='lat' dir='ltr'><strong>ibi</strong></span> <span class='ocrx_word' id='word_1_176' title='bbox 3832 1322 3837 1331; x_wconf 82' lang='lat'><strong>.</strong></span> 
     </span>
    </p>
   </div>
   <div class='ocr_carea' id='block_1_26' title="bbox 2160 1359 3751 1429">
    <p class='ocr_par' dir='ltr' id='par_1_26' title="bbox 2160 1359 3751 1429">
     <span class='ocr_line' id='line_1_26' title="bbox 2160 1359 3751 1429; baseline 0.005 -18"><span class='ocrx_word' id='word_1_177' title='bbox 2160 1359 2539 1416; x_wconf 85' lang='lat' dir='ltr'><strong>venationibus</strong></span> <span class='ocrx_word' id='word_1_178' title='bbox 2566 1361 2893 1421; x_wconf 79' lang='lat' dir='ltr'><strong>exercitatus</strong></span> <span class='ocrx_word' id='word_1_179' title='bbox 2917 1369 3024 1426; x_wconf 90' lang='lat' dir='ltr'><strong>est,</strong></span> <span class='ocrx_word' id='word_1_180' title='bbox 3050 1362 3174 1424; x_wconf 89' lang='lat' dir='ltr'><strong>inde</strong></span> <span class='ocrx_word' id='word_1_181' title='bbox 3204 1364 3512 1427; x_wconf 85' lang='lat' dir='ltr'><strong>Theodonis</strong></span> <span class='ocrx_word' id='word_1_182' title='bbox 3558 1364 3751 1429; x_wconf 79' lang='lat' dir='ltr'><strong>villam</strong></span> 
     </span>
    </p>
   </div>
   <div class='ocr_carea' id='block_1_27' title="bbox 2163 1450 3248 1512">
    <p class='ocr_par' dir='ltr' id='par_1_27' title="bbox 2163 1450 3248 1512">
     <span class='ocr_line' id='line_1_27' title="bbox 2163 1450 3248 1512; baseline 0.002 -6"><span class='ocrx_word' id='word_1_183' title='bbox 2163 1464 2416 1507; x_wconf 88' lang='lat' dir='ltr'><strong>reversus</strong></span> <span class='ocrx_word' id='word_1_184' title='bbox 2446 1450 2679 1508; x_wconf 85' lang='lat' dir='ltr'><strong>natalem</strong></span> <span class='ocrx_word' id='word_1_185' title='bbox 2702 1450 2913 1506; x_wconf 89' lang='lat' dir='ltr'><strong>Domini</strong></span> <span class='ocrx_word' id='word_1_186' title='bbox 2936 1451 3248 1512; x_wconf 81' lang='lat' dir='ltr'><strong>celebravit.</strong></span> 
     </span>
    </p>
   </div>
   <div class='ocr_carea' id='block_1_28' title="bbox 2234 1540 3754 1603">
    <p class='ocr_par' dir='ltr' id='par_1_28' title="bbox 2234 1540 3754 1603">
     <span class='ocr_line' id='line_1_28' title="bbox 2234 1540 3754 1603; baseline 0.005 -8"><span class='ocrx_word' id='word_1_187' title='bbox 2234 1541 2390 1596; x_wconf 83' lang='lat' dir='ltr'><strong>Anno</strong></span> <span class='ocrx_word' id='word_1_188' title='bbox 2420 1540 2711 1600; x_wconf 70' lang='lat' dir='ltr'><strong>Dominicze</strong></span> <span class='ocrx_word' id='word_1_189' title='bbox 2740 1541 3131 1603; x_wconf 75' lang='lat' dir='ltr'><strong>incarnationis</strong></span> <span class='ocrx_word' id='word_1_190' title='bbox 3152 1542 3255 1603; x_wconf 81' lang='lat'><strong>806</strong></span> <span class='ocrx_word' id='word_1_191' title='bbox 3300 1554 3568 1601; x_wconf 85' lang='lat' dir='ltr'><strong>venerunt</strong></span> <span class='ocrx_word' id='word_1_192' title='bbox 3609 1545 3754 1602; x_wconf 84' lang='lat' dir='ltr'><strong>Wil-</strong></span> 
     </span>
    </p>
   </div>
   <div class='ocr_carea' id='block_1_29' title="bbox 2164 1632 3753 1701">
    <p class='ocr_par' dir='ltr' id='par_1_29' title="bbox 2164 1632 3753 1701">
     <span class='ocr_line' id='line_1_29' title="bbox 2164 1632 3753 1701; baseline 0.004 -12"><span class='ocrx_word' id='word_1_193' title='bbox 2164 1633 2351 1690; x_wconf 89' lang='lat' dir='ltr'><strong>harius</strong></span> <span class='ocrx_word' id='word_1_194' title='bbox 2371 1642 2425 1689; x_wconf 91' lang='lat' dir='ltr'><strong>et</strong></span> <span class='ocrx_word' id='word_1_195' title='bbox 2452 1632 2650 1693; x_wconf 88' lang='lat' dir='ltr'><strong>Beatus</strong></span> <span class='ocrx_word' id='word_1_196' title='bbox 2684 1634 2848 1690; x_wconf 88' lang='lat' dir='ltr'><strong>duces</strong></span> <span class='ocrx_word' id='word_1_197' title='bbox 2874 1633 3131 1701; x_wconf 79' lang='lat' dir='ltr'><strong>Venetiae,</strong></span> <span class='ocrx_word' id='word_1_198' title='bbox 3163 1652 3261 1696; x_wconf 90' lang='lat' dir='ltr'><strong>nec</strong></span> <span class='ocrx_word' id='word_1_199' title='bbox 3304 1654 3409 1694; x_wconf 91' lang='lat' dir='ltr'><strong>non</strong></span> <span class='ocrx_word' id='word_1_200' title='bbox 3457 1648 3512 1694; x_wconf 90' lang='lat' dir='ltr'><strong>et</strong></span> <span class='ocrx_word' id='word_1_201' title='bbox 3547 1638 3753 1698; x_wconf 75' lang='lat' dir='ltr'><strong>Paulus</strong></span> 
     </span>
    </p>
   </div>
   <div class='ocr_carea' id='block_1_30' title="bbox 2164 1723 3753 1802">
    <p class='ocr_par' dir='ltr' id='par_1_30' title="bbox 2164 1723 3753 1802">
     <span class='ocr_line' id='line_1_30' title="bbox 2164 1723 3753 1802; baseline 0.006 -23"><span class='ocrx_word' id='word_1_202' title='bbox 2164 1724 2269 1779; x_wconf 79' lang='lat' dir='ltr'><strong>dux</strong></span> <span class='ocrx_word' id='word_1_203' title='bbox 2293 1723 2516 1791; x_wconf 84' lang='lat' dir='ltr'><strong>ladorae,</strong></span> <span class='ocrx_word' id='word_1_204' title='bbox 2545 1732 2705 1796; x_wconf 89' lang='lat' dir='ltr'><strong>atque</strong></span> <span class='ocrx_word' id='word_1_205' title='bbox 2730 1724 2968 1783; x_wconf 86' lang='lat' dir='ltr'><strong>Donatus</strong></span> <span class='ocrx_word' id='word_1_206' title='bbox 2999 1726 3242 1798; x_wconf 87' lang='lat' dir='ltr'><strong>ejusdem</strong></span> <span class='ocrx_word' id='word_1_207' title='bbox 3271 1729 3508 1786; x_wconf 90' lang='lat' dir='ltr'><strong>civitatis</strong></span> <span class='ocrx_word' id='word_1_208' title='bbox 3533 1732 3753 1802; x_wconf 59' lang='lat' dir='ltr'><strong>episcoc</strong></span> 
     </span>
    </p>
   </div>
   <div class='ocr_carea' id='block_1_31' title="bbox 482 1811 3754 1892">
    <p class='ocr_par' dir='ltr' id='par_1_31' title="bbox 482 1811 3754 1892">
     <span class='ocr_line' id='line_1_31' title="bbox 482 1811 3754 1892; baseline 0.002 -20"><span class='ocrx_word' id='word_1_209' title='bbox 482 1815 741 1873; x_wconf 81' lang='lat' dir='ltr'><strong>faciendae</strong></span> <span class='ocrx_word' id='word_1_210' title='bbox 767 1814 919 1887; x_wconf 91' lang='lat' dir='ltr'><strong>pacis</strong></span> <span class='ocrx_word' id='word_1_211' title='bbox 949 1815 1002 1870; x_wconf 91' lang='lat' dir='ltr'><strong>in</strong></span> <span class='ocrx_word' id='word_1_212' title='bbox 1034 1812 1252 1869; x_wconf 90' lang='lat' dir='ltr'><strong>Christo</strong></span> <span class='ocrx_word' id='word_1_213' title='bbox 1285 1820 1671 1885; x_wconf 89' lang='lat' dir='ltr'><strong>susceperunt;</strong></span> <span class='ocrx_word' id='word_1_214' title='bbox 1704 1811 1827 1870; x_wconf 89' lang='lat' dir='ltr'><strong>inde</strong></span> <span class='ocrx_word' id='word_1_215' title='bbox 1854 1811 2060 1866; x_wconf 87' lang='lat' dir='ltr'><strong>dimissi</strong></span> <span class='ocrx_word' id='word_1_216' title='bbox 2092 1823 2137 1884; x_wconf 75' lang='grc' dir='ltr'><strong>Β</strong></span> <span class='ocrx_word' id='word_1_217' title='bbox 2165 1830 2285 1885; x_wconf 88' lang='lat' dir='ltr'><strong>pus,</strong></span> <span class='ocrx_word' id='word_1_218' title='bbox 2323 1815 2483 1887; x_wconf 79' lang='lat' dir='ltr'><strong>legati</strong></span> <span class='ocrx_word' id='word_1_219' title='bbox 2533 1814 2807 1879; x_wconf 78' lang='lat' dir='ltr'><strong>Dalmatiae</strong></span> <span class='ocrx_word' id='word_1_220' title='bbox 2829 1856 2845 1882; x_wconf 95' lang='lat'><strong>,</strong></span> <span class='ocrx_word' id='word_1_221' title='bbox 2890 1815 2943 1877; x_wconf 91' lang='lat' dir='ltr'><strong>in</strong></span> <span class='ocrx_word' id='word_1_222' title='bbox 2999 1818 3341 1888; x_wconf 71' lang='lat' dir='ltr'><strong>praesentiam</strong></span> <span class='ocrx_word' id='word_1_223' title='bbox 3404 1819 3754 1892; x_wconf 84' lang='lat' dir='ltr'><strong>imperatoris</strong></span> 
     </span>
    </p>
   </div>
   <div class='ocr_carea' id='block_1_32' title="bbox 484 1896 2095 1984">
    <p class='ocr_par' dir='ltr' id='par_1_32' title="bbox 484 1896 2095 1984">
     <span class='ocr_line' id='line_1_32' title="bbox 484 1896 2095 1984; baseline -0.003 -17"><span class='ocrx_word' id='word_1_224' title='bbox 484 1928 605 1971; x_wconf 90' lang='lat' dir='ltr'><strong>cum</strong></span> <span class='ocrx_word' id='word_1_225' title='bbox 652 1909 879 1984; x_wconf 87' lang='lat' dir='ltr'><strong>epistola</strong></span> <span class='ocrx_word' id='word_1_226' title='bbox 934 1910 1279 1981; x_wconf 86' lang='lat' dir='ltr'><strong>imperatoris</strong></span> <span class='ocrx_word' id='word_1_227' title='bbox 1326 1908 1554 1965; x_wconf 75' lang='lat' dir='ltr'><strong>Romam</strong></span> <span class='ocrx_word' id='word_1_228' title='bbox 1596 1914 1880 1973; x_wconf 88' lang='lat' dir='ltr'><strong>venerunt,</strong></span> <span class='ocrx_word' id='word_1_229' title='bbox 1936 1896 2095 1965; x_wconf 59' lang='lat' dir='ltr'><strong>inde&#39;</strong></span> 
     </span>
    </p>
   </div>
   <div class='ocr_carea' id='block_1_33' title="bbox 485 1998 2062 2074">
    <p class='ocr_par' dir='ltr' id='par_1_33' title="bbox 485 1998 2062 2074">
     <span class='ocr_line' id='line_1_33' title="bbox 485 1998 2062 2074; baseline -0.004 -15"><span class='ocrx_word' id='word_1_230' title='bbox 485 1999 1008 2074; x_wconf 86' lang='lat' dir='ltr'><strong>Constantinopolim</strong></span> <span class='ocrx_word' id='word_1_231' title='bbox 1053 2000 1287 2072; x_wconf 73' lang='lat' dir='ltr'><strong>regressi</strong></span> <span class='ocrx_word' id='word_1_232' title='bbox 1327 2006 1475 2054; x_wconf 85' lang='lat' dir='ltr'><strong>sunt.</strong></span> <span class='ocrx_word' id='word_1_233' title='bbox 1534 1998 1833 2069; x_wconf 85' lang='lat' dir='ltr'><strong>Imperator</strong></span> <span class='ocrx_word' id='word_1_234' title='bbox 1879 2006 2062 2055; x_wconf 77' lang='lat' dir='ltr'><strong>autem</strong></span> 
     </span>
    </p>
   </div>
   <div class='ocr_carea' id='block_1_34' title="bbox 483 2089 2060 2166">
    <p class='ocr_par' dir='ltr' id='par_1_34' title="bbox 483 2089 2060 2166">
     <span class='ocr_line' id='line_1_34' title="bbox 483 2089 2060 2166; baseline -0.004 -14"><span class='ocrx_word' id='word_1_235' title='bbox 483 2090 786 2162; x_wconf 81' lang='lat' dir='ltr'><strong>Bajoariam</strong></span> <span class='ocrx_word' id='word_1_236' title='bbox 834 2091 1106 2163; x_wconf 82' lang='lat' dir='ltr'><strong>profectus</strong></span> <span class='ocrx_word' id='word_1_237' title='bbox 1145 2100 1247 2157; x_wconf 87' lang='lat' dir='ltr'><strong>est,</strong></span> <span class='ocrx_word' id='word_1_238' title='bbox 1291 2100 1346 2146; x_wconf 90' lang='lat' dir='ltr'><strong>et</strong></span> <span class='ocrx_word' id='word_1_239' title='bbox 1368 2090 1640 2166; x_wconf 85' lang='lat' dir='ltr'><strong>dispositis</strong></span> <span class='ocrx_word' id='word_1_240' title='bbox 1662 2089 2060 2149; x_wconf 82' lang='lat' dir='ltr'><strong>Pannoniarum</strong></span> 
     </span>
    </p>
   </div>
   <div class='ocr_carea' id='block_1_35' title="bbox 483 2180 2065 2255">
    <p class='ocr_par' dir='ltr' id='par_1_35' title="bbox 483 2180 2065 2255">
     <span class='ocr_line' id='line_1_35' title="bbox 483 2180 2065 2255; baseline 0 -17"><span class='ocrx_word' id='word_1_241' title='bbox 483 2183 684 2250; x_wconf 89' lang='lat' dir='ltr'><strong>causis,</strong></span> <span class='ocrx_word' id='word_1_242' title='bbox 713 2181 885 2255; x_wconf 82' lang='lat' dir='ltr'><strong>Aquis</strong></span> <span class='ocrx_word' id='word_1_243' title='bbox 911 2198 1163 2240; x_wconf 83' lang='lat' dir='ltr'><strong>reversus</strong></span> <span class='ocrx_word' id='word_1_244' title='bbox 1189 2189 1294 2249; x_wconf 82' lang='lat' dir='ltr'><strong>est,</strong></span> <span class='ocrx_word' id='word_1_245' title='bbox 1329 2181 1398 2237; x_wconf 91' lang='lat' dir='ltr'><strong>ibi</strong></span> <span class='ocrx_word' id='word_1_246' title='bbox 1426 2180 1658 2241; x_wconf 86' lang='lat' dir='ltr'><strong>natalem</strong></span> <span class='ocrx_word' id='word_1_247' title='bbox 1690 2181 1901 2239; x_wconf 89' lang='lat' dir='ltr'><strong>Domini</strong></span> <span class='ocrx_word' id='word_1_248' title='bbox 1926 2180 2065 2241; x_wconf 88' lang='lat' dir='ltr'><strong>cele-</strong></span> 
     </span>
    </p>
   </div>
   <div class='ocr_carea' id='block_1_36' title="bbox 481 2274 2066 2433">
    <p class='ocr_par' dir='ltr' id='par_1_36' title="bbox 481 2274 2066 2433">
     <span class='ocr_line' id='line_1_36' title="bbox 481 2274 2066 2433; baseline 0 -15"><span class='ocrx_word' id='word_1_249' title='bbox 481 2274 707 2418; x_wconf 45' lang='lat' dir='ltr'><strong>“me</strong></span> <span class='ocrx_word' id='word_1_250' title='bbox 728 2361 1021 2420; x_wconf 68' lang='lat' dir='ltr'><strong>Dominicse</strong></span> <span class='ocrx_word' id='word_1_251' title='bbox 1064 2359 1449 2417; x_wconf 90' lang='lat' dir='ltr'><strong>incarnationis</strong></span> <span class='ocrx_word' id='word_1_252' title='bbox 1466 2359 1568 2416; x_wconf 70' lang='grc'><strong>804</strong></span> <span class='ocrx_word' id='word_1_253' title='bbox 1592 2359 2066 2433; x_wconf 84' lang='lat' dir='ltr'><strong>imperatorAquis</strong></span> 
     </span>
    </p>
   </div>
   <div class='ocr_carea' id='block_1_37' title="bbox 482 2453 2062 2527">
    <p class='ocr_par' dir='ltr' id='par_1_37' title="bbox 482 2453 2062 2527">
     <span class='ocr_line' id='line_1_37' title="bbox 482 2453 2062 2527; baseline -0.001 -16"><span class='ocrx_word' id='word_1_254' title='bbox 482 2455 775 2527; x_wconf 79' lang='lat' dir='ltr'><strong>bycmavit,</strong></span> <span class='ocrx_word' id='word_1_255' title='bbox 801 2462 991 2510; x_wconf 67' lang='lat' dir='ltr'><strong>testate</strong></span> <span class='ocrx_word' id='word_1_256' title='bbox 1029 2468 1159 2509; x_wconf 88' lang='lat' dir='ltr'><strong>vero</strong></span> <span class='ocrx_word' id='word_1_257' title='bbox 1202 2454 1253 2508; x_wconf 91' lang='lat' dir='ltr'><strong>in</strong></span> <span class='ocrx_word' id='word_1_258' title='bbox 1305 2453 1596 2509; x_wconf 78' lang='lat' dir='ltr'><strong>Saxoniam</strong></span> <span class='ocrx_word' id='word_1_259' title='bbox 1644 2469 1765 2509; x_wconf 89' lang='lat' dir='ltr'><strong>cum</strong></span> <span class='ocrx_word' id='word_1_260' title='bbox 1822 2455 2062 2510; x_wconf 82' lang='lat' dir='ltr'><strong>exercitu</strong></span> 
     </span>
    </p>
   </div>
   <div class='ocr_carea' id='block_1_38' title="bbox 482 2543 2062 2616">
    <p class='ocr_par' dir='ltr' id='par_1_38' title="bbox 482 2543 2062 2616">
     <span class='ocr_line' id='line_1_38' title="bbox 482 2543 2062 2616; baseline 0.001 -17"><span class='ocrx_word' id='word_1_261' title='bbox 482 2544 738 2616; x_wconf 81' lang='lat' dir='ltr'><strong>perrexit,</strong></span> <span class='ocrx_word' id='word_1_262' title='bbox 755 2558 1050 2614; x_wconf 85' lang='lat' dir='ltr'><strong>omnesque</strong></span> <span class='ocrx_word' id='word_1_263' title='bbox 1078 2543 1167 2614; x_wconf 84' lang='lat' dir='ltr'><strong>qui</strong></span> <span class='ocrx_word' id='word_1_264' title='bbox 1193 2552 1341 2599; x_wconf 83' lang='lat' dir='ltr'><strong>trans</strong></span> <span class='ocrx_word' id='word_1_265' title='bbox 1361 2543 1570 2599; x_wconf 85' lang='lat' dir='ltr'><strong>Albiam</strong></span> <span class='ocrx_word' id='word_1_266' title='bbox 1593 2552 1649 2599; x_wconf 92' lang='lat' dir='ltr'><strong>et</strong></span> <span class='ocrx_word' id='word_1_267' title='bbox 1674 2544 1725 2599; x_wconf 90' lang='lat' dir='ltr'><strong>in</strong></span> <span class='ocrx_word' id='word_1_268' title='bbox 1752 2544 2062 2604; x_wconf 87' lang='lat' dir='ltr'><strong>Wibmobdi</strong></span> 
     </span>
    </p>
   </div>
   <div class='ocr_carea' id='block_1_39' title="bbox 483 2635 2064 2697">
    <p class='ocr_par' dir='ltr' id='par_1_39' title="bbox 483 2635 2064 2697">
     <span class='ocr_line' id='line_1_39' title="bbox 483 2635 2064 2697; baseline -0.001 -2"><span class='ocrx_word' id='word_1_269' title='bbox 483 2637 797 2697; x_wconf 89' lang='lat' dir='ltr'><strong>habitabant</strong></span> <span class='ocrx_word' id='word_1_270' title='bbox 829 2635 1074 2692; x_wconf 84' lang='lat' dir='ltr'><strong>Saxones</strong></span> <span class='ocrx_word' id='word_1_271' title='bbox 1123 2652 1244 2692; x_wconf 92' lang='lat' dir='ltr'><strong>cum</strong></span> <span class='ocrx_word' id='word_1_272' title='bbox 1298 2636 1614 2691; x_wconf 87' lang='lat' dir='ltr'><strong>mulieribus</strong></span> <span class='ocrx_word' id='word_1_273' title='bbox 1662 2644 1716 2691; x_wconf 90' lang='lat' dir='ltr'><strong>ct</strong></span> <span class='ocrx_word' id='word_1_274' title='bbox 1768 2636 2064 2694; x_wconf 82' lang='lat' dir='ltr'><strong>infantibus</strong></span> 
     </span>
    </p>
   </div>
   <div class='ocr_carea' id='block_1_40' title="bbox 484 2726 2059 2798">
    <p class='ocr_par' dir='ltr' id='par_1_40' title="bbox 484 2726 2059 2798">
     <span class='ocr_line' id='line_1_40' title="bbox 484 2726 2059 2798; baseline -0.003 -10"><span class='ocrx_word' id='word_1_275' title='bbox 484 2729 762 2788; x_wconf 89' lang='lat' dir='ltr'><strong>transtulit</strong></span> <span class='ocrx_word' id='word_1_276' title='bbox 785 2729 838 2783; x_wconf 92' lang='lat' dir='ltr'><strong>in</strong></span> <span class='ocrx_word' id='word_1_277' title='bbox 864 2727 1173 2793; x_wconf 88' lang='lat' dir='ltr'><strong>Franciam,</strong></span> <span class='ocrx_word' id='word_1_278' title='bbox 1204 2736 1259 2782; x_wconf 89' lang='lat' dir='ltr'><strong>et</strong></span> <span class='ocrx_word' id='word_1_279' title='bbox 1294 2742 1462 2798; x_wconf 85' lang='lat' dir='ltr'><strong>pagos</strong></span> <span class='ocrx_word' id='word_1_280' title='bbox 1506 2726 1905 2783; x_wconf 86' lang='lat' dir='ltr'><strong>transalbianos</strong></span> <span class='ocrx_word' id='word_1_281' title='bbox 1947 2729 2059 2783; x_wconf 85' lang='lat' dir='ltr'><strong>Ab-</strong></span> 
     </span>
    </p>
   </div>
   <div class='ocr_carea' id='block_1_41' title="bbox 486 2801 2066 2888">
    <p class='ocr_par' dir='ltr' id='par_1_41' title="bbox 486 2801 2066 2888">
     <span class='ocr_line' id='line_1_41' title="bbox 486 2801 2066 2888; baseline 0.001 -14"><span class='ocrx_word' id='word_1_282' title='bbox 486 2820 680 2875; x_wconf 89' lang='lat' dir='ltr'><strong>rotidis</strong></span> <span class='ocrx_word' id='word_1_283' title='bbox 703 2819 871 2874; x_wconf 90' lang='lat' dir='ltr'><strong>dedit.</strong></span> <span class='ocrx_word' id='word_1_284' title='bbox 900 2818 1100 2874; x_wconf 89' lang='lat' dir='ltr'><strong>Eodem</strong></span> <span class='ocrx_word' id='word_1_285' title='bbox 1128 2827 1366 2888; x_wconf 89' lang='lat' dir='ltr'><strong>tempore</strong></span> <span class='ocrx_word' id='word_1_286' title='bbox 1395 2815 1740 2885; x_wconf 85' lang='lat' dir='ltr'><strong>Godefridus,</strong></span> <span class='ocrx_word' id='word_1_287' title='bbox 1772 2834 1868 2875; x_wconf 82' lang='lat' dir='ltr'><strong>rex</strong></span> <span class='ocrx_word' id='word_1_288' title='bbox 1891 2801 2066 2875; x_wconf 55' lang='lat' dir='ltr'><strong>Dano;</strong></span> 
     </span>
    </p>
   </div>
   <div class='ocr_carea' id='block_1_42' title="bbox 483 2908 2065 2981">
    <p class='ocr_par' dir='ltr' id='par_1_42' title="bbox 483 2908 2065 2981">
     <span class='ocr_line' id='line_1_42' title="bbox 483 2908 2065 2981; baseline 0.001 -16"><span class='ocrx_word' id='word_1_289' title='bbox 483 2925 628 2975; x_wconf 88' lang='lat' dir='ltr'><strong>rum,</strong></span> <span class='ocrx_word' id='word_1_290' title='bbox 651 2909 800 2963; x_wconf 90' lang='lat' dir='ltr'><strong>venit</strong></span> <span class='ocrx_word' id='word_1_291' title='bbox 819 2923 941 2964; x_wconf 91' lang='lat' dir='ltr'><strong>cum</strong></span> <span class='ocrx_word' id='word_1_292' title='bbox 964 2908 1136 2964; x_wconf 89' lang='lat' dir='ltr'><strong>classe</strong></span> <span class='ocrx_word' id='word_1_293' title='bbox 1157 2924 1255 2964; x_wconf 89' lang='lat' dir='ltr'><strong>sua</strong></span> <span class='ocrx_word' id='word_1_294' title='bbox 1282 2916 1337 2963; x_wconf 90' lang='lat' dir='ltr'><strong>et</strong></span> <span class='ocrx_word' id='word_1_295' title='bbox 1357 2908 1504 2965; x_wconf 92' lang='lat' dir='ltr'><strong>omni</strong></span> <span class='ocrx_word' id='word_1_296' title='bbox 1533 2909 1778 2979; x_wconf 84' lang='lat' dir='ltr'><strong>equitatu</strong></span> <span class='ocrx_word' id='word_1_297' title='bbox 1808 2910 1960 2981; x_wconf 81' lang='lat' dir='ltr'><strong>regni</strong></span> <span class='ocrx_word' id='word_1_298' title='bbox 1982 2910 2065 2966; x_wconf 92' lang='lat' dir='ltr'><strong>sui</strong></span> 
     </span>
    </p>
   </div>
   <div class='ocr_carea' id='block_1_43' title="bbox 482 2999 2063 3075">
    <p class='ocr_par' dir='ltr' id='par_1_43' title="bbox 482 2999 2063 3075">
     <span class='ocr_line' id='line_1_43' title="bbox 482 2999 2063 3075; baseline 0 -19"><span class='ocrx_word' id='word_1_299' title='bbox 482 3001 554 3061; x_wconf 83' lang='lat' dir='ltr'><strong>ad</strong></span> <span class='ocrx_word' id='word_1_300' title='bbox 574 3001 752 3063; x_wconf 91' lang='lat' dir='ltr'><strong>locum</strong></span> <span class='ocrx_word' id='word_1_301' title='bbox 783 3000 876 3075; x_wconf 87' lang='lat' dir='ltr'><strong>qui</strong></span> <span class='ocrx_word' id='word_1_302' title='bbox 904 2999 1103 3056; x_wconf 90' lang='lat' dir='ltr'><strong>dicitur</strong></span> <span class='ocrx_word' id='word_1_303' title='bbox 1131 2999 1419 3071; x_wconf 80' lang='lat' dir='ltr'><strong>Bliestorp,</strong></span> <span class='ocrx_word' id='word_1_304' title='bbox 1453 3000 1506 3057; x_wconf 92' lang='lat' dir='ltr'><strong>in</strong></span> <span class='ocrx_word' id='word_1_305' title='bbox 1538 2999 1771 3057; x_wconf 80' lang='lat' dir='ltr'><strong>conﬁnio</strong></span> <span class='ocrx_word' id='word_1_306' title='bbox 1801 3005 1953 3073; x_wconf 82' lang='lat' dir='ltr'><strong>regni</strong></span> <span class='ocrx_word' id='word_1_307' title='bbox 1981 3001 2063 3056; x_wconf 89' lang='lat' dir='ltr'><strong>sui</strong></span> 
     </span>
    </p>
   </div>
   <div class='ocr_carea' id='block_1_44' title="bbox 487 3089 2067 3167">
    <p class='ocr_par' dir='ltr' id='par_1_44' title="bbox 487 3089 2067 3167">
     <span class='ocr_line' id='line_1_44' title="bbox 487 3089 2067 3167; baseline -0.001 -19"><span class='ocrx_word' id='word_1_308' title='bbox 487 3101 545 3148; x_wconf 82' lang='lat' dir='ltr'><strong>ct</strong></span> <span class='ocrx_word' id='word_1_309' title='bbox 570 3090 853 3157; x_wconf 67' lang='lat' dir='ltr'><strong>Samnite;</strong></span> <span class='ocrx_word' id='word_1_310' title='bbox 902 3089 1151 3162; x_wconf 88' lang='lat' dir='ltr'><strong>promisit</strong></span> <span class='ocrx_word' id='word_1_311' title='bbox 1179 3089 1322 3144; x_wconf 91' lang='lat' dir='ltr'><strong>enim</strong></span> <span class='ocrx_word' id='word_1_312' title='bbox 1363 3105 1419 3145; x_wconf 91' lang='lat' dir='ltr'><strong>se</strong></span> <span class='ocrx_word' id='word_1_313' title='bbox 1446 3090 1512 3145; x_wconf 90' lang='lat' dir='ltr'><strong>ad</strong></span> <span class='ocrx_word' id='word_1_314' title='bbox 1541 3089 1866 3167; x_wconf 72' lang='lat' dir='ltr'><strong>colloquium</strong></span> <span class='ocrx_word' id='word_1_315' title='bbox 1900 3091 2067 3163; x_wconf 83' lang='lat' dir='ltr'><strong>impe-</strong></span> 
     </span>
    </p>
   </div>
   <div class='ocr_carea' id='block_1_45' title="bbox 2163 1905 3752 1983">
    <p class='ocr_par' dir='ltr' id='par_1_45' title="bbox 2163 1905 3752 1983">
     <span class='ocr_line' id='line_1_45' title="bbox 2163 1905 3752 1983; baseline 0.006 -23"><span class='ocrx_word' id='word_1_316' title='bbox 2163 1919 2284 1961; x_wconf 88' lang='lat' dir='ltr'><strong>cum</strong></span> <span class='ocrx_word' id='word_1_317' title='bbox 2316 1906 2523 1975; x_wconf 74' lang='lat' dir='ltr'><strong>magnis</strong></span> <span class='ocrx_word' id='word_1_318' title='bbox 2547 1905 2737 1973; x_wconf 89' lang='lat' dir='ltr'><strong>donis,</strong></span> <span class='ocrx_word' id='word_1_319' title='bbox 2766 1917 2823 1961; x_wconf 92' lang='lat' dir='ltr'><strong>et</strong></span> <span class='ocrx_word' id='word_1_320' title='bbox 2847 1906 3111 1963; x_wconf 88' lang='lat' dir='ltr'><strong>ordinatis</strong></span> <span class='ocrx_word' id='word_1_321' title='bbox 3140 1918 3247 1967; x_wconf 87' lang='lat' dir='ltr'><strong>tam</strong></span> <span class='ocrx_word' id='word_1_322' title='bbox 3290 1907 3531 1967; x_wconf 79' lang='lat' dir='ltr'><strong>Yenetiis</strong></span> <span class='ocrx_word' id='word_1_323' title='bbox 3580 1927 3752 1983; x_wconf 83' lang='lat' dir='ltr'><strong>quam</strong></span> 
     </span>
    </p>
   </div>
   <div class='ocr_carea' id='block_1_46' title="bbox 2165 1995 3756 2072">
    <p class='ocr_par' dir='ltr' id='par_1_46' title="bbox 2165 1995 3756 2072">
     <span class='ocr_line' id='line_1_46' title="bbox 2165 1995 3756 2072; baseline 0.006 -20"><span class='ocrx_word' id='word_1_324' title='bbox 2165 1995 2462 2061; x_wconf 89' lang='lat' dir='ltr'><strong>Dalmatiis,</strong></span> <span class='ocrx_word' id='word_1_325' title='bbox 2493 2013 2680 2059; x_wconf 89' lang='lat' dir='ltr'><strong>eorum</strong></span> <span class='ocrx_word' id='word_1_326' title='bbox 2731 1998 2912 2059; x_wconf 83' lang='lat' dir='ltr'><strong>missis</strong></span> <span class='ocrx_word' id='word_1_327' title='bbox 2956 1999 3238 2067; x_wconf 83' lang='lat' dir='ltr'><strong>absolutis,</strong></span> <span class='ocrx_word' id='word_1_328' title='bbox 3283 2001 3579 2072; x_wconf 87' lang='lat' dir='ltr'><strong>imperator</strong></span> <span class='ocrx_word' id='word_1_329' title='bbox 3620 2020 3756 2071; x_wconf 80' lang='lat' dir='ltr'><strong>cum</strong></span> 
     </span>
    </p>
   </div>
   <div class='ocr_carea' id='block_1_47' title="bbox 2163 2085 3761 2164">
    <p class='ocr_par' dir='ltr' id='par_1_47' title="bbox 2163 2085 3761 2164">
     <span class='ocr_line' id='line_1_47' title="bbox 2163 2085 3761 2164; baseline 0.008 -26"><span class='ocrx_word' id='word_1_330' title='bbox 2163 2085 2492 2164; x_wconf 89' lang='lat' dir='ltr'><strong>primoribus</strong></span> <span class='ocrx_word' id='word_1_331' title='bbox 2520 2095 2576 2144; x_wconf 86' lang='lat' dir='ltr'><strong>et</strong></span> <span class='ocrx_word' id='word_1_332' title='bbox 2624 2086 2980 2158; x_wconf 83' lang='lat' dir='ltr'><strong>optimatibus</strong></span> <span class='ocrx_word' id='word_1_333' title='bbox 3005 2088 3334 2147; x_wconf 80' lang='lat' dir='ltr'><strong>Francorum</strong></span> <span class='ocrx_word' id='word_1_334' title='bbox 3367 2094 3432 2147; x_wconf 95' lang='lat' dir='ltr'><strong>de</strong></span> <span class='ocrx_word' id='word_1_335' title='bbox 3459 2108 3595 2163; x_wconf 83' lang='lat' dir='ltr'><strong>pace</strong></span> <span class='ocrx_word' id='word_1_336' title='bbox 3617 2109 3761 2150; x_wconf 65' lang='lat' dir='ltr'><strong>cors-</strong></span> 
     </span>
    </p>
   </div>
   <div class='ocr_carea' id='block_1_48' title="bbox 2164 2175 3757 2256">
    <p class='ocr_par' dir='ltr' id='par_1_48' title="bbox 2164 2175 3757 2256">
     <span class='ocr_line' id='line_1_48' title="bbox 2164 2175 3757 2256; baseline 0.004 -23"><span class='ocrx_word' id='word_1_337' title='bbox 2164 2175 2433 2233; x_wconf 84' lang='lat' dir='ltr'><strong>stituenda</strong></span> <span class='ocrx_word' id='word_1_338' title='bbox 2457 2184 2513 2235; x_wconf 90' lang='lat' dir='ltr'><strong>et</strong></span> <span class='ocrx_word' id='word_1_339' title='bbox 2536 2179 2903 2234; x_wconf 88' lang='lat' dir='ltr'><strong>conservanda</strong></span> <span class='ocrx_word' id='word_1_340' title='bbox 2930 2179 3072 2237; x_wconf 90' lang='lat' dir='ltr'><strong>inter</strong></span> <span class='ocrx_word' id='word_1_341' title='bbox 3095 2180 3235 2238; x_wconf 87' lang='lat' dir='ltr'><strong>lilios</strong></span> <span class='ocrx_word' id='word_1_342' title='bbox 3255 2198 3406 2248; x_wconf 83' lang='lat' dir='ltr'><strong>suos,</strong></span> <span class='ocrx_word' id='word_1_343' title='bbox 3431 2193 3487 2239; x_wconf 88' lang='lat' dir='ltr'><strong>et</strong></span> <span class='ocrx_word' id='word_1_344' title='bbox 3521 2184 3590 2239; x_wconf 92' lang='lat' dir='ltr'><strong>de</strong></span> <span class='ocrx_word' id='word_1_345' title='bbox 3613 2199 3757 2256; x_wconf 86' lang='lat' dir='ltr'><strong>par-</strong></span> 
     </span>
    </p>
   </div>
   <div class='ocr_carea' id='block_1_49' title="bbox 2165 2267 3763 2347">
    <p class='ocr_par' dir='ltr' id='par_1_49' title="bbox 2165 2267 3763 2347">
     <span class='ocr_line' id='line_1_49' title="bbox 2165 2267 3763 2347; baseline 0.008 -22"><span class='ocrx_word' id='word_1_346' title='bbox 2165 2267 2356 2329; x_wconf 90' lang='lat' dir='ltr'><strong>titione</strong></span> <span class='ocrx_word' id='word_1_347' title='bbox 2395 2268 2542 2347; x_wconf 73' lang='lat' dir='ltr'><strong>regni</strong></span> <span class='ocrx_word' id='word_1_348' title='bbox 2572 2268 2832 2344; x_wconf 83' lang='lat' dir='ltr'><strong>placitum</strong></span> <span class='ocrx_word' id='word_1_349' title='bbox 2862 2270 3069 2329; x_wconf 89' lang='lat' dir='ltr'><strong>habuit.</strong></span> <span class='ocrx_word' id='word_1_350' title='bbox 3100 2273 3163 2328; x_wconf 86' lang='lat' dir='ltr'><strong>Et</strong></span> <span class='ocrx_word' id='word_1_351' title='bbox 3193 2274 3457 2331; x_wconf 90' lang='lat' dir='ltr'><strong>divisione</strong></span> <span class='ocrx_word' id='word_1_352' title='bbox 3492 2274 3661 2343; x_wconf 79' lang='lat' dir='ltr'><strong>facta,</strong></span> <span class='ocrx_word' id='word_1_353' title='bbox 3690 2276 3763 2337; x_wconf 69' lang='lat' dir='ltr'><strong>in</strong></span> 
     </span>
    </p>
   </div>
   <div class='ocr_carea' id='block_1_50' title="bbox 2167 2359 3761 2438">
    <p class='ocr_par' dir='ltr' id='par_1_50' title="bbox 2167 2359 3761 2438">
     <span class='ocr_line' id='line_1_50' title="bbox 2167 2359 3761 2438; baseline 0.006 -25"><span class='ocrx_word' id='word_1_354' title='bbox 2167 2367 2277 2415; x_wconf 90' lang='lat' dir='ltr'><strong>tres</strong></span> <span class='ocrx_word' id='word_1_355' title='bbox 2296 2367 2479 2430; x_wconf 88' lang='lat' dir='ltr'><strong>partes</strong></span> <span class='ocrx_word' id='word_1_356' title='bbox 2508 2359 2793 2435; x_wconf 90' lang='lat' dir='ltr'><strong>imperium</strong></span> <span class='ocrx_word' id='word_1_357' title='bbox 2841 2375 2996 2416; x_wconf 89' lang='lat' dir='ltr'><strong>suum</strong></span> <span class='ocrx_word' id='word_1_358' title='bbox 3048 2363 3277 2438; x_wconf 90' lang='lat' dir='ltr'><strong>partitus</strong></span> <span class='ocrx_word' id='word_1_359' title='bbox 3318 2374 3402 2420; x_wconf 77' lang='lat' dir='ltr'><strong>est</strong></span> <span class='ocrx_word' id='word_1_360' title='bbox 3447 2367 3589 2422; x_wconf 90' lang='lat' dir='ltr'><strong>inter</strong></span> <span class='ocrx_word' id='word_1_361' title='bbox 3639 2376 3761 2432; x_wconf 64' lang='lat' dir='ltr'><strong>tres</strong></span> 
     </span>
    </p>
   </div>
   <div class='ocr_carea' id='block_1_51' title="bbox 2166 2450 3756 2529">
    <p class='ocr_par' dir='ltr' id='par_1_51' title="bbox 2166 2450 3756 2529">
     <span class='ocr_line' id='line_1_51' title="bbox 2166 2450 3756 2529; baseline 0.007 -24"><span class='ocrx_word' id='word_1_362' title='bbox 2166 2450 2325 2518; x_wconf 79' lang='lat' dir='ltr'><strong>ﬁlios,</strong></span> <span class='ocrx_word' id='word_1_363' title='bbox 2348 2460 2409 2506; x_wconf 93' lang='lat' dir='ltr'><strong>ut</strong></span> <span class='ocrx_word' id='word_1_364' title='bbox 2437 2451 2644 2509; x_wconf 89' lang='lat' dir='ltr'><strong>scilicet</strong></span> <span class='ocrx_word' id='word_1_365' title='bbox 2691 2452 3060 2527; x_wconf 89' lang='lat' dir='ltr'><strong>unusquisque</strong></span> <span class='ocrx_word' id='word_1_366' title='bbox 3106 2455 3272 2510; x_wconf 65' lang='lat' dir='ltr'><strong>sciret</strong></span> <span class='ocrx_word' id='word_1_367' title='bbox 3323 2472 3487 2529; x_wconf 91' lang='lat' dir='ltr'><strong>quam</strong></span> <span class='ocrx_word' id='word_1_368' title='bbox 3533 2468 3756 2529; x_wconf 80' lang='lat' dir='ltr'><strong>partem</strong></span> 
     </span>
    </p>
   </div>
   <div class='ocr_carea' id='block_1_52' title="bbox 2166 2541 3759 2621">
    <p class='ocr_par' dir='ltr' id='par_1_52' title="bbox 2166 2541 3759 2621">
     <span class='ocr_line' id='line_1_52' title="bbox 2166 2541 3759 2621; baseline 0.005 -24"><span class='ocrx_word' id='word_1_369' title='bbox 2166 2541 2302 2597; x_wconf 90' lang='lat' dir='ltr'><strong>tueri</strong></span> <span class='ocrx_word' id='word_1_370' title='bbox 2319 2550 2372 2597; x_wconf 89' lang='lat' dir='ltr'><strong>et</strong></span> <span class='ocrx_word' id='word_1_371' title='bbox 2403 2556 2586 2614; x_wconf 81' lang='lat' dir='ltr'><strong>regere</strong></span> <span class='ocrx_word' id='word_1_372' title='bbox 2614 2541 2905 2608; x_wconf 86' lang='lat' dir='ltr'><strong>debuisset,</strong></span> <span class='ocrx_word' id='word_1_373' title='bbox 2932 2543 2978 2600; x_wconf 91' lang='lat' dir='ltr'><strong>si</strong></span> <span class='ocrx_word' id='word_1_374' title='bbox 3007 2542 3154 2605; x_wconf 88' lang='lat' dir='ltr'><strong>illum</strong></span> <span class='ocrx_word' id='word_1_375' title='bbox 3173 2543 3459 2621; x_wconf 72' lang='lat' dir='ltr'><strong>.[patrem]</strong></span> <span class='ocrx_word' id='word_1_376' title='bbox 3506 2548 3759 2620; x_wconf 76' lang='lat' dir='ltr'><strong>supervi—</strong></span> 
     </span>
    </p>
   </div>
   <div class='ocr_carea' id='block_1_53' title="bbox 2164 2631 3760 2704">
    <p class='ocr_par' dir='ltr' id='par_1_53' title="bbox 2164 2631 3760 2704">
     <span class='ocr_line' id='line_1_53' title="bbox 2164 2631 3760 2704; baseline 0.008 -20"><span class='ocrx_word' id='word_1_377' title='bbox 2164 2641 2333 2686; x_wconf 88' lang='lat' dir='ltr'><strong>veret.</strong></span> <span class='ocrx_word' id='word_1_378' title='bbox 2364 2631 2440 2686; x_wconf 90' lang='lat' dir='ltr'><strong>De</strong></span> <span class='ocrx_word' id='word_1_379' title='bbox 2466 2631 2569 2693; x_wconf 86' lang='lat' dir='ltr'><strong>bac</strong></span> <span class='ocrx_word' id='word_1_380' title='bbox 2595 2632 2858 2688; x_wconf 87' lang='lat' dir='ltr'><strong>divisione</strong></span> <span class='ocrx_word' id='word_1_381' title='bbox 2886 2640 3269 2697; x_wconf 82' lang='lat' dir='ltr'><strong>testamentum</strong></span> <span class='ocrx_word' id='word_1_382' title='bbox 3307 2636 3456 2704; x_wconf 80' lang='lat' dir='ltr'><strong>fecit,</strong></span> <span class='ocrx_word' id='word_1_383' title='bbox 3484 2644 3539 2693; x_wconf 89' lang='lat' dir='ltr'><strong>et</strong></span> <span class='ocrx_word' id='word_1_384' title='bbox 3565 2654 3760 2697; x_wconf 59' lang='lat' dir='ltr'><strong>sacra-</strong></span> 
     </span>
    </p>
   </div>
   <div class='ocr_carea' id='block_1_54' title="bbox 2167 2721 3760 2799">
    <p class='ocr_par' dir='ltr' id='par_1_54' title="bbox 2167 2721 3760 2799">
     <span class='ocr_line' id='line_1_54' title="bbox 2167 2721 3760 2799; baseline 0.009 -24"><span class='ocrx_word' id='word_1_385' title='bbox 2167 2721 2364 2777; x_wconf 90' lang='lat' dir='ltr'><strong>mentis</strong></span> <span class='ocrx_word' id='word_1_386' title='bbox 2386 2721 2722 2794; x_wconf 89' lang='lat' dir='ltr'><strong>interpositis</strong></span> <span class='ocrx_word' id='word_1_387' title='bbox 2760 2739 2790 2778; x_wconf 91' lang='lat' dir='ltr'><strong>a</strong></span> <span class='ocrx_word' id='word_1_388' title='bbox 2821 2723 3047 2785; x_wconf 81' lang='lat' dir='ltr'><strong>Francis</strong></span> <span class='ocrx_word' id='word_1_389' title='bbox 3105 2727 3483 2791; x_wconf 79' lang='lat' dir='ltr'><strong>conﬁrmatum</strong></span> <span class='ocrx_word' id='word_1_390' title='bbox 3542 2741 3651 2799; x_wconf 89' lang='lat' dir='ltr'><strong>cst,</strong></span> <span class='ocrx_word' id='word_1_391' title='bbox 3693 2740 3760 2790; x_wconf 74' lang='lat' dir='ltr'><strong>et</strong></span> 
     </span>
    </p>
   </div>
   <div class='ocr_carea' id='block_1_55' title="bbox 2166 2809 3762 2884">
    <p class='ocr_par' dir='ltr' id='par_1_55' title="bbox 2166 2809 3762 2884">
     <span class='ocr_line' id='line_1_55' title="bbox 2166 2809 3762 2884; baseline 0.011 -19"><span class='ocrx_word' id='word_1_392' title='bbox 2166 2809 2330 2873; x_wconf 78' lang='lat' dir='ltr'><strong>Leoni</strong></span> <span class='ocrx_word' id='word_1_393' title='bbox 2361 2826 2512 2884; x_wconf 65' lang='lat' dir='ltr'><strong>papae</strong></span> <span class='ocrx_word' id='word_1_394' title='bbox 2542 2815 2947 2883; x_wconf 88' lang='lat' dir='ltr'><strong>transmissum,</strong></span> <span class='ocrx_word' id='word_1_395' title='bbox 2978 2826 3038 2877; x_wconf 84' lang='lat' dir='ltr'><strong>ut</strong></span> <span class='ocrx_word' id='word_1_396' title='bbox 3068 2817 3183 2872; x_wconf 72' lang='lat' dir='ltr'><strong>btec</strong></span> <span class='ocrx_word' id='word_1_397' title='bbox 3206 2820 3422 2876; x_wconf 87' lang='lat' dir='ltr'><strong>decreta</strong></span> <span class='ocrx_word' id='word_1_398' title='bbox 3458 2837 3621 2878; x_wconf 88' lang='lat' dir='ltr'><strong>manu</strong></span> <span class='ocrx_word' id='word_1_399' title='bbox 3649 2836 3762 2883; x_wconf 69' lang='lat' dir='ltr'><strong>sua</strong></span> 
     </span>
    </p>
   </div>
   <div class='ocr_carea' id='block_1_56' title="bbox 2169 2902 3758 2984">
    <p class='ocr_par' dir='ltr' id='par_1_56' title="bbox 2169 2902 3758 2984">
     <span class='ocr_line' id='line_1_56' title="bbox 2169 2902 3758 2984; baseline 0.008 -27"><span class='ocrx_word' id='word_1_400' title='bbox 2169 2902 2441 2972; x_wconf 80' lang='lat' dir='ltr'><strong>ﬁrmaret;</strong></span> <span class='ocrx_word' id='word_1_401' title='bbox 2482 2903 2625 2981; x_wconf 89' lang='lat' dir='ltr'><strong>quod</strong></span> <span class='ocrx_word' id='word_1_402' title='bbox 2654 2914 2710 2960; x_wconf 91' lang='lat' dir='ltr'><strong>et</strong></span> <span class='ocrx_word' id='word_1_403' title='bbox 2747 2906 2951 2962; x_wconf 82' lang='lat' dir='ltr'><strong>factum</strong></span> <span class='ocrx_word' id='word_1_404' title='bbox 2999 2916 3101 2964; x_wconf 89' lang='lat' dir='ltr'><strong>est.</strong></span> <span class='ocrx_word' id='word_1_405' title='bbox 3154 2907 3401 2969; x_wconf 62' lang='lat' dir='ltr'><strong>Posthch</strong></span> <span class='ocrx_word' id='word_1_406' title='bbox 3457 2911 3758 2984; x_wconf 66' lang='lat' dir='ltr'><strong>imperator</strong></span> 
     </span>
    </p>
   </div>
   <div class='ocr_carea' id='block_1_57' title="bbox 2169 2994 3753 3081">
    <p class='ocr_par' dir='ltr' id='par_1_57' title="bbox 2169 2994 3753 3081">
     <span class='ocr_line' id='line_1_57' title="bbox 2169 2994 3753 3081; baseline 0.008 -31"><span class='ocrx_word' id='word_1_407' title='bbox 2169 2994 2393 3052; x_wconf 89' lang='lat' dir='ltr'><strong>dimisso</strong></span> <span class='ocrx_word' id='word_1_408' title='bbox 2449 3007 2677 3068; x_wconf 90' lang='lat' dir='ltr'><strong>utroque</strong></span> <span class='ocrx_word' id='word_1_409' title='bbox 2726 2998 2838 3054; x_wconf 82' lang='lat' dir='ltr'><strong>tilio</strong></span> <span class='ocrx_word' id='word_1_410' title='bbox 2891 2999 2943 3055; x_wconf 90' lang='lat' dir='ltr'><strong>in</strong></span> <span class='ocrx_word' id='word_1_411' title='bbox 2989 3012 3213 3072; x_wconf 81' lang='lat' dir='ltr'><strong>regnum</strong></span> <span class='ocrx_word' id='word_1_412' title='bbox 3260 3001 3360 3058; x_wconf 69' lang='lat' dir='ltr'><strong>sibi</strong></span> <span class='ocrx_word' id='word_1_413' title='bbox 3412 3003 3753 3081; x_wconf 78' lang='lat' dir='ltr'><strong>deputatum,</strong></span> 
     </span>
    </p>
   </div>
   <div class='ocr_carea' id='block_1_58' title="bbox 2170 3085 3757 3167">
    <p class='ocr_par' dir='ltr' id='par_1_58' title="bbox 2170 3085 3757 3167">
     <span class='ocr_line' id='line_1_58' title="bbox 2170 3085 3757 3167; baseline 0.008 -27"><span class='ocrx_word' id='word_1_414' title='bbox 2170 3085 2393 3165; x_wconf 88' lang='lat' dir='ltr'><strong>Pippino</strong></span> <span class='ocrx_word' id='word_1_415' title='bbox 2412 3086 2619 3144; x_wconf 86' lang='lat' dir='ltr'><strong>scilicet</strong></span> <span class='ocrx_word' id='word_1_416' title='bbox 2647 3097 2702 3144; x_wconf 89' lang='lat' dir='ltr'><strong>et</strong></span> <span class='ocrx_word' id='word_1_417' title='bbox 2724 3087 3033 3156; x_wconf 78' lang='lat' dir='ltr'><strong>Ludowico,</strong></span> <span class='ocrx_word' id='word_1_418' title='bbox 3062 3090 3130 3146; x_wconf 91' lang='lat' dir='ltr'><strong>de</strong></span> <span class='ocrx_word' id='word_1_419' title='bbox 3155 3090 3458 3150; x_wconf 75' lang='lat' dir='ltr'><strong>Theodonis</strong></span> <span class='ocrx_word' id='word_1_420' title='bbox 3476 3092 3604 3149; x_wconf 83' lang='lat' dir='ltr'><strong>villa</strong></span> <span class='ocrx_word' id='word_1_421' title='bbox 3629 3111 3757 3167; x_wconf 65' lang='lat' dir='ltr'><strong>pro~</strong></span> 
     </span>
    </p>
   </div>
   <div class='ocr_carea' id='block_1_59' title="bbox 495 3177 3758 3265">
    <p class='ocr_par' dir='ltr' id='par_1_59' title="bbox 495 3177 3758 3265">
     <span class='ocr_line' id='line_1_59' title="bbox 495 3177 3758 3265; baseline 0.004 -27"><span class='ocrx_word' id='word_1_422' title='bbox 495 3183 695 3242; x_wconf 89' lang='lat' dir='ltr'><strong>ratoris</strong></span> <span class='ocrx_word' id='word_1_423' title='bbox 719 3188 1030 3250; x_wconf 81' lang='lat' dir='ltr'><strong>venturum,</strong></span> <span class='ocrx_word' id='word_1_424' title='bbox 1062 3182 1155 3241; x_wconf 86' lang='lat' dir='ltr'><strong>sed</strong></span> <span class='ocrx_word' id='word_1_425' title='bbox 1185 3182 1413 3243; x_wconf 85' lang='lat' dir='ltr'><strong>consilio</strong></span> <span class='ocrx_word' id='word_1_426' title='bbox 1433 3198 1653 3245; x_wconf 88' lang='lat' dir='ltr'><strong>suorum</strong></span> <span class='ocrx_word' id='word_1_427' title='bbox 1683 3183 1927 3251; x_wconf 89' lang='lat' dir='ltr'><strong>territus,</strong></span> <span class='ocrx_word' id='word_1_428' title='bbox 1946 3198 2065 3255; x_wconf 88' lang='lat' dir='ltr'><strong>pro-</strong></span> <span class='ocrx_word' id='word_1_429' title='bbox 2092 3184 2136 3246; x_wconf 89' lang='lat' dir='ltr'><strong>C</strong></span> <span class='ocrx_word' id='word_1_430' title='bbox 2168 3177 2362 3245; x_wconf 76' lang='lat' dir='ltr'><strong>fectus,</strong></span> <span class='ocrx_word' id='word_1_431' title='bbox 2394 3180 2609 3265; x_wconf 78' lang='lat' dir='ltr'><strong>navigio</strong></span> <span class='ocrx_word' id='word_1_432' title='bbox 2647 3197 2747 3252; x_wconf 87' lang='lat' dir='ltr'><strong>per</strong></span> <span class='ocrx_word' id='word_1_433' title='bbox 2771 3180 3052 3239; x_wconf 84' lang='lat' dir='ltr'><strong>Mosellam</strong></span> <span class='ocrx_word' id='word_1_434' title='bbox 3084 3182 3330 3245; x_wconf 71' lang='lat' dir='ltr'><strong>Rhenum</strong></span> <span class='ocrx_word' id='word_1_435' title='bbox 3358 3185 3652 3260; x_wconf 74' lang='lat' dir='ltr'><strong>ingressus,</strong></span> <span class='ocrx_word' id='word_1_436' title='bbox 3683 3188 3758 3251; x_wconf 73' lang='lat' dir='ltr'><strong>ad</strong></span> 
     </span>
    </p>
   </div>
   <div class='ocr_carea' id='block_1_60' title="bbox 489 3273 2067 3350">
    <p class='ocr_par' dir='ltr' id='par_1_60' title="bbox 489 3273 2067 3350">
     <span class='ocr_line' id='line_1_60' title="bbox 489 3273 2067 3350; baseline 0.004 -23"><span class='ocrx_word' id='word_1_437' title='bbox 489 3274 612 3350; x_wconf 87' lang='lat' dir='ltr'><strong>pius</strong></span> <span class='ocrx_word' id='word_1_438' title='bbox 635 3289 742 3330; x_wconf 90' lang='lat' dir='ltr'><strong>non</strong></span> <span class='ocrx_word' id='word_1_439' title='bbox 779 3274 1026 3341; x_wconf 90' lang='lat' dir='ltr'><strong>accessit,</strong></span> <span class='ocrx_word' id='word_1_440' title='bbox 1056 3273 1150 3331; x_wconf 89' lang='lat' dir='ltr'><strong>sed</strong></span> <span class='ocrx_word' id='word_1_441' title='bbox 1196 3275 1451 3349; x_wconf 87' lang='lat' dir='ltr'><strong>quicquid</strong></span> <span class='ocrx_word' id='word_1_442' title='bbox 1501 3274 1669 3331; x_wconf 90' lang='lat' dir='ltr'><strong>voluit</strong></span> <span class='ocrx_word' id='word_1_443' title='bbox 1712 3290 1812 3346; x_wconf 92' lang='lat' dir='ltr'><strong>per</strong></span> <span class='ocrx_word' id='word_1_444' title='bbox 1861 3276 2067 3349; x_wconf 80' lang='lat' dir='ltr'><strong>legatos</strong></span> 
     </span>
    </p>
   </div>
   <div class='ocr_carea' id='block_1_61' title="bbox 490 3352 2068 3436">
    <p class='ocr_par' dir='ltr' id='par_1_61' title="bbox 490 3352 2068 3436">
     <span class='ocr_line' id='line_1_61' title="bbox 490 3352 2068 3436; baseline 0.003 -16"><span class='ocrx_word' id='word_1_445' title='bbox 490 3364 785 3421; x_wconf 82' lang='lat' dir='ltr'><strong>mandavit.</strong></span> <span class='ocrx_word' id='word_1_446' title='bbox 808 3361 945 3418; x_wconf 77' lang='lat' dir='ltr'><strong>Nam</strong></span> <span class='ocrx_word' id='word_1_447' title='bbox 974 3363 1270 3436; x_wconf 87' lang='lat' dir='ltr'><strong>imperator</strong></span> <span class='ocrx_word' id='word_1_448' title='bbox 1296 3368 1460 3435; x_wconf 64' lang='lat' dir='ltr'><strong>super</strong></span> <span class='ocrx_word' id='word_1_449' title='bbox 1485 3365 1694 3426; x_wconf 85' lang='lat' dir='ltr'><strong>Albiam</strong></span> <span class='ocrx_word' id='word_1_450' title='bbox 1719 3352 1941 3427; x_wconf 80' lang='lat' dir='ltr'><strong>ﬂuvium</strong></span> <span class='ocrx_word' id='word_1_451' title='bbox 1983 3383 2068 3426; x_wconf 88' lang='lat' dir='ltr'><strong>se-</strong></span> 
     </span>
    </p>
   </div>
   <div class='ocr_carea' id='block_1_62' title="bbox 488 3453 2069 3525">
    <p class='ocr_par' dir='ltr' id='par_1_62' title="bbox 488 3453 2069 3525">
     <span class='ocr_line' id='line_1_62' title="bbox 488 3453 2069 3525; baseline 0.003 -15"><span class='ocrx_word' id='word_1_452' title='bbox 488 3454 668 3519; x_wconf 88' lang='lat' dir='ltr'><strong>debat,</strong></span> <span class='ocrx_word' id='word_1_453' title='bbox 698 3454 753 3509; x_wconf 93' lang='lat' dir='ltr'><strong>in</strong></span> <span class='ocrx_word' id='word_1_454' title='bbox 795 3454 912 3513; x_wconf 91' lang='lat' dir='ltr'><strong>loco</strong></span> <span class='ocrx_word' id='word_1_455' title='bbox 946 3454 1040 3525; x_wconf 88' lang='lat' dir='ltr'><strong>qui</strong></span> <span class='ocrx_word' id='word_1_456' title='bbox 1085 3454 1283 3510; x_wconf 90' lang='lat' dir='ltr'><strong>dicitur</strong></span> <span class='ocrx_word' id='word_1_457' title='bbox 1324 3453 1785 3522; x_wconf 76' lang='lat' dir='ltr'><strong>Holdunsteti,et</strong></span> <span class='ocrx_word' id='word_1_458' title='bbox 1809 3457 1973 3513; x_wconf 89' lang='lat' dir='ltr'><strong>missa</strong></span> <span class='ocrx_word' id='word_1_459' title='bbox 2000 3457 2069 3514; x_wconf 87' lang='lat' dir='ltr'><strong>ad</strong></span> 
     </span>
    </p>
   </div>
   <div class='ocr_carea' id='block_1_63' title="bbox 487 3542 2069 3616">
    <p class='ocr_par' dir='ltr' id='par_1_63' title="bbox 487 3542 2069 3616">
     <span class='ocr_line' id='line_1_63' title="bbox 487 3542 2069 3616; baseline 0.004 -17"><span class='ocrx_word' id='word_1_460' title='bbox 487 3542 835 3599; x_wconf 80' lang='lat' dir='ltr'><strong>Godefridum</strong></span> <span class='ocrx_word' id='word_1_461' title='bbox 860 3544 1125 3614; x_wconf 81' lang='lat' dir='ltr'><strong>legatione</strong></span> <span class='ocrx_word' id='word_1_462' title='bbox 1145 3560 1245 3615; x_wconf 91' lang='lat' dir='ltr'><strong>pro</strong></span> <span class='ocrx_word' id='word_1_463' title='bbox 1269 3543 1507 3616; x_wconf 75' lang='lat' dir='ltr'><strong>fugitivis</strong></span> <span class='ocrx_word' id='word_1_464' title='bbox 1531 3545 1775 3611; x_wconf 88' lang='lat' dir='ltr'><strong>retentis,</strong></span> <span class='ocrx_word' id='word_1_465' title='bbox 1799 3546 2069 3606; x_wconf 80' lang='lat' dir='ltr'><strong>mediante</strong></span> 
     </span>
    </p>
   </div>
   <div class='ocr_carea' id='block_1_64' title="bbox 489 3631 2069 3707">
    <p class='ocr_par' dir='ltr' id='par_1_64' title="bbox 489 3631 2069 3707">
     <span class='ocr_line' id='line_1_64' title="bbox 489 3631 2069 3707; baseline 0.002 -17"><span class='ocrx_word' id='word_1_466' title='bbox 489 3631 829 3705; x_wconf 84' lang='lat' dir='ltr'><strong>Septembrio</strong></span> <span class='ocrx_word' id='word_1_467' title='bbox 851 3633 1125 3690; x_wconf 90' lang='lat' dir='ltr'><strong>Coloniam</strong></span> <span class='ocrx_word' id='word_1_468' title='bbox 1153 3635 1321 3700; x_wconf 77' lang='lat' dir='ltr'><strong>venit,</strong></span> <span class='ocrx_word' id='word_1_469' title='bbox 1337 3634 1530 3690; x_wconf 88' lang='lat' dir='ltr'><strong>deinde</strong></span> <span class='ocrx_word' id='word_1_470' title='bbox 1549 3635 1836 3692; x_wconf 77' lang='lat' dir='ltr'><strong>Arduenna</strong></span> <span class='ocrx_word' id='word_1_471' title='bbox 1861 3636 2069 3707; x_wconf 78' lang='lat' dir='ltr'><strong>ingres—</strong></span> 
     </span>
    </p>
   </div>
   <div class='ocr_carea' id='block_1_65' title="bbox 490 3723 2070 3795">
    <p class='ocr_par' dir='ltr' id='par_1_65' title="bbox 490 3723 2070 3795">
     <span class='ocr_line' id='line_1_65' title="bbox 490 3723 2070 3795; baseline 0.002 -17"><span class='ocrx_word' id='word_1_472' title='bbox 490 3736 605 3789; x_wconf 88' lang='lat' dir='ltr'><strong>sus,</strong></span> <span class='ocrx_word' id='word_1_473' title='bbox 649 3723 994 3781; x_wconf 87' lang='lat' dir='ltr'><strong>venationum</strong></span> <span class='ocrx_word' id='word_1_474' title='bbox 1028 3723 1170 3793; x_wconf 90' lang='lat' dir='ltr'><strong>jocis</strong></span> <span class='ocrx_word' id='word_1_475' title='bbox 1216 3723 1543 3781; x_wconf 79' lang='lat' dir='ltr'><strong>exercitatus</strong></span> <span class='ocrx_word' id='word_1_476' title='bbox 1596 3724 1766 3795; x_wconf 81' lang='lat' dir='ltr'><strong>Aquis</strong></span> <span class='ocrx_word' id='word_1_477' title='bbox 1817 3738 2070 3782; x_wconf 88' lang='lat' dir='ltr'><strong>reversus</strong></span> 
     </span>
    </p>
   </div>
   <div class='ocr_carea' id='block_1_66' title="bbox 486 3812 2068 3878">
    <p class='ocr_par' dir='ltr' id='par_1_66' title="bbox 486 3812 2068 3878">
     <span class='ocr_line' id='line_1_66' title="bbox 486 3812 2068 3878; baseline 0.001 -6"><span class='ocrx_word' id='word_1_478' title='bbox 486 3822 590 3872; x_wconf 80' lang='lat' dir='ltr'><strong>est.</strong></span> <span class='ocrx_word' id='word_1_479' title='bbox 636 3814 810 3873; x_wconf 75' lang='lat' dir='ltr'><strong>Medio</strong></span> <span class='ocrx_word' id='word_1_480' title='bbox 853 3812 1177 3869; x_wconf 78' lang='lat' dir='ltr'><strong>Novembrio</strong></span> <span class='ocrx_word' id='word_1_481' title='bbox 1220 3813 1530 3869; x_wconf 89' lang='lat' dir='ltr'><strong>nunciatum</strong></span> <span class='ocrx_word' id='word_1_482' title='bbox 1583 3822 1668 3869; x_wconf 89' lang='lat' dir='ltr'><strong>est</strong></span> <span class='ocrx_word' id='word_1_483' title='bbox 1713 3814 1784 3878; x_wconf 87' lang='lat' dir='ltr'><strong>ei,</strong></span> <span class='ocrx_word' id='word_1_484' title='bbox 1832 3813 2068 3873; x_wconf 89' lang='lat' dir='ltr'><strong>Leonem</strong></span> 
     </span>
    </p>
   </div>
   <div class='ocr_carea' id='block_1_67' title="bbox 487 3903 2070 3977">
    <p class='ocr_par' dir='ltr' id='par_1_67' title="bbox 487 3903 2070 3977">
     <span class='ocr_line' id='line_1_67' title="bbox 487 3903 2070 3977; baseline 0.002 -19"><span class='ocrx_word' id='word_1_485' title='bbox 487 3919 680 3977; x_wconf 85' lang='lat' dir='ltr'><strong>papam</strong></span> <span class='ocrx_word' id='word_1_486' title='bbox 712 3919 832 3959; x_wconf 90' lang='lat' dir='ltr'><strong>cum</strong></span> <span class='ocrx_word' id='word_1_487' title='bbox 857 3918 923 3959; x_wconf 91' lang='lat' dir='ltr'><strong>eo</strong></span> <span class='ocrx_word' id='word_1_488' title='bbox 949 3903 1182 3959; x_wconf 89' lang='lat' dir='ltr'><strong>natalem</strong></span> <span class='ocrx_word' id='word_1_489' title='bbox 1222 3903 1435 3959; x_wconf 91' lang='lat' dir='ltr'><strong>Domini</strong></span> <span class='ocrx_word' id='word_1_490' title='bbox 1465 3903 1743 3960; x_wconf 87' lang='lat' dir='ltr'><strong>celebrare</strong></span> <span class='ocrx_word' id='word_1_491' title='bbox 1769 3904 1907 3962; x_wconf 88' lang='lat' dir='ltr'><strong>velle</strong></span> <span class='ocrx_word' id='word_1_492' title='bbox 1951 3906 2070 3961; x_wconf 81' lang='lat' dir='ltr'><strong>ubi-</strong></span> 
     </span>
    </p>
   </div>
   <div class='ocr_carea' id='block_1_68' title="bbox 489 3991 2071 4064">
    <p class='ocr_par' dir='ltr' id='par_1_68' title="bbox 489 3991 2071 4064">
     <span class='ocr_line' id='line_1_68' title="bbox 489 3991 2071 4064; baseline 0.001 -15"><span class='ocrx_word' id='word_1_493' title='bbox 489 4006 702 4063; x_wconf 86' lang='lat' dir='ltr'><strong>cunque</strong></span> <span class='ocrx_word' id='word_1_494' title='bbox 730 3991 804 4047; x_wconf 89' lang='lat' dir='ltr'><strong>illi</strong></span> <span class='ocrx_word' id='word_1_495' title='bbox 837 3991 1151 4063; x_wconf 88' lang='lat' dir='ltr'><strong>placuisset,</strong></span> <span class='ocrx_word' id='word_1_496' title='bbox 1179 3993 1321 4062; x_wconf 91' lang='lat' dir='ltr'><strong>quod</strong></span> <span class='ocrx_word' id='word_1_497' title='bbox 1366 4002 1646 4062; x_wconf 82' lang='lat' dir='ltr'><strong>gratanter</strong></span> <span class='ocrx_word' id='word_1_498' title='bbox 1692 3996 1950 4064; x_wconf 88' lang='lat' dir='ltr'><strong>suscepit.</strong></span> <span class='ocrx_word' id='word_1_499' title='bbox 2002 3995 2071 4054; x_wconf 87' lang='lat' dir='ltr'><strong>Et</strong></span> 
     </span>
    </p>
   </div>
   <div class='ocr_carea' id='block_1_69' title="bbox 488 4082 2067 4153">
    <p class='ocr_par' dir='ltr' id='par_1_69' title="bbox 488 4082 2067 4153">
     <span class='ocr_line' id='line_1_69' title="bbox 488 4082 2067 4153; baseline 0.001 -14"><span class='ocrx_word' id='word_1_500' title='bbox 488 4084 671 4149; x_wconf 81' lang='lat' dir='ltr'><strong>statim</strong></span> <span class='ocrx_word' id='word_1_501' title='bbox 702 4083 868 4140; x_wconf 90' lang='lat' dir='ltr'><strong>misso</strong></span> <span class='ocrx_word' id='word_1_502' title='bbox 893 4082 1006 4145; x_wconf 79' lang='lat' dir='ltr'><strong>lilio</strong></span> <span class='ocrx_word' id='word_1_503' title='bbox 1026 4098 1124 4141; x_wconf 91' lang='lat' dir='ltr'><strong>suo</strong></span> <span class='ocrx_word' id='word_1_504' title='bbox 1148 4082 1342 4148; x_wconf 87' lang='lat' dir='ltr'><strong>Carolo</strong></span> <span class='ocrx_word' id='word_1_505' title='bbox 1366 4086 1433 4138; x_wconf 86' lang='lat' dir='ltr'><strong>ad</strong></span> <span class='ocrx_word' id='word_1_506' title='bbox 1463 4093 1706 4144; x_wconf 88' lang='lat' dir='ltr'><strong>sanctum</strong></span> <span class='ocrx_word' id='word_1_507' title='bbox 1733 4085 2067 4153; x_wconf 81' lang='lat' dir='ltr'><strong>Mauritium,</strong></span> 
     </span>
    </p>
   </div>
   <div class='ocr_carea' id='block_1_70' title="bbox 488 4171 2068 4251">
    <p class='ocr_par' dir='ltr' id='par_1_70' title="bbox 488 4171 2068 4251">
     <span class='ocr_line' id='line_1_70' title="bbox 488 4171 2068 4251; baseline 0.001 -22"><span class='ocrx_word' id='word_1_508' title='bbox 488 4187 611 4230; x_wconf 88' lang='lat' dir='ltr'><strong>eum</strong></span> <span class='ocrx_word' id='word_1_509' title='bbox 640 4171 914 4243; x_wconf 88' lang='lat' dir='ltr'><strong>suscipere</strong></span> <span class='ocrx_word' id='word_1_510' title='bbox 942 4172 1236 4228; x_wconf 84' lang='lat' dir='ltr'><strong>honoriﬁce</strong></span> <span class='ocrx_word' id='word_1_511' title='bbox 1262 4174 1534 4244; x_wconf 72' lang='lat' dir='ltr'><strong>prmcepit,</strong></span> <span class='ocrx_word' id='word_1_512' title='bbox 1561 4174 1674 4251; x_wconf 90' lang='lat' dir='ltr'><strong>ipse</strong></span> <span class='ocrx_word' id='word_1_513' title='bbox 1698 4190 1828 4231; x_wconf 82' lang='lat' dir='ltr'><strong>vero</strong></span> <span class='ocrx_word' id='word_1_514' title='bbox 1854 4176 2068 4231; x_wconf 89' lang='lat' dir='ltr'><strong>obviam</strong></span> 
     </span>
    </p>
   </div>
   <div class='ocr_carea' id='block_1_71' title="bbox 489 4261 2071 4336">
    <p class='ocr_par' dir='ltr' id='par_1_71' title="bbox 489 4261 2071 4336">
     <span class='ocr_line' id='line_1_71' title="bbox 489 4261 2071 4336; baseline 0.003 -18"><span class='ocrx_word' id='word_1_515' title='bbox 489 4261 563 4325; x_wconf 87' lang='lat' dir='ltr'><strong>illi</strong></span> <span class='ocrx_word' id='word_1_516' title='bbox 600 4262 890 4318; x_wconf 80' lang='lat' dir='ltr'><strong>Remorum</strong></span> <span class='ocrx_word' id='word_1_517' title='bbox 924 4262 1145 4318; x_wconf 89' lang='lat' dir='ltr'><strong>civitate</strong></span> <span class='ocrx_word' id='word_1_518' title='bbox 1193 4262 1467 4334; x_wconf 85' lang='lat' dir='ltr'><strong>profectus</strong></span> <span class='ocrx_word' id='word_1_519' title='bbox 1513 4270 1616 4331; x_wconf 91' lang='lat' dir='ltr'><strong>est,</strong></span> <span class='ocrx_word' id='word_1_520' title='bbox 1658 4264 1840 4336; x_wconf 89' lang='lat' dir='ltr'><strong>ibique</strong></span> <span class='ocrx_word' id='word_1_521' title='bbox 1885 4280 2071 4323; x_wconf 90' lang='lat' dir='ltr'><strong>susce-</strong></span> 
     </span>
    </p>
   </div>
   <div class='ocr_carea' id='block_1_72' title="bbox 489 4351 2069 4434">
    <p class='ocr_par' dir='ltr' id='par_1_72' title="bbox 489 4351 2069 4434">
     <span class='ocr_line' id='line_1_72' title="bbox 489 4351 2069 4434; baseline 0.003 -27"><span class='ocrx_word' id='word_1_522' title='bbox 489 4362 636 4434; x_wconf 87' lang='lat' dir='ltr'><strong>ptum</strong></span> <span class='ocrx_word' id='word_1_523' title='bbox 666 4352 734 4407; x_wconf 88' lang='lat' dir='ltr'><strong>ad</strong></span> <span class='ocrx_word' id='word_1_524' title='bbox 754 4351 1089 4411; x_wconf 83' lang='lat' dir='ltr'><strong>Carisiacum</strong></span> <span class='ocrx_word' id='word_1_525' title='bbox 1121 4368 1291 4425; x_wconf 87' lang='lat' dir='ltr'><strong>usque</strong></span> <span class='ocrx_word' id='word_1_526' title='bbox 1336 4354 1678 4423; x_wconf 91' lang='lat' dir='ltr'><strong>perductum,</strong></span> <span class='ocrx_word' id='word_1_527' title='bbox 1711 4370 1834 4411; x_wconf 90' lang='lat' dir='ltr'><strong>cum</strong></span> <span class='ocrx_word' id='word_1_528' title='bbox 1879 4372 1946 4416; x_wconf 87' lang='lat' dir='ltr'><strong>eo</strong></span> <span class='ocrx_word' id='word_1_529' title='bbox 1994 4357 2069 4417; x_wconf 92' lang='lat' dir='ltr'><strong>ibi</strong></span> 
     </span>
    </p>
   </div>
   <div class='ocr_carea' id='block_1_73' title="bbox 488 4443 2065 4516">
    <p class='ocr_par' dir='ltr' id='par_1_73' title="bbox 488 4443 2065 4516">
     <span class='ocr_line' id='line_1_73' title="bbox 488 4443 2065 4516; baseline 0.002 -15"><span class='ocrx_word' id='word_1_530' title='bbox 488 4444 723 4506; x_wconf 86' lang='lat' dir='ltr'><strong>natalem</strong></span> <span class='ocrx_word' id='word_1_531' title='bbox 751 4443 964 4500; x_wconf 88' lang='lat' dir='ltr'><strong>Domini</strong></span> <span class='ocrx_word' id='word_1_532' title='bbox 988 4444 1314 4511; x_wconf 87' lang='lat' dir='ltr'><strong>celebravit,</strong></span> <span class='ocrx_word' id='word_1_533' title='bbox 1338 4444 1530 4503; x_wconf 80' lang='lat' dir='ltr'><strong>deinde</strong></span> <span class='ocrx_word' id='word_1_534' title='bbox 1577 4446 1746 4515; x_wconf 81' lang='lat' dir='ltr'><strong>Aquis</strong></span> <span class='ocrx_word' id='word_1_535' title='bbox 1786 4448 2065 4516; x_wconf 75' lang='lat' dir='ltr'><strong>perduxit,</strong></span> 
     </span>
    </p>
   </div>
   <div class='ocr_carea' id='block_1_74' title="bbox 2169 3268 3756 3351">
    <p class='ocr_par' dir='ltr' id='par_1_74' title="bbox 2169 3268 3756 3351">
     <span class='ocr_line' id='line_1_74' title="bbox 2169 3268 3756 3351; baseline 0.008 -29"><span class='ocrx_word' id='word_1_536' title='bbox 2169 3269 2484 3341; x_wconf 66' lang='lat' dir='ltr'><strong>[\iumagam</strong></span> <span class='ocrx_word' id='word_1_537' title='bbox 2513 3272 2566 3325; x_wconf 92' lang='lat' dir='ltr'><strong>in</strong></span> <span class='ocrx_word' id='word_1_538' title='bbox 2587 3268 2758 3331; x_wconf 85' lang='lat' dir='ltr'><strong>Batua</strong></span> <span class='ocrx_word' id='word_1_539' title='bbox 2786 3273 2952 3340; x_wconf 83' lang='lat' dir='ltr'><strong>venit,</strong></span> <span class='ocrx_word' id='word_1_540' title='bbox 2982 3273 3165 3345; x_wconf 92' lang='lat' dir='ltr'><strong>ibique</strong></span> <span class='ocrx_word' id='word_1_541' title='bbox 3199 3282 3311 3331; x_wconf 89' lang='lat' dir='ltr'><strong>tota</strong></span> <span class='ocrx_word' id='word_1_542' title='bbox 3338 3277 3756 3351; x_wconf 76' lang='lat' dir='ltr'><strong>quadragesima</strong></span> 
     </span>
    </p>
   </div>
   <div class='ocr_carea' id='block_1_75' title="bbox 2168 3358 3757 3439">
    <p class='ocr_par' dir='ltr' id='par_1_75' title="bbox 2168 3358 3757 3439">
     <span class='ocr_line' id='line_1_75' title="bbox 2168 3358 3757 3439; baseline 0.009 -27"><span class='ocrx_word' id='word_1_543' title='bbox 2168 3358 2286 3424; x_wconf 82' lang='lat' dir='ltr'><strong>fuit,</strong></span> <span class='ocrx_word' id='word_1_544' title='bbox 2314 3369 2370 3420; x_wconf 86' lang='lat' dir='ltr'><strong>et</strong></span> <span class='ocrx_word' id='word_1_545' title='bbox 2410 3368 2659 3421; x_wconf 88' lang='lat' dir='ltr'><strong>sanctum</strong></span> <span class='ocrx_word' id='word_1_546' title='bbox 2696 3364 2900 3432; x_wconf 87' lang='lat' dir='ltr'><strong>pascha</strong></span> <span class='ocrx_word' id='word_1_547' title='bbox 2944 3363 3263 3432; x_wconf 85' lang='lat' dir='ltr'><strong>celebravit;</strong></span> <span class='ocrx_word' id='word_1_548' title='bbox 3326 3373 3381 3421; x_wconf 91' lang='lat' dir='ltr'><strong>et</strong></span> <span class='ocrx_word' id='word_1_549' title='bbox 3421 3367 3544 3425; x_wconf 88' lang='lat' dir='ltr'><strong>inde</strong></span> <span class='ocrx_word' id='word_1_550' title='bbox 3582 3367 3757 3439; x_wconf 77' lang='lat' dir='ltr'><strong>Aquis</strong></span> 
     </span>
    </p>
   </div>
   <div class='ocr_carea' id='block_1_76' title="bbox 2168 3448 3760 3528">
    <p class='ocr_par' dir='ltr' id='par_1_76' title="bbox 2168 3448 3760 3528">
     <span class='ocr_line' id='line_1_76' title="bbox 2168 3448 3760 3528; baseline 0.009 -25"><span class='ocrx_word' id='word_1_551' title='bbox 2168 3448 2403 3514; x_wconf 89' lang='lat' dir='ltr'><strong>rediens,</strong></span> <span class='ocrx_word' id='word_1_552' title='bbox 2453 3448 2707 3505; x_wconf 89' lang='lat' dir='ltr'><strong>Carolum</strong></span> <span class='ocrx_word' id='word_1_553' title='bbox 2755 3450 2923 3511; x_wconf 87' lang='lat' dir='ltr'><strong>lilium</strong></span> <span class='ocrx_word' id='word_1_554' title='bbox 2971 3452 3026 3513; x_wconf 86' lang='lat' dir='ltr'><strong>in</strong></span> <span class='ocrx_word' id='word_1_555' title='bbox 3077 3461 3221 3509; x_wconf 85' lang='lat' dir='ltr'><strong>terra</strong></span> <span class='ocrx_word' id='word_1_556' title='bbox 3276 3453 3591 3511; x_wconf 89' lang='lat' dir='ltr'><strong>Sclavorum</strong></span> <span class='ocrx_word' id='word_1_557' title='bbox 3632 3472 3760 3528; x_wconf 64' lang='lat' dir='ltr'><strong>qua</strong></span> 
     </span>
    </p>
   </div>
   <div class='ocr_carea' id='block_1_77' title="bbox 2167 3538 3758 3611">
    <p class='ocr_par' dir='ltr' id='par_1_77' title="bbox 2167 3538 3758 3611">
     <span class='ocr_line' id='line_1_77' title="bbox 2167 3538 3758 3611; baseline 0.008 -17"><span class='ocrx_word' id='word_1_558' title='bbox 2167 3540 2364 3596; x_wconf 92' lang='lat' dir='ltr'><strong>dicitur</strong></span> <span class='ocrx_word' id='word_1_559' title='bbox 2394 3538 2607 3606; x_wconf 89' lang='lat' dir='ltr'><strong>Sorabi,</strong></span> <span class='ocrx_word' id='word_1_560' title='bbox 2637 3554 2801 3611; x_wconf 90' lang='lat' dir='ltr'><strong>super</strong></span> <span class='ocrx_word' id='word_1_561' title='bbox 2823 3542 3035 3598; x_wconf 85' lang='lat' dir='ltr'><strong>Albiam</strong></span> <span class='ocrx_word' id='word_1_562' title='bbox 3076 3542 3296 3607; x_wconf 77' lang='lat' dir='ltr'><strong>ﬂuvium</strong></span> <span class='ocrx_word' id='word_1_563' title='bbox 3343 3561 3467 3602; x_wconf 93' lang='lat' dir='ltr'><strong>cum</strong></span> <span class='ocrx_word' id='word_1_564' title='bbox 3508 3548 3758 3606; x_wconf 79' lang='lat' dir='ltr'><strong>exercitu</strong></span> 
     </span>
    </p>
   </div>
   <div class='ocr_carea' id='block_1_78' title="bbox 2168 3629 3757 3705">
    <p class='ocr_par' dir='ltr' id='par_1_78' title="bbox 2168 3629 3757 3705">
     <span class='ocr_line' id='line_1_78' title="bbox 2168 3629 3757 3705; baseline 0.006 -20"><span class='ocrx_word' id='word_1_565' title='bbox 2168 3629 2335 3696; x_wconf 90' lang='lat' dir='ltr'><strong>misit,</strong></span> <span class='ocrx_word' id='word_1_566' title='bbox 2367 3631 2420 3685; x_wconf 92' lang='lat' dir='ltr'><strong>in</strong></span> <span class='ocrx_word' id='word_1_567' title='bbox 2447 3645 2555 3705; x_wconf 86' lang='lat' dir='ltr'><strong>qua</strong></span> <span class='ocrx_word' id='word_1_568' title='bbox 2582 3633 2967 3702; x_wconf 82' lang='lat' dir='ltr'><strong>congressione</strong></span> <span class='ocrx_word' id='word_1_569' title='bbox 2996 3632 3246 3695; x_wconf 85' lang='lat' dir='ltr'><strong>Miliduoc</strong></span> <span class='ocrx_word' id='word_1_570' title='bbox 3274 3633 3498 3693; x_wconf 89' lang='lat' dir='ltr'><strong>Sclavus</strong></span> <span class='ocrx_word' id='word_1_571' title='bbox 3540 3639 3757 3695; x_wconf 87' lang='lat' dir='ltr'><strong>occisus</strong></span> 
     </span>
    </p>
   </div>
   <div class='ocr_carea' id='block_1_79' title="bbox 2166 3719 3752 3793">
    <p class='ocr_par' dir='ltr' id='par_1_79' title="bbox 2166 3719 3752 3793">
     <span class='ocr_line' id='line_1_79' title="bbox 2166 3719 3752 3793; baseline 0.007 -21"><span class='ocrx_word' id='word_1_572' title='bbox 2166 3726 2269 3784; x_wconf 89' lang='lat' dir='ltr'><strong>est,</strong></span> <span class='ocrx_word' id='word_1_573' title='bbox 2302 3719 2515 3789; x_wconf 88' lang='lat' dir='ltr'><strong>duoque</strong></span> <span class='ocrx_word' id='word_1_574' title='bbox 2550 3720 2773 3781; x_wconf 86' lang='lat' dir='ltr'><strong>castella</strong></span> <span class='ocrx_word' id='word_1_575' title='bbox 2836 3721 2906 3776; x_wconf 87' lang='lat' dir='ltr'><strong>ab</strong></span> <span class='ocrx_word' id='word_1_576' title='bbox 2950 3723 3192 3780; x_wconf 65' lang='lat' dir='ltr'><strong>exercitu</strong></span> <span class='ocrx_word' id='word_1_577' title='bbox 3237 3732 3547 3781; x_wconf 89' lang='lat' dir='ltr'><strong>constructa</strong></span> <span class='ocrx_word' id='word_1_578' title='bbox 3600 3738 3752 3793; x_wconf 87' lang='lat' dir='ltr'><strong>sunt,</strong></span> 
     </span>
    </p>
   </div>
   <div class='ocr_carea' id='block_1_80' title="bbox 2167 3810 3758 3892">
    <p class='ocr_par' dir='ltr' id='par_1_80' title="bbox 2167 3810 3758 3892">
     <span class='ocr_line' id='line_1_80' title="bbox 2167 3810 3758 3892; baseline 0.006 -29"><span class='ocrx_word' id='word_1_579' title='bbox 2167 3825 2333 3865; x_wconf 88' lang='lat' dir='ltr'><strong>nnmn</strong></span> <span class='ocrx_word' id='word_1_580' title='bbox 2372 3826 2536 3889; x_wconf 85' lang='lat' dir='ltr'><strong>super</strong></span> <span class='ocrx_word' id='word_1_581' title='bbox 2588 3813 2763 3882; x_wconf 85' lang='lat' dir='ltr'><strong>ripam</strong></span> <span class='ocrx_word' id='word_1_582' title='bbox 2814 3810 3051 3873; x_wconf 73' lang='lat' dir='ltr'><strong>ﬂuminis</strong></span> <span class='ocrx_word' id='word_1_583' title='bbox 3101 3814 3260 3877; x_wconf 77' lang='lat' dir='ltr'><strong>Salzc.</strong></span> <span class='ocrx_word' id='word_1_584' title='bbox 3310 3817 3541 3878; x_wconf 83' lang='lat' dir='ltr'><strong>alterum</strong></span> <span class='ocrx_word' id='word_1_585' title='bbox 3592 3834 3758 3892; x_wconf 73' lang='lat' dir='ltr'><strong>super</strong></span> 
     </span>
    </p>
   </div>
   <div class='ocr_carea' id='block_1_81' title="bbox 2166 3899 3760 3987">
    <p class='ocr_par' dir='ltr' id='par_1_81' title="bbox 2166 3899 3760 3987">
     <span class='ocr_line' id='line_1_81' title="bbox 2166 3899 3760 3987; baseline 0.006 -28"><span class='ocrx_word' id='word_1_586' title='bbox 2166 3899 2400 3959; x_wconf 86' lang='lat' dir='ltr'><strong>Albiam.</strong></span> <span class='ocrx_word' id='word_1_587' title='bbox 2468 3903 2784 3975; x_wconf 88' lang='lat' dir='ltr'><strong>Sclavisque</strong></span> <span class='ocrx_word' id='word_1_588' title='bbox 2831 3907 3179 3987; x_wconf 87' lang='lat' dir='ltr'><strong>compressis,</strong></span> <span class='ocrx_word' id='word_1_589' title='bbox 3231 3922 3300 3970; x_wconf 72' lang='lat' dir='ltr'><strong>ex.</strong></span> <span class='ocrx_word' id='word_1_590' title='bbox 3355 3911 3457 3969; x_wconf 76' lang='lat' dir='ltr'><strong>hac</strong></span> <span class='ocrx_word' id='word_1_591' title='bbox 3496 3919 3652 3981; x_wconf 89' lang='lat' dir='ltr'><strong>parte</strong></span> <span class='ocrx_word' id='word_1_592' title='bbox 3696 3909 3760 3968; x_wconf 87' lang='lat' dir='ltr'><strong>in</strong></span> 
     </span>
    </p>
   </div>
   <div class='ocr_carea' id='block_1_82' title="bbox 2168 3995 3767 4083">
    <p class='ocr_par' dir='ltr' id='par_1_82' title="bbox 2168 3995 3767 4083">
     <span class='ocr_line' id='line_1_82' title="bbox 2168 3995 3767 4083; baseline 0.006 -33"><span class='ocrx_word' id='word_1_593' title='bbox 2168 3995 2510 4059; x_wconf 86' lang='lat' dir='ltr'><strong>Behemicum</strong></span> <span class='ocrx_word' id='word_1_594' title='bbox 2537 4013 2659 4054; x_wconf 92' lang='lat' dir='ltr'><strong>cum</strong></span> <span class='ocrx_word' id='word_1_595' title='bbox 2689 3997 2955 4076; x_wconf 84' lang='lat' dir='ltr'><strong>Bajoariis</strong></span> <span class='ocrx_word' id='word_1_596' title='bbox 2990 4009 3151 4070; x_wconf 89' lang='lat' dir='ltr'><strong>atque</strong></span> <span class='ocrx_word' id='word_1_597' title='bbox 3175 4001 3491 4063; x_wconf 79' lang='lat' dir='ltr'><strong>Alamannis</strong></span> <span class='ocrx_word' id='word_1_598' title='bbox 3523 3999 3767 4083; x_wconf 45' lang='lat' dir='ltr'><strong>ingredig</strong></span> 
     </span>
    </p>
   </div>
   <div class='ocr_carea' id='block_1_83' title="bbox 2170 4092 3753 4165">
    <p class='ocr_par' dir='ltr' id='par_1_83' title="bbox 2170 4092 3753 4165">
     <span class='ocr_line' id='line_1_83' title="bbox 2170 4092 3753 4165; baseline 0.005 -23"><span class='ocrx_word' id='word_1_599' title='bbox 2170 4095 2275 4150; x_wconf 88' lang='lat' dir='ltr'><strong>tur,</strong></span> <span class='ocrx_word' id='word_1_600' title='bbox 2305 4101 2601 4165; x_wconf 88' lang='lat' dir='ltr'><strong>eorumque</strong></span> <span class='ocrx_word' id='word_1_601' title='bbox 2646 4097 2846 4144; x_wconf 87' lang='lat' dir='ltr'><strong>terram</strong></span> <span class='ocrx_word' id='word_1_602' title='bbox 2893 4105 2962 4151; x_wconf 77' lang='lat' dir='ltr'><strong>ex</strong></span> <span class='ocrx_word' id='word_1_603' title='bbox 3011 4092 3249 4153; x_wconf 79' lang='lat' dir='ltr'><strong>maxima</strong></span> <span class='ocrx_word' id='word_1_604' title='bbox 3294 4100 3451 4163; x_wconf 82' lang='lat' dir='ltr'><strong>parte</strong></span> <span class='ocrx_word' id='word_1_605' title='bbox 3494 4092 3753 4160; x_wconf 73' lang='lat' dir='ltr'><strong>vastavit.</strong></span> 
     </span>
    </p>
   </div>
   <div class='ocr_carea' id='block_1_84' title="bbox 2168 4178 3759 4255">
    <p class='ocr_par' dir='ltr' id='par_1_84' title="bbox 2168 4178 3759 4255">
     <span class='ocr_line' id='line_1_84' title="bbox 2168 4178 3759 4255; baseline 0.004 -21"><span class='ocrx_word' id='word_1_606' title='bbox 2168 4178 2371 4237; x_wconf 82' lang='lat' dir='ltr'><strong>Eodem</strong></span> <span class='ocrx_word' id='word_1_607' title='bbox 2413 4194 2555 4236; x_wconf 90' lang='lat' dir='ltr'><strong>anno</strong></span> <span class='ocrx_word' id='word_1_608' title='bbox 2590 4181 2645 4243; x_wconf 89' lang='lat' dir='ltr'><strong>in</strong></span> <span class='ocrx_word' id='word_1_609' title='bbox 2687 4180 2966 4243; x_wconf 77' lang='lat' dir='ltr'><strong>Corsicam</strong></span> <span class='ocrx_word' id='word_1_610' title='bbox 3022 4182 3257 4245; x_wconf 90' lang='lat' dir='ltr'><strong>insulam</strong></span> <span class='ocrx_word' id='word_1_611' title='bbox 3303 4194 3491 4241; x_wconf 91' lang='lat' dir='ltr'><strong>contra</strong></span> <span class='ocrx_word' id='word_1_612' title='bbox 3536 4184 3759 4255; x_wconf 64' lang='lat' dir='ltr'><strong>Mauro;</strong></span> 
     </span>
    </p>
   </div>
   <div class='ocr_carea' id='block_1_85' title="bbox 2170 4272 3759 4350">
    <p class='ocr_par' dir='ltr' id='par_1_85' title="bbox 2170 4272 3759 4350">
     <span class='ocr_line' id='line_1_85' title="bbox 2170 4272 3759 4350; baseline 0.006 -25"><span class='ocrx_word' id='word_1_613' title='bbox 2170 4272 2260 4344; x_wconf 92' lang='lat' dir='ltr'><strong>qni</strong></span> <span class='ocrx_word' id='word_1_614' title='bbox 2286 4287 2406 4328; x_wconf 89' lang='lat' dir='ltr'><strong>eam</strong></span> <span class='ocrx_word' id='word_1_615' title='bbox 2438 4275 2740 4339; x_wconf 81' lang='lat' dir='ltr'><strong>vastabant,</strong></span> <span class='ocrx_word' id='word_1_616' title='bbox 2769 4274 2957 4333; x_wconf 84' lang='lat' dir='ltr'><strong>classis</strong></span> <span class='ocrx_word' id='word_1_617' title='bbox 2984 4275 3050 4330; x_wconf 88' lang='lat' dir='ltr'><strong>dc</strong></span> <span class='ocrx_word' id='word_1_618' title='bbox 3075 4276 3294 4342; x_wconf 5' lang='lat' dir='ltr'><strong>Italiaqa</strong></span> <span class='ocrx_word' id='word_1_619' title='bbox 3329 4276 3556 4350; x_wconf 81' lang='lat' dir='ltr'><strong>Pippino</strong></span> <span class='ocrx_word' id='word_1_620' title='bbox 3585 4278 3759 4342; x_wconf 75' lang='lat' dir='ltr'><strong>missa</strong></span> 
     </span>
    </p>
   </div>
   <div class='ocr_carea' id='block_1_86' title="bbox 2168 4360 3770 4440">
    <p class='ocr_par' dir='ltr' id='par_1_86' title="bbox 2168 4360 3770 4440">
     <span class='ocr_line' id='line_1_86' title="bbox 2168 4360 3770 4440; baseline 0.007 -24"><span class='ocrx_word' id='word_1_621' title='bbox 2168 4373 2273 4431; x_wconf 76' lang='lat' dir='ltr'><strong>est,</strong></span> <span class='ocrx_word' id='word_1_622' title='bbox 2305 4364 2461 4440; x_wconf 82' lang='lat' dir='ltr'><strong>cujus</strong></span> <span class='ocrx_word' id='word_1_623' title='bbox 2492 4366 2782 4421; x_wconf 87' lang='lat' dir='ltr'><strong>adventum</strong></span> <span class='ocrx_word' id='word_1_624' title='bbox 2811 4365 2980 4429; x_wconf 82' lang='lat' dir='ltr'><strong>Mauri</strong></span> <span class='ocrx_word' id='word_1_625' title='bbox 3008 4382 3112 4422; x_wconf 93' lang='lat' dir='ltr'><strong>non</strong></span> <span class='ocrx_word' id='word_1_626' title='bbox 3145 4378 3494 4439; x_wconf 79' lang='lat' dir='ltr'><strong>expectantes</strong></span> <span class='ocrx_word' id='word_1_627' title='bbox 3535 4360 3770 4431; x_wconf 50' lang='lat' dir='ltr'><strong>absces?</strong></span> 
     </span>
    </p>
   </div>
   <div class='ocr_carea' id='block_1_87' title="bbox 2170 4452 3755 4528">
    <p class='ocr_par' dir='ltr' id='par_1_87' title="bbox 2170 4452 3755 4528">
     <span class='ocr_line' id='line_1_87' title="bbox 2170 4452 3755 4528; baseline 0.004 -20"><span class='ocrx_word' id='word_1_628' title='bbox 2170 4462 2373 4508; x_wconf 89' lang='lat' dir='ltr'><strong>scrunt.</strong></span> <span class='ocrx_word' id='word_1_629' title='bbox 2406 4452 2555 4512; x_wconf 79' lang='lat' dir='ltr'><strong>Unus</strong></span> <span class='ocrx_word' id='word_1_630' title='bbox 2578 4462 2753 4508; x_wconf 86' lang='lat' dir='ltr'><strong>tamen</strong></span> <span class='ocrx_word' id='word_1_631' title='bbox 2785 4470 2851 4512; x_wconf 77' lang='lat' dir='ltr'><strong>ex</strong></span> <span class='ocrx_word' id='word_1_632' title='bbox 2880 4452 3102 4510; x_wconf 88' lang='lat' dir='ltr'><strong>Francis</strong></span> <span class='ocrx_word' id='word_1_633' title='bbox 3131 4454 3462 4520; x_wconf 80' lang='lat' dir='ltr'><strong>Hademarus</strong></span> <span class='ocrx_word' id='word_1_634' title='bbox 3510 4459 3755 4528; x_wconf 81' lang='lat' dir='ltr'><strong>nomine,</strong></span> 
     </span>
    </p>
   </div>
   <div class='ocr_carea' id='block_1_88' title="bbox 489 4528 3756 4623">
    <p class='ocr_par' dir='ltr' id='par_1_88' title="bbox 489 4528 3756 4623">
     <span class='ocr_line' id='line_1_88' title="bbox 489 4528 3756 4623; baseline 0.003 -31"><span class='ocrx_word' id='word_1_635' title='bbox 489 4543 543 4593; x_wconf 86' lang='lat' dir='ltr'><strong>et</strong></span> <span class='ocrx_word' id='word_1_636' title='bbox 585 4535 910 4588; x_wconf 89' lang='lat' dir='ltr'><strong>honoratum</strong></span> <span class='ocrx_word' id='word_1_637' title='bbox 943 4533 1159 4623; x_wconf 77' lang='lat' dir='ltr'><strong>magnis</strong></span> <span class='ocrx_word' id='word_1_638' title='bbox 1189 4533 1503 4623; x_wconf 82' lang='lat' dir='ltr'><strong>muneribus</strong></span> <span class='ocrx_word' id='word_1_639' title='bbox 1530 4548 1629 4609; x_wconf 89' lang='lat' dir='ltr'><strong>per</strong></span> <span class='ocrx_word' id='word_1_640' title='bbox 1656 4535 1958 4605; x_wconf 76' lang='lat' dir='ltr'><strong>Bajoariam</strong></span> <span class='ocrx_word' id='word_1_641' title='bbox 1990 4536 2069 4597; x_wconf 81' lang='lat' dir='ltr'><strong>ire</strong></span> <span class='ocrx_word' id='word_1_642' title='bbox 2099 4528 2147 4588; x_wconf 81' lang='lat' dir='ltr'><strong>D</strong></span> <span class='ocrx_word' id='word_1_643' title='bbox 2173 4555 2354 4597; x_wconf 86' lang='lat' dir='ltr'><strong>comes</strong></span> <span class='ocrx_word' id='word_1_644' title='bbox 2378 4541 2613 4603; x_wconf 84' lang='lat' dir='ltr'><strong>civitatis</strong></span> <span class='ocrx_word' id='word_1_645' title='bbox 2646 4542 2865 4609; x_wconf 67' lang='lat' dir='ltr'><strong>Gemma,</strong></span> <span class='ocrx_word' id='word_1_646' title='bbox 2895 4558 3018 4605; x_wconf 86' lang='lat' dir='ltr'><strong>cum</strong></span> <span class='ocrx_word' id='word_1_647' title='bbox 3052 4543 3423 4623; x_wconf 90' lang='lat' dir='ltr'><strong>imprudenter</strong></span> <span class='ocrx_word' id='word_1_648' title='bbox 3464 4557 3756 4619; x_wconf 76' lang='lat' dir='ltr'><strong>pugnaret,</strong></span> 
     </span>
    </p>
   </div>
   <div class='ocr_carea' id='block_1_89' title="bbox 490 4621 2063 4694">
    <p class='ocr_par' dir='ltr' id='par_1_89' title="bbox 490 4621 2063 4694">
     <span class='ocr_line' id='line_1_89' title="bbox 490 4621 2063 4694; baseline 0 -15"><span class='ocrx_word' id='word_1_649' title='bbox 490 4625 782 4689; x_wconf 85' lang='lat' dir='ltr'><strong>volentem,</strong></span> <span class='ocrx_word' id='word_1_650' title='bbox 822 4637 853 4677; x_wconf 88' lang='lat' dir='ltr'><strong>a</strong></span> <span class='ocrx_word' id='word_1_651' title='bbox 898 4622 1011 4683; x_wconf 90' lang='lat' dir='ltr'><strong>suis</strong></span> <span class='ocrx_word' id='word_1_652' title='bbox 1067 4622 1255 4678; x_wconf 91' lang='lat' dir='ltr'><strong>deduci</strong></span> <span class='ocrx_word' id='word_1_653' title='bbox 1306 4621 1437 4679; x_wconf 77' lang='lat' dir='ltr'><strong>fecit</strong></span> <span class='ocrx_word' id='word_1_654' title='bbox 1494 4639 1666 4694; x_wconf 89' lang='lat' dir='ltr'><strong>usque</strong></span> <span class='ocrx_word' id='word_1_655' title='bbox 1727 4624 2063 4681; x_wconf 75' lang='lat' dir='ltr'><strong>Ravennam.</strong></span> 
     </span>
    </p>
   </div>
   <div class='ocr_carea' id='block_1_90' title="bbox 488 4714 2069 4789">
    <p class='ocr_par' dir='ltr' id='par_1_90' title="bbox 488 4714 2069 4789">
     <span class='ocr_line' id='line_1_90' title="bbox 488 4714 2069 4789; baseline -0.001 -16"><span class='ocrx_word' id='word_1_656' title='bbox 488 4718 661 4773; x_wconf 84' lang='lat' dir='ltr'><strong>Causa</strong></span> <span class='ocrx_word' id='word_1_657' title='bbox 688 4724 870 4771; x_wconf 89' lang='lat' dir='ltr'><strong>autem</strong></span> <span class='ocrx_word' id='word_1_658' title='bbox 895 4715 1156 4771; x_wconf 87' lang='lat' dir='ltr'><strong>adventus</strong></span> <span class='ocrx_word' id='word_1_659' title='bbox 1188 4714 1304 4789; x_wconf 83' lang='lat' dir='ltr'><strong>ejus</strong></span> <span class='ocrx_word' id='word_1_660' title='bbox 1329 4716 1445 4772; x_wconf 83' lang='lat' dir='ltr'><strong>htec</strong></span> <span class='ocrx_word' id='word_1_661' title='bbox 1473 4714 1578 4779; x_wconf 72' lang='lat' dir='ltr'><strong>fuit</strong></span> <span class='ocrx_word' id='word_1_662' title='bbox 1602 4734 1617 4772; x_wconf 88' lang='lat'><strong>:</strong></span> <span class='ocrx_word' id='word_1_663' title='bbox 1647 4716 1958 4774; x_wconf 91' lang='lat' dir='ltr'><strong>nunciatum</strong></span> <span class='ocrx_word' id='word_1_664' title='bbox 1985 4725 2069 4773; x_wconf 89' lang='lat' dir='ltr'><strong>est</strong></span> 
     </span>
    </p>
   </div>
   <div class='ocr_carea' id='block_1_91' title="bbox 491 4805 2066 4886">
    <p class='ocr_par' dir='ltr' id='par_1_91' title="bbox 491 4805 2066 4886">
     <span class='ocr_line' id='line_1_91' title="bbox 491 4805 2066 4886; baseline 0.002 -25"><span class='ocrx_word' id='word_1_665' title='bbox 491 4807 823 4880; x_wconf 87' lang='lat' dir='ltr'><strong>imperatori,</strong></span> <span class='ocrx_word' id='word_1_666' title='bbox 848 4805 973 4863; x_wconf 81' lang='lat' dir='ltr'><strong>Jesu</strong></span> <span class='ocrx_word' id='word_1_667' title='bbox 995 4806 1194 4864; x_wconf 89' lang='lat' dir='ltr'><strong>Christi</strong></span> <span class='ocrx_word' id='word_1_668' title='bbox 1220 4806 1432 4867; x_wconf 86' lang='lat' dir='ltr'><strong>Domini</strong></span> <span class='ocrx_word' id='word_1_669' title='bbox 1461 4807 1631 4863; x_wconf 87' lang='lat' dir='ltr'><strong>nostri</strong></span> <span class='ocrx_word' id='word_1_670' title='bbox 1659 4808 1972 4886; x_wconf 74' lang='lat' dir='ltr'><strong>sanguinem</strong></span> <span class='ocrx_word' id='word_1_671' title='bbox 2013 4808 2066 4864; x_wconf 93' lang='lat' dir='ltr'><strong>in</strong></span> 
     </span>
    </p>
   </div>
   <div class='ocr_carea' id='block_1_92' title="bbox 492 4896 2070 4975">
    <p class='ocr_par' dir='ltr' id='par_1_92' title="bbox 492 4896 2070 4975">
     <span class='ocr_line' id='line_1_92' title="bbox 492 4896 2070 4975; baseline 0.001 -21"><span class='ocrx_word' id='word_1_672' title='bbox 492 4900 709 4954; x_wconf 82' lang='lat' dir='ltr'><strong>Mantua</strong></span> <span class='ocrx_word' id='word_1_673' title='bbox 764 4898 983 4964; x_wconf 81' lang='lat' dir='ltr'><strong>civitate</strong></span> <span class='ocrx_word' id='word_1_674' title='bbox 1040 4896 1208 4961; x_wconf 73' lang='lat' dir='ltr'><strong>fuisse</strong></span> <span class='ocrx_word' id='word_1_675' title='bbox 1268 4907 1572 4975; x_wconf 84' lang='lat' dir='ltr'><strong>repertum;</strong></span> <span class='ocrx_word' id='word_1_676' title='bbox 1643 4899 1942 4975; x_wconf 85' lang='lat' dir='ltr'><strong>imperator</strong></span> <span class='ocrx_word' id='word_1_677' title='bbox 1995 4903 2070 4963; x_wconf 80' lang='lat' dir='ltr'><strong>ad</strong></span> 
     </span>
    </p>
   </div>
   <div class='ocr_carea' id='block_1_93' title="bbox 489 4989 2065 5068">
    <p class='ocr_par' dir='ltr' id='par_1_93' title="bbox 489 4989 2065 5068">
     <span class='ocr_line' id='line_1_93' title="bbox 489 4989 2065 5068; baseline 0.001 -23"><span class='ocrx_word' id='word_1_678' title='bbox 489 5000 683 5068; x_wconf 87' lang='lat' dir='ltr'><strong>papam</strong></span> <span class='ocrx_word' id='word_1_679' title='bbox 712 4989 933 5055; x_wconf 83' lang='lat' dir='ltr'><strong>direxit,</strong></span> <span class='ocrx_word' id='word_1_680' title='bbox 963 5002 1162 5061; x_wconf 78' lang='lat' dir='ltr'><strong>rogans</strong></span> <span class='ocrx_word' id='word_1_681' title='bbox 1185 4997 1245 5061; x_wconf 82' lang='lat' dir='ltr'><strong>ut</strong></span> <span class='ocrx_word' id='word_1_682' title='bbox 1266 4989 1549 5051; x_wconf 86' lang='lat' dir='ltr'><strong>veritatem</strong></span> <span class='ocrx_word' id='word_1_683' title='bbox 1579 4991 1658 5046; x_wconf 91' lang='lat' dir='ltr'><strong>rei</strong></span> <span class='ocrx_word' id='word_1_684' title='bbox 1697 4990 2065 5062; x_wconf 80' lang='lat' dir='ltr'><strong>perquireret;</strong></span> 
     </span>
    </p>
   </div>
   <div class='ocr_carea' id='block_1_94' title="bbox 489 5082 2072 5156">
    <p class='ocr_par' dir='ltr' id='par_1_94' title="bbox 489 5082 2072 5156">
     <span class='ocr_line' id='line_1_94' title="bbox 489 5082 2072 5156; baseline 0.001 -19"><span class='ocrx_word' id='word_1_685' title='bbox 489 5085 601 5156; x_wconf 86' lang='lat' dir='ltr'><strong>qui,</strong></span> <span class='ocrx_word' id='word_1_686' title='bbox 625 5094 844 5156; x_wconf 83' lang='lat' dir='ltr'><strong>accepta</strong></span> <span class='ocrx_word' id='word_1_687' title='bbox 868 5083 1153 5145; x_wconf 79' lang='lat' dir='ltr'><strong>occasione</strong></span> <span class='ocrx_word' id='word_1_688' title='bbox 1178 5083 1345 5138; x_wconf 81' lang='lat' dir='ltr'><strong>Roma</strong></span> <span class='ocrx_word' id='word_1_689' title='bbox 1373 5082 1623 5149; x_wconf 72' lang='lat' dir='ltr'><strong>exeundi,</strong></span> <span class='ocrx_word' id='word_1_690' title='bbox 1646 5084 1825 5154; x_wconf 87' lang='lat' dir='ltr'><strong>primo</strong></span> <span class='ocrx_word' id='word_1_691' title='bbox 1858 5082 1909 5139; x_wconf 91' lang='lat' dir='ltr'><strong>in</strong></span> <span class='ocrx_word' id='word_1_692' title='bbox 1932 5085 2072 5145; x_wconf 82' lang='lat' dir='ltr'><strong>Lan-</strong></span> 
     </span>
    </p>
   </div>
   <div class='ocr_carea' id='block_1_95' title="bbox 490 5174 2069 5252">
    <p class='ocr_par' dir='ltr' id='par_1_95' title="bbox 490 5174 2069 5252">
     <span class='ocr_line' id='line_1_95' title="bbox 490 5174 2069 5252; baseline 0.002 -22"><span class='ocrx_word' id='word_1_693' title='bbox 490 5175 827 5252; x_wconf 78' lang='lat' dir='ltr'><strong>gobardiam,</strong></span> <span class='ocrx_word' id='word_1_694' title='bbox 852 5175 1007 5247; x_wconf 81' lang='lat' dir='ltr'><strong>quasi</strong></span> <span class='ocrx_word' id='word_1_695' title='bbox 1055 5188 1155 5249; x_wconf 87' lang='lat' dir='ltr'><strong>pro</strong></span> <span class='ocrx_word' id='word_1_696' title='bbox 1204 5174 1552 5245; x_wconf 92' lang='lat' dir='ltr'><strong>inquisitione</strong></span> <span class='ocrx_word' id='word_1_697' title='bbox 1595 5176 1851 5248; x_wconf 69' lang='lat' dir='ltr'><strong>pmdicta</strong></span> <span class='ocrx_word' id='word_1_698' title='bbox 1893 5176 2069 5248; x_wconf 71' lang='lat' dir='ltr'><strong>profe-</strong></span> 
     </span>
    </p>
   </div>
   <div class='ocr_carea' id='block_1_96' title="bbox 460 5266 2069 5342">
    <p class='ocr_par' dir='ltr' id='par_1_96' title="bbox 460 5266 2069 5342">
     <span class='ocr_line' id='line_1_96' title="bbox 460 5266 2069 5342; baseline 0.002 -22"><span class='ocrx_word' id='word_1_699' title='bbox 460 5298 469 5329; x_wconf 64' lang='grc' dir='ltr'><strong>ι</strong></span> <span class='ocrx_word' id='word_1_700' title='bbox 502 5276 613 5325; x_wconf 58' lang='lat' dir='ltr'><strong>stus</strong></span> <span class='ocrx_word' id='word_1_701' title='bbox 632 5273 750 5332; x_wconf 88' lang='lat' dir='ltr'><strong>est,</strong></span> <span class='ocrx_word' id='word_1_702' title='bbox 781 5266 973 5323; x_wconf 89' lang='lat' dir='ltr'><strong>deinde</strong></span> <span class='ocrx_word' id='word_1_703' title='bbox 1001 5274 1219 5342; x_wconf 88' lang='lat' dir='ltr'><strong>arrepto</strong></span> <span class='ocrx_word' id='word_1_704' title='bbox 1243 5267 1437 5325; x_wconf 89' lang='lat' dir='ltr'><strong>itinere</strong></span> <span class='ocrx_word' id='word_1_705' title='bbox 1464 5268 1643 5325; x_wconf 87' lang='lat' dir='ltr'><strong>subito</strong></span> <span class='ocrx_word' id='word_1_706' title='bbox 1671 5268 1738 5325; x_wconf 89' lang='lat' dir='ltr'><strong>ad</strong></span> <span class='ocrx_word' id='word_1_707' title='bbox 1778 5270 2069 5342; x_wconf 88' lang='lat' dir='ltr'><strong>imperato-</strong></span> 
     </span>
    </p>
   </div>
   <div class='ocr_carea' id='block_1_97' title="bbox 2171 4631 3759 4705">
    <p class='ocr_par' dir='ltr' id='par_1_97' title="bbox 2171 4631 3759 4705">
     <span class='ocr_line' id='line_1_97' title="bbox 2171 4631 3759 4705; baseline 0.003 -17"><span class='ocrx_word' id='word_1_708' title='bbox 2171 4631 2383 4688; x_wconf 90' lang='lat' dir='ltr'><strong>occisus</strong></span> <span class='ocrx_word' id='word_1_709' title='bbox 2415 4641 2499 4695; x_wconf 85' lang='lat' dir='ltr'><strong>est</strong></span> <span class='ocrx_word' id='word_1_710' title='bbox 2545 4649 2575 4689; x_wconf 90' lang='lat' dir='ltr'><strong>a</strong></span> <span class='ocrx_word' id='word_1_711' title='bbox 2616 4632 2836 4697; x_wconf 80' lang='lat' dir='ltr'><strong>Mauris.</strong></span> <span class='ocrx_word' id='word_1_712' title='bbox 2888 4632 2946 4697; x_wconf 80' lang='grc' dir='ltr'>ιη</span> <span class='ocrx_word' id='word_1_713' title='bbox 2996 4633 3197 4705; x_wconf 90' lang='lat' dir='ltr'><strong>Spania</strong></span> <span class='ocrx_word' id='word_1_714' title='bbox 3253 4651 3379 4693; x_wconf 82' lang='lat' dir='ltr'><strong>vero</strong></span> <span class='ocrx_word' id='word_1_715' title='bbox 3425 4636 3654 4697; x_wconf 76' lang='lat' dir='ltr'><strong>Navarri</strong></span> <span class='ocrx_word' id='word_1_716' title='bbox 3699 4648 3759 4698; x_wconf 68' lang='lat' dir='ltr'><strong>es</strong></span> 
     </span>
    </p>
   </div>
   <div class='ocr_carea' id='block_1_98' title="bbox 2171 4723 3757 4800">
    <p class='ocr_par' dir='ltr' id='par_1_98' title="bbox 2171 4723 3757 4800">
     <span class='ocr_line' id='line_1_98' title="bbox 2171 4723 3757 4800; baseline 0.006 -23"><span class='ocrx_word' id='word_1_717' title='bbox 2171 4723 2633 4796; x_wconf 65' lang='lat' dir='ltr'><strong>Pampilonenses,</strong></span> <span class='ocrx_word' id='word_1_718' title='bbox 2655 4727 2747 4800; x_wconf 91' lang='lat' dir='ltr'><strong>qui</strong></span> <span class='ocrx_word' id='word_1_719' title='bbox 2775 4728 3140 4800; x_wconf 88' lang='lat' dir='ltr'><strong>superioribus</strong></span> <span class='ocrx_word' id='word_1_720' title='bbox 3157 4727 3313 4789; x_wconf 85' lang='lat' dir='ltr'><strong>annis</strong></span> <span class='ocrx_word' id='word_1_721' title='bbox 3335 4730 3401 4784; x_wconf 90' lang='lat' dir='ltr'><strong>ad</strong></span> <span class='ocrx_word' id='word_1_722' title='bbox 3422 4726 3757 4787; x_wconf 88' lang='lat' dir='ltr'><strong>Sarracenos</strong></span> 
     </span>
    </p>
   </div>
   <div class='ocr_carea' id='block_1_99' title="bbox 2173 4817 3758 4892">
    <p class='ocr_par' dir='ltr' id='par_1_99' title="bbox 2173 4817 3758 4892">
     <span class='ocr_line' id='line_1_99' title="bbox 2173 4817 3758 4892; baseline 0.005 -22"><span class='ocrx_word' id='word_1_723' title='bbox 2173 4817 2524 4884; x_wconf 83' lang='lat' dir='ltr'><strong>transierant,</strong></span> <span class='ocrx_word' id='word_1_724' title='bbox 2550 4818 2602 4874; x_wconf 92' lang='lat' dir='ltr'><strong>in</strong></span> <span class='ocrx_word' id='word_1_725' title='bbox 2643 4818 2800 4875; x_wconf 83' lang='lat' dir='ltr'><strong>fidem</strong></span> <span class='ocrx_word' id='word_1_726' title='bbox 2830 4820 3029 4892; x_wconf 71' lang='lat' dir='ltr'><strong>recepti</strong></span> <span class='ocrx_word' id='word_1_727' title='bbox 3061 4828 3204 4883; x_wconf 84' lang='lat' dir='ltr'><strong>sunt.</strong></span> <span class='ocrx_word' id='word_1_728' title='bbox 3256 4821 3459 4877; x_wconf 83' lang='lat' dir='ltr'><strong>Classis</strong></span> <span class='ocrx_word' id='word_1_729' title='bbox 3510 4836 3542 4876; x_wconf 87' lang='lat' dir='ltr'><strong>a</strong></span> <span class='ocrx_word' id='word_1_730' title='bbox 3596 4819 3758 4878; x_wconf 84' lang='lat' dir='ltr'><strong>Nico—</strong></span> 
     </span>
    </p>
   </div>
   <div class='ocr_carea' id='block_1_100' title="bbox 2172 4907 3758 4982">
    <p class='ocr_par' dir='ltr' id='par_1_100' title="bbox 2172 4907 3758 4982">
     <span class='ocr_line' id='line_1_100' title="bbox 2172 4907 3758 4982; baseline 0.004 -22"><span class='ocrx_word' id='word_1_731' title='bbox 2172 4907 2345 4981; x_wconf 90' lang='lat' dir='ltr'><strong>phoro</strong></span> <span class='ocrx_word' id='word_1_732' title='bbox 2369 4908 2714 4979; x_wconf 86' lang='lat' dir='ltr'><strong>imperatore,</strong></span> <span class='ocrx_word' id='word_1_733' title='bbox 2741 4910 2824 4964; x_wconf 91' lang='lat' dir='ltr'><strong>cui</strong></span> <span class='ocrx_word' id='word_1_734' title='bbox 2850 4910 2988 4973; x_wconf 81' lang='lat' dir='ltr'><strong>Geta</strong></span> <span class='ocrx_word' id='word_1_735' title='bbox 3037 4911 3295 4980; x_wconf 86' lang='lat' dir='ltr'><strong>patricius</strong></span> <span class='ocrx_word' id='word_1_736' title='bbox 3316 4913 3363 4947; x_wconf 80' lang='grc'>³¹</span> <span class='ocrx_word' id='word_1_737' title='bbox 3387 4920 3639 4982; x_wconf 60' lang='lat' dir='ltr'><strong>praeerat,</strong></span> <span class='ocrx_word' id='word_1_738' title='bbox 3687 4910 3758 4976; x_wconf 79' lang='lat' dir='ltr'><strong>ad</strong></span> 
     </span>
    </p>
   </div>
   <div class='ocr_carea' id='block_1_101' title="bbox 2177 4999 3759 5083">
    <p class='ocr_par' dir='ltr' id='par_1_101' title="bbox 2177 4999 3759 5083">
     <span class='ocr_line' id='line_1_101' title="bbox 2177 4999 3759 5083; baseline 0.005 -30"><span class='ocrx_word' id='word_1_739' title='bbox 2177 4999 2544 5073; x_wconf 82' lang='lat' dir='ltr'><strong>recipiendam</strong></span> <span class='ocrx_word' id='word_1_740' title='bbox 2573 5001 2892 5062; x_wconf 88' lang='lat' dir='ltr'><strong>Dalmatiam</strong></span> <span class='ocrx_word' id='word_1_741' title='bbox 2924 5002 3189 5070; x_wconf 90' lang='lat' dir='ltr'><strong>mittitur,</strong></span> <span class='ocrx_word' id='word_1_742' title='bbox 3215 5012 3271 5058; x_wconf 90' lang='lat' dir='ltr'><strong>et</strong></span> <span class='ocrx_word' id='word_1_743' title='bbox 3305 5003 3465 5083; x_wconf 73' lang='lat' dir='ltr'><strong>legati</strong></span> <span class='ocrx_word' id='word_1_744' title='bbox 3506 5004 3597 5074; x_wconf 87' lang='lat' dir='ltr'><strong>qui</strong></span> <span class='ocrx_word' id='word_1_745' title='bbox 3640 5003 3759 5061; x_wconf 79' lang='lat' dir='ltr'><strong>fere</strong></span> 
     </span>
    </p>
   </div>
   <div class='ocr_carea' id='block_1_102' title="bbox 2177 5092 3759 5166">
    <p class='ocr_par' dir='ltr' id='par_1_102' title="bbox 2177 5092 3759 5166">
     <span class='ocr_line' id='line_1_102' title="bbox 2177 5092 3759 5166; baseline 0.004 -23"><span class='ocrx_word' id='word_1_746' title='bbox 2177 5104 2349 5146; x_wconf 88' lang='lat' dir='ltr'><strong>annos</strong></span> <span class='ocrx_word' id='word_1_747' title='bbox 2375 5099 2606 5162; x_wconf 80' lang='lat' dir='ltr'><strong>quatuor</strong></span> <span class='ocrx_word' id='word_1_748' title='bbox 2633 5092 2700 5147; x_wconf 88' lang='lat' dir='ltr'><strong>ad</strong></span> <span class='ocrx_word' id='word_1_749' title='bbox 2726 5108 2908 5164; x_wconf 81' lang='lat' dir='ltr'><strong>regem</strong></span> <span class='ocrx_word' id='word_1_750' title='bbox 2952 5093 3241 5155; x_wconf 79' lang='lat' dir='ltr'><strong>Persarum</strong></span> <span class='ocrx_word' id='word_1_751' title='bbox 3286 5096 3433 5155; x_wconf 89' lang='lat' dir='ltr'><strong>missi</strong></span> <span class='ocrx_word' id='word_1_752' title='bbox 3476 5103 3626 5160; x_wconf 85' lang='lat' dir='ltr'><strong>sunt,</strong></span> <span class='ocrx_word' id='word_1_753' title='bbox 3656 5109 3759 5166; x_wconf 69' lang='lat' dir='ltr'><strong>per</strong></span> 
     </span>
    </p>
   </div>
   <div class='ocr_carea' id='block_1_103' title="bbox 2174 5178 3755 5261">
    <p class='ocr_par' dir='ltr' id='par_1_103' title="bbox 2174 5178 3755 5261">
     <span class='ocr_line' id='line_1_103' title="bbox 2174 5178 3755 5261; baseline 0.004 -26"><span class='ocrx_word' id='word_1_754' title='bbox 2174 5179 2322 5249; x_wconf 82' lang='lat' dir='ltr'><strong>ipsas</strong></span> <span class='ocrx_word' id='word_1_755' title='bbox 2374 5178 2681 5239; x_wconf 78' lang='lat' dir='ltr'><strong>Graecarum</strong></span> <span class='ocrx_word' id='word_1_756' title='bbox 2744 5184 2964 5248; x_wconf 83' lang='lat' dir='ltr'><strong>navium</strong></span> <span class='ocrx_word' id='word_1_757' title='bbox 3013 5187 3272 5245; x_wconf 84' lang='lat' dir='ltr'><strong>stationes</strong></span> <span class='ocrx_word' id='word_1_758' title='bbox 3325 5184 3637 5261; x_wconf 77' lang='lat' dir='ltr'><strong>transvecti,</strong></span> <span class='ocrx_word' id='word_1_759' title='bbox 3690 5199 3755 5251; x_wconf 75' lang='lat' dir='ltr'><strong>ac</strong></span> 
     </span>
    </p>
   </div>
   <div class='ocr_carea' id='block_1_104' title="bbox 2176 5267 3757 5351">
    <p class='ocr_par' dir='ltr' id='par_1_104' title="bbox 2176 5267 3757 5351">
     <span class='ocr_line' id='line_1_104' title="bbox 2176 5267 3757 5351; baseline 0.007 -29"><span class='ocrx_word' id='word_1_760' title='bbox 2176 5267 2479 5330; x_wconf 80' lang='lat' dir='ltr'><strong>Tarvisium</strong></span> <span class='ocrx_word' id='word_1_761' title='bbox 2524 5270 2671 5328; x_wconf 89' lang='lat' dir='ltr'><strong>nullo</strong></span> <span class='ocrx_word' id='word_1_762' title='bbox 2721 5274 3153 5333; x_wconf 84' lang='lat' dir='ltr'><strong>adversariorum</strong></span> <span class='ocrx_word' id='word_1_763' title='bbox 3198 5277 3464 5341; x_wconf 78' lang='lat' dir='ltr'><strong>sentiente</strong></span> <span class='ocrx_word' id='word_1_764' title='bbox 3500 5291 3757 5351; x_wconf 47' lang='lat' dir='ltr'><strong>pervenis.</strong></span> 
     </span>
    </p>
   </div>
   <div class='ocr_carea' id='block_1_105' title="bbox 2176 5359 3757 5426">
    <p class='ocr_par' dir='ltr' id='par_1_105' title="bbox 2176 5359 3757 5426">
     <span class='ocr_line' id='line_1_105' title="bbox 2176 5359 3757 5426; baseline 0.02 -33"><span class='ocrx_word' id='word_1_765' title='bbox 2176 5366 2297 5388; x_wconf 49' lang='grc' dir='ltr'><strong>-ληο</strong></span> <span class='ocrx_word' id='word_1_766' title='bbox 2346 5359 2647 5410; x_wconf 71' lang='grc' dir='ltr'><strong>ῐηιιαρνηιηι·</strong></span> <span class='ocrx_word' id='word_1_767' title='bbox 2694 5362 2986 5416; x_wconf 58' lang='lat' dir='ltr'><strong>celebravit</strong></span> <span class='ocrx_word' id='word_1_768' title='bbox 3039 5367 3271 5421; x_wconf 82' lang='lat' dir='ltr'><strong>natalem</strong></span> <span class='ocrx_word' id='word_1_769' title='bbox 3322 5366 3534 5418; x_wconf 88' lang='lat' dir='ltr'><strong>Domini</strong></span> <span class='ocrx_word' id='word_1_770' title='bbox 3582 5366 3757 5426; x_wconf 76' lang='lat' dir='ltr'><strong>Annis</strong></span> 
     </span>
    </p>
   </div>
   <div class='ocr_carea' id='block_1_106' title="bbox 3955 2471 3958 3473">
    <p class='ocr_par' dir='ltr' id='par_1_106' title="bbox 3955 2471 3958 2641">
     <span class='ocr_line' id='line_1_106' title="bbox 3955 2471 3958 2641; baseline 0 0"><span class='ocrx_word' id='word_1_771' title='bbox 3955 2471 3958 2641; x_wconf 63' lang='grc' dir='ltr'><strong>Ι</strong></span> 
     </span>
    </p>
   </div>
  </div>
