4010 6412
199 391 268 450 σθ
1351 381 1759 440 CIIItONlCON.
1806 415 1870 422 -
1910 384 2021 440 AN.
2061 387 2340 452 ωηο-ε.
3396 381 3500 444 πα

196 504 358 576 ginis,
421 502 550 557 luna
596 509 778 557 autem
825 499 1140 556 morabatur
1201 497 1258 552 in
1323 497 1390 552 i6
1449 507 1600 555 parte
1661 497 1776 552 Pis-
1814 505 1862 560 Λ
1891 499 2240 568 tiriopolitana
2265 500 2487 555 sedebat
2515 500 2568 554 in
2599 499 2840 565 Venetia,
2875 513 3006 571 pace
3027 499 3170 558 facta
3195 515 3316 558 cum
3337 500 3466 574 Pip-

213 613 426 740 ειὲῗῖᾹο
457 683 746 739 Dominicze
799 679 1188 736 incarnationis
1234 677 1338 734 807
1391 676 1610 747 eclipsis
1654 675 1784 732 solis

197 777 340 832 facta
385 785 472 831 est
506 775 544 830 5
585 775 709 829 ldus
762 773 1050 836 Februan,
1089 779 1272 826 stante
1321 779 1552 837 utroque
1605 766 1784 822 sidere

195 869 246 924 in
275 867 350 922 25
399 877 558 938 parte
597 865 846 935 Aquarii,
872 875 928 918 et
959 863 1012 917 in
1044 862 1236 917 eodem
1269 873 1454 914 mense
1487 858 1522 914 4
1551 857 1780 912 Kalend.

195 959 396 1026 Hartii,
427 957 644 1029 eclipsis
669 955 809 1010 lunae
837 953 978 1008 facta
1023 959 1128 1018 est,
1181 961 1238 1007 et
1287 950 1340 1006 in
1387 949 1576 1005 eadem
1623 957 1784 1004 nocte

193 1055 566 1122 apparuerunt
601 1046 746 1102 acies
775 1045 830 1099 in
856 1043 996 1100 curio
1039 1043 1190 1098 mirae
1231 1039 1638 1112 magnitudinis,
1669 1037 1784 1094 sole

193 1149 446 1196 morante
475 1138 528 1192 in
562 1135 842 1192 undecima
871 1143 1024 1205 pale
1047 1132 1308 1198 Piscium,
1335 1139 1390 1188 et
1441 1129 1566 1185 luna
1613 1130 1668 1184 in
1715 1129 1778 1184 ll

191 1240 352 1302 parte
375 1227 632 1299 Virginis.
661 1225 860 1282 lterum
889 1225 950 1280 ll
1004 1223 1232 1278 Kalend.
1260 1220 1536 1292 Septemb.
1565 1218 1784 1290 eclipsis

191 1329 336 1382 luna:
367 1325 508 1380 facta
531 1335 616 1379 est
645 1323 776 1378 hora
802 1320 978 1376 noctis
1013 1318 1194 1384 tertia,
1253 1316 1370 1372 sole
1419 1314 1594 1386 posito
1651 1314 1704 1368 in
1749 1313 1784 1370 5

1885 590 2010 658 pino
2055 604 2200 660 rege,
2231 597 2289 642 et
2317 588 2546 644 induciis
2590 602 2762 658 usque
2797 588 2864 644 ad
2895 603 3136 646 mensem
3164 589 3467 662 Augustum

1883 677 2138 748 acceptis,
2162 678 2394 733 statione
2421 677 2594 732 soluta
2623 676 3150 750 Constantinopolim
3179 693 3465 752 regressus

1883 775 1994 834 est,
2019 775 2076 822 et
2097 767 2392 828 celebravit
2419 767 2714 838 imperator
2734 768 2966 825 natalem
3013 769 3230 826 Domini
3269 770 3465 844 Aquis,

1881 867 1938 914 et
1964 859 2170 932 pascha
2200 857 2472 914 similiter.

1951 950 2108 1007 Anno
2137 949 2432 1008 Dominicas
2479 951 2868 1009 incarnationis
2890 952 2994 1010 808
3023 955 3216 1026 hyems
3255 955 3468 1012 mollis-

1881 1044 2020 1100 sima
2063 1053 2120 1100 et
2163 1044 2423 1116 pestilens
2463 1045 2582 1104 fuit.
2638 1047 2781 1104 Vere
2829 1047 3120 1104 inchoante
3171 1047 3471 1118 imperator

1883 1133 2144 1206 Niumaga
2171 1133 2444 1208 profectus
2477 1145 2583 1202 est,
2611 1144 2668 1192 et
2707 1136 2988 1193 celebrato
3017 1137 3088 1192 ibi
3121 1139 3343 1207 pascha,
3369 1135 3470 1196 ite-

1882 1239 2004 1280 rum
2032 1225 2203 1296 Aquis
2233 1225 2552 1298 repedavit;
2604 1227 2694 1282 ubi
2721 1229 3024 1286 nuntiatum
3065 1235 3152 1284 est
3177 1228 3250 1294 ei,
3293 1227 3472 1286 Gude-

1882 1311 2082 1370 fridum
2109 1331 2290 1386 regem
2340 1315 2614 1374 Danorum
2654 1317 2838 1390 copias
2873 1317 2928 1374 in
2977 1318 3268 1374 Abrotides
3310 1316 3474 1388 trajec

1883 1405 2042 1472 cisse,
2089 1408 2350 1464 adversus
2405 1425 2568 1480 quem
2615 1409 2870 1470 Carolum
2920 1411 3090 1466 tilium
3139 1427 3296 1468 suum
3342 1427 3470 1474 cum

1879 1499 2124 1554 exercitu
2156 1501 2322 1567 misit,
2339 1502 2538 1574 jubens
2555 1519 2758 1562 vesano
2783 1505 2897 1576 regi
2919 1505 3196 1572 resistere,
3222 1505 3268 1561 si
3296 1505 3470 1562 Saxo-

189 1427 348 1488 parte
379 1415 634 1486 Virginis,
661 1422 716 1468 et
739 1411 868 1466 luna
888 1411 940 1466 in
967 1409 1003 1464 5
1051 1407 1308 1464 Piscium.
1337 1406 1630 1462 Ratbertus
1655 1404 1784 1460 mis-

189 1526 280 1566 sus
313 1507 684 1580 imperatoris,
711 1505 804 1576 qui
835 1504 900 1560 de
925 1502 1132 1557 oriente
1157 1498 1568 1562 revertebatur,
1593 1495 1784 1550 defun-

189 1611 311 1656 ctus
341 1609 448 1663 est,
475 1608 532 1654 et
553 1598 759 1668 legatus
789 1594 930 1664 regis
957 1593 1247 1648 Persarum
1291 1589 1511 1646 nomine
1537 1585 1780 1652 Abdella.
1882 1589 1986 1648 nia:
2025 1591 2288 1647 terminos
2333 1593 2550 1664 aggredi
2587 1603 2893 1665 temptaret.
2936 1595 3262 1654 Godefridus
3300 1611 3470 1669 expu-

185 1706 312 1746 cum
347 1687 632 1744 u‘iouachis
657 1686 726 1740 de
747 1681 1087 1739 Hierusalem
1143 1679 1234 1750 qui
1271 1678 1537 1750 leg..tionc
1564 1676 1784 1734 Thoona
1882 1679 2060 1748 gnatis
2107 1679 2398 1751 aliquantis
2443 1681 2760 1738 Sclavorum
2802 1685 3062 1752 castellis,
3097 1701 3222 1742 cum
3271 1701 3470 1758 magno
3501 1749 3504 1752 ,

187 1783 522 1855 patriarchae
583 1777 988 1848 fungebantur,
1031 1787 1278 1843 quorum
1344 1770 1564 1826 nomina
1630 1769 1784 1824 fuere
1883 1771 2159 1840 copiarum
2193 1786 2414 1826 suarum
2463 1773 2788 1830 detrimento
2830 1776 2884 1830 in
2927 1777 3160 1846 patriam
3211 1791 3469 1834 reversus

185 1873 461 1944 Georgius
499 1881 556 1926 et
603 1868 776 1924 Felix.
820 1865 1088 1936 Georgius
1127 1863 1264 1920 abba
1311 1871 1430 1918 erat
1479 1862 1547 1917 de
1599 1868 1781 1915 monte
1811 1877 1857 1936 Β
1884 1871 1986 1918 est.
2019 1863 2154 1918 Nam
2183 1863 2314 1919 licet
2359 1865 2690 1925 Drasconem
2717 1867 2906 1924 ducem
2933 1869 3318 1926 Abrotidorum
3349 1868 3469 1926 loco

185 1965 410 2033 Oliveti,
437 1973 490 2018 et
518 1970 638 2019 erat
675 1960 892 2014 natione
921 1957 1246 2022 Germanus,
1286 1963 1340 2010 et
1385 1971 1414 2010 a
1463 1954 1782 2025 parentibus
1881 1951 2194 2023 pepulisset,
2248 1952 2602 2012 Godelaibum
2645 1956 2812 2014 alium
2853 1958 3046 2014 ducem
3077 1959 3200 2016 dolo
3241 1969 3468 2032 captum

185 2055 546 2128 Engilbaldus
569 2060 792 2106 vocatus
819 2057 923 2104 est.
965 2047 1338 2102 Perveneram
1384 2045 1566 2116 itaque
1611 2042 1782 2114 Aquis
1877 2044 2120 2114 patibulo
2166 2046 2557 2116 suspendisset,
2587 2048 2971 2108 Abrotidorum
3000 2051 3136 2106 duas
3157 2059 3338 2122 partes
3363 2051 3470 2108 sibi

187 2149 252 2204 ad
297 2149 688 2218 imperatorem
740 2154 964 2196 munera
1017 2137 1274 2202 ferentes,
1327 2149 1448 2206 quae
1489 2133 1782 2206 praedictus
1879 2133 2175 2206 vectigales
2197 2135 2694 2208 fecisset,optimos
2718 2148 2896 2195 tamen
2916 2141 3388 2198 niilitumsuorum
3411 2149 3470 2199 et

186 2256 280 2295 rex
315 2236 512 2293 cursari
541 2234 785 2298 miserat,
830 2231 1038 2286 scilicet
1081 2228 1406 2298 papilionem
1447 2233 1504 2280 et
1548 2223 1782 2284 tentoria

183 2331 351 2392 atrii,
384 2325 542 2382 vario
572 2324 752 2380 colore
797 2336 1044 2392 respersa
1065 2359 1080 2386 ,
1115 2320 1266 2374 mir-.1:
1311 2317 1698 2388 magnitudinis
1725 2325 1782 2372 et

183 2417 632 2492 pulchritudinis.
671 2415 840 2470 Erant
863 2413 1008 2469 enim
1035 2411 1216 2467 omnia
1253 2411 1498 2482 byssina,
1526 2416 1632 2462 tam
1666 2416 1782 2464 ten-

184 2514 326 2571 toria
361 2527 532 2583 quam
553 2519 608 2564 et
634 2507 790 2563 funes
815 2520 1002 2562 eorum
1042 2503 1272 2561 diversis
1300 2504 1466 2558 tincta
1487 2499 1778 2558 coloribus,

181 2606 434 2662 Fuerunt
457 2603 623 2658 etiam
654 2613 878 2654 munera
903 2593 1114 2668 prmfati
1144 2594 1287 2666 regis
1318 2589 1489 2664 pallia
1516 2590 1779 2646 oloserica

181 2696 355 2753 multa
387 2702 446 2749 et
475 2692 632 2746 valde
657 2689 915 2761 pretiosa,
937 2697 992 2742 et
1013 2687 1384 2748 odoramenta,
1401 2692 1455 2738 et
1481 2681 1778 2738 balsamum

183 2799 348 2858 atque
376 2791 679 2855 unguenta.
713 2779 858 2834 Misit
885 2787 1148 2849 praeterea
1175 2773 1510 2844 horologium
1537 2787 1604 2830 ex
1635 2771 1780 2826 auri-

180 2879 374 2935 chalco
402 2885 524 2930 arte
556 2871 871 2927 mechanica
915 2868 1144 2924 miriﬁce
1179 2867 1556 2938 compositum,
1585 2863 1640 2918 in
1669 2879 1778 2934 quo

182 2969 248 3024 ‘12
285 2970 554 3024 horarum
578 2977 771 3019 cursus
796 2961 863 3015 ad
894 2959 1236 3030 clepsydram
1275 2955 1618 3019 vertebatur,
1651 2969 1776 3009 cum

181 3063 414 3118 totidem
441 3057 604 3112 aereis
623 3053 820 3127 pilulis,
847 3068 967 3124 qua:
991 3052 1058 3106 ad
1081 3050 1494 3121 completionem
1518 3050 1776 3104 horarum

181 3151 532 3214 decidebant,
563 3159 620 3204 et
645 3163 777 3203 casu
815 3161 914 3201 suo
950 3137 1270 3212 subjectum
1319 3142 1422 3197 sibi
1471 3140 1774 3212 cymbalum

1882 2241 2042 2280 manu
2067 2227 2500 2300 promptissimos
2521 2231 2725 2297 amisit,
2750 2241 2805 2286 et
2829 2247 2955 2287 cum
2979 2233 3060 2290 eis
3081 2233 3251 2293 tilium
3277 2232 3470 2292 fratris

1881 2318 1964 2374 sui
1987 2320 2212 2376 nomine
2261 2319 2678 2392 Reginbaldum,
2708 2324 2800 2394 qui
2833 2325 2888 2379 in
2933 2327 3337 2396 oppugnatione
3369 2341 3466 2382 cu.

1874 2408 2088 2479 jusdam
2139 2411 2320 2482 oppidi
2357 2427 2478 2468 cum
2521 2413 2772 2484 plurimis
2812 2414 3090 2471 Danorum
3133 2417 3468 2488 primoribus

1873 2499 2198 2558 interfectus
2255 2511 2358 2560 est.
2411 2503 2763 2576 Imperatoris
2823 2506 2966 2562 ﬁlius
3029 2508 3244 2564 Albiam
3302 2513 3512 2580 ponte'

1871 2589 2074 2662 junxit,
2104 2599 2160 2648 et
2181 2595 2480 2650 exercitum
2507 2595 2592 2652 cui
2631 2606 2865 2668 prmerat
2893 2597 3176 2656 Hilinones
3201 2609 3258 2656 et
3283 2600 3467 2660 Sincl-

1880 2682 2090 2754 dingos,
2120 2685 2212 2755 qui
2240 2693 2294 2740 et
2312 2685 2412 2758 ipsi
2437 2687 2502 2742 ad
2525 2686 2880 2746 Godelridum
2919 2705 3104 2762 regem
3131 2690 3464 2760 defecerant.

1879 2782 2082 2842 quanta
2115 2775 2286 2844 potuit
2309 2775 2592 2832 celeritate
2635 2779 2991 2854 transposuit,
3020 2780 3468 2854 depopulatisque

1871 2863 2304 2938 circumquaque
2323 2881 2514 2924 eorum
2542 2869 2710 2940 agris,
2741 2870 2972 2925 transito
3003 2871 3199 2928 iterum
3221 2871 3466 2940 ﬂumine,

1879 2971 2002 3012 cum
2036 2957 2288 3012 incolumi
2323 2959 2566 3016 exercitu
2595 2958 2648 3014 in
2673 2957 2968 3016 Saxoniam
2993 2976 3051 3018 se
3075 2962 3302 3034 recepit.
3327 2962 3468 3020 Fue-

1877 3055 2006 3103 runt
2032 3063 2156 3102 cum
2189 3046 2482 3104 Godel‘rido
2527 3050 2579 3104 in
2609 3052 2868 3124 praedicta
2899 3054 3244 3126 expeditione,
3285 3053 3466 3112 Sclavi

1879 3139 1972 3210 qui
1997 3139 2250 3196 dicuntur
2272 3139 2477 3207 Wiltzi,
2501 3143 2592 3214 qui
2624 3153 2845 3214 propter
2867 3147 3118 3216 antiquas
3153 3147 3468 3206 inimicitias

181 3257 445 3298 resonare
473 3239 766 3302 faciebant,
789 3236 986 3292 additis
1015 3235 1068 3290 in
1103 3233 1292 3290 eodem
1328 3231 1610 3304 borologio
1633 3231 1776 3300 ejus-
1801 3233 1846 3295 C
1877 3245 2013 3298 quas
2041 3245 2162 3286 cum
2197 3230 2474 3288 Abrotidis
2501 3233 2702 3292 habere
2727 3235 2993 3300 solebant,
3025 3245 3220 3306 sponte
3257 3253 3316 3294 se
3339 3251 3466 3294 cor-

181 3335 301 3388 dem
333 3329 554 3386 numeri
581 3327 878 3398 equitibus,
907 3323 1000 3396 qui
1030 3339 1128 3396 per
1175 3322 1460 3378 duodecim
1509 3320 1776 3376 Ernesti-as

177 3422 470 3493 completis
501 3419 650 3476 horis
673 3418 912 3481 exibant,
943 3423 1000 3472 et
1029 3417 1082 3470 in
1110 3431 1274 3471 cursu
1301 3413 1630 3488 egressionis
1664 3428 1776 3467 sua:

181 3514 412 3568 totidem
451 3511 722 3564 fenestras
753 3521 872 3576 qua?
897 3506 1046 3576 prius
1091 3514 1250 3560 erant
1289 3514 1512 3576 apertae,
1557 3503 1776 3558 claude-

180 3611 312 3664 bant
337 3621 354 3660 :
383 3621 489 3661 nec
519 3621 623 3660 non
653 3613 710 3658 et
737 3604 842 3658 alia
870 3604 1036 3658 multa
1069 3611 1228 3658 erant
1260 3603 1312 3658 in
1345 3601 1570 3674 prtefalo
1614 3602 1776 3656 horo-

179 3701 344 3772 logio.
385 3699 634 3753 Fuerunt
682 3697 844 3751 etiam
903 3696 1046 3751 inter
1089 3694 1344 3765 prmdicla
1385 3708 1612 3748 munera
1667 3693 1774 3749 duo

181 3790 518 3849 candelabra
541 3805 610 3844 ex
631 3787 936 3843 aurichalco
961 3788 1112 3844 mira:
1139 3787 1528 3858 magnitudinis
1563 3796 1619 3842 et
1647 3801 1774 3856 pro-.-

179 3883 454 3949 ceritatis,
488 3895 608 3950 quae
631 3879 812 3935 omnia
839 3879 1008 3950 Aquis
1041 3879 1278 3952 reposita
1298 3887 1441 3933 sunt.
1471 3878 1776 3948 Imperator

179 3976 430 4049 legatum
460 3982 516 4028 et
540 3973 835 4030 monachos
867 3985 964 4041 per
987 3970 1193 4040 aliquot
1215 3979 1428 4040 tempus
1449 3985 1634 4026 secum
1681 3985 1772 4026 re-

180 4071 390 4133 tinens,
431 4065 776 4137 postmodum
805 4079 907 4120 .eos
929 4066 984 4124 in
1009 4066 1220 4122 italiam
1245 4066 1464 4132 direxit,
1494 4073 1658 4138 atque
1699 4065 1773 4122 ibi

179 4167 404 4228 tempus
431 4156 788 4227 navigationis
819 4165 1108 4226 expectare
1147 4155 1330 4226 jussit.
1377 4156 1578 4212 Eodem
1629 4171 1774 4212 anno

179 4251 564 4306 Burchardum
611 4249 862 4304 comitem
917 4249 1114 4304 stabuli
1163 4249 1272 4314 sui,
1327 4249 1470 4319 quod
1521 4258 1774 4320 corrupte

180 4341 566 4398 constabulum
598 4339 950 4410 appellamus,
982 4357 1104 4397 cum
1139 4340 1311 4396 classe
1357 4341 1508 4396 misit
1547 4341 1602 4396 in
1637 4341 1772 4396 Cor-

179 4437 378 4499 sicam,
407 4440 468 4487 ut
495 4447 612 4488 eam
631 4447 669 4486 .a
701 4431 902 4489 Mauris
921 4433 1253 4499 defenderet,
1282 4434 1374 4506 qui
1425 4436 1633 4504 praedas
1665 4435 1772 4492 illic

179 4525 534 4580 exercebant.
557 4523 662 4590 Qui
685 4522 842 4591 juxta
869 4523 1312 4582 consuetudinem
1349 4539 1502 4586 suam
1534 4525 1602 4580 de
1647 4525 1771 4584 His-

175 4614 346 4684 pania
375 4613 602 4684 egressi,
629 4613 806 4683 primo
832 4613 1138 4670 Sardiniam
1165 4615 1376 4685 appulsi
1408 4625 1552 4682 sunt,
1588 4617 1771 4688 ibique

177 4720 308 4760 cum
339 4703 534 4759 Sardis
589 4703 777 4776 praelia
828 4705 1142 4772 commisso,
1197 4714 1253 4760 et
1305 4707 1488 4762 multis
1547 4723 1770 4764 suorum

178 4796 494 4852 amissis—
517 4811 641 4850 nam
669 4796 770 4852 tria
814 4795 962 4850 milia
992 4796 1064 4852 ibi
1111 4798 1372 4854 cecidisse
1410 4800 1773 4870 perhibentur

177 4915 252 4928 —-
281 4887 334 4941 in
359 4883 640 4940 Carsicam
693 4893 842 4942 recto
887 4901 1050 4942 cursu
1097 4877 1488 4959 pervenerunt;
1541 4891 1614 4948 ibi
1665 4893 1770 4950 ite-

181 4993 304 5035 rum
329 4977 386 5030 in
407 4977 642 5046 quodam
665 4985 822 5047 portu
849 4977 1092 5050 ejusdem
1123 4981 1310 5036 insulsa
1336 4998 1459 5038 cum
1483 4983 1658 5040 classe
1683 4986 1768 5040 cui

177 5065 532 5122 Burchardus
567 5075 819 5137 praeerat,
841 5068 1027 5138 praelia
1049 5068 1418 5142 decertarunt,
1443 5073 1680 5146 victique
1705 5091 1770 5131 ac

180 5155 357 5228 fugati
387 5167 537 5221 sunt,
565 5157 780 5215 amissis
834 5159 1092 5216 tredecim
1139 5162 1370 5220 navibus
1425 5172 1482 5219 et
1522 5163 1772 5236 plurimis

179 5263 408 5308 suorum
437 5243 758 5306 interfectis.
788 5249 936 5306 Adeo
962 5249 1054 5307 illo
1079 5266 1220 5308 anno
1257 5254 1312 5310 in
1345 5254 1594 5328 omnibus
1636 5255 1771 5312 locis

180 5341 416 5398 adversa
449 5341 664 5398 fortuna
695 5339 902 5414 fatigati
920 5351 1066 5408 sunt,
1089 5351 1152 5399 ut
1175 5343 1276 5416 ipsi
1305 5345 1408 5401 sibi
1437 5347 1638 5403 idcirco
1666 5348 1771 5404 hoc

177 5433 452 5491 accidisse
487 5435 667 5490 testati
699 5434 828 5502 sint,
861 5435 1006 5505 quod
1055 5451 1198 5494 anno
1255 5438 1522 5508 superiori
1575 5449 1764 5494 contra

179 5537 400 5582 omnem
423 5524 692 5596 justitiam
727 5527 793 5581 de
821 5525 1093 5584 Patalaria
1141 5529 1316 5584 insula
1365 5529 1434 5584 60
1473 5533 1769 5588 monachos

184 5627 494 5690 asportatos
523 5620 578 5676 in
605 5619 864 5692 Hispania
898 5622 1296 5690 vendiderunt;
1327 5637 1559 5694 quorum
1600 5625 1767 5695 aliqui

183 5727 282 5781 per
299 5712 682 5768 liberalitatem
707 5713 1052 5783 imperatoris
1079 5714 1274 5770 iterum
1307 5715 1362 5770 in
1399 5729 1496 5771 sua
1524 5715 1642 5770 loca
1683 5731 1768 5770 re-

187 5803 327 5860 versi
354 5811 500 5862 sunt.
535 5803 718 5860 Niccta
749 5805 1018 5878 patritius,
1047 5807 1134 5880 qui
1159 5823 1280 5864 cum
1303 5807 1476 5864 classe
1504 5805 1768 5866 Constan-

1878 3339 1978 3395 pus
2001 3323 2525 3394 corumjunxcrunt,
2572 3327 2797 3398 ipsoque
2835 3329 2891 3384 in
2924 3345 3088 3400 regno
3129 3339 3462 3398 revertente,

1875 3428 1998 3472 cum
2027 3416 2208 3490 praeda
2239 3430 2402 3490 quam
2449 3416 2595 3472 inter
2623 3417 2912 3476 Abrotides
2953 3429 3234 3488 eruperant
3261 3429 3318 3476 et
3361 3419 3462 3491 ipsi

1876 3504 2098 3562 domum
2139 3507 2346 3562 reversi
2395 3515 2541 3562 sunt.
2587 3507 2915 3564 Godefridus
2945 3525 3097 3576 vero,
3144 3512 3464 3584 priusquam

1875 3605 2242 3652 reverteretur
2267 3599 2543 3654 destructo
2563 3601 2806 3674 emporio
2825 3602 2970 3672 quod
2997 3603 3048 3658 in
3070 3605 3260 3658 oceani
3281 3604 3465 3664 littore

1875 3689 2228 3744 constitutum
2261 3699 2401 3756 erat,
2427 3699 2484 3744 et
2507 3691 2690 3762 lingua
2719 3693 2992 3750 Danorum
3023 3693 3224 3754 Rerich
3247 3694 3466 3752 diceba-

1877 3789 1984 3848 tur,
2013 3787 2068 3835 et
2095 3796 2348 3852 magnam
2379 3797 2545 3854 regno
2585 3783 2728 3840 illius
2757 3786 3198 3845 commoditatem
3227 3786 3466 3857 vectiga-

1875 3872 2006 3927 lium
2031 3873 2397 3944 persolutione
2438 3877 2754 3946 priestabat,
2785 3877 3174 3948 translatisque
3215 3877 3342 3938 inde
3369 3892 3465 3934 ne-

1875 3963 2232 4036 gotiatoribus
2264 3965 2439 4020 soluta
2467 3966 2661 4033 classe,
2689 3968 2756 4024 ad
2779 3977 2994 4040 portum
3028 3969 3122 4040 qui
3165 3968 3458 4040 Liestorph

1875 4055 2092 4121 dicitur,
2126 4071 2250 4112 cum
2293 4057 2550 4114 universo
2593 4060 2839 4118 exercitu
2878 4061 3061 4128 venit;
3095 4060 3188 4120 ubi
3231 4075 3329 4135 per
3363 4061 3463 4116 alio

1873 4155 2006 4218 quot
2034 4148 2149 4202 dies
2189 4157 2453 4216 moratus,
2479 4148 2707 4206 limitem
2731 4151 2885 4220 regni
2917 4151 3002 4207 sui
3037 4152 3132 4220 qui
3168 4151 3462 4208 Samuiam

1871 4237 2115 4310 respicit,
2137 4239 2278 4296 vallo
2300 4241 2512 4295 munire
2531 4243 2832 4309 constituit,
2855 4253 2910 4298 et
2938 4244 3098 4300 modo
3119 4253 3180 4298 ut
3196 4244 3265 4298 ab
3287 4246 3466 4298 orien-

1875 4330 1967 4386 tali
1995 4331 2164 4386 maris
2185 4330 2305 4388 sinu
2335 4347 2498 4406 quem
2537 4331 2614 4386 illi
2641 4331 2921 4392 Hostarsal
2957 4332 3166 4399 dicunt.
3199 4347 3371 4403 usque
3391 4323 3490 4390 ad.

1871 4419 2260 4478 occidentalem
2289 4436 2552 4478 oceanum
2577 4431 2748 4480 totam
2779 4424 3026 4493 Egidora:
3051 4423 3292 4480 ﬂuminis
3313 4425 3464 4495 aqui-

1873 4514 2118 4571 lonarem
2147 4517 2322 4588 ripam
2351 4517 2750 4574 munimentum
2790 4518 2918 4572 valli
2965 4525 3312 4589 prmtexerat,
3351 4533 3462 4574 una

1800 4588 1850 4648 Ι)
1877 4599 2088 4668 tantum
2119 4620 2274 4680 porta
2323 4609 2564 4676 dimissa,
2615 4625 2714 4680 per
2757 4625 2922 4679 quam
2947 4588 3102 4666 carra
3155 4619 3210 4665 et
3249 4609 3464 4682 equites

1878 4699 2054 4756 emitti
2081 4709 2137 4755 et
2171 4701 2334 4772 recipi
2359 4703 2680 4772 potuissent.
2714 4702 2898 4758 Diviso
2923 4703 3108 4772 itaque
3132 4717 3296 4773 opere
3317 4702 3462 4758 inter

1878 4793 2072 4858 duces,
2105 4793 2323 4848 domum
2353 4807 2602 4850 reversus
2641 4801 2744 4850 est.
2793 4793 3002 4852 interea
3043 4809 3138 4850 rex
3179 4791 3462 4856 Νοτιάᾶηὶ-

1875 4886 2098 4941 brorum
2127 4885 2498 4944 de‘Britannia
2533 4887 2710 4946 insula
2758 4888 2980 4944 nomine
3017 4886 3260 4952 Eardulf,
3291 4901 3458 4958 reger-

1877 4985 1928 5031 et
1955 4976 2132 5046 patria
2169 4976 2374 5048 pulsus,
2421 4979 2488 5032 ad
2541 4979 2926 5048 imperatorem
2953 4978 3082 5034 dum
3127 4978 3306 5035 adhuc
3332 4979 3464 5040 Nin-

1875 5083 2033 5138 maga
2063 5077 2308 5124 moratur
2335 5068 2508 5134 venit,
2537 5077 2594 5126 et
2629 5068 2900 5139 patefacto
2933 5070 3198 5128 adventus
3245 5069 3328 5126 sui
3371 5083 3462 5126 nev

1875 5161 2042 5232 gotio,
2087 5159 2313 5214 Ruinam
2359 5160 2743 5230 proﬁciscitur,
2783 5160 3064 5232 Romaque
3103 5160 3320 5218 rediens
3359 5175 3490 5236 per,

1877 5253 2082 5324 legatos
2127 5252 2352 5308 Romani
2379 5255 2652 5326 pontiﬁcis
2695 5263 2752 5312 et
2777 5253 3123 5325 imperatoris
3149 5253 3204 5308 in
3233 5269 3458 5326 regnum

1877 5360 2032 5400 suum
2069 5345 2362 5402 reducitur.
2395 5347 2522 5404 Fuit
2552 5355 2732 5404 autem
2763 5347 2968 5414 legatus
2993 5345 3272 5417 apostolici
3295 5346 3460 5402 Adule

1877 5437 2013 5509 phus
2037 5439 2296 5504 diaconus
2339 5438 2406 5494 de
2433 5437 2736 5506 Britannia,
2783 5439 3001 5496 natione
3043 5435 3210 5504 Saxo,
3235 5446 3290 5494 et
3331 5453 3457 5500 cum

1871 5543 1937 5584 eo
1965 5529 2034 5585 ab
2063 5529 2392 5600 imperatore
2421 5531 2570 5586 missi
2597 5531 2822 5586 abbates
2849 5531 2976 5595 duo,
2997 5527 3276 5588 Rotfridus
3306 5540 3446 5589 nota

1875 5624 1987 5679 rius
2017 5632 2072 5680 et
2112 5621 2443 5682 Naiitharius
2477 5625 2544 5681 de
2588 5635 2778 5682 sancto
2803 5625 3090 5682 Otlimaro.
3133 5625 3453 5696 Imperator,

1873 5717 2152 5772 aediﬁcatis
2183 5731 2278 5786 per
2305 5717 2514 5788 legatos
2535 5732 2666 5773 suos
2691 5731 2854 5788 super
2873 5717 3086 5774 Albiam
3127 5719 3337 5776 duobus
3371 5735 3458 5778 car

1874 5807 2064 5874 stellis,
2101 5808 2464 5886 praesidioque
2498 5808 2550 5868 in
2590 5823 2670 5868 ets
2693 5818 2883 5870 contra
2917 5808 3236 5868 Sclavorum
3278 5809 3455 5864 incum
