3958 5728
523 292 586 348 τι
828 264 840 272 ’
1582 279 1950 338 nscmoms
1988 274 2404 336 rnuursnsrs
2440 271 2731 331 ABBATiS
3701 261 3814 333 ,π

523 401 704 458 siones
728 397 1012 470 disposito,
1063 395 1232 468 Aquis
1277 393 1512 451 natalem
1546 393 1759 450 Domini
1785 391 2100 459 celebravit,
2130 397 2178 458 Α
2208 389 2481 459 armisque
2528 403 2593 442 ac
2636 383 2849 442 caeteris
2892 381 2961 438 ad
3004 397 3159 438 usum
3215 393 3579 436 necessarium
3635 375 3813 434 rebus

519 497 578 547 et
605 488 805 560 pascha
834 486 1104 543 similiter.

588 581 744 636 Anno
769 579 1062 636 Dominicaa
1091 576 1481 634 incarnationis
1504 576 1608 632 809
1636 576 1829 633 classis
1867 578 1935 632 de
1962 575 2108 630 Con-

518 671 863 743 stantinOpoli
901 670 1086 737 missa,
1118 670 1294 741 primo
1321 669 1676 736 Dalmatiam,
1711 668 1906 725 deinde
1932 666 2108 722 Vene-

519 764 650 818 tiam
692 760 914 832 appulit,
959 775 1193 831 cumque
1235 759 1308 814 ibi
1351 759 1665 830 hyemaret,
1711 772 1840 829 pars
1882 757 1998 827 ejus
2038 755 2106 810 ad

516 853 864 909 Cumacnlam
896 850 1124 908 insulam
1150 849 1317 915 venit,
1343 849 1741 919 commissoqne
1765 847 1950 918 praelia
1979 861 2108 902 con-

518 951 599 999 tra
643 944 951 1016 praesidium
997 942 1139 1014 quod
1180 943 1234 998 in
1273 957 1335 998 ea
1377 943 1611 1014 positum
1651 952 1798 1009 erat,
1838 959 1869 998 a
1899 943 2108 1000 civibus

515 1035 642 1091 victi
685 1043 848 1105 atque
889 1033 1054 1106 fugati
1097 1042 1241 1090 sunt.
1287 1034 1401 1090 Dux
1436 1043 1614 1089 autem
1644 1035 1733 1105 qui
1766 1035 1928 1092 classi
1968 1051 2106 1106 pra:-

513 1133 656 1193 erat,
693 1127 911 1182 nomine
939 1124 1158 1191 Paulus,
1191 1141 1312 1182 cum
1353 1126 1419 1182 de
1451 1139 1583 1195 pace
1612 1125 1755 1182 inter
1783 1126 2023 1182 Francos
2050 1134 2106 1182 et

512 1217 732 1274 Grzeces
758 1218 1156 1284 constituenda,
1180 1218 1330 1289 quasi
1362 1218 1462 1274 sibi
1491 1218 1593 1273 hoc
1615 1228 1759 1274 esset
1782 1217 2102 1287 injunctum,

514 1314 656 1383 apud
699 1313 983 1384 Pippinum
1023 1329 1204 1385 regem
1247 1328 1409 1386 agere
1448 1312 1748 1380 moliretur,
1772 1313 2020 1369 Willario
2050 1320 2106 1369 et

512 1404 682 1460 Beato
710 1406 1057 1461 Venetiarum
1094 1405 1320 1461 ducibus
1359 1421 1550 1462 omnes
1591 1415 1817 1463 conatus
1857 1405 1974 1475 ejus
2004 1407 2105 1461 im-

511 1497 872 1566 pedientibus,
918 1505 1080 1568 atque
1120 1497 1252 1568 ipsis
1291 1497 1456 1552 etiam
1502 1497 1724 1554 insidias
1764 1498 2101 1568 parantibus,

511 1588 728 1659 cognita
757 1601 944 1644 eorum
987 1587 1199 1654 fraude,
1239 1587 1510 1644 discessit.
1554 1587 1688 1642 Dum
1718 1587 1834 1643 haec
1861 1588 1914 1642 in
1951 1585 2102 1642 [talia

511 1684 766 1747 aguntur,
803 1675 1126 1733 Ludowicus
1173 1692 1268 1732 rex
1314 1677 1368 1732 in
1417 1676 1658 1732 occiduis
1695 1677 1939 1746 partibus
1979 1668 2102 1732 cum

2211 482 2522 545 instructos,
2554 477 2621 535 ad
2646 479 2822 534 locum
2850 475 3176 532 destinatum
3202 473 3399 529 ducere
3427 485 3524 542 per
3552 468 3810 524 Fresiam

2203 572 2478 645 iussisset,
2525 571 2790 634 'l‘hrasco,
2831 568 2940 623 dux
2987 563 3402 627 Abroditorum,
3454 562 3505 616 in
3553 559 3811 628 emporio

2209 665 2407 720 Rerich
2447 663 2515 718 ab
2545 661 2854 717 hominibus
2879 656 3157 714 Godefridi
3185 653 3306 710 dolo
3338 650 3661 708 interfectus
3697 657 3809 704 est.

2207 754 2542 824 imperator,
2596 760 2884 823 postquam
2938 748 3088 802 locus
3141 745 3349 800 civitati
3405 738 3814 797 constituenda:

2209 845 2384 900 fuerat
2421 842 2750 912 exploratus,
2796 838 3089 908 Egbertum
3117 834 3370 890 comitem
3413 831 3537 886 huic
3578 828 3812 899 negotio

2206 935 2524 1006 exequendo
2570 927 2890 1002 praeficiens,
2939 927 3150 982 Albiam
3205 924 3477 996 trajicere,
3509 929 3566 977 et
3613 919 3808 975 locum

2201 1026 2362 1098 jussit
2387 1037 2676 1094 occupare.
2705 1021 2802 1076 Est
2828 1026 3007 1074 autem
3035 1015 3186 1072 locus
3215 1030 3377 1085 super
3401 1013 3570 1083 ripam
3598 1009 3812 1066 Storia:

2205 1117 2462 1182 fluminis,
2499 1113 2761 1171 vocabulo
2804 1110 3086 1168 Essesi‘elt.
3135 1107 3444 1178 Occupatus
3485 1114 3570 1160 est
3611 1103 3812 1173 itaque

2205 1208 2276 1264 ab
2309 1207 2544 1278 Egberto
2583 1214 2638 1261 et
2678 1203 2966 1261 comitibus
3003 1199 3340 1263 Saxonibus,
3387 1205 3444 1252 et
3485 1197 3634 1252 circa
3681 1193 3810 1248 ldus

2205 1297 2382 1354 Martii
2412 1296 2610 1353 muniri
2637 1303 2865 1366 emptus.
2909 1294 3046 1348 Dum
3085 1291 3203 1346 hate
3229 1289 3374 1345 circa
3415 1289 3595 1344 Danos
3634 1300 3810 1356 agun-

2206 1399 2314 1458 tur,
2343 1389 2609 1446 Anreolus
2637 1402 2839 1451 comes,
2869 1385 2961 1458 qui
2993 1385 3046 1440 in
3073 1382 3308 1440 confinio
3339 1379 3608 1450 Hispania:
3636 1386 3812 1446 atque

2204 1481 2390 1539 Gallize
2431 1491 2580 1536 trans
2616 1478 2917 1550 Pyreneum
2959 1483 3151 1530 contra
3193 1470 3390 1528 Oscam
3430 1477 3485 1525 et
3513 1467 3807 1524 Czrsarau-

2205 1579 2418 1644 gustam
2461 1567 2752 1634 residebat,
2794 1565 3082 1621 defunctus
3121 1571 3239 1628 est,
3279 1569 3336 1617 et
3379 1560 3614 1616 Amoroz
3661 1574 3807 1629 prae.

2206 1666 2380 1722 fectus
2406 1665 2459 1720 in
2493 1663 2670 1720 locum
2694 1661 2814 1730 ejus
2841 1657 3082 1722 intravit,
3116 1657 3388 1725 missaque
3410 1654 3478 1709 ad
3506 1652 3808 1723 imperato—

510 1766 751 1822 exercitu
799 1765 1112 1837 Hispaniam
1163 1768 1463 1839 ingressus,
1512 1741 1790 1823 Dertosam
1827 1767 2100 1823 civitatem
2132 1770 2180 1832 Β
2208 1772 2320 1812 rem
2365 1754 2647 1827 Ιθεθιῖοηθι
2689 1766 2748 1808 δθ
2787 1765 2910 1807 cum
2952 1747 3064 1805 θυῖε
3101 1745 3354 1803 omnibus
3391 1742 3507 1813 eius
3535 1741 3807 1810 οῢθθίιιιίο

511 1871 674 1927 super
700 1857 874 1927 ripam
897 1858 1033 1943 lberi
1056 1857 1293 1915 ﬂuminis
1318 1859 1478 1914 sitam
1504 1858 1735 1925 obsedit,
1757 1869 2103 1930 consumpto-

511 1963 615 2016 que
656 1948 709 2002 in
741 1948 1137 2020 expugnatione
1167 1949 1308 2006 illius
1350 1950 1628 2020 aliquanto
1659 1958 1921 2021 tempore,
1955 1958 2098 2021 post-

512 2055 673 2109 quam
696 2056 824 2096 eam
849 2049 969 2096 tam
998 2041 1107 2096 cito
1149 2041 1267 2111 capi
1317 2056 1425 2096 non
1474 2055 1633 2112 posse
1676 2041 1833 2107 vidit,
1881 2041 2104 2098 dimissa

512 2133 794 2192 obsidione
831 2151 956 2200 cum
1001 2136 1252 2193 incolumi
1295 2137 1536 2192 exercitu
1573 2137 1627 2192 in
1660 2137 2008 2208 Aquitaniam
2047 2153 2106 2195 se

513 2227 738 2298 recepit.
761 2228 1059 2300 Postquam
1094 2227 1384 2284 Eardulfns
1414 2244 1508 2284 rex
1535 2229 2017 2286 Nortdanibrorum
2048 2231 2104 2287 in

514 2330 738 2388 regnum
767 2333 923 2373 suum
966 2319 1252 2375 restitutus
1275 2327 1391 2384 est,
1422 2334 1546 2374 cum
1587 2319 1738 2375 missi
1770 2329 2106 2376 reverteren-

513 2416 625 2472 tur,
673 2408 953 2480 Adulphus
999 2411 1256 2468 diaconus
1305 2420 1496 2483 captus
1538 2421 1623 2468 est
1664 2427 1696 2467 a
1742 2413 1960 2483 piratis,
2012 2413 2104 2469 sed

511 2507 698 2569 postea
729 2502 1038 2573 redemptus
1057 2503 1503 2575 estRomamque
1531 2519 1804 2561 reversus.
1827 2505 1883 2560 ln
1909 2505 2102 2562 Tuscia

512 2587 891 2658 Populonium,
921 2592 1112 2648 civitas
1142 2594 1434 2660 maritima,
1461 2609 1492 2650 a
1521 2593 1725 2651 Graecis
1749 2597 1843 2666 qui
1870 2595 2106 2653 Orobitre

511 2687 798 2745 vocantur,
830 2682 1136 2752 depraedata
1167 2693 1284 2749 est;
1318 2683 1489 2738 Mauri
1517 2699 1730 2754 quoque
1752 2686 1818 2740 de
1847 2684 2105 2756 HiSpania

511 2767 789 2824 Corsicam
833 2771 1084 2842 ingressi,
1131 2773 1186 2828 in
1233 2775 1350 2844 ipso
1395 2775 1621 2832 sabbato
1666 2785 1855 2833 sancto
1892 2779 2107 2848 pascha:

512 2859 789 2915 civitatem
828 2862 1100 2931 quandam
1143 2863 1435 2934 depraedati
1469 2874 1611 2930 sunt,
1658 2875 1713 2922 et
1749 2874 1947 2938 praeter
1987 2868 2105 2938 epi-

513 2966 734 3022 scopum
775 2959 834 3007 et
867 2967 1071 3026 paucos
1099 2969 1258 3012 senes
1299 2968 1461 3029 atque
1501 2957 1746 3016 infirmos
1774 2959 1909 3015 nihil
1953 2960 2006 3016 in
2041 2975 2106 3018 ea

513 3042 871 3112 reliquerunt.
912 3043 1125 3102 Interea
1162 3045 1502 3114 Godefridus,
1545 3063 1638 3104 rex
1669 3034 1970 3116 Danorum,
2008 3066 2107 3122 per

2206 1846 2530 1902 traditurum
2586 1840 2855 1914 promisit.
2900 1837 3130 1910 Eeiipsis
3183 1835 3322 1891 lunae
3373 1831 3570 1889 accidit
3618 1831 3650 1885 7
3699 1829 3808 1884 Ka-

2206 1940 2350 1995 lend.
2378 1937 2600 1994 Januar.

2276 2031 2433 2085 Anno
2459 2026 2752 2084 Dominicae
2790 2020 3180 2081 incarnationis
3226 2017 3331 2075 810
3371 2018 3605 2074 Amoroz
3655 2029 3803 2085 prae-

2206 2121 2380 2177 fectus
2426 2111 3143 2188 colloquiumjmperatoris
3185 2108 3410 2179 expetiit
3455 2107 3509 2160 in
3559 2105 3804 2161 confinio

2207 2211 2394 2267 Gallici
2422 2218 2478 2266 et
2507 2207 2781 2278 Hispanici
2823 2203 3041 2269 limitis;
3082 2201 3138 2257 in
3167 2214 3234 2255 eo
3261 2196 3530 2267 colloquio
3567 2211 3630 2251 se
3669 2210 3828 2270 pro-1

2209 2303 2356 2361 misit
2393 2317 2516 2359 cum
2559 2300 2673 2356 suis
2696 2297 2946 2354 omnibus
2984 2289 3330 2365 imperatoris
3364 2287 3617 2344 manibus
3646 2301 3801 2341 com-

2207 2395 2610 2458 mendaturum,
2635 2389 2778 2459 quod
2808 2388 2938 2443 licet
2966 2386 3260 2455 imperator
3284 2380 3583 2443 annuisset,
3613 2378 3803 2432 multis

2207 2483 2692 2545 intervenientibus
2731 2480 2935 2544 causis,
2977 2475 3236 2533 remansit
3275 2472 3556 2530 infectum.
3601 2469 3800 2533 Mauri,

2207 2577 2275 2635 de
2325 2585 2439 2634 tota
2493 2572 2749 2643 Hispania
2802 2568 3036 2624 maxima
3084 2564 3258 2621 classe
3307 2562 3566 2626 collecta,
3622 2561 3804 2630 primo

2208 2667 2510 2724 Sardiniam
2531 2704 2548 2730 ,
2585 2661 2777 2718 deinde
2807 2659 3080 2716 Corsicam
3111 2654 3504 2725 applicuerunt,
3541 2651 3803 2720 nulloque

2206 2761 2261 2815 in
2289 2773 2355 2815 ea
2383 2757 2604 2812 invento
2629 2751 2904 2825 praesidio,
2935 2747 3164 2804 insulam
3198 2759 3335 2816 pene
3362 2752 3531 2799 totam
3559 2742 3804 2812 depopu-

2207 2852 2300 2907 lati
2338 2857 2482 2907 sunt.
2529 2846 2663 2902 Dum
2702 2846 2820 2900 haec
2859 2849 3113 2913 aguntur,
3149 2837 3408 2909 Pippinus
3445 2851 3542 2890 rex
3571 2833 3804 2904 perfidia

2206 2941 2403 2999 ducum
2445 2937 2794 2995 Venetiorum
2843 2933 3123 2996 incitatus,
3167 2929 3340 2998 ipsam
3382 2924 3612 2982 insulam
3662 2921 3804 2976 bello

2207 3045 2351 3091 terra
2391 3031 2638 3102 marique
2663 3025 2926 3092 vexabat,
2968 3021 3322 3092 subjectaque
3349 3016 3573 3075 Venetia
3606 3030 3674 3069 ac
3704 3015 3806 3069 du-

514 3133 776 3202 qnosdam
820 3135 1190 3208 negotiatores
1235 3106 1512 3194 mandavit
1555 3139 1677 3201 duci
1726 3140 1818 3214 qui
1863 3106 2107 3198 Fresiam
2133 3130 2179 3196 C
2211 3127 2364 3182 Cibus
2391 3124 2508 3195 ei“
2547 3122 2602 3176 ίη
2641 3119 2968 3177 ἀθάίιίοηθιη
3008 3113 3266 3183 "melius:
3306 3109 3534 3167 eandem
3567 3106 3803 3162 Classem

515 3224 853 3293 providebat,
880 3229 1099 3285 audisse
1117 3244 1180 3286 se
1197 3230 1339 3301 quod
1361 3231 1413 3286 ei
1434 3231 1731 3303 imperator
1748 3243 1892 3290 esset
1911 3235 2103 3303 iratus,

515 3329 582 3369 eo
627 3317 768 3387 quod
811 3318 866 3374 in
916 3319 1204 3377 Abrotides
1243 3323 1486 3378 duxisset
1525 3326 1861 3393 exercitum,
1892 3336 1948 3384 et
1980 3343 2109 3386 suas

519 3403 838 3505 ultus
875 3407 1122 3478 injurias,
1163 3412 1366 3468 addens
1403 3426 1463 3469 se
1494 3413 1632 3470 velle
1667 3416 1937 3489 denegare
1963 3419 2110 3488 quod

517 3493 566 3547 ei
588 3493 987 3596 ‘objieiebatur,
1031 3501 1174 3596 quod
1220 3501 1398 3559 foedus
1422 3504 1748 3574 promissum
1789 3507 2105 3580 irrupisset;

513 3586 706 3653 petivit
750 3586 917 3642 etiam
974 3597 1037 3644 ut
1088 3591 1331 3647 mitteret
1401 3592 1698 3664 imperator
1739 3611 1866 3652 suos
1911 3600 2111 3655 missos

515 3681 668 3730 trans
706 3674 886 3732 Albim
920 3677 1078 3748 juxta
1115 3683 1376 3739 terminos
1415 3685 1567 3755 regni
1610 3685 1712 3751 sui,
1755 3695 1811 3743 et
1839 3687 1954 3758 ipse
1983 3704 2107 3746 eum

513 3766 628 3820 suis
650 3766 724 3822 ibi
750 3769 984 3836 veniret,
1015 3771 1355 3845 invicemque
1377 3775 1636 3833 discussis
1655 3777 1858 3844 causis,
1881 3794 2109 3851 quaeque

513 3857 908 3914 emendationis
937 3859 1102 3932 digna
1129 3873 1310 3930 erant,
1341 3865 1548 3936 absque
1577 3850 2006 3927 contradictione
2021 3850 2108 3927 ibi

515 3948 941 4020 corrigerentur.
960 3951 1113 4020 Quod
1134 3968 1258 4010 cum
1280 3955 1594 4026 imperatori
1613 3959 1918 4013 nuntiatum
1939 3969 2108 4028 esset,

514 4053 623 4094 non
648 4038 856 4107 abnuit,
878 4041 1315 4115 colloquiumque
1334 4055 1418 4102 est
1443 4047 1686 4104 habitum
1709 4064 1831 4104 cum
1854 4050 2111 4120 primori-

513 4131 614 4188 bus
638 4131 913 4190 Danorum
937 4143 1090 4193 trans
1112 4137 1346 4207 Albiam,
1370 4139 1664 4212 multisque
1687 4141 1814 4198 hinc
1836 4143 1962 4198 inde
1983 4157 2109 4215 pro-

513 4224 658 4293 latis,
688 4228 914 4285 minime
947 4229 1016 4286 ad
1039 4228 1294 4288 effectum
1323 4248 1411 4290 res
1443 4235 1704 4305 perducta
1735 4243 1837 4290 est.
1862 4235 2108 4292 Thrasco

515 4317 623 4371 dux
658 4317 1044 4376 Ahrotidorum
1065 4362 1081 4388 ,
1112 4332 1399 4392 postquam
1427 4323 1596 4379 lilium
1630 4340 1788 4381 suum
1816 4325 2107 4395 postulanti

513 4407 805 4484 ϐασιςτίἀο
829 4411 1072 4469 obsidem
1099 4415 1342 4482 dederat,
1366 4417 1591 4472 collecta
1621 4434 1806 4482 manu,
1830 4428 1885 4473 et
1905 4420 2106 4476 auxilio

2211 3218 2277 3274 ad
2302 3215 2581 3272 Dalmatiae
2604 3212 2785 3268 littora
2810 3207 3072 3266 vastanda
3099 3205 3265 3261 misit.
3295 3202 3400 3259 Sed
3426 3217 3548 3257 cum
3574 3198 3802 3262 Paulus,

2208 3307 2498 3366 Cefalanite
2541 3303 2856 3376 praefectus,
2905 3314 3029 3356 cum
3073 3295 3327 3353 orientali
3370 3292 3543 3350 classe
3589 3289 3658 3345 ad
3709 3306 3804 3345 an-

2206 3399 2395 3456 xilium
2431 3395 2716 3452 Dalmatiis
2744 3392 3024 3448 ferendum
3054 3389 3394 3451 adventaret,
3424 3385 3569 3455 regia
3603 3382 3805 3438 classis

2208 3497 2277 3551 ad
2307 3491 2527 3564 propria
2563 3487 2888 3560 regreditur.
2927 3482 3270 3547 Ruodthrud,
3313 3478 3421 3533 illia
3454 3476 3805 3546 imperatoris

2209 3601 2329 3659 qua:
2366 3592 2498 3644 natu
2538 3581 2714 3652 major
2738 3587 2887 3644 erat,
2924 3576 2957 3634 8
2982 3574 3104 3630 ldus
3133 3571 3258 3628 Jun.
3289 3571 3538 3626 moritur.
3567 3568 3804 3637 impera.

2209 3687 2296 3735 tor
2323 3676 2492 3747 Aquis
2525 3672 2859 3737 morabatur,
2890 3668 2980 3725 ubi
3008 3665 3310 3722 nuntiatum
3342 3669 3426 3717 est
3452 3660 3536 3724 ei,
3569 3659 3802 3714 classem

2208 3773 2563 3827 ducentarum
2591 3765 2812 3820 navium
2840 3763 2907 3817 de
2934 3755 3247 3815 Nortmania
3277 3755 3331 3809 in
3360 3751 3604 3808 Fresiam
3630 3748 3806 3820 appli-

2207 3861 2406 3926 cuisse,
2432 3867 2696 3926 ternaque
2721 3851 2907 3924 prmlia
2935 3864 3058 3905 cum
3083 3843 3412 3906 Fresonibus
3434 3839 3801 3899 commisisse,

2207 3954 2494 4022 Danosque
2511 3949 2747 4005 victores
2769 3945 3028 4000 tributum
3051 3938 3211 3996 victis
3239 3935 3580 4009 imposuisse,
3607 3940 3664 3986 et
3679 3930 3800 4000 jam

2207 4045 2309 4102 100
2337 4045 2506 4100 libras
2535 4039 2742 4111 argenti
2773 4054 2801 4094 a
2829 4035 3158 4092 Fresonibus
3182 4045 3302 4087 esse
3330 4026 3556 4089 solutas,
3593 4037 3805 4093 regem-

2206 4149 2310 4208 que
2333 4130 2687 4191 Godefridum
2715 4129 2833 4184 haec
2854 4125 3034 4181 omnia
3063 4133 3224 4192 agere
3253 4116 3409 4208 dixit.
3443 4113 3544 4208 Qui
3579 4113 3804 4168 nuntius

2205 4205 2341 4287 adeo
2371 4229 2757 4298 imperatorem
2790 4213 3120 4279 concitavit,
3147 4219 3212 4265 ut
3251 4207 3432 4266 missis
3461 4206 3515 4260 in
3543 4205 3801 4260 omnibus

2206 4295 2611 4389 circunquaque
2629 4309 2938 4382 regionibus
2951 4303 3016 4360 ad
3039 4299 3473 4373 congregandum
3492 4295 3796 4352 exercitum

2207 4385 2431 4475 nuntiis,
2463 4408 2576 4477 ipse
2605 4405 2721 4460 sine
2747 4413 2898 4456 mora
2924 4396 3123 4468 palatio
3148 4393 3354 4456 exiens,
3387 4387 3507 4443 illas
3533 4385 3587 4440 in
3617 4395 3799 4454 partes

514 4514 544 4552 a
573 4498 879 4556 Saxonibus
906 4511 1211 4570 contracto,
1241 4474 1448 4562 vicinos
1481 4521 1610 4562 suos
1635 4474 1862 4561 Wiltz'os
1890 4474 2106 4578 aggres-
2131 4480 2182 4539 D
2211 4474 2428 4563 tendere
2451 4474 2635 4569 coepit.
2663 4490 2917 4548 Transito
2940 4489 3122 4558 itaque
3142 4483 3332 4540 Rheno
3348 4477 3574 4535 ﬂumine
3601 4475 3656 4530 in
3683 4474 3799 4530 loco

511 4606 631 4655 sus,
663 4606 821 4662 agros
856 4607 1044 4648 eorum
1073 4594 1221 4652 ferro
1249 4604 1303 4651 et
1345 4597 1468 4668 igne
1497 4597 1765 4663 vastavit',
1797 4613 2106 4669 regressus-

513 4697 619 4752 que
645 4683 863 4739 domum
908 4700 1030 4740 cum
1075 4686 1282 4755 ingenti
1328 4688 1531 4758 praeda,
1575 4697 1798 4760 accepto
1838 4689 2032 4745 iterum
2073 4705 2106 4747 a

516 4771 825 4830 Saxonibus
841 4776 1090 4832 validiori
1111 4778 1332 4844 auxilio,
1356 4779 1790 4851 Smeldingorum
1812 4783 2106 4838 maximam

514 4866 792 4923 civitatem
819 4879 1119 4942 expugnat,
1153 4880 1318 4941 atque
1354 4873 1441 4928 his
1466 4875 1739 4944 prosperis
1767 4875 2109 4932 successibus

511 4972 702 5013 oumes
726 4957 822 5028 qui
868 4960 1029 5016 abeo
1075 4960 1407 5026 defecerant,
1457 4962 1529 5018 ad
1579 4977 1728 5017 suam
1788 4964 2102 5020 societatem

513 5049 694 5105 redire
740 5050 938 5123 coegit.
969 5051 1272 5122 imperator
1295 5063 1513 5124 itaque,
1543 5067 1665 5108 cum
1717 5053 1767 5108 ei
1815 5053 1985 5108 multa
2035 5054 2103 5110 de

505 5140 805 5212 jactatione
833 5151 888 5198 et
920 5144 1170 5214 superbia
1208 5145 1355 5217 regis
1384 5145 1658 5200 Danorum
1697 5145 2100 5213 nuntiarentur,

511 5234 706 5289 statuit
725 5241 876 5290 trans
893 5234 1105 5290 Aibiam
1126 5235 1399 5292 civitatem
1422 5235 1714 5304 aedificare,
1734 5235 2100 5291 Francorum-

512 5338 620 5392 que
658 5325 714 5379 in
741 5338 805 5379 ea
846 5341 1048 5396 ponere
1091 5328 1432 5398 praesidium;
1479 5341 1712 5396 eumque
1753 5327 1820 5383 ad
1859 5327 1966 5382 hoc
2005 5342 2103 5398 per

511 5413 740 5471 Calliam
789 5425 952 5490 atque
996 5419 1345 5479 Germaniam
1390 5421 1639 5477 homines
1687 5428 2100 5493 congregasset,

2207 4598 2300 4672 qui
2337 4597 2503 4666 Lippa
2537 4589 2757 4652 dicitur,
2796 4583 2982 4655 copias
3006 4593 3128 4652 quae
3156 4575 3395 4633 nondum
3430 4573 3802 4628 convenerant

2206 4666 2396 4747 statuit
2432 4681 2692 4756 opperiri.
2737 4678 2841 4735 Ubi
2881 4689 3005 4734 cum
3056 4671 3261 4740 aliquot
3307 4666 3421 4721 dies
3466 4669 3798 4724 moraretur,

2207 4780 2374 4838 elefas
2400 4777 2508 4841 ille,
2541 4787 2702 4844 quem
2733 4771 2783 4826 ei
2820 4769 3005 4823 Aaron
3039 4779 3138 4820 rex
3169 4759 3593 4817 Sarracenorum
3623 4762 3800 4808 trans-

2208 4872 2452 4934 miserat,
2503 4864 2679 4923 subita
2726 4847 2901 4916 morte
2946 4855 3127 4927 periit.
3180 4846 3530 4923 Congregatis
3577 4845 3800 4899 tandem

2211 4952 2406 5034 copiis,
2440 4966 2640 5030 quanta
2679 4953 2855 5025 potuit
2896 4948 3172 5005 celeritate
3214 4944 3279 4997 ad
3316 4935 3799 5034 Aliarum-ﬂuvium

2209 5023 2505 5113 contendit,
2527 5023 2825 5113 castrisque
2847 5037 3038 5110 positis
3062 5033 3325 5088 minarum
3347 5023 3626 5081 Godefridi
3656 5023 3800 5094 regis

2204 5142 2618 5217 prmstolabatur
2640 5145 2921 5199 eventum;
2954 5144 3079 5186 nam
3110 5125 3200 5182 ille
3229 5130 3489 5194 tyrannus
3529 5115 3801 5185 superbia

2205 5205 2396 5308 spiritu
2428 5229 2645 5306 inflatus
2673 5229 2741 5286 “.
2771 5240 2833 5281 se
2865 5220 3092 5292 iactavit
3125 5219 3466 5284 arroganter,
3496 5205 3642 5276 quod
3674 5217 3798 5258 cum

2205 5296 2532 5396 imperato-re
2575 5317 2830 5389 congredi
2875 5314 3053 5369 vellet.
3099 5307 3207 5365 Sed
3241 5318 3364 5361 cum
3402 5302 3704 5370 imperator
3742 5296 3796 5351 in

2203 5389 2322 5475 loco
2349 5423 2650 5472 memorato
2675 5411 2908 5473 sederet,
2930 5406 3269 5462 diversarum
3291 5407 3472 5452 rerum
3497 5389 3802 5462 legationes

1825 5531 2062 5590 VARLE
2101 5527 2504 5591 LECTIONES.

584 5625 1293 5725 'tlt‘raestolabattir,
1325 5637 1449 5711 etc”
1478 5642 1651 5710 usque
1677 5624 1998 5710 inﬂatus},
2024 5625 2170 5716 6,1,
2199 5624 2252 5712 ξ,
2274 5622 2334 5710 2,
2369 5622 2457 5706 ξολ
2483 5620 2578 5702 _l_l_,
2609 5617 2696 5694 12,
2727 5617 2872 5702 regis
2902 5614 3119 5696 inflatus
3149 5604 3792 5712 (omissismediis).i‘:ngo

515 5695 579 5728 ιο

3548 5693 3564 5698 -
3581 5686 3782 5713 ιιι-ωε
