3958 5816
133 421 192 476 75
1265 401 1674 464 ειιιιοΝιιιυΝ.
1719 431 1786 443 --
1823 399 1935 456 AN.
1977 397 2228 456 till-812.
3327 395 3394 448 74

130 527 192 584 tnl
219 539 335 581 eum
363 521 742 596 perferuntur;
783 534 906 576 nam
945 527 1002 578 et
1031 517 1258 574 classem
1297 531 1418 588 qum
1455 513 1698 570 Fresiam
1729 517 1776 576 Α
1805 509 2020 564 noniam
2069 508 2138 564 ad
2193 509 2590 566 controversias
2642 508 2919 564 Hunorum
2970 521 3033 562 ac
3081 507 3395 564 Sclavorum

133 617 361 676 vastabat
388 618 602 674 domum
633 629 924 678 reversam,
959 622 1012 668 et
1037 610 1386 668 Godefridum
1415 625 1442 662 a
1468 607 1704 678 quodam

132 725 222 768 suo
265 709 495 766 satellite
543 709 962 778 interemptum,
1011 714 1065 761 et
1111 704 1389 760 castellum
1441 700 1704 757 vocabulo

133 799 491 863 liuobbuoclti,
526 799 696 854 Albia:
732 798 936 854 ﬂumini
977 797 1312 868 contiguum,
1357 795 1409 849 in
1453 807 1560 864 quo
1588 791 1704 847 Odo

133 893 322 965 legatus
343 889 685 961 imperatoris
703 898 839 952 erat,
862 897 916 943 et
933 896 1050 944 erat
1065 886 1408 942 orientalium
1430 883 1704 938 Saxonum

131 985 458 1058 prresidium,
498 999 528 1037 a
561 981 773 1038 Wiltzis
815 991 1064 1052 captum,
1113 989 1167 1036 et
1206 979 1487 1051 Pippinum
1535 980 1702 1036 ﬁlium

133 1079 258 1150 ejus,
283 1091 464 1148 regem
493 1075 682 1140 Italiae,
715 1074 748 1129 8
783 1073 906 1129 ldus
929 1071 1052 1128 Julii
1078 1072 1146 1128 de
1170 1088 1396 1143 corpore
1421 1073 1700 1144 migrasse,

136 1172 358 1240 duasque
403 1167 698 1238 legationes
739 1166 804 1220 de
847 1165 1076 1220 diversis
1119 1173 1384 1218 terrarum
1437 1166 1701 1234 partibus,

135 1277 280 1317 unant
309 1261 376 1315 de
408 1257 902 1328 Constantinopoli,
945 1257 1168 1312 alteram
1207 1257 1273 1311 de
1303 1257 1571 1324 Corduba,
1611 1259 1708 1312 ad-

134 1360 335 1407 ventare
359 1349 510 1418 pacis
529 1365 690 1404 causa
719 1348 1083 1402 nuntiabatur.
1111 1347 1316 1413 Quibus
1337 1347 1423 1400 ille
1445 1349 1699 1418 acceptis,

137 1445 374 1515 disposita
427 1457 523 1511 pro
567 1441 823 1510 temporis
870 1441 1176 1496 conditione
1225 1435 1486 1506 Saxonia,
1535 1440 1706 1511 Aquis

137 1537 425 1592 revertitur.
456 1533 626 1588 Tanta
658 1534 710 1588 in
737 1547 800 1587 ea
833 1531 932 1588 fuit
958 1532 1298 1602 expeditione
1339 1533 1496 1588 boum
1537 1535 1704 1604 pesti-

139 1627 302 1690 lentia,
324 1635 386 1682 ut
409 1641 546 1698 pene
569 1625 744 1681 nullus
769 1635 914 1680 tanto
939 1625 1199 1680 exercitui
1225 1633 1551 1694 superesset,
1574 1626 1705 1696 quin

144 1737 308 1777 omnes
329 1735 504 1790 usque
525 1721 590 1775 ad
619 1735 782 1774 unum
805 1719 1065 1788 perirent,
1090 1727 1269 1773 etnon
1293 1717 1466 1774 solum
1491 1719 1584 1784 ibi,
1609 1718 1706 1773 sed

142 1811 284 1868 etiam
319 1827 420 1882 per
457 1827 618 1867 omne
661 1811 944 1881 imperium
991 1809 1148 1877 hujus
1193 1812 1404 1880 generis
1451 1809 1700 1865 animalia

135 1903 411 1973 perierunt.
437 1903 605 1972 Aquis
627 1903 846 1958 veniens
871 1917 1054 1957 mense
1081 1903 1350 1967 Octobris,
1379 1911 1706 1958 memoratas

133 1993 414 2064 legationes
455 1993 724 2064 suscepit,
760 2007 1054 2062 pacemque
1097 2007 1220 2046 cum
1263 1991 1566 2062 NicOphoro
1609 1992 1709 2045 im-

129 2097 362 2157 peratore
387 2095 444 2140 et
474 2101 596 2140 cum
623 2084 853 2148 Ahnlaz,
879 2099 1004 2154 rege
1032 2083 1322 2154 Hispaniae,
1350 2083 1512 2150 fecit;
1544 2083 1710 2153 siqui-

127 2179 238 2234 dem
285 2179 564 2234 Venetiam
617 2177 924 2247 Nieophoro
977 2177 1240 2242 reddidit,
1291 2185 1348 2232 et
1398 2175 1710 2232 lleinricum

125 2271 366 2326 comitem
397 2271 600 2326 dudum
633 2286 660 2324 a
695 2269 1010 2326 Sarracenis
1037 2279 1253 2337 captum
1291 2268 1494 2323 Abulaz
1527 2268 1712 2323 remit-

125 2372 260 2417 tente
300 2363 526 2434 recepit.
574 2363 650 2418 Eo
683 2377 824 2416 anno
866 2361 948 2416 sol
987 2369 1041 2414 et
1087 2361 1210 2414 luna
1255 2361 1338 2415 bis
1367 2361 1710 2428 defecerunt,

121 2457 194 2512 sol
215 2457 246 2510 5
278 2457 406 2512 ldus
431 2455 554 2510 Jun.
588 2464 642 2510 et
669 2455 842 2524 pridie
886 2453 1004 2508 Kal.
1055 2453 1294 2517 Decem.,
1339 2453 1462 2506 luna
1495 2455 1554 2508 11
1590 2453 1710 2508 Kal.

117 2547 254 2612 .iulii,
284 2559 343 2603 et
369 2549 404 2602 9
430 2547 546 2602 Kal.
573 2547 795 2602 Januar.
819 2545 1040 2600 Corsica
1067 2543 1240 2599 insula
1283 2544 1478 2599 iterum
1503 2559 1533 2599 a
1561 2545 1714 2600 Mau-

121 2640 188 2696 ris
215 2647 438 2694 vastata
463 2647 565 2696 est.
597 2639 830 2693 Amoroz
855 2645 909 2694 et
937 2637 1290 2700 Abdiraman,
1319 2635 1458 2691 ﬁlius
1485 2635 1710 2704 Abulaz,

120 2731 180 2790 de
207 2732 630 2803 Caesaraugusta
672 2731 942 2802 expulsus,
988 2739 1042 2784 et
1071 2728 1264 2786 Oscam
1311 2731 1515 2786 intrare
1557 2746 1711 2786 com-

118 2822 296 2893 pulsus
323 2832 430 2878 est.
457 2821 770 2888 Godefrido,
801 2831 860 2876 ut
889 2821 1142 2887 diximus,
1173 2827 1406 2886 mortuo,
1436 2820 1713 2877 chnnin-

119 2931 228 2985 gus,
253 2917 400 2972 ﬁlius
422 2915 610 2970 fratris
630 2916 770 2986 ejus,
793 2915 844 2970 in
869 2930 1088 2984 regnum
1111 2915 1392 2982 successit,
1415 2929 1712 2986 pacemque

118 3023 233 3064 cum
264 3008 597 3080 imperatore
629 3008 772 3064 fecit.

143 3161 154 3168 ,
183 3101 338 3155 Αιιιιο
366 3099 664 3154 Βοωίηἰρω
703 3097 1094 3156 incarnationis
1123 3099 1220 3154 8H
1267 3099 1514 3156 absoluto
1549 3109 1712 3171 atque

120 3193 352 3260 dimisso,
384 3191 604 3248 Arsaﬁo
653 3193 912 3263 spatario,
961 3192 1138 3264 legato
1189 3190 1424 3248 Nicoi'ori
1476 3193 1708 3262 augusti,

1809 599 2072 656 ﬁniemlas
2095 599 2314 664 direxit,
2353 599 2568 654 tertium
2611 615 2769 670 super
2811 599 3079 655 Brittones
3109 601 3174 654 ad
3207 615 3398 658 eurum

1805 689 2084 761 perﬁdiam
2122 691 2449 762 puniendam
2481 691 2661 758 misit;
2709 693 2800 762 qui
2838 707 3025 748 omnes
3071 693 3230 748 rebus
3273 708 3402 764 pro-

1805 797 1962 852 spcre
1991 783 2174 854 gestis,
2208 783 2426 838 domum
2457 784 2655 838 reversi
2688 793 2832 839 sunt.
2869 783 2986 856 Ipse
3013 794 3192 840 autem
3229 785 3398 856 impe-

1807 883 1955 930 rator
1991 875 2056 930 ad
2087 875 2311 930 classem
2343 876 2662 942 videndam,
2700 893 2861 946 quam
2903 877 3223 946 praecedenti
3255 893 3398 932 anno

1807 967 1926 1023 ﬁeri
1965 977 2021 1022 et
2064 968 2318 1024 fabricari
2354 967 2612 1037 jusserat,
2657 968 2724 1024 ad
2761 968 3092 1023 Bonnoniam
3120 970 3287 1036 venit,
3321 967 3403 1023 fa-

1807 1073 2036 1130 rumque
2082 1059 2152 1114 ibi
2193 1060 2259 1114 ad
2302 1061 2666 1132 navigantium
2698 1075 2890 1116 cursus
2917 1061 3223 1134 dirigendos
3260 1063 3402 1118 anti—

1807 1151 1990 1220 quitus
2031 1151 2375 1206 constitutam
2409 1152 2756 1217 restauravit,
2796 1153 2930 1206 etin
2968 1151 3207 1222 ejusdem
3255 1169 3400 1207 smn-

1809 1240 1996 1295 mitate
2021 1249 2179 1296 nocte
2206 1241 2383 1310 ignem
2425 1241 2690 1308 accendit,
2725 1241 2846 1296 inde
2891 1241 2956 1296 ad
2989 1241 3136 1296 Sealt
3179 1241 3400 1297 ﬂuvium

1807 1333 2052 1398 veniens,
2085 1333 2136 1387 in
2164 1332 2281 1387 loco
2317 1333 2406 1403 qui
2439 1343 2661 1388 vocatur
2686 1333 2847 1398 Gant,
2878 1348 3040 1388 naves
3081 1332 3143 1388 ad
3174 1335 3404 1388 eandem

1807 1423 2034 1480 classem
2059 1423 2351 1479 :ediﬁcatas
2377 1425 2604 1495 aspexit,
2636 1435 2690 1478 et
2720 1425 2862 1478 circa
2898 1424 3132 1477 medium
3175 1422 3404 1476 Novem-

1807 1513 1982 1570 brium
2013 1515 2182 1585 Aquis
2215 1517 2382 1580 venit,
2425 1517 2514 1570 ubi
2561 1516 2914 1570 obviaverunt
2943 1515 2990 1569 ci
3043 1515 3200 1586 legati
3243 1515 3404 1570 lletn-

1809 1607 1973 1679 mingi
2005 1609 2166 1680 regis,
2193 1609 2367 1663 onin
2410 1619 2464 1663 et
2503 1609 2693 1674 Hebbi,
2727 1626 2948 1664 numera
2982 1609 3124 1678 regis
3157 1619 3209 1666 ct
3239 1609 3404 1664 verba

1807 1701 2032 1772 paciﬁca
2064 1702 2386 1758 defer-entes.
2428 1701 2672 1758 Fuerunt
2695 1703 2858 1758 etiam
2902 1701 3070 1772 Aquis
3114 1701 3408 1758 adventum

1807 1796 1922 1867 ejus
1954 1797 2347 1866 praestolantes,
2378 1797 2468 1862 qui
2501 1799 2566 1852 de
2606 1797 2880 1852 Pannonia
2921 1805 3211 1862 venerunt,
3244 1795 3406 1852 Cani-

1735 1905 1782 1964 Β
1810 1885 1960 1940 zauci
1991 1887 2243 1958 princeps
2267 1887 2526 1952 Avarum,
2556 1897 2610 1942 et
2637 1886 2886 1948 Thudun,
2923 1895 2977 1941 et
3005 1887 3092 1941 alii
3137 1887 3406 1958 principes

1811 1992 1875 2031 ac
1913 1977 2078 2032 duces
2119 1977 2432 2033 Selavorum
2483 1978 2629 2034 circa
2675 1977 2976 2033 Danubium
3023 1977 3404 2040 habitantium,

1810 2067 1902 2136 qui
1945 2083 1976 2122 a
2025 2067 2249 2122 ducibus
2283 2069 2612 2124 Francorum
2643 2069 2734 2138 qui
2773 2069 2824 2122 in
2859 2067 3162 2122 Pannonias
3193 2067 3410 2122 fuerunt

1811 2157 1984 2222 missi,
2017 2158 2082 2212 ad
2109 2159 2450 2227 praesentiam
2481 2157 2739 2229 principis
2768 2159 2904 2229 jussi
2930 2166 3058 2213 sunt
3087 2159 3292 2214 venire.
3323 2158 3410 2211 ln-

1813 2257 1960 2302 terca
1989 2247 2234 2315 Carolus,
2265 2251 2404 2306 ﬁlius
2429 2251 2770 2320 imperatoris
2792 2253 2881 2322 qui
2913 2250 3083 2322 major
3115 2260 3241 2305 natu
3268 2260 3406 2319 erat,

1812 2339 1946 2394 obiit
1971 2339 2007 2394 2
2037 2339 2176 2395 Non.
2209 2341 2542 2398 Decembris.

1883 2451 2041 2506 Anno
2099 2453 2392 2508 Dominicze
2446 2455 2834 2512 incarnationis
2893 2457 2997 2512 812
3056 2458 3410 2532 llemmingus

1815 2541 2086 2598 Dauorum
2117 2561 2212 2600 rex
2237 2547 2484 2614 moritur,
2515 2548 2602 2604 cui
2627 2565 2748 2605 cum
2780 2550 3076 2622 Sigefridus
3103 2569 3271 2623 nepos
3299 2553 3410 2612 Go-

1815 2632 1909 2689 def
1909 2635 2030 2700 ridi,
2056 2645 2110 2690 et
2133 2636 2292 2692 Anilo
2318 2653 2488 2708 nepos
2517 2638 2752 2696 Herioldi
2777 2643 3066 2698 succedere
3091 2643 3408 2714 voluissent,

1816 2737 1988 2794 neque
2025 2725 2162 2780 inter
2202 2741 2296 2781 eos
2321 2728 2388 2782 de
2412 2727 2676 2785 divisione
2707 2732 2857 2802 regni
2882 2735 3226 2801 conveniret,
3262 2753 3412 2791 cont-

1813 2817 2016 2886 paratis
2043 2819 2214 2888 copiis
2245 2829 2297 2875 et
2325 2821 2618 2878 commisso
2658 2824 2840 2894 praelia
2883 2825 3045 2882 ambo
3087 2829 3410 2884 moriuntur.

1813 2907 1947 2965 Pars
1998 2919 2176 2966 tamen
2219 2913 2468 2970 Anilonis
2512 2917 2706 2985 adepta
2753 2918 2998 2984 victoria,
3047 2919 3244 2977 fratres
3293 2923 3414 2992 ejus

1814 3000 2106 3058 lleroldmn
2132 3015 2188 3060 et
2215 3005 2590 3078 Reginfridum
2615 3025 2766 3082 reges
2790 3011 2890 3066 sibi
2920 3013 3219 3078 constituit,
3247 3031 3410 3085 quam

1815 3095 2120 3150 necessario
2149 3112 2275 3166 pars
2304 3098 2443 3153 victa
2487 3109 2690 3162 secuta,
2737 3103 2952 3158 eosdem
2998 3104 3098 3160 sibi
3143 3106 3412 3175 imperare

1817 3198 1922 3238 non
1953 3185 2160 3239 abnuit.
2203 3185 2260 3240 ln
2297 3201 2361 3242 eo
2409 3187 2592 3258 praelia
2634 3189 2830 3252 10,940
2869 3192 2970 3247 viri
3012 3195 3272 3266 cecidisse
3301 3212 3414 3252 me-

118 3283 348 3352 ejusdem
380 3285 538 3356 pacis
564 3262 950 3339 conﬁrmanda}
976 3262 1148 3354 spatia
1186 3283 1346 3354 legali
1378 3283 1446 3338 ab
1481 3285 1712 3354 impera-
1739 3262 1786 3325 C
1817 3283 2119 3330 morantur.
2164 3275 2448 3332 NlCOfOl‘lIS
2491 3279 2786 3350 imperator
2827 3293 2950 3354 pOSi.
2995 3263 3190 3342 ιιιιιΙιέιε
3227 3297 3282 3343 et
3323 3289 3412 3344 ἰυ-

121 3383 229 3430 tore
273 3374 808 3445 ConStantinopolim
855 3375 1158 3439 mittuntur,
1209 3373 1384 3429 Haido
1429 3375 1712 3444 episcopus

117 3465 445 3534 Basiliensis,
475 3477 534 3524 et
561 3467 678 3540 ﬂag
701 3483 886 3524 comes
913 3467 978 3522 de
1010 3467 1258 3528 Turonis,
1291 3477 1346 3522 et
1372 3467 1475 3522 Aio
1502 3466 1714 3540 Lango-

121 3559 310 3618 bardus
331 3563 398 3617 de
421 3560 723 3632 Forojulio,
746 3569 942 3616 etcum
968 3559 1048 3616 eis
1069 3559 1178 3615 Leo
1199 3560 1418 3628 quidam
1444 3561 1714 3630 spatarius

122 3652 328 3710 natione
357 3653 606 3718 Siculus,
638 3661 694 3708 et
720 3651 1000 3708 Willarius
1036 3651 1142 3718 dux
1179 3650 1446 3718 Venetiae,
1485 3667 1714 3722 quorum

122 3747 250 3802 alter
274 3755 400 3802 ante
431 3759 612 3800 annos
637 3743 704 3799 lO
735 3745 920 3799 Romae
946 3743 1012 3798 ad
1044 3743 1456 3814 imperatorem,
1487 3759 1608 3798 cum
1641 3742 1714 3798 ibi

123 3847 277 3903 esset,
308 3841 375 3896 de
420 3837 614 3894 Sicilia
653 3837 908 3908 profugit,
949 3845 1004 3892 et
1043 3835 1218 3890 redire
1254 3835 1440 3890 volens
1484 3835 1712 3906 patriam

125 3930 440 3995 remittitur;
477 3929 620 3984 alter
655 3936 874 3998 propter
901 3927 1181 4002 perﬁdiam
1221 3927 1424 3982 honore
1456 3925 1716 3995 spoliatus

125 4015 641 4090 Constantinopolim
686 4016 751 4070 ad
797 4016 1072 4072 dominum
1108 4031 1262 4068 sumn
1307 4015 1426 4068 duci
1469 4013 1710 4081 jubetur.

127 4107 369 4165 Condicta
401 4111 473 4166 ab
521 4110 852 4178 imperatore
898 4114 953 4162 et
1001 4106 1337 4175 liemmingo,
1375 4120 1500 4176 rege
1535 4105 1714 4159 Dauo-

129 4214 268 4266 rum,
319 4216 426 4272 pax
475 4207 705 4272 propter
755 4199 967 4270 hyemis
1018 4197 1364 4267 asperitatem
1412 4212 1530 4266 quae
1575 4197 1717 4252 inter

129 4303 296 4362 partes
329 4292 678 4350 commeandi
708 4292 848 4348 viam
876 4289 1178 4352 claudebat,
1213 4289 1264 4342 in
1302 4273 1488 4342 armis"
1511 4297 1714 4341 tantum

127 4384 288 4454 iurata
321 4396 602 4452 servatur,
635 4386 804 4440 donec
840 4383 1096 4438 redeunte
1135 4381 1280 4437 veris
1311 4380 1586 4452 temperie,
1618 4380 1718 4436 viis

131 4481 334 4546 apertis,
373 4477 793 4536 advenientibus
819 4491 886 4530 ex
915 4486 1142 4545 utraque
1181 4485 1355 4544 parte,
1385 4473 1716 4529 Francorum

129 4573 322 4629 scilicet
365 4583 420 4628 et
466 4574 781 4636 Dauorum,
825 4570 1106 4626 duodecim
1159 4568 1508 4638 primoribus,
1558 4582 1718 4638 super

131 4661 333 4720 ﬂuvium
376 4665 703 4737 Agidoram,
739 4663 877 4718 datis
920 4661 1157 4716 vicissim
1207 4661 1504 4716 secundum
1555 4661 1716 4715 ritum

133 4770 192 4812 ac
237 4774 439 4814 morem
495 4770 662 4815 suum
710 4754 1084 4819 sacramentis,
1135 4769 1238 4824 pax
1285 4753 1713 4809 conﬁrmaretur.

133 4847 380 4908 Proceres
408 4859 595 4907 autem
641 4848 706 4903 de
734 4857 884 4918 parte
919 4842 1248 4903 Frattorum
1293 4846 1346 4900 hi
1379 4845 1549 4910 fuere,
1583 4845 1714 4900 Wa-

138 4941 268 5010 lach,
297 4942 664 5004 Burchardus,
707 4939 1066 5006 Bernhardus,
1106 4939 1388 5010 Egbertus,
1424 4937 1717 4994 Theoderi-

137 5049 240 5099 cus,
289 5036 425 5102 Ano,
476 5033 678 5103 Osdag,
731 5029 1041 5097 Wichman,
1098 5045 1286 5084 omnes
1333 5029 1602 5085 comites:
1650 5031 1718 5086 de

139 5137 280 5195 parte
321 5143 451 5182 vero
499 5127 776 5180 Dauorum
825 5125 876 5180 in
925 5122 1116 5196 primis
1161 5113 1354 5176 fratres
1394 5120 1716 5194 Hemmingi,

141 5219 360 5286 Anewin,
388 5229 442 5276 et
477 5221 786 5288 Anganseo,
820 5219 1012 5274 deimle
1045 5214 1223 5272 caeteri
1268 5213 1608 5294 honorabiles
1639 5216 1721 5272 in-

143 5321 213 5367 ter
245 5331 367 5372 suos
405 5315 536 5377 viri,
581 5326 808 5381 quorum
849 5313 1066 5369 nomina
1109 5307 1437 5380 superfluunt
1471 5305 1719 5364 duximus
1763 5361 1768 5368 ,

144 5415 407 5461 annotare.
469 5405 767 5472 Imperator
817 5405 994 5476 itaque
1041 5416 1174 5473 pace
1219 5415 1342 5454 cum
1401 5398 1717 5471 Hemmingo

142 5495 355 5563 ﬁrmata,
383 5509 437 5553 et
457 5494 662 5567 placito
689 5497 920 5565 generali
953 5493 1248 5552 secundum
1275 5491 1716 5548 consuetudinem

139 5585 290 5656 Aquis
319 5589 524 5650 habito,
558 5585 614 5639 in
659 5592 768 5641 tres
795 5588 974 5656 partes
1004 5584 1151 5656 regni
1193 5582 1274 5637 sui
1308 5582 1526 5635 totidem
1557 5595 1716 5636 exer.

139 5675 264 5733 citus
287 5678 456 5744 misit,
502 5691 670 5730 unum
723 5685 870 5734 trans
908 5679 1120 5734 Albiam
1153 5677 1204 5729 in
1249 5673 1504 5738 Linones,
1547 5673 1719 5742 quiet

138 5766 266 5816 ipsos
294 5768 542 5816 vastavit.
571 5773 628 5816 et
668 5745 906 5816 castrum
937 5765 1259 5816 thhnochi
1290 5764 1551 5816 superiori
1577 5780 1720 5816 anno

1815 3366 1997 3434 signes
2027 3366 2295 3432 victorias,
2345 3369 2397 3423 in
2429 3369 2615 3426 Mtesia
2644 3375 2944 3442 provincia,
2971 3379 3261 3435 commisso
3287 3398 3414 3438 cum

1814 3453 2058 3526 Bulgaris
2077 3457 2282 3526 praelio,
2311 3459 2558 3526 moritur,
2590 3471 2644 3517 et
2667 3461 2926 3532 Michael,
2957 3483 3124 3538 gener
3141 3473 3276 3540 ejus,
3309 3474 3412 3528 im-

1815 3555 2032 3616 perator
2077 3545 2282 3616 factus,
2333 3549 2537 3620 legatos
2583 3553 2765 3610 domui
2812 3556 3154 3628 imperatoris
3203 3564 3294 3634 qui
3343 3567 3414 3622 ad

1815 3639 2177 3709 Nicephorum
2231 3645 2611 3714 imperatorem
2669 3649 2820 3704 missi
2871 3651 3120 3718 fuerunt,
3171 3659 3416 3729 suscepit

1817 3730 1870 3786 in
1896 3731 2442 3808 Constantinopolim,
2468 3748 2524 3795 et
2545 3741 2804 3810 absolvit;
2835 3759 2954 3800 cum
2981 3749 3178 3818 quibus
3203 3760 3258 3806 et
3283 3769 3412 3811 suos

1817 3821 2023 3893 legatos
2078 3825 2308 3893 direxit,
2369 3827 2686 3886 Michaelem
2731 3834 2936 3890 scilicet
2991 3838 3300 3910 episcopum
3357 3853 3417 3901 et

1815 3914 2105 3980 Arsaﬁum,
2158 3927 2321 3988 atque
2371 3919 2770 3994 Theognostum
2823 3933 3306 4000 protospatarium,
3357 3946 3416 3992 et

1817 4027 1912 4080 per
1955 4026 2048 4068 eos
2095 4029 2283 4084 pacem
2332 4031 2362 4070 a
2418 4015 2722 4090 Nicophoro
2773 4032 2984 4093 ccptam
3035 4028 3411 4096 conﬁrmavit;

1817 4117 1940 4156 nam
1971 4104 2294 4176 Aquisgrani
2328 4107 2419 4162 ubi
2451 4110 2517 4163 ad
2559 4111 2936 4180 imperatorem
2967 4129 3250 4186 venerunt,
3276 4137 3412 4177 con-

1818 4194 2079 4264 scriptum
2131 4207 2346 4265 pactmn
2397 4201 2466 4255 ab
2520 4217 2584 4256 eo
2639 4205 2692 4258 in
2747 4207 2971 4263 ecclesia
3025 4223 3411 4283 susceperunt,

1819 4299 1967 4339 more
2023 4302 2152 4378 suo,
2205 4288 2258 4342 id
2311 4297 2396 4345 est
2445 4307 2622 4362 graeca
2678 4295 2879 4368 lingua,
2931 4300 3118 4367 laudes
3162 4307 3278 4378 ejus
3329 4308 3414 4364 di-

1819 4386 2046 4442 xerunt,
2105 4376 2488 4450 imperatorem
2535 4399 2658 4438 cum
2709 4396 2764 4440 et
2809 4387 3076 4446 Basileum
3133 4376 3411 4467 appellan-

1822 4475 1902 4522 tes
1944 4486 1957 4522 :
1996 4480 2051 4524 et
2091 4469 2142 4525 in
2187 4476 2505 4529 revertendo
2553 4476 2776 4533 Romam
2825 4483 3120 4551 venientes,
3175 4490 3228 4544 in
3267 4492 3411 4547 basi-

1823 4559 1920 4614 lica
1953 4561 2124 4616 sancti
2155 4561 2298 4618 Petri
2335 4567 2562 4635 apostoli
2608 4571 2836 4626 curulem
2865 4577 3006 4644 pacti
3051 4593 3142 4632 seu
3185 4580 3409 4639 foederis

1749 4629 1796 4687 θ
1822 4651 2059 4706 libellum
2109 4669 2140 4707 a
2182 4629 2538 4728 Leone-papa
2578 4660 2755 4716 denuo
2799 4629 3409 4740 susceperunt.vatiibtis

1821 4741 2079 4808 dimissis,
2107 4747 2398 4816 imperator
2426 4753 2660 4821 generali
2696 4767 2962 4812 conventu
2994 4761 3162 4832 Aquis
3196 4766 3413 4822 sollem-

1820 4835 1998 4902 pnitcr
2027 4837 2245 4902 habito,
2279 4839 2650 4898 Bernhardnm
2701 4844 2867 4902 ﬁlium
2911 4849 3122 4920 Pippini
3165 4867 3414 4926 nepotem

1824 4941 1980 4980 suum
2013 4928 2063 4982 in
2089 4928 2296 4984 Italiam
2327 4934 2494 4999 misit,
2520 4947 2574 4989 et
2595 4947 2812 5007 propter
2843 4929 3038 4996 famam
3065 4945 3252 5003 classis
3295 4966 3416 5018 qua:

1824 5015 1890 5072 de
1923 5019 2104 5074 Africa
2142 5030 2195 5074 et
2221 5019 2476 5092 Hispania
2502 5029 2568 5080 ad
2595 5031 2914 5086 vastandmn
2949 5032 3157 5090 italiam
3191 5015 3415 5096 ventura

1830 5108 2131 5174 dicebatur,
2173 5111 2473 5170 Wallonem
2507 5117 2674 5170 ﬁlium
2702 5119 2998 5178 Bernltardi
3040 5129 3296 5194 patruelis
3335 5135 3416 5186 sui

1831 5217 1950 5256 cum
1983 5203 2070 5258 illo
2097 5217 2220 5258 esse
2244 5203 2426 5272 jussit,
2451 5224 2728 5278 quousque
2749 5227 2928 5268 rerum
2962 5225 3188 5272 eventus
3215 5224 3420 5274 securi-

1830 5301 1994 5348 tatem
2024 5294 2135 5350 suis
2165 5293 2420 5352 adferret.
2453 5300 2576 5354 ll:ec
2605 5300 2794 5358 classis
2815 5305 3009 5374 partim
3041 5305 3093 5358 in
3117 5307 3417 5376 Corsicam,

1828 5389 2026 5456 partim
2064 5388 2116 5442 itt
2148 5385 2451 5444 Sardiniam
2497 5391 2664 5459 venit,
2691 5403 2744 5447 et
2771 5410 2840 5468 ea
2877 5395 3095 5465 quidem
3138 5387 3262 5470 pars
3300 5417 3421 5471 qua:

1831 5480 1896 5534 ad
1929 5481 2235 5536 Sardiniam
2264 5483 2433 5548 venit,
2487 5501 2622 5556 pene
2661 5483 2833 5539 deleta
2882 5493 2987 5540 est.
3018 5485 3218 5547 Classis
3261 5492 3420 5549 Nort-

1829 5587 2151 5629 mannorum
2205 5569 2528 5643 Hyberniam
2582 5573 2812 5628 insulam
2865 5591 3112 5648 agressa,
3170 5584 3424 5640 caminis.

1830 5677 1996 5731 soquc
2051 5679 2172 5719 cum
2215 5661 2388 5717 Scotis
2423 5665 2625 5734 praelia,
2664 5663 2844 5726 multis
2871 5683 2938 5722 cx
2987 5667 3068 5722 cis
3101 5669 3423 5740 interfectis,

1831 5759 2010 5810 caeteri
2049 5759 2166 5804 rium
2199 5755 2331 5794 Ῑσιηοῗ
2369 5767 2512 5806 CII-IL
2561 5758 2592 5800 Α
2635 5755 2928 5808 ηυοῖ-ηειιδο,
2978 5757 3116 5806 (iung
3149 5763 3394 5805 nmmum
