3958 5390
550 478 619 536 75
913 444 929 448 ’ί
1606 478 1979 559 aestuosis
2024 480 2434 539 PRUM‘IENSIS
2471 480 2759 539 ABBATIS
3751 477 3810 534 re

553 597 717 655 ratori
741 594 911 654 soluta
939 602 1086 652 sunt.
1110 595 1311 654 Eodem
1337 614 1479 656 anno
1500 600 1768 671 expeditio
1792 600 1930 655 facta
1959 607 2041 655 est
2072 599 2123 653 in
2157 603 2205 662 Α
2303 597 2427 654 Haec
2453 615 2571 669 qure
2601 613 2760 670 supra
2788 610 3040 668 expressa
3072 603 3219 661 sunt,
3266 595 3317 651 in
3355 590 3587 666 quodam
3637 593 3811 649 libello

552 690 810 757 Wiltzos,
864 697 918 745 et
958 689 1025 745 ab
1074 690 1154 747 eis
1196 691 1410 748 obsides
1465 694 1690 764 accepti.
1748 691 2032 748 Herioldus
2074 699 2130 747 ct

550 778 914 852 Regini'ridus,
939 794 1105 852 teges
1135 780 1426 849 Danorum,
1458 783 1618 838 missa
1644 783 1711 837 ad
1744 783 2149 854 imperatorem

546 864 832 945 legatione,
861 884 1048 942 pacem
1082 879 1292 942 petunt,
1321 880 1375 927 et
1405 870 1621 928 fratrem
1658 889 1812 928 suum
1854 873 2139 929 liemmin-‘

544 968 670 1033 gum
695 960 795 1017 sibi
843 959 1046 1016 remitti
1092 969 1300 1031 rogant.
1340 959 1453 1017 Hoc
1482 976 1623 1016 anno
1670 960 1790 1018 ldus
1831 962 1955 1019 Maii
2007 971 2127 1030 post

542 1045 824 1111 meridiem
863 1053 991 1110 solis
1028 1051 1260 1127 eclypsis
1289 1053 1408 1109 fuit.
2028 1072 2035 1075 ·

610 1146 765 1202 Δηηο
785 1144 1077 1201 Dominicm
1100 1145 1484 1201 incarnationis
1510 1145 1615 1201 815
1645 1146 1937 1218 imperator
1955 1147 2124 1219 Aquis

537 1234 833 1310 byemavit,
862 1246 916 1293 et
944 1236 1233 1308 incipiente
1257 1238 1454 1293 vernali
1491 1246 1733 1308 tempore
1752 1238 2122 1298 Hamalarium

538 1334 629 1406 qui
651 1334 1014 1406 episcopatum
1045 1331 1431 1388 Treverensem
1464 1333 1769 1400 tenebat,et
1791 1333 2009 1391 Petrum
2029 1335 2121 1391 ab-

536 1425 717 1482 batem
740 1426 1053 1482 monasterii
1078 1426 1142 1481 de
1167 1425 1518 1491 Nonantulas,
1541 1437 1759 1500 propter
1779 1442 1965 1500 pacem
1996 1444 2119 1485 cum

536 1516 797 1575 Lichaele
832 1516 1249 1573 conﬁrmandam
1284 1515 1802 1590 ConstantinOpolim
1838 1520 2015 1589 misit;
2057 1535 2121 1576 ac

533 1608 728 1666 deinde
767 1609 950 1666 habito
980 1608 1215 1681 generali
1248 1618 1538 1677 conventu,
1557 1619 1837 1667 evocatura
1867 1612 1931 1667 ad
1961 1626 2019 1669 se
2053 1613 2120 1669 de

530 1700 818 1773 Aquitania
850 1699 1199 1758 Ludowicum
1231 1700 1418 1770 illium,
1454 1718 1709 1763 coronam
1753 1703 1825 1758 illi
1862 1704 2118 1774 imperia-

529 1790 598 1850 lis
634 1792 911 1866 dignitatis
949 1792 1223 1863 imposuit,
1253 1792 1624 1855 Bernhardum
1673 1803 1919 1865 nepotem
1962 1810 2117 1850 suum

528 1874 695 1941 Italia:
739 1885 1001 1956 praefecit,
1032 1902 1320 1960 regemque
1368 1885 1624 1959 appellari
1660 1886 1839 1959 jussit.
1882 1884 2117 1944 Concilia

2238 692 2433 761 reperi,
2461 692 2665 762 plebeio
2692 700 2745 745 et
2774 690 3047 746 rusticano
3072 704 3324 746 sermone
3348 691 3670 763 composita,
3698 706 3812 762 quae

2229 795 2299 837 ex
2324 790 2477 852 parte
2505 783 2571 835 ad
2600 781 2846 836 Latinam
2867 782 3103 853 regulam
3125 783 3359 848 correxi,
3378 781 3622 854 quaedam
3650 784 3810 838 etiam

2230 870 2407 926 addidi
2454 886 2573 942 quae
2606 886 2671 926 es
2704 872 3017 927 narratione
3045 874 3319 927 seniorum
3373 870 3574 927 audiui.
3606 872 3817 928 (‘th

2227 978 2350 1035 qua:
2376 973 2694 1034 sequuntur,
2718 978 2851 1019 mere
2875 965 3158 1033 parvitatis
3177 965 3354 1019 studio
3375 965 3649 1036 descripta
3672 973 3811 1030 sunt,

2226 1061 2386 1125 prout
2419 1054 2469 1108 in
2502 1054 2881 1109 chronicorum
2905 1054 2950 1087 ⁸³
2990 1054 3141 1111 libris
3178 1056 3431 1111 adnotata
3476 1055 3683 1120 inveni,
3729 1064 3814 1111 aut

2226 1159 2292 1202 ex
2318 1145 2580 1201 relatione
2608 1153 2822 1216 patrum
2855 1145 3041 1201 auditu
3069 1145 3347 1217 percipere
3364 1147 3523 1217 potui
3552 1146 3621 1200 “.
3658 1147 3730 1202 Et
3755 1148 3815 1203 de

2225 1238 2503 1295 Ludowici
2546 1239 2760 1309 quidem
2799 1239 3142 1310 imperatoris
3170 1238 3502 1309 temporibus
3530 1253 3812 1309 perpauca

2194 1372 2195 1375 η
2226 1329 2420 1388 litteris
2447 1331 2852 1402 comprehendi,
2882 1331 3007 1402 quia
3040 1346 3138 1387 nec
3168 1330 3370 1401 scripta
3413 1331 3606 1401 reperi,
3651 1345 3755 1385 nec
3784 1345 3814 1383 ι

2226 1422 2550 1488 senioribus,
2602 1437 2722 1492 quae
2767 1423 2927 1494 digna
2979 1431 3164 1477 essent
3215 1425 3493 1477 memoriae
3536 1435 3815 1476 commen-

2225 1514 2421 1579 danda,
2452 1514 2629 1570 audivi
2654 1531 2668 1579 ;
2699 1514 2766 1570 de
2795 1514 3057 1569 Hlotharii
3092 1526 3219 1569 vero
3249 1512 3590 1583 imperatoris
3622 1522 3683 1567 et
3716 1511 3815 1567 ira-

2225 1614 2369 1660 trum
2395 1605 2534 1675 ejus,
2561 1620 2744 1678 regnm
2758 1605 3111 1670 Francorum,
3149 1603 3316 1677 gestis
3341 1604 3496 1675 plura
3520 1605 3813 1675 descripsi;

2223 1698 2315 1752 ubi
2343 1712 2470 1754 vero
2498 1699 2566 1755 ad
2595 1706 2779 1754 nostra
2812 1706 3052 1769 tempora
3081 1706 3301 1753 ventum
3340 1706 3442 1762 est,
3470 1696 3646 1759 latius
3694 1712 3808 1752 ser-

2224 1805 2440 1845 monem
2470 1790 2794 1846 narrationis
2830 1788 3075 1861 protraxi
3105 1806 3118 1843 :
3155 1787 3316 1843 aliter
3339 1786 3503 1853 enim,
3538 1795 3613 1841 ut
3633 1786 3815 1842 Hiero-

2224 1896 2417 1953 nymus
2446 1883 2542 1948 ait,
2575 1891 2863 1937 narrantur
2880 1881 3013 1947 visa,
3042 1880 3200 1936 aliter
3223 1879 3409 1935 audita
3433 1896 3446 1933 :
3471 1894 3592 1951 qua:
3614 1878 3813 1934 melius

527 1972 741 2050 quoque
763 1978 915 2049 jussu
946 1978 1063 2050 ejus
1097 1959 1258 2050 super
1295 1990 1495 2036 statum
1525 1980 1872 2037 ecclesiarum
1913 1999 2008 2053 per
2039 1993 2110 2039 t0-

2223 1972 2446 2039 scimns,
2486 1973 2679 2028 melius
2708 1979 2763 2026 et
2796 1969 3139 2041 proferimus.

528 2080 637 2123 tam
683 2068 907 2125 Galliam
951 2068 1018 2124 ab
1062 2072 1328 2143 episcopis
1376 2073 1645 2128 celebrata
1693 2080 1848 2139 sunt,
1890 2088 2117 2143 quorum

526 2176 691 2215 llllllm
738 2160 1039 2233 Mogontia,
1080 2163 1306 2219 altermu
1343 2163 1562 2230 Remis,
1598 2165 1818 2220 tertium
1862 2164 2114 2232 Turonis,

528 2267 779 2323 quartum
801 2253 1126 2323 Caballonis,
1150 2257 1394 2327 quintum
1424 2257 1700 2313 Arelatum
1729 2268 2113 2331 congregatum

522 2354 627 2409 est,
657 2353 713 2401 et
752 2347 1161 2404 constitutiones
1194 2364 1313 2418 quae
1345 2348 1397 2403 in
1436 2349 1659 2421 singulis
1688 2349 1843 2407 facta:
1872 2359 2021 2416 sunt,
2052 2348 2120 2406 ab

522 2437 847 2508 imperatore
872 2438 1204 2495 conﬁrmatae
1224 2449 1377 2504 sunt;
1405 2454 1539 2509 quas
1567 2439 1654 2509 qui
1682 2455 1841 2497 nosse
1864 2439 2116 2504 voluerit,

520 2528 577 2585 in
607 2530 930 2602 supradictis
954 2530 1260 2588 civitatibus
1291 2532 1530 2590 invenire
1556 2534 1773 2604 poterit,
1807 2549 2116 2604 quanquam

520 2631 575 2679 et
608 2638 795 2679 carum
825 2623 1153 2693 exemplaria
1199 2623 1251 2678 in
1301 2625 1521 2679 archiva
1565 2625 1749 2695 palatii
1794 2625 2112 2681 habeantur.

520 2714 721 2770 Eodem
766 2723 1009 2786 tempore
1054 2715 1205 2770 missi
1260 2724 1388 2771 sunt
1436 2725 1586 2772 trans
1636 2717 1847 2773 Albiam
1894 2720 2116 2789 quidam

518 2804 849 2860 Francorum
880 2813 935 2860 et
970 2804 1243 2860 Saxonum
1286 2821 1541 2875 proceres
1571 2808 1636 2863 ad
1669 2809 1929 2864 terminos
1959 2809 2120 2865 Nort-

518 2909 824 2959 manorum,
854 2895 943 2965 qui
970 2910 1160 2966 pacem
1196 2910 1317 2951 cum
1355 2896 1436 2952 eis
1466 2900 1764 2953 secundum
1797 2898 2117 2969 petitionem

519 2984 761 3055 ipsorum
803 2986 1062 3053 facerent,
1094 2997 1150 3042 et
1192 2987 1411 3045 fratrem
1451 3005 1634 3061 regum
1666 2992 1747 3046 eis
1790 2993 2115 3076 redderent;

514 3076 839 3147 iuramentis
868 3077 1052 3149 itaque
1077 3094 1143 3134 ex
1174 3087 1401 3151 utraque
1429 3092 1584 3152 parte
1613 3083 1773 3150 datis,
1800 3100 1903 3155 pax
1930 3086 2118 3144 firma-

520 3177 574 3222 ta
603 3177 705 3224 est.
746 3168 948 3225 Tamen
978 3186 1040 3226 ea
1073 3182 1389 3243 tempestate
1425 3190 1579 3248 rcges
1614 3177 1755 3232 domi
1801 3194 1906 3234 non
1938 3191 2114 3247 erant,

518 3260 611 3313 sed
659 3261 726 3316 ad
770 3258 1085 3318 Westerl'alt
1124 3280 1245 3320 cum
1294 3268 1534 3322 exercitu
1583 3279 1954 3338 perrexerant,
1987 3288 2105 3344 quae

518 3350 666 3421 regio
703 3351 888 3406 ultima
919 3355 1066 3426 regni
1096 3355 1312 3411 illorum
1346 3367 1482 3424 erat,
1511 3361 1653 3415 inter
1682 3365 2100 3433 septentrionem

517 3451 572 3499 et
595 3444 929 3530 occidentem
956 3447 1080 3514 sita,
1103 3458 1290 3505 contra
1319 3452 1621 3523 aquilonem
1653 3454 1928 3513 Brittania:
1957 3476 2105 3515 sum-

516 3534 759 3589 mitatem
799 3537 1037 3608 respicit,
1070 3539 1221 3609 cujus
1249 3543 1518 3615 principes
1558 3561 1621 3600 ac
1662 3550 1888 3619 populus
1914 3566 2101 3606 eorum

516 3628 933 3686 dominationem
993 3632 1449 3706 dedignabantur;
1517 3639 1713 3709 quibus
1787 3644 2102 3711 perdomitis

514 3732 638 3774 eum
669 3721 872 3777 reversi
904 3733 1106 3789 essent,
1138 3733 1193 3779 et
1240 3724 1459 3784 l‘ratrem
1499 3730 1566 3784 ab
1608 3730 1935 3802 imperatore
1974 3737 2103 3793 mis-

516 3823 636 3864 sum
665 3812 1008 3882 recepissent,
1052 3813 1145 3869 lilii
1189 3814 1465 3874 Godefridi
1500 3822 1642 3890 regis
1676 3831 1731 3877 et
1770 3826 2006 3881 nonnulli
2035 3844 2098 3884 ex

514 3898 845 3971 primoribus
880 3904 1169 3971 Danorum,
1202 3908 1293 3978 qui
1332 3908 1443 3978 jam
1485 3911 1683 3966 dudum
1714 3913 1898 3970 relicta
1926 3920 2100 3986 patria

515 3994 659 4060 apud
706 3993 946 4051 Sueones
985 3996 1306 4068 exulabant,
1360 4008 1604 4059 attractis
1653 4007 1887 4077 undique
1931 4011 2099 4081 copiis

514 4083 713 4139 bellum
739 4085 820 4141 eis
844 4085 1163 4156 intulerunt,
1195 4098 1248 4145 et
1284 4092 1677 4152 confluentibus
1706 4096 1773 4153 ad
1803 4112 1862 4154 se
1898 4102 2099 4168 passim

515 4191 581 4233 ex
634 4179 782 4233 omni
829 4179 1099 4237 Danorum
1145 4191 1288 4239 terra
1341 4188 1658 4258 populorum
1707 4193 1917 4256 turmis,
1953 4208 2103 4248 com-

514 4271 683 4326 misso
710 4285 833 4327 cum
862 4272 943 4328 eis
966 4274 1171 4345 praelia,
1194 4291 1287 4334 eos
1314 4294 1477 4351 regno
1505 4289 1729 4352 paterno
1756 4284 2095 4355 expulerunt.

510 4361 717 4418 Eodem
770 4380 912 4420 anno
942 4367 1170 4425 Carolus
1211 4370 1500 4442 imperator
1543 4375 1697 4441 obiit,
1729 4385 1784 4432 et
1828 4378 1997 4449 Aquis
2044 4380 2096 4435 in

514 4450 735 4507 basilica
782 4456 951 4510 sancti
994 4456 1320 4523 Salvatoris,
1364 4472 1418 4518 et
1461 4476 1662 4522 sanctae
1695 4467 1786 4523 Dei
1820 4471 2098 4539 genitricis

514 4539 700 4635 marite
739 4542 1036 4602 honoriﬁce
1066 4549 1306 4618 sepultus
1333 4561 1435 4618 est,
1466 4569 1625 4623 quam
1668 4557 1946 4615 basilicam
1986 4563 2098 4635 ipse

516 4631 746 4689 miriﬁco
769 4649 931 4707 opere
951 4653 982 4692 a
1010 4639 1356 4699 fundamento
1376 4645 1646 4704 aediﬁcare
1666 4646 1813 4707 fecit.
1842 4631 2092 4712 Ludovvi-

515 4736 634 4790 cus,
662 4723 803 4782 illius
825 4727 965 4798 ejus,
994 4728 1290 4800 imperialia
1317 4746 1527 4806 sceptra
1552 4744 1801 4811 suscepit.

2831 2060 3188 2118 DCCCXVIII.

2234 2172 2239 2177 ε
2295 2154 2449 2211 Anno
2506 2155 2799 2210 Dominicze
2853 2154 3245 2210 incarnationis
3301 2155 3406 2211 818
3459 2154 3811 2212 Bernhardus

2222 2247 2364 2304 ﬁlius
2389 2247 2617 2319 Pippini,
2642 2264 2740 2303 rex
2770 2247 2958 2312 Italiae,
2986 2247 3156 2318 Aquis
3188 2258 3445 2303 evocatus
3474 2248 3544 2302 ad
3575 2247 3812 2317 impera-

2222 2349 2390 2395 torem
2423 2341 2543 2395 dolo
2569 2340 2800 2408 capitur,
2823 2348 2877 2394 et
2906 2340 3080 2410 primo
3104 2337 3297 2403 oculis,
3338 2346 3461 2408 post
3480 2339 3598 2393 vita
3630 2338 3810 2409 priva-

2222 2445 2326 2493 tur.
2380 2435 2572 2491 Habuit
2627 2445 2805 2490 autem
2838 2430 2939 2489 iste
2993 2432 3340 2489 Bernhardus
3376 2434 3546 2487 lilium
3594 2434 3812 2487 nomine

2219 2529 2501 2601 Pippinum
2527 2570 2541 2594 ,
2597 2529 2686 2598 qui
2749 2538 2858 2581 tres
2915 2528 3113 2581 liberos
3140 2526 3329 2598 genuit
3349 2566 3361 2588 ,
3387 2524 3768 2580 Bernhardnm
3791 2564 3807 2591 ,

2218 2624 2503 2696 Pippinum
2569 2632 2623 2680 et
2676 2623 3069 2687 lleribertum;
3147 2622 3242 2693 qui
3325 2620 3645 2676 Heribertns
3698 2618 3805 2674 Ro-

2218 2716 2423 2773 dulfutn
2488 2716 2536 2748 ³⁸
2598 2716 2848 2771 comitem
2879 2756 2892 2781 ,
2958 2713 3122 2769 lilium
3186 2713 3434 2769 Balduini
3506 2713 3557 2746 “
3636 2712 3807 2767 inter-

2220 2804 2343 2859 fecit
2400 2806 2601 2863 nostris
2648 2806 2979 2876 temporibus
3010 2845 3023 2867 ,
3104 2815 3159 2859 et
3213 2820 3318 2859 non
3378 2804 3607 2858 multum
3682 2810 3807 2873 post

2220 2900 2431 2954 occisus
2483 2906 2568 2954 est
2616 2914 2643 2953 a
2699 2899 2967 2954 Balduino
3000 2939 3013 2963 ,
3077 2899 3308 2954 satellite
3367 2894 3641 2962 Baldnini,
3690 2896 3804 2951 fra-

2220 2992 2319 3046 tris
2348 2991 2391 3022 "
2418 2988 2649 3054 Rodulﬁ,
2682 2990 2771 3059 qui
2802 2989 3096 3044 Balduinns
3118 2986 3395 3059 hucusque
3414 2985 3531 3059 (αἰαὶ)
3552 2987 3616 3041 .in
3646 2985 3808 3043 Flau-

2218 3081 2331 3138 dris
2358 3083 2605 3138 ducatum
2630 3091 2795 3137 tenet.

2784 3171 3132 3229 DGCCXXIX
3160 3173 3229 3227 ³⁸.

2254 3266 2445 3321 νΑηηο
2506 3264 2798 3320 Βοτηὶηἱοτθ
2858 3265 3245 3320 incarnationis
3290 3261 3392 3318 829
3448 3263 3802 3329 Tancradns,

2207 3359 2474 3414 secundus
2505 3357 2641 3413 abba
2671 3357 3006 3426 Prumiensis
3027 3357 3075 3389 ”
3104 3357 3217 3425 (l5)
3254 3357 3592 3419 monasterii,
3646 3359 3798 3422 obiit,

2206 3460 2261 3509 et
2288 3450 2651 3506 Marcwardus
2678 3448 2722 3482 ³⁸
2784 3449 2897 3520 (16)
2943 3449 2991 3503 ei
3017 3449 3068 3503 in
3100 3448 3360 3519 regimine
3399 3448 3689 3515 successit,
3718 3451 3802 3503 vir

2204 3546 2440 3618 prudens
2465 3554 2521 3601 et
2545 3559 2712 3600 sacra:
2742 3543 2990 3614 religioni
3018 3543 3251 3599 deditus.

2715 3653 3110 3711 nccexxxvr
3140 3654 3272 3727 (ιτ).

2274 3746 2429 3805 Anno
2512 3747 2803 3803 Dominicze
2875 3748 3261 3803 incarnationis
3336 3747 3441 3804 856
3516 3746 3793 3805 Brittones

2204 3841 2406 3897 foedera
2470 3839 2671 3896 violant
2728 3839 2771 3871 ²¹
2806 3880 2821 3906 ,
2889 3848 2944 3895 et
3005 3839 3263 3895 rebellare
3333 3838 3603 3911 incipiunt
3669 3856 3793 3897 cum

2203 3931 2339 3987 duce
2407 3945 2504 3986 suo
2565 3930 2780 3986 nomine
2855 3930 3171 3995 Murmano;
3251 3926 3438 3985 contra
3492 3945 3633 4000 quos
3688 3932 3792 3986 im-

2200 4031 2420 4094 perator
2465 4023 2760 4079 exercitum
2809 4022 3097 4092 producit,
3154 4022 3249 4078 sed
3301 4038 3405 4078 non
3454 4020 3593 4077 adeo
3650 4036 3787 4094 prae-

2205 4114 2388 4169 valuit.

2705 4201 3123 4259 occcxxxvn
3163 4204 3297 4278 (18).

2271 4296 2426 4350 Anno
2492 4292 2784 4349 Dominicae
2852 4293 3240 4350 incarnationis
3302 4294 3405 4350 837
3470 4292 3789 4353 Murmanus

2203 4403 2297 4443 rex
2343 4387 2645 4441 Brittonum
2718 4385 2986 4452 moritur,
3059 4394 3112 4440 et
3160 4384 3459 4441 Numenoio
3532 4386 3582 4418 ⁸³
3651 4386 3790 4459 apud

2199 4477 2560 4551 lngelenheim
2613 4476 2680 4533 ab
2736 4476 3062 4548 imperatore
3109 4477 3339 4534 ducatus
3382 4478 3555 4549 ipsius
3615 4480 3791 4552 gentis

2201 4570 2454 4626 traditur.

2689 4661 3124 4720 occcxxxvm
3166 4662 3279 4736 (l9)

2126 4770 2174 4830 ο
2269 4754 2427 4811 Anno
2470 4754 2762 4811 Dominicze
2806 4755 3192 4812 incarnationis
3231 4755 3334 4813 838
3379 4739 3786 4816 llludbwrcnsa

1792 4857 2018 4917 VARle
2072 4865 2452 4925 LECTIONES

588 4930 1750 5031 tlteotonicorum
1778 4947 1933 5031 libris
1957 4955 2010 5031 l._
2035 4957 2491 5031 Tlientonicormn
2515 4959 2665 5031 libris
2691 4959 2743 5014 '5.
2777 4958 2825 4992 “
2852 4960 3129 5031 percipere

516 5002 757 5086 desunt,_
779 5002 833 5086 in
854 5004 1086 5086 exordio
1112 5004 1280 5086 hujus
1296 5008 1417 5086 libri
1450 5002 1975 5086 inveniunturﬁctde

3165 4964 3335 5037 potui.
3375 4964 3497 5022 Haec
3522 4984 3669 5037 quae
3704 4970 3792 5027 hic

2807 5070 2821 5108 _.
2869 5032 3148 5108 rodullj_l.
3170 5032 3241 5089 ⁷2,
3286 5032 3584 5108 (modum),
3619 5041 3713 5097 δι’.
3735 5041 3786 5095 7.

517 5072 3790 5183 3.2;r..f.‘2d"'”211.'flx.a":’a‘"!.t?!?.‘.it;.':?.:l"""_'fr;.:.sarta'§'-'"r35?i9ifur.---'.?333'&%3iﬁ'Mediam;-ihBFBE'éi'iii’iiuJi

850 5145 1070 5190 rnmlnlﬁ
1098 5145 1163 5184 to

518 5141 721 5184 Ihlmlm
820 5141 1070 5190 Vrnmlnlﬁ
1098 5145 1163 5184 10
1213 5141 1530 5194 ιῖιιιΙηΙηΙιηηι
1630 5159 1725 5184 -..Α

2796 5171 2860 5210 ιω
2932 5173 2963 5210 7
3033 5173 3066 5210 Ω
3143 5174 3525 5233 £0.bardwilti
3602 5180 3789 5260 9.11-
