3958 5530
481 377 554 438 79
1525 372 1891 433 REGINONIS
1929 371 2344 432 PRUMIENSIS
2382 371 2676 431 ABBATIS
3701 375 3769 434 80

478 492 596 552 luta
625 492 817 550 eadem
848 491 1124 565 provincia
1152 504 1182 547 a
1209 489 1325 547 suis
1369 489 1638 562 indigenis
1666 490 2063 559 devastaretur,
2094 495 2148 555 Α
2170 489 2397 547 sationis
2447 496 2735 560 suscepto,
2786 487 2838 544 in
2893 487 3168 562 religionis
3232 487 3574 560 professione
3631 489 3774 548 diu

481 595 539 646 et
580 585 750 642 multa
780 585 892 641 illic
936 584 1076 640 mala
1123 583 1343 654 impune
1370 591 1741 656 patrarentur,
1768 593 1826 640 et
1850 592 2068 656 captum

481 693 607 737 cum
643 677 868 735 consilio
897 676 1274 748 episcoporum
1311 691 1375 732 ac
1405 690 1691 746 procerum
1726 676 1984 743 attendit,
2014 685 2070 732 et

480 769 671 827 habitu
708 769 1022 825 monachico
1056 767 1302 825 indutum
1344 766 1654 825 Suessionis
1697 767 1751 823 in
1796 777 2073 824 monaste-

482 864 625 920 rium
673 861 848 919 sancti
896 852 1138 917 Medardi
1201 860 1369 916 misit.
1412 860 1569 927 Inde,
1614 860 1826 916 duobus
1885 874 2074 917 mona-

484 954 602 1010 chis
632 953 677 986 ⁶²
721 951 1185 1009 consentientibus
1231 949 1394 1006 simul
1436 958 1491 1006 et
1539 965 1697 1021 opem
1746 948 2068 1017 ferentibus,

482 1043 608 1116 fuga
640 1043 879 1114 dilapsus
924 1049 1047 1108 est;
1091 1042 1185 1098 sed
1231 1042 1428 1098 iterum
1472 1050 1682 1114 captus,
1727 1042 1780 1097 in
1823 1041 2070 1098 Silvane-

481 1136 586 1191 etis
616 1134 662 1168 “
686 1135 801 1208 (25)
824 1143 1004 1190 castro
1031 1133 1395 1191 munitissimo
1420 1135 1680 1190 custodiae
1709 1135 2069 1205 mancipatur.

482 1227 611 1284 Fuit
637 1213 772 1284 vero
793 1229 893 1284 iste
918 1228 1173 1301 Pippinus
1199 1229 1339 1286 filius
1377 1229 1615 1303 Pippini,
1648 1229 1741 1286 ﬁlii
1771 1230 2070 1288 llludowiei

482 1320 850 1391 imperatoris,
878 1318 946 1376 de
989 1336 1100 1392 quo
1134 1321 1336 1388 ferunt,
1378 1321 1523 1394 quod
1552 1338 1677 1379 eum
1718 1332 1893 1394 pater,
1922 1325 2074 1381 vide-

483 1415 613 1471 licet
667 1414 1013 1473 lliudowicus
1062 1415 1394 1487 imperator,
1440 1417 1567 1473 dum
1610 1417 1790 1473 adhuc
1849 1418 2072 1490 puerilis

483 1516 630 1583 esset
657 1508 832 1564 artatis
862 1508 927 1573 ",
954 1507 1189 1565 voluerit
1233 1510 1300 1565 ad
1336 1509 1627 1567 clericatus
1670 1508 1903 1566 odieium
1947 1526 2072 1583 pro-

484 1614 722 1664 movere,
776 1615 841 1679 ac
888 1600 1123 1673 Drogoni
1160 1598 1413 1674 episeopo
1463 1602 1711 1659 Mettensi
1751 1601 1879 1675 μή,
1916 1602 2071 1659 fratri

484 1708 609 1761 suo,
648 1702 842 1763 patruo
871 1693 1091 1750 scilicet
1118 1695 1294 1766 pueri,
1333 1695 1502 1769 7-12],
1531 1695 1797 1752 avunculo
1822 1695 2071 1753 videlicet

486 1800 607 1851 suo,
647 1786 1028 1841 commendare
1071 1785 1140 1852 “,
1167 1786 1522 1842 erudiendum
1553 1786 1598 1819 ‘7
1640 1785 1955 1843 liberalibus
1998 1788 2071 1843 si-

484 1878 599 1932 mul
625 1886 682 1933 et
712 1877 1103 1934 ecclesiasticis
1141 1876 1460 1948 disciplinis.
1509 1874 1619 1934 Sed
1656 1878 1899 1950 paternis
1940 1878 2080 1934 votis
2110 1868 2156 1929 Β

485 1969 801 2026 lllotharius
843 1968 1086 2039 ejusdem
1128 1970 1280 2040 pueri
1334 1968 1503 2025 frater
1548 1968 1741 2027 obvius
1777 1972 1845 2037 ⁸⁸,
1878 1986 2082 2042 nequa-

485 2066 648 2135 quam
694 2062 946 2134 permisit
995 2076 1118 2117 eum
1167 2062 1415 2128 attondi,
1462 2061 1556 2117 sed
1606 2062 1658 2116 vi
1709 2063 1975 2119 abstraxit
2014 2062 2083 2120 de

484 2169 653 2209 manu
699 2146 890 2223 patris.
922 2151 1054 2206 Erat
1096 2152 1240 2207 enim
1290 2151 1461 2207 isdem
1497 2166 1657 2224 puer,
1699 2160 1759 2206 ut
1797 2151 1969 2218 aiunt,
2007 2153 2082 2207 in.

486 2244 665 2317 gentis
700 2242 898 2317 [ηιξκιε.
939 2241 1088 2317 7-12]
1139 2242 1580 2314 pulchritudinis,
1614 2242 1698 2298 cui
1738 2243 2080 2314 postmodqu

485 2337 835 2395 Hludowicns
866 2322 1165 2409 imperator
1190 2336 1260 2400 ”,
1298 2346 1454 2415 pater
1489 2352 1640 2404 suus,
1683 2352 1806 2393 cum
1851 2338 1991 2392 inter
2024 2335 2082 2392 ﬁ-

484 2432 589 2489 lios
612 2445 743 2486 suos
775 2429 1061 2500 imperium
1085 2429 1133 2461 "°
1165 2426 1454 2496 divideret,
1482 2429 1835 2500 Aquitaniam
1869 2437 2080 2484 tantum

482 2523 819 2599 provinciam
869 2523 1158 2579 concessit.
1214 2521 1323 2579 Sed
1379 2537 1487 2579 non
1542 2523 1592 2579 ei
1651 2522 1706 2577 in
1760 2536 2080 2594 prosperum

485 2618 681 2683 cessit,
721 2616 865 2687 quod
901 2631 932 2670 a
968 2615 1063 2671 Dei
1111 2614 1322 2671 cultura
1356 2623 1412 2670 et
1445 2614 1667 2671 servitio
1708 2614 1754 2646 τι
1794 2623 2080 2670 revocatus

484 2716 571 2765 est
611 2709 699 2773 ⁷²;
747 2705 1107 2763 ebrietatibus
1160 2706 1305 2761 enim
1342 2713 1400 2760 et
1449 2703 1943 2761 comessationibus
1993 2703 2080 2759 die

486 2807 758 2869 noctuque
805 2813 1027 2862 vacans,
1065 2798 1134 2852 ad
1179 2808 1483 2853 extremum
1538 2804 1717 2851 mente
1758 2803 1974 2866 captus,
2025 2796 2078 2851 in

485 2889 790 2943 maniacam
822 2886 868 2920 ⁷³
898 2886 1092 2943 incidit
1117 2886 1444 2958 passionem,
1476 2895 1531 2943 et
1560 2893 1881 2957 praesentem
1911 2885 2077 2939 vitam

487 3000 613 3040 eum
655 2983 920 3038 dedecore
954 2982 1156 3047 amisit,
1187 2996 1558 3039 successorem
1600 2980 1913 3051 relinquens
1956 2979 2080 3049 Pip-

484 3076 673 3148 pinum
711 3074 901 3144 ﬁlium,
948 3075 1014 3132 de
1040 3090 1149 3146 quo
1192 3074 1356 3147 paulo
1391 3073 1713 3145 "superius
1752 3073 2079 3130 mentionem

488 3168 741 3226 fecimus.

1168 3260 1456 3318 DCCCLV.

558 3357 719 3412 Anno
770 3355 1066 3412 Dominicre
1132 3354 1524 3412 incarnationis
1583 3352 1689 3410 855
1766 3351 2076 3419 lllotarius,

489 3446 803 3503 convocatis
852 3446 1183 3517 primoribus
1229 3447 1411 3518 regni,
1462 3446 1750 3516 imperium
1790 3443 1916 3499 ﬁliis
1963 3443 2078 3498 suis

491 3537 675 3594 divisit
700 3539 779 3605 7';
812 3537 1127 3593 llludowico
1163 3537 1374 3592 Italiam
1427 3535 1672 3601 tradidit,
1703 3547 1935 3604 eumque
1978 3533 2078 3587 im-

489 3638 800 3702 peratorem
849 3629 1106 3702 appellari
1158 3626 1320 3695 fecit,
1367 3627 1643 3698 aeqnivoco
1684 3639 1840 3691 vero,
1891 3623 1944 3679 id
1995 3632 2079 3679 est

491 3722 799 3791 Hlothario,
854 3738 1076 3795 regnum
1131 3724 1279 3794 quod
1329 3738 1393 3778 ex
1446 3737 1546 3777 suo
1591 3721 1808 3776 nomine
1851 3729 2079 3776 vocatur

454 3814 457 3817 ’
491 3813 780 3878 concessit,
811 3812 1007 3868 Carolo
1042 3821 1245 3878 autem,
1280 3812 1370 3883 qui
1392 3810 1582 3880 junior
1610 3819 1737 3866 natu
1767 3819 1909 3876 erat,
1942 3809 2074 3865 Pro-

488 3901 684 3958 vincia:
727 3918 948 3974 regnum
992 3901 1220 3973 largitus
1259 3912 1362 3958 est.
1400 3902 1683 3972 Dispositis
1707 3901 1890 3971 itaque
1916 3909 2078 3970 atque

491 3992 758 4047 ordinatis
790 3993 939 4064 regni
987 3993 1243 4064 negotiis,
1276 3992 1582 4048 valedicens
1609 3992 1744 4057 suis,
1776 3991 2005 4063 reliquid
2031 3992 2078 4024 ⁷⁵

493 4083 766 4149 secutum,
813 4093 974 4155 atque
1023 4085 1074 4140 in
1124 4075 1342 4140 Prnmia
1388 4086 1719 4141 monasterio
1747 4085 1793 4118 "
1830 4080 2076 4152 veniens,

491 4189 703 4232 comam
747 4176 942 4247 capitis
971 4177 1250 4249 deposuit,
1283 4177 1579 4249 habituque
1612 4168 1822 4235 sancta)
1853 4193 2082 4235 conver-

2177 581 2372 638 clausit
2395 590 2723 648 extremum,
2752 579 2787 635 5
2815 580 2936 637 Kal.
2964 579 3239 638 Octobris.

2812 671 3125 730 DCCCLVI.

2244 766 2404 823 Anno
2421 763 2713 823 Dominieae
2728 765 3119 824 incarnationis
3132 767 3237 825 856
3261 768 3311 801 ⁷⁸
3339 766 3663 826 Hlotharius
3680 781 3775 827 rex

2176 858 2540 931 Thietbirgam
2568 859 2615 892 ⁷⁸
2641 859 2883 932 reginam
2910 859 3013 916 sibi
3041 860 3096 916 in
3124 862 3530 918 matrimonium
3548 862 3771 934 iunxit;

2172 966 2241 1009 ex
2273 967 2379 1024 qua
2408 949 2788 1021 conjunctione
2836 953 3071 1009 maxima
3108 953 3264 1008 ruina
3296 969 3402 1009 non
3450 953 3526 1009 illi
3576 954 3773 1021 solum,

2174 1043 2269 1101 sed
2305 1043 2469 1098 etiam
2498 1043 2647 1098 omni
2685 1058 2853 1115 regno
2883 1044 3001 1116 ejus
3033 1046 3260 1110 accidit,
3305 1045 3448 1102 sicut
3491 1046 3550 1102 in
3587 1047 3777 1105 subse-

2174 1134 2465 1205 quentibus
2491 1133 2537 1166 ⁸⁰
2569 1133 2689 1190 luce
2710 1134 2914 1191 clarius
2940 1136 3243 1207 apparebit.

2724 1228 3059 1286 DCCCLVIII
3086 1230 3221 1302 (ac).

2244 1320 2403 1376 Anno
2431 1319 2724 1377 Dominica:
2752 1321 3143 1378 incarnationis
3164 1323 3271 1380 858
3304 1324 3348 1358 ⁸⁸
3389 1321 3627 1381 Carolus
3660 1338 3777 1392 rex,

2175 1412 2315 1469 illius
2345 1412 2609 1469 Hlotltarii
2662 1413 3026 1484 imperatoris,
3077 1416 3343 1482 moritur;
3396 1417 3488 1486 qui
3538 1416 3774 1472 Provin-

2174 1505 2314 1561 ciam
2357 1504 2608 1577 regebat,
2654 1512 2710 1559 et
2758 1519 2827 1561 ex
2880 1520 3047 1577 regno
3111 1507 3255 1577 quod
3305 1515 3591 1571 tenuerat,
3642 1507 3777 1562 facta

2175 1606 2260 1655 est
2296 1613 2401 1654 non
2448 1598 2659 1654 modica
2698 1598 3071 1655 controversia
3121 1598 3263 1654 inter
3306 1598 3663 1655 Hlotharium
3697 1613 3778 1653 re-

2174 1707 2294 1765 gem
2324 1702 2376 1748 et
2408 1691 2731 1749 avunculum
2784 1691 3056 1766 [patruum
3077 1732 3095 1760 ,
3131 1691 3201 1757 4,
3230 1691 3395 1765 7-12]
3440 1692 3564 1763 ejus
3604 1690 3775 1749 Caro-

2176 1781 2309 1839 lum.

2820 1877 3132 1937 DCCCLIX.

2252 1971 2409 2025 Anno
2470 1968 2767 2026 Dominicaz
2820 1970 3215 2027 incarnationis
3282 1970 3389 2028 859
3453 1970 3773 2026 Hlothario:

2181 2061 2453 2118 Hucberto
2478 2062 2523 2094 ⁸¹
2550 2063 2733 2118 abbati
2772 2063 3029 2118 ducatum
3050 2063 3098 2095 ⁸³
3123 2063 3264 2121 inter
3291 2062 3480 2118 Jnrum
3520 2073 3580 2119 et
3626 2078 3779 2118 mon-

2183 2163 2290 2212 tem
2318 2153 2366 2187 ”
2403 2152 2551 2210 Jovis
2598 2155 2902 2220 commisit,
2945 2169 3013 2210 eo
3055 2154 3200 2226 quod
3251 2162 3379 2209 tunc
3425 2154 3775 2210 fidelissimus

2181 2256 2486 2319 putaretur,
2510 2254 2700 2318 utpote
2728 2244 2989 2302 aﬂinitate
3023 2244 3346 2316 coniunctus
3373 2254 3605 2319 propter
3630 2258 3775 2302 soro-

2181 2351 2298 2395 rem
2323 2336 2718 2410 Thietbirgam.

2832 2430 3125 2490 DCCCLX.

2249 2527 2407 2583 Anno
2445 2525 2739 2582 Dominica:
2789 2526 3183 2583 incarnationis
3220 2526 3327 2585 860
3359 2525 3476 2598 Egil
3520 2526 3571 2559 ⁸⁸
3609 2525 3771 2582 abba-

2180 2620 2310 2677 tiam
2340 2619 2715 2676 Prumiensem
2758 2634 2855 2675 sua
2900 2627 3096 2692 sponte
3124 2619 3349 2685 dimisit,
3376 2627 3432 2676 et
3463 2618 3773 2675 Ansbaldus

2179 2712 2228 2745 “
2250 2711 2364 2785 (27)
2398 2711 2452 2766 in
2491 2711 2759 2783 regimine
2782 2713 3068 2778 successit,
3091 2711 3177 2767 vir
3203 2711 3352 2766 omni
3394 2710 3695 2767 sanctitate
3722 2716 3774 2765 et
3798 2704 3804 2713 ’

2177 2801 2420 2858 bonitate
2456 2801 2799 2872 conspicuus.
2831 2800 2927 2859 His
2964 2802 3079 2875 (28)
3122 2801 3456 2873 temporibus
3500 2799 3773 2857 Hludowi-

2178 2906 2276 2948 cus
2330 2892 2532 2959 senior,
2583 2892 2754 2949 frater
2804 2891 3071 2949 Hlotharii
3118 2892 3492 2962 imperatoris,
3541 2892 3773 2962 plurima

2148 2983 2324 3053 bella
2367 2983 2744 3041 strenuissime
2785 2984 2953 3056 gessit
2988 2984 3248 3041 adversus
3289 2982 3614 3041 Sclavorum
3655 2994 3775 3055 gen-

2178 3086 2293 3145 tes;
2324 3077 2592 3148 siquidem
2617 3076 3018 3134 Marahensium
3043 3076 3091 3134 εἴ
3134 3091 3298 3150 regna
3334 3077 3640 3148 ingressus,
3691 3089 3774 3128 ar-

2179 3171 2285 3226 mis
2325 3178 2524 3226 cuncta
2571 3169 2912 3241 perdomuit,
2960 3178 3121 3241 capto
3154 3183 3342 3224 eorum
3389 3167 3641 3238 principe
3686 3181 3777 3223 no-

2104 3228 2151 3310 C
2186 3262 2332 3318 mine
2381 3228 2671 3327 Rustic-3",
2710 3261 2796 3318 cui
2845 3228 3281 3332 etiam-propter
3325 3228 3522 3315 violata
3568 3228 3776 3315 hedera

2186 3352 2372 3410 oculos
2394 3350 2627 3407 effodere
2653 3351 2816 3425 [erui,
2841 3352 2986 3425 7-12]
3011 3352 3170 3429 jussit
3192 3351 3259 3407 ⁸⁸.

2259 3446 2337 3500 Ea
2369 3454 2686 3516 tempestate
2709 3445 2820 3517 (29)
2850 3445 2991 3502 inter
3017 3446 3288 3517 principes
3311 3435 3493 3501 caroli
3522 3458 3775 3513 magnum

2186 3538 2576 3594 discordiarum
2591 3553 2654 3593 ac
2680 3537 2853 3592 litium
2873 3537 3106 3595 eferbuit
3128 3537 3457 3593 incendium.
3474 3536 3522 3569 ”
3536 3537 3777 3607 Denique

2185 3631 2528 3698 Lamberlus,
2573 3633 2664 3703 qui
2695 3632 2949 3689 ducatum
2997 3635 3216 3690 tenebat
3260 3635 3402 3690 inter
3445 3634 3693 3705 Ligerim
3726 3641 3776 3689 et

2188 3722 2519 3795 Sequanam,
2562 3724 2850 3780 Vivianum
2882 3724 2928 3756 "
2965 3725 3079 3798 (50)
3110 3712 3386 3796 potentem
3431 3725 3610 3781 virum
3655 3724 3775 3781 dolo

2187 3814 2488 3882 interfecit;
2540 3831 2728 3873 rursus
2769 3802 2998 3873 eundem
3048 3817 3398 3874 Lambertum
3440 3818 3554 3891 (51)
3601 3817 3780 3873 Gaus-

2187 3907 2371 3961 hertns
2398 3906 2444 3941 ”
2475 3922 2657 3962 comes
2701 3923 2823 3964 cum
2874 3909 2994 3966 aliis
3036 3926 3189 3982 teque
3219 3893 3358 3966 dolo
3384 3896 3433 3941 "
3463 3911 3775 3967 trucidavit.

2110 4050 2117 4055 .
2185 3996 2362 4053 Isdem
2405 3997 2744 4056 Gauzbertus
2776 4000 2889 4074 (52)
2925 4001 3080 4070 jussu
3115 3986 3295 4059 Caroli
3325 4002 3628 4059 decollatus
3673 4013 3773 4059 est.

2179 4088 2502 4146 Destitutam
2533 4100 2734 4147 terram
2778 4094 3116 4165 principibus
3151 4101 3206 4149 et
3236 4093 3463 4151 consilio
3513 4094 3777 4149 nudatam

2178 4181 2568 4253 perspicientes
2594 4182 2885 4248 Brittones,
2922 4199 3074 4240 arma
3104 4185 3428 4258 corripiunt,
3459 4183 3596 4257 lines
3626 4183 3779 4256 regni

1778 4336 2014 4394 VARIA“.
2064 4336 2447 4396 LECTIONES

566 4478 615 4512 ⁸³
646 4477 1025 4549 monachisin
1066 4456 1171 4533 hoc
1201 4478 1253 4532 1.
1331 4477 1378 4510 ⁸⁸⁸
1406 4486 1597 4549 captus
1626 4476 1799 4533 insula
1849 4476 2031 4549 Nectis
2074 4478 2208 4533 5.1n
2255 4479 2390 4536 silua
2437 4478 2612 4535 noctis
2641 4478 2695 4533 7.
2772 4479 2819 4512 ⁸⁸
2846 4487 3008 4535 aetate
3053 4479 3106 4533 7.
3156 4477 3414 4549 puerulus
3455 4487 3627 4544 esset,
3680 4495 3776 4538 vo-

494 4549 661 4606 luerit
682 4548 740 4603 2.

835 4548 882 4581 “
927 4548 1147 4619 drogoni
1189 4550 1442 4619 episcopo
1476 4547 1740 4603 ‘mettensi
1781 4547 2049 4602 avunculo
2079 4549 2330 4605 videlicet
2376 4564 2474 4604 suo
2518 4551 2898 4606 commendare
2942 4551 2993 4604 1.
3021 4550 3076 4604 2.
3107 4547 3298 4674 5‘34.)
3327 4550 3484 4604 5.6.
3561 4550 3606 4582 ⁸⁷
3654 4566 3781 4606 ern-

835 4618 939 4672 lum
968 4618 1023 4673 6.
1099 4618 1144 4650 “
1175 4619 1368 4674 obvius
1393 4620 1535 4672 deest
1564 4618 1619 4671 5.
1694 4619 1738 4652 ⁶⁹
1772 4617 2107 4673 bludowicus
2133 4619 2431 4674 imperator
2455 4619 2597 4674 deest
2622 4621 2673 4674 1.
2703 4620 2756 4674 5.
2781 4621 2833 4674 6.
2909 4621 2955 4653 ⁷ο
2990 4622 3131 4674 inter
3165 4620 3199 4674 li
3226 4621 3305 4674 ios
3332 4634 3461 4674 suos
3490 4619 3777 4674 imperium

495 4619 753 4675 diendum
790 4618 939 4672 illum
968 4617 1051 4673 6.'
1099 4618 1144 4650 ⁸⁸
1175 4617 1535 4674 obvius—deest
1564 4618 1619 4671 5.
1694 4619 1738 4652 ⁶⁹
1772 4617 2107 4673 bludowicus
2133 4619 2204 4674 im

493 4689 638 4744 deest
670 4689 722 4743 1.
748 4687 800 4743 5.
824 4690 877 4744 6.
910 4690 1052 4743 inter
1073 4688 1213 4745 ﬁlios
1237 4696 1367 4745 sues
1392 4694 1532 4743 deest
1562 4686 1616 4742 5.
1668 4690 1740 4731 -τί
1764 4689 1849 4744 dei
1876 4690 2097 4744 scrvitio
2121 4689 2176 4744 4.

2284 4630 2431 4675 rator
2455 4619 2597 4675 deest
2622 4621 2673 4675 1.
2703 4620 2756 4676 5.
2781 4621 2833 4676 6.
2909 4621 2955 4653 ⁷ο
2990 4622 3131 4676 inter
3165 4619 3305 4690 ﬁlios
3332 4634 3461 4676 suos
3490 4619 3777 4690 imperium

2242 4731 2256 4745 .
2278 4690 2429 4746 9-12.
2505 4692 2553 4722 "
2577 4691 2801 4747 servitio
2823 4691 3137 4747 subtractus
3160 4701 3244 4747 est
3268 4688 3321 4745 5.
3348 4691 3397 4745 7.
3427 4688 3579 4746 9-12.
3652 4691 3702 4723 "
3725 4693 3776 4747 in

496 4760 835 4832 atnaniaeam
867 4759 917 4832 Ἰ.
962 4759 1017 4832 in
1055 4761 1357 4832 amanicam
1405 4759 1459 4814 9.
1488 4758 1574 4813 10.
1619 4760 1923 4832 amcnciam
1970 4760 2171 4832 ΠΑΞ.
2249 4763 2297 4794 ⁷³
2328 4755 2495 4832 paulo
2532 4762 2672 4817 deest
2704 4762 2756 4817 7.
2805 4761 2954 4818 9-l2.
3030 4762 3077 4819 ⁷⁸
3109 4761 3393 4831 imperium
3441 4761 3778 4817 suumiuter

498 4831 638 4904 tiglios
665 4830 852 4904 divisit
878 4829 1196 4904 1.2.5.6?
1268 4830 1315 4862 ⁷⁸
1347 4831 1468 4904 suis
1492 4832 1761 4904 mundum
1789 4830 2007 4904 reliquit
2037 4829 2089 4885 5.
2116 4832 2203 4904 ϐξ
2260 4833 2303 4866 ⁷⁷
2330 4829 2609 4904 ’ρι-ιιιιιίίιηι
2659 4833 3047 4904 monasterium
3079 4832 3131 4886 5.
3159 4829 3225 4887 6?
3259 4832 3472 4904 prumia
3501 4844 3779 4904 monaste-

500 4902 639 4955 rium
668 4900 720 4954 ι.
794 4901 839 4933 ⁷⁸
866 4900 1072 4955 855.13:
1102 4899 1215 4955 loco
1246 4918 1385 4955 raso.
1413 4902 1499 4955 11.
1530 4901 1615 4956 l2.

497 4973 587 5026 11.
626 4971 712 5026 l2.
762 4970 837 5042 (in
884 4972 1214 5042 locograso).
1266 4972 1390 5042 859.
1444 4972 1495 5026 1.
1543 4972 1598 5025 2.
1659 4972 1743 5028 10.

1716 4900 1764 4933 ⁷⁸
1789 4900 2144 4974 thietbergam
2172 4902 2225 4958 5.
2249 4900 2565 4959 constanter.

2668 4903 2714 4936 '°
2745 4905 2795 4957 in
2821 4904 3172 4972 sequentibus
3202 4904 3251 4958 1.
3275 4903 3309 4957 5
3352 4901 3406 4955 4.
3430 4902 3482 4956 6.
3582 4903 3626 4935 ³¹
3648 4902 3773 4959 856.

1845 4972 1891 5045 _"
1936 4972 2163 5045 ltnlierto
2210 4976 2263 5029 7.
2305 4975 2567 5045 lmgberto
2608 4973 2662 5028 5.
2727 4974 2957 5028 “.12.
3034 4973 3081 5045 ’ἒξ
3116 4975 3369 5045 ducatum
3414 4972 3554 5045 deest
3598 4974 3655 5028 5.
3721 4976 3773 5028 7.

495 5041 557 5124 ξδ’
579 5040 858 5124 mogte7._
912 5041 959 5074 ⁸⁵
990 5040 1141 5124 largi!
1169 5040 1223 5097 2.
1278 5041 1347 5124 ,⁸⁸
1379 5042 1666 5124 auspaldus
1811 5043 1853 5075 ⁸⁷
1894 5044 2282 5124 miraltcnsinm
2314 5040 2424 5124 5.;
2446 5045 2492 5077 ⁸⁸
2524 5046 2700 5124 fastis
2726 5046 2777 5123 1..
2812 5046 3009 5124 rastri}
3032 5042 3093 5122 5.
3126 5045 3312 5122 raslitz
3341 5044 3395 5098 2.
3419 5043 3777 5124 _5.ﬁ6.ﬂra_stri

496 5114 587 5167 ⁸11.
660 5112 706 5144 ⁸9
740 5113 927 5168 OCIIIOS
970 5112 1227 5167 cﬂ‘odiam
1278 5113 1434 5164 ἶηεείι
1464 5114 1498 5156 9.
1590 5114 1636 5148 ³³
1666 5114 1898 5164 (affui-"nl
1930 5114 2232 5169 incendium
2254 5114 2445 5166 ῃαιςξ,
2524 5114 2568 5145 οι
2598 5115 2700 5150 υἷι-τ

3418 5115 3428 5132 '
3491 5110 3523 5146 ο
3571 5112 3772 5170 Gadelt.
