3958 5390
117 323 178 386 81
441 297 450 303 ’
1291 318 1711 382 ennomeou.
1751 355 1824 367 —
1858 322 1971 382 AN.
2013 321 2277 383 sei-set.
3325 327 3402 387 aa

119 443 444 502 Francorum
491 440 772 509 invadunt,
805 439 1044 514 Ligerim
1088 448 1400 506 transeunt,
1431 452 1697 512 etmsque
1725 446 1776 505 Α
1802 443 2144 501 noius‘°"rex
2160 442 2464 498 Brittonum
2481 439 3397 516 moritur,divinonutupercussns.

119 535 352 595 Pietavis
393 537 833 608 progrediuntur,
878 535 1138 599 cmdibus,
1171 534 1397 606 rapinis,
1437 543 1494 590 et
1521 535 1706 590 incen-

121 628 222 684 diis
253 626 433 682 omnia
466 625 874 696 depnpnlantes,
912 624 1236 694 oneratique
1281 624 1486 696 ingenti
1528 624 1706 696 prarda

121 720 184 775 ad
230 718 444 790 propria
489 718 733 773 redeunt.
787 717 869 772 Ad
915 717 1026 789 (55)
1084 716 1535 788 compescendam
1579 731 1707 772 vero

122 810 274 879 hujus
318 811 752 882 praesumptionis
790 810 1131 866 insolentiam
1172 810 1398 866 Carolus
1425 825 1549 865 cum
1593 825 1707 865 ma-

122 919 220 976 gno
272 903 510 958 exercitu
564 900 880 956 Brittaniam
947 902 1190 957 intravit.
1232 901 1414 974 Pugna
1460 901 1708 957 commit-

124 997 268 1059 titur,
300 995 545 1051 Saxones
591 995 702 1066 (34)
749 996 838 1065 qui
877 995 1131 1051 conducti
1165 997 1407 1059 fuerant,
1451 996 1518 1049 ad
1567 994 1708 1050 exci-

121 1088 334 1158 piendos
366 1086 624 1142 velocium
652 1101 917 1156 equorum
947 1085 1324 1143 anfractuosos
1371 1101 1622 1143 recursus
1654 1087 1707 1140 in

124 1181 286 1252 prima
324 1180 502 1236 fronte
547 1191 839 1250 ponuntur,
881 1181 974 1237 sed
1003 1182 1180 1251 primo
1227 1183 1446 1250 impetu,
1487 1179 1709 1251 spiculis

126 1273 416 1326 Brittonum
464 1271 782 1341 perterriti,
826 1272 878 1327 in
927 1273 1042 1328 acie
1093 1289 1151 1328 se
1197 1272 1518 1329 recondunt.
1566 1273 1709 1327 Brit-

127 1375 266 1420 tones
305 1379 458 1420 more
492 1363 651 1420 solito
682 1365 785 1420 huc
830 1365 1062 1436 illucque
1090 1382 1212 1420 eum
1246 1367 1398 1437 equis
1426 1367 1494 1421 ad
1525 1365 1709 1436 hujus-

124 1456 316 1512 cemodi
368 1454 676 1511 conﬂictum
710 1458 1022 1514 exercitatis
1051 1459 1416 1514 discursantes
1441 1459 1511 1523 ",
1547 1460 1706 1516 modo

130 1547 416 1602 confertam
447 1546 494 1578 "
531 1547 865 1603 Francorum
909 1549 1077 1604 aciem
1129 1549 1427 1620 impetunt,
1467 1565 1532 1605 ac
1582 1553 1709 1606 totis

129 1639 312 1693 viribus
361 1637 418 1692 in
465 1639 645 1693 medio
667 1639 714 1673 ⁸⁸
762 1639 968 1709 spicula
1008 1649 1288 1710 torquent,
1335 1658 1478 1699 nunc
1526 1641 1706 1714 fugam

135 1733 428 1789 simulantes
457 1734 525 1799 "',
570 1735 964 1805 insequentium
1007 1737 1359 1792 nihilominus
1400 1738 1707 1809 pectoribus

1807 536 1942 591 Nam
1968 551 2089 592 cum
2134 534 2393 590 ecclesias
2424 534 2516 590 Dei
2552 535 2879 601 devastaret,
2911 544 2966 590 et
3009 535 3242 590 conﬁnia
3271 550 3397 590 eru-

1807 629 2000 686 deliter
2029 629 2464 700 depopularetur,
2495 645 2562 686 eo
2591 628 2731 700 quod
2760 629 2954 686 Carolo
3000 629 3237 685 debitam
3268 629 3406 687 ﬁde-

1809 722 2014 778 litatem
2039 731 2345 788 servarent,
2377 723 2611 791 quadam
2655 723 2739 779 die
2764 764 2778 789 ,
2815 740 2936 779 cum
2972 737 3170 792 equum
3213 738 3408 781 ascen-

1809 814 1935 870 dere
1959 814 2138 880 vellet,
2157 824 2214 868 ut
2241 821 2474 884 emptam
2496 813 2764 868 malieiam
2787 823 3157 880 eonsumaret,
3185 824 3404 887 repente

1808 905 1942 960 vidit
1971 915 2100 960 ante
2131 921 2190 960 se
2222 915 2469 961 sanctum
2500 902 2566 938 ⁸⁸⁸
2590 903 2962 960 Manrilionem
2995 907 3063 944 ίιο
3089 906 3402 976 episcopum

1809 1006 2007 1062 astare,
2055 997 2154 1052 sibi
2199 996 2312 1052 hate
2363 1005 2514 1052 torvo
2559 995 2710 1050 vultu
2755 1005 2811 1050 et
2854 995 3189 1051 terribilibus
3234 995 3410 1051 oculis

1810 1090 2238 1163 ingeminantem
2269 1110 2281 1145 ς
2312 1089 2504 1145 Desine
2541 1090 2658 1160 jam
2686 1130 2700 1154 ,
2730 1088 2954 1143 crudelis
2982 1090 3160 1160 pru’do
3185 1130 3199 1155 ,
3244 1088 3412 1144 eccle-

1808 1182 1915 1236 sias
1937 1181 2033 1236 Dei
2065 1182 2355 1237 devastata.
2393 1181 2489 1236 His
2529 1181 2720 1246 dictis,
2757 1180 3003 1236 baculum
3037 1197 3197 1250 quem
3240 1197 3406 1236 manu

1809 1273 2056 1343 gestabat
2081 1271 2319 1337 elevans,
2343 1288 2466 1328 eum
2499 1273 2550 1328 in
2579 1273 2756 1344 capite
2783 1273 3081 1342 percussit;
3110 1273 3200 1343 qui
3233 1288 3260 1326 a
3295 1272 3410 1330 suis

1811 1363 1864 1418 in
1894 1365 2110 1418 domum
2152 1375 2484 1436 reportatus,
2511 1367 2678 1420 vitam
2713 1380 2834 1420 cum
2863 1381 3029 1436 regno
3069 1365 3262 1419 ﬁnivit.
3285 1364 3412 1420 Fuit

1809 1466 1986 1510 autem
2025 1457 2123 1511 iste
2163 1455 2412 1512 Maurilio
2453 1459 2519 1496 ¹¹ι
2547 1458 2835 1528 episcopus
2861 1458 3270 1529 Audegavensis
3311 1473 3408 1512 ur-

1810 1550 1894 1605 bis
1929 1551 2019 1615 ¹¹²,
2073 1549 2227 1619 cujus
2281 1552 2518 1606 civitatis
2559 1553 2775 1607 termini
2821 1551 3166 1607 cohaerebant
3215 1553 3412 1609 ﬁnibus

1808 1637 2106 1702 Brittania},
2138 1649 2194 1695 et
2215 1641 2336 1697 ideo
2364 1643 2432 1697 ab
2457 1643 2535 1698 eis
2561 1643 2804 1712 graviter
2823 1643 3290 1714 depopulabantur
3318 1645 3408 1700 “’.

1809 1733 1979 1788 Filius
2023 1733 2322 1802 Nemenoi,
2375 1735 2692 1809 Herispoius
2730 1737 2820 1806 ³³⁵,
2869 1753 3090 1809 regnum
3124 1747 3410 1810 paternum

134 1819 313 1894 spicula
338 1826 530 1898 ﬁgunt.
574 1826 767 1884 Franci
801 1829 890 1899 qui
919 1831 1166 1885 cominus
1195 1830 1240 1865 ⁸⁸
1271 1829 1477 1885 strictis
1512 1831 1707 1902 gladiis
1736 1809 1782 1868 Β
1810 1826 2062 1880 obtinuit.

129 1931 346 1987 pugnare
397 1931 831 1986 consueverant,
879 1922 1094 1978 attoniti
1164 1923 1418 1988 stabant,
1470 1924 1710 1980 novitate

128 2017 240 2063 ante
267 2010 534 2080 inexperti
559 2011 604 2046 ”
625 2011 962 2068 'diseriminis
1007 2013 1263 2084 perculsi,
1308 2029 1409 2069 nec
1453 2015 1520 2070 ad
1565 2015 1711 2071 inse-

124 2104 379 2171 quendum
413 2103 612 2171 idonei,
657 2122 757 2162 nec
799 2108 852 2162 in
886 2123 1050 2162 unum
1083 2108 1384 2178 conglobati
1434 2109 1552 2164 tnti.
1593 2109 1710 2164 Nox

121 2194 500 2262 superveniens
542 2195 739 2252 bellum
767 2196 836 2228 ¹⁰⁰
879 2197 1116 2253 diremit.
1164 2197 1314 2254 Multi
1367 2215 1434 2255 ex
1485 2199 1713 2256 Francis

120 2287 426 2355 interfecti,
472 2291 856 2361 quamplurimi
919 2294 1228 2360 vulnerati,
1290 2295 1713 2353 innumerabiles

117 2383 231 2452 equi
263 2385 566 2454 perierunt.
614 2385 876 2456 Sequenti
908 2387 994 2441 die
1033 2403 1224 2443 rursus
1270 2405 1448 2459 pugna
1493 2390 1713 2445 inchoa-

118 2483 221 2541 tur,
247 2475 346 2531 sed
385 2476 618 2547 graviori
651 2476 945 2531 infortunio
972 2478 1039 2510 ¹⁰¹
1069 2478 1274 2533 ﬁnitur.
1303 2478 1455 2546 Quod
1487 2497 1715 2536 cernens

115 2561 356 2629 Carolus,
388 2566 556 2620 nimio
597 2575 805 2621 terrore
835 2566 1147 2633 dissolutus,
1179 2578 1334 2624 nocte
1365 2570 1534 2624 inscio
1565 2586 1718 2624 exer-

115 2658 215 2712 ci‘tu
250 2657 395 2713 clam
446 2657 676 2728 aufugit,
725 2659 985 2714 derelicto
1029 2661 1322 2730 papilione,
1360 2664 1631 2730 tentoriis,
1663 2673 1715 2720 et

114 2753 252 2806 omni
307 2750 460 2822 regio
511 2761 790 2822 apparatu.
847 2751 1002 2809 Mane
1049 2753 1226 2821 facto,
1273 2772 1394 2810 eum
1447 2759 1718 2814 exercitus

115 2841 228 2915 fuga
277 2844 489 2916 lapsum
543 2859 723 2915 regem
771 2846 1158 2916 comperisset,
1208 2849 1373 2902 nimia
1425 2848 1714 2906 formidine

118 2937 370 3006 repletur,
403 2936 648 3008 nihilque
671 2938 816 2992 aliud
849 2940 951 2994 nisi
979 2938 1046 2994 de
1071 2938 1195 3012 fuga
1224 2941 1545 3008 meditatur;
1578 2942 1718 2998 Brit-

120 3036 263 3085 tones
302 3044 430 3085 cum
478 3028 712 3084 clamore
759 3030 1005 3096 irrunnt,
1051 3041 1105 3086 et
1149 3043 1333 3087 castra
1387 3033 1718 3090 Francorum

118 3120 360 3176 omnibus
383 3121 588 3176 divitiis
610 3119 810 3177 referta
841 3122 906 3154 ¹⁰¹¹
933 3122 1216 3191 invadunt,
1242 3139 1565 3196 omnemque
1596 3127 1716 3182 belli

119 3217 319 3285 cepiam
365 3225 687 3288 capessunt,
717 3216 975 3290 fugientia
1013 3218 1342 3274 Francorum
1385 3222 1596 3292 agmina
1637 3223 1719 3277 in-

120 3318 400 3372 secuntur,
449 3309 642 3364 obvios
706 3325 948 3381 quosque
994 3320 1088 3366 aut
1141 3311 1286 3368 ferro
1335 3314 1579 3379 cazdunt,
1624 3323 1718 3368 aut

121 3401 261 3456 vivos
297 3401 555 3471 capiunt;
589 3402 826 3473 reliquos
873 3401 998 3474 fuga
1029 3405 1282 3461 servavit.
1321 3403 1484 3460 Ditati
1529 3407 1711 3477 itaque

120 3489 382 3550 Brittones
412 3495 611 3565 opibus
649 3494 986 3552 Francorum
1022 3497 1296 3568 armisque
1345 3497 1617 3566 instructi,
1663 3497 1716 3552 in

125 3597 211 3636 sua
236 3597 293 3640 se
320 3584 510 3641 recolli
552 3594 667 3640 unt.

694 3678 986 3737 DCCCLXI
1016 3681 1120 3754 (35'

188 3770 340 3829 Anno
353 3771 659 3828 Dominieae
682 3773 1070 3831 incarnationis
1089 3773 1186 3832 861
1209 3775 1277 3808 ¹⁰³
1298 3773 1523 3832 Carolus
1545 3775 1715 3813 ¹⁰⁶-¹⁰⁸

127 3859 367 3930 placitum
416 3865 610 3920 habuit
657 3865 710 3920 in
739 3864 1089 3936 Compendio,
1121 3867 1304 3938 ibique
1332 3883 1452 3923 cum
1485 3867 1715 3939 Optima-

131 3961 232 4010 tum
273 3957 505 4013 consilio
535 3955 814 4013 Rodberto
840 3957 912 3990 ¹⁰⁶
939 3960 1123 4014 comiti
1155 3964 1410 4015 ducatum
1457 3960 1596 4014 inter
1625 3959 1716 4014 Li-

131 4044 287 4115 gerim
326 4057 383 4104 et
429 4047 741 4119 Sequanam
791 4050 1077 4106 adversum
1123 4051 1395 4108 Brittones
1435 4067 1715 4108 commen-

133 4135 284 4204 davit,
304 4155 466 4210 quem
490 4155 618 4196 cum
641 4139 840 4213 ingenti
866 4142 1127 4198 industria
1150 4160 1246 4216 per
1266 4143 1482 4214 aliquod
1508 4153 1717 4215 tempus

135 4227 281 4284 rexit.

673 4324 987 4382 neceLxu
1030 4325 1164 4397 (56).

195 4409 344 4471 Auno
393 4417 693 4475 Dominicae
754 4417 1146 4474 incarnationis
1210 4414 1316 4472 862
1375 4416 1464 4471 υτ.
1517 4414 1716 4472 Nome-

2345 1920 2679 1978 DCCCLXI"
2728 1924 2785 1994 (δ
2824 1960 2864 1995 ,.

1881 2010 2038 2066 Anno
2062 2011 2353 2070 Dominiem
2381 2014 2774 2072 incarnationis
2821 2015 2926 2071 865
2961 2016 3186 2073 Carolus
3214 2017 3285 2053 ¹¹⁸
3311 2015 3414 2074 ite-

1813 2121 1930 2160 rum
1953 2121 2075 2161 eum
2107 2108 2372 2164 immenso
2403 2110 2645 2164 exercitu
2675 2111 2809 2164 fines
2832 2109 3136 2166 Brittonum
3168 2111 3413 2178 intravit,

1813 2195 1907 2249 sed
1924 2194 2147 2252 minime
2163 2205 2218 2250 ut
2231 2207 2512 2268 optaverat
2529 2199 2828 2269 przevaluit;
2848 2200 3141 2256 novissime
3155 2201 3414 2257 autemm

1813 2302 1934 2341 cum
1973 2288 2052 2342 cis
2080 2303 2265 2358 pacem
2297 2288 2444 2344 fecit.
2483 2291 2632 2345 Datis
2660 2291 2841 2361 itaque
2877 2307 2942 2346 ex
2987 2302 3214 2362 utraque
3259 2301 3412 2364 parte

1814 2380 2092 2436 obsidibus
2140 2393 2194 2435 et
2239 2385 2630 2447 sacramentis,
2685 2383 2998 2455 Herispoius
3047 2400 3137 2440 rex
3182 2384 3248 2438 ad
3288 2399 3413 2437 eum

1816 2472 1967 2525 venit
2001 2514 2014 2534 ,
2069 2471 2294 2542 ejusque
2350 2475 2702 2530 dominationi
2757 2491 2814 2530 se
2871 2477 3128 2532 subdidit.
3189 2475 3416 2531 Carolus

1819 2565 2027 2634 magnis
2052 2567 2365 2622 muneribus
2390 2569 2709 2623 honoratum
2730 2568 3074 2640 llerispoium
3109 2569 3160 2622 in
3189 2584 3416 2640 regnum

1819 2654 1970 2709 abire
2008 2656 2285 2725 permisit;
2323 2658 2434 2729 ipse
2464 2659 2530 2692 ¹¹⁷
2563 2659 2612 2713 in
2646 2658 2932 2715 Franciatn
2964 2661 3274 2715 revertitur.

2438 2751 2795 2807 DCCCLXIV.
2857 2743 2864 2750 ’

1889 2846 2044 2898 Anno
2073 2843 2366 2898 Dominiete
2389 2844 2778 2899 incarnationis
2806 2843 2910 2898 864
2966 2844 3281 2900 lllotharius
3319 2860 3414 2900 rex

1819 2943 1984 3010 empit
2014 2939 2125 3014 (58)
2147 2939 2463 2996 occasiones
2491 2954 2754 3008 quzerere,
2784 2939 3017 3008 qualiter
3045 2939 3413 3008 Thiethirgam

1821 3033 2062 3104 reginam
2108 3048 2138 3086 a
2182 3046 2280 3087 suo
2311 3031 2586 3086 consortio
2625 3045 2880 3100 separare
2920 3030 3216 3099 potuisset,
3249 3045 3414 3099 quam

1822 3139 2042 3179 exesam
2094 3124 2327 3178 habebat
2371 3131 2589 3192 propter
2623 3120 2969 3177 Waldradam
3004 3120 3088 3183 ³⁸⁸,
3130 3134 3250 3190 qua:
3299 3120 3416 3189 ejus

1745 3177 1791 3239 Ο
1824 3216 2002 3270 fuerat
2043 3214 2380 3277 concubina,
2415 3229 2539 3267 eum
2592 3213 2767 3267 adhuc
2812 3211 3128 3266 adolescens
3170 3204 3316 3264 esset
3362 3209 3416 3262 in

1823 3309 1984 3363 domo
2015 3316 2257 3378 paterna.
2293 3304 2443 3359 Hanc
2470 3304 2756 3374 siquidem,
2787 3302 2998 3357 diabolo
3025 3300 3416 3365 inﬂammante,

1822 3402 1991 3457 nimio
2032 3400 2290 3471 diligebat
2337 3412 2540 3454 amore.
2591 3397 2953 3453 Guntharium
2993 3397 3202 3466 itaque,
3253 3393 3414 3449 Colo-

1823 3495 2030 3551 niensis
2059 3495 2207 3550 urbis
2241 3493 2575 3564 pontiﬁcem,
2603 3492 2694 3562 qui
2723 3507 2788 3546 eo
2822 3500 3063 3560 tempore
3097 3498 3216 3544 erat
3238 3489 3419 3544 archi-

1821 3586 2130 3658 eapellanus
2157 3629 2170 3651 ,
2209 3602 2304 3642 rex
2354 3586 2529 3656 primo
2567 3600 2666 3655 per
2708 3583 3149 3638 subintroduetos
3179 3581 3375 3636 missos
3399 3621 3416 3646 ,

1823 3679 2016 3734 deinde
2051 3694 2148 3749 per
2192 3679 2542 3749 semetipsum
2578 3690 2744 3746 super
2781 3672 3150 3742 hujuscemodi
3194 3671 3419 3726 dissidio

1822 3772 1966 3826 omni
2001 3780 2118 3826 arte
2147 3771 2481 3842 aggreditur,
2528 3777 2583 3824 et
2627 3777 2686 3822 ut
2713 3767 2928 3822 facilius
2967 3779 3251 3821 assensum
3283 3780 3418 3834 prat-

1820 3865 1994 3928 beret,
2024 3864 2271 3934 promisit
2303 3879 2362 3919 se
2405 3862 2642 3934 ejusdem
2669 3860 2905 3931 episcopi
2952 3867 3166 3930 neptem
3206 3858 3258 3912 in
3297 3873 3415 3911 ma-

1825 3957 2136 4020 trimonium
2167 3967 2536 4026 accepturum,
2569 3962 2778 4009 tantum
2806 3963 2858 4006 ut
2893 3952 3207 4022 praedictam
3234 3949 3420 4004 Thiet—

1823 4048 2029 4119 birgam
2073 4048 2190 4118 ejus
2212 4048 2552 4115 aliorumque
2588 4047 2963 4115 episcoporum
3002 4042 3324 4096 auctoritate
3361 4049 3419 4094 et

1826 4141 2047 4197 licentia
2085 4142 2373 4212 repudiare
2393 4154 2735 4210 quacumque
2775 4137 2984 4192 ratione
3022 4135 3090 4174 ι¹⁹
3127 4133 3416 4202 potuisset.

1827 4233 1949 4301 Qui,
1979 4242 2038 4288 ut
2066 4243 2186 4287 erat
2230 4232 2362 4288 levis
2393 4232 2574 4286 animo
2601 4247 2665 4286 ac
2709 4228 3142 4284 inconsideratius
3182 4223 3419 4284 actione,

1823 4326 2072 4396 protinus
2100 4325 2248 4380 omni
2276 4323 2574 4379 intentione
2603 4321 2670 4353 “°
2709 4321 2762 4376 in
2796 4335 2909 4374 rem
2937 4318 3001 4348 ¹²¹
3038 4314 3418 4375 introducitur,

1825 4435 1964 4474 vana
1991 4434 2106 4486 sne,
2157 4428 2218 4474 ut
2257 4429 2442 4490 postea
2473 4417 2688 4485 claruit,
2721 4415 2994 4473 seductus.
3027 4411 3236 4465 Rursus
3277 4408 3419 4462 idem

1411 4547 1645 4606 VABIIE
1682 4546 2084 4608 LECTIONES.

199 4666 244 4704 ⁸⁸
268 4669 639 4728 discurrentes
657 4669 710 4726 5.
784 4669 831 4703 ’³
857 4677 1165 4727 consertam
1197 4668 1247 4724 1.
1280 4667 1333 4722 5.
1358 4668 1551 4724 9—12.
1625 4671 1670 4706 "
1699 4673 1750 4726 in
1783 4669 2018 4724 medium
2045 4666 2099 4724 6.
2132 4665 2324 4724 8—12.
2394 4663 2437 4698 ’7
2471 4662 2649 4731 fugam
2681 4660 2998 4720 simulantes
3031 4659 3080 4715 1.
3108 4659 3162 4713 2.
3191 4652 3328 4731 4.5.
3363 4651 3418 4710 6.

143 4737 306 4841 5!???
335 4741 1170 4841 ii'l'i'h".‘.i‘.".“..5:.-".i'“o'"§al!‘
1204 4740 1257 4841 ῖς
1286 4741 1825 4841 "‘ii‘.°..f.‘5?.“_‘.i..91."1'
1851 4741 2094 4841 Ξῖληέἐίῖῗ.
2117 4739 2278 4841 Ψεῗίί
2327 4738 2420 4840 ἔοῗ·

796 4813 828 4866 ιί
859 4813 908 4865 1.
951 4812 1007 4865 2.
1039 4811 1092 4864 5.
1123 4811 1175 4867 5.
1204 4811 1256 4865 6.
1341 4811 1406 4842 ⁸⁰⁰
1435 4813 1821 4881 superveniens
1851 4811 2095 4882 prmlinm
2130 4811 2246 4864 1-4.

796 4883 863 4914 ¹⁰⁸
887 4881 1010 4938 862.
1041 4883 1094 4936 7.
1124 4884 1250 4936 anni
1279 4898 1524 4935 numerus
1551 4883 1690 4937 deest
1723 4883 1809 4937 10.
1888 4881 2054 4918 ¹⁰³ο¹⁰⁸
2083 4882 2246 4935 carolt

152 4951 389 5022 rudberto
415 4955 500 5010 10.
538 4955 833 5010 ruodberto
858 4956 912 5008 ὅ.
940 4953 1024 5006 11.
1061 4953 1353 5022 ruodperto
1378 4953 1464 5006 12.
1511 4954 1727 5009 roberto
1758 4953 1812 5007 1.
1845 4954 2102 5022 rndperto
2129 4952 2181 5006 2.
2217 4952 2460 5006 rotberto
2491 4951 2540 5022 1.

155 5020 296 5076 1-5,
323 5024 374 5079 5.
405 5027 457 5079 7.
489 5025 814 5081 numeneius
851 5026 905 5079 4.
959 5020 1275 5078 nomeneius
1305 5025 1358 5077 8.
1396 5025 1704 5080 nomeeieus
1745 5024 1799 5079 9.
1851 5020 2054 5077 ll.'l2.
2132 5023 2431 5078 dometieus
2474 5021 2557 5074 10.
2597 5020 2685 5071 sed
2724 5020 2738 5070 i

157 5099 380 5148 nomenei
433 5097 486 5148 8.
547 5097 803 5148 mnnenni
859 5096 916 5148 2.
969 5095 1184 5148 nomine
1238 5094 1599 5148 oiherisnoius
1635 5097 1687 5148 7.
1789 5095 1855 5129 ¹⁰⁹
1919 5103 2164 5148 sanctum
2217 5093 2354 5145 deest
2404 5093 2456 5145 7.
2508 5089 2738 5145 9—l2.

145 4809 294 4866 vitate
329 4825 514 4896 autem
559 4813 828 4882 inexperti
859 4813 908 4865 l.
951 4812 1007 4865 2.
1039 4809 1092 4864 '5.
1123 4811 1175 4867 5.
1204 4811 1256 4894 6:

147 4878 271 4935 ferta
292 4883 490 4938 dmtns
519 4883 716 4937 7—12.
796 4883 863 4914 ¹⁰⁸
887 4881 1010 4938 862.
1041 4883 1094 4936 7.
1124 4899 1248 4936 unm

330 4899 490 4938 IVllllS
529 4899 716 4937 ι-ιι,

157 5099 380 5151 nomenei
433 5097 486 5153 8.
547 5097 803 5151 nnmenoi
859 5096 916 5149 2.
969 5095 1184 5149 nomine
1238 5094 1599 5162 oiherispoius
1635 5097 1687 5150 7.

158 5166 544 5260 nipulrilinnn'euin
574 5167 641 5260 .2.
688 5166 999 5260 inauri‘lium
1109 5164 1779 5260 stringunt.praurilionem
1816 5165 1892 5250 8._
1951 5164 2269 5250 “intratur-ilo
2296 5161 2354 5242 5.

159 5230 218 5330 21'
245 5233 659 5320 gepepulabatur
685 5237 738 5289 5.
817 5236 884 5268 ιιι
921 5237 1186 5274 ιιονςο..;..-

3226 4728 3271 4759 ⁸³
3324 4744 3422 4780 n0-

2511 4737 2557 4767 ’³
2585 4736 2676 4805 qui
2715 4750 2824 4805 quo
2870 4734 3045 4786 minus
3226 4731 3302 4830 Ὤ,

2515 4808 2528 4830 1
2558 4807 2720 4830 ..-ΑΛ-ἶ
2761 4803 3057 4830 ε..ι·,...ι....ζη

3340 4814 3423 4850 re.-

2327 4810 2391 4840 ¹⁰¹
2435 4808 2528 4862 sed
2558 4803 3058 4876 priori—infortunio
3104 4803 3156 4855 4.

2583 4879 2650 4912 ¹⁰⁶
2681 4875 2949 4930 Retlberto
2971 4873 3022 4926 7.
3055 4873 3344 4926 romlbcrlo
3367 4869 3422 4921 9.

2621 4948 2685 4980 ¹⁰⁷
2725 4945 2846 5000 862.
2885 4945 2936 4997 7.
3016 4944 3083 4974 ¹⁰⁸
3125 4953 3425 4996 numenens

2132 5023 2431 5078 dometieus
2474 5021 2557 5074 10.
2597 5019 2685 5071 sed
2724 5017 2864 5086 infra
2898 5015 3147 5088 llOlliCttt)_i
3180 5012 3300 5065 9——

2845 5087 2908 5118 ¹¹⁰
2949 5083 3301 5139 tnaurilnnetn
3366 5076 3424 5129 5.

2429 5163 2494 5193 ¹¹²
2528 5157 2916 5228 andegnvensis
2951 5154 3187 5228 civitatis
3227 5146 3423 5228 7—712.

2424 5234 2432 5238 .
2568 5247 2620 5253 ,η
2676 5225 2740 5259 --γ
2776 5228 2881 5266 -ιθ
2983 5227 3046 5257 117
3242 5225 3426 5290 autem

1888 4881 2054 4918 ποῖ-ωδ
2083 4882 2297 4935 earolns
2329 4896 2422 4934 rex
2452 4879 2507 4932 4ο
