4010 6394
241 313 314 372 35
1307 309 1312 316 ’
1527 305 1812 362 CHRONIC

1921 305 2352 363 .—AN.866.
2439 303 2448 306 ·
3429 307 3502 378 se

243 441 362 492 sua,
401 437 688 498 quousque
715 429 1114 482 revocarentur.
1141 421 1342 478 Paucis
1381 435 1510 492 ergo
1535 422 1819 491 interposi-
1845 425 2320 490 ﬁmatrimouium
2345 428 2568 498 recepit,
2603 427 2920 498 interposito
2947 430 3296 504 jurisjitran'dt
3325 451 3506 492 sacra-

243 519 316 576 tis
345 515 538 572 diebus
563 515 646 580 ¹³³,
677 513 744 568 ad
775 512 1038 584 synodum
1057 527 1220 581 quam
1243 527 1374 582 papa
1401 521 1826 594 congregaverat-

213 616 370 690 'snnt
397 605 668 670 accersiti,
691 605 782 660 ubi
807 619 994 660 eorum
1021 605 1274 658 damnata
1291 610 1350 660 et
1367 603 1820 658 anathematizata

237 707 368 754 sunt
411 697 614 767 scripta
639 735 654 762 ,
683 703 738 750 et
777 695 914 766 ipsi,
945 694 1194 750 omnibus
1237 691 1670 760 adjodieantibus
1707 693 1826 762 epi-

237 790 444 860 scopis,
475 787 808 862 presbyteris
851 801 916 844 ac
951 786 1268 842 diaconibus
1296 787 1384 850 '5’,
1423 794 1548 842 sunt
1591 787 1830 856 depositi-

233 890 288 938 et
315 880 468 936 omni
507 878 870 936 ecclesiastica
901 877 1158 948 dignitate
1189 878 1404 948 privati.
1431 875 1530 944 Qui
1565 886 1672 932 tam
1709 887 1820 930 tur-

233 977 380 1048 piter
421 973 796 1036 dehonestati,
842 971 1212 1026 Hludowicum
1263 972 1662 1042 imperatorem,
1705 969 1818 1026 fra-

237 1077 378 1122 trem
409 1065 678 1122 Hlotharii
707 1064 868 1134 regis,
897 1064 1118 1128 adeunt,
1145 1063 1238 1132 qui
1281 1079 1344 1118 ea
1373 1071 1688 1134 tempestate
1713 1062 1816 1116 Be-

233 1157 562 1214 neventanis
588 1154 902 1212 morabatur
931 1155 986 1210 in
1013 1155 1255 1224 partibus
1279 1195 1292 1218 ,
1321 1154 1538 1224 scriptis
1571 1169 1633 1210 ac
1661 1154 1820 1210 dictis

231 1245 620 1312 vociferantes,
650 1261 708 1300 se
748 1245 946 1316 injuste
972 1258 1092 1300 esse
1121 1243 1413 1312 depositus,
1453 1243 1552 1312 ipsi
1589 1244 1818 1312 impera-

235 1342 340 1396 tori
369 1349 428 1398 et
454 1339 602 1396 omni
649 1345 850 1396 sancta:
878 1337 1120 1394 ecclesia:
1165 1336 1412 1404 injuriam
1439 1351 1558 1392 esse
1593 1336 1814 1402 factam,

232 1446 360 1486 cum
393 1444 686 1500 numquam
717 1427 958 1484 auditum
992 1427 1063 1482 sit
1091 1425 1174 1482 vel
1195 1427 1400 1496 uspiam
1433 1427 1650 1492 lectum,
1674 1427 1818 1496 quod

233 1519 375 1574 ullus
429 1517 876 1588 metr0politanus
904 1517 973 1550 ³⁵³
1021 1515 1138 1572 sine
1183 1515 1514 1572 conscientia
1557 1515 1818 1586 principis

229 1610 314 1666 vel
343 1609 631 1680 praesentia
674 1607 906 1664 aliorum
955 1607 1487 1677 metropolitanorum
1519 1607 1682 1662 fuerit
1723 1607 1814 1664 de-

225 1701 510 1770 gradatus.
540 1698 868 1770 Adjecerunt
915 1700 1132 1768 insuper
1178 1697 1344 1752 multa
1372 1697 1474 1754 alia
1499 1738 1516 1766 ,
1561 1697 1813 1768 blasphe-

1927 526 2128 579 mento.
2155 533 2214 574 se
2235 518 2378 574 illam
2405 520 2482 576 ita
2511 521 2564 576 in
2589 521 2856 592 reliquum
2897 525 3094 581 habere
3117 568 3130 592 ,
3161 530 3300 584 sicut
3341 532 3508 601 aequi-

1927 607 2052 664 tatis
2087 607 2210 676 jura
2239 609 2446 666 dictant
2471 610 2762 680 legitimam
2794 629 3014 670 uxorem
3045 631 3168 672 esse
3197 623 3504 690 tenendam,

1924 711 2022 752 nec
2049 712 2168 752 eam
2196 713 2224 751 a
2257 713 2314 754 se
2337 709 2634 768 separaret,
2661 717 2758 758 nec
2781 704 2892 772 ipsa
2921 707 3134 763 vivente
3161 709 3318 764 aliam
3344 726 3508 782 super

1922 801 2042 842 eam
2089 787 2382 844 induceret.
2423 788 2668 848 Posthaec
2705 791 3050 852 Waldradam
3085 814 3150 854 ex
3187 803 3510 860 auctoritate

1925 875 2018 932 Dei
2041 887 2096 932 et
2126 879 2298 934 sancti
2327 879 2472 936 Petri
2501 891 2556 936 et
2575 884 2742 940 verbo
2768 885 2948 940 domui
2975 891 3250 958 apostolici
3279 893 3504 950 Romam

1923 969 2004 1026 ire
2039 969 2226 1040 jubet,
2269 982 2328 1028 ut
2355 988 2454 1042 pro
2479 991 2538 1032 se
2585 978 2844 1032 rationem
2891 980 3118 1036 reddere
3157 987 3368 1040 studeat
3414 989 3500 1042 ισο.

1923 1061 2306 1132 Eugildrudam
2335 1082 2546 1138 quoque
2579 1069 2672 1135 ω,
2715 1087 2938 1128 uxorem
2969 1078 3233 1143 quondam
3279 1079 3506 1137 Bosouis

1925 1153 1990 1186 ³⁸³
2015 1157 2250 1222 comitis,
2278 1175 2308 1212 a
2344 1160 2472 1216 sede
2501 1163 2792 1232 apostolica
2813 1170 3332 1226 excommunicatam
3363 1187 3503 1238 esse,

1919 1244 2170 1300 omnibus
2197 1247 2510 1316 declaravit,
2541 1253 2662 1321 quia
2697 1255 2972 1324 preprium
3001 1257 3312 1314 deseruerat
3343 1264 3508 1316 utari-

1919 1341 2054 1398 tum,
2080 1345 2132 1390 et
2155 1337 2503 1410 Waugerum,
2531 1359 2686 1398 suum
2711 1346 2990 1412 vasallmu,
3023 1349 3072 1402 in
3097 1349 3296 1406 Gallias
3319 1363 3504 1408 secuta

1919 1423 2094 1480 fuerat
2127 1427 2214 1494 “3;
2257 1447 2416 1501 quant
2451 1437 3064 1494 escommunicationem
3093 1455 3214 1496 cum
3255 1445 3506 1500 omnibus

1917 1522 2008 1594 qui
2039 1524 2268 1582 aderant
2301 1529 2568 1600 episcOpis
2600 1535 2897 1588 renovavit.

1989 1614 2117 1672 Post
2149 1618 2264 1674 huic
2299 1621 2490 1678 eadem
2531 1623 2874 1694 Engildrudis
2909 1627 2976 1660 ⁸⁸³⁵
2997 1628 3252 1697 praedicto
3277 1630 3506 1686 Arseuio

1918 1707 1972 1764 in
2011 1708 2310 1766 Wormatia
2339 1713 2560 1770 civitate
2597 1731 2655 1770 se
2683 1720 3112 1786 reprtcseutavit,
3155 1721 3210 1774 in
3243 1737 3350 1790 quo
3391 1723 3506 1776 loco

227 1801 442 1852 rixantes
467 1791 694 1848 eundem
715 1807 930 1864 ρερθηι,
954 1807 1072 1862 qua?
1095 1792 1181 1850 hic
1213 1791 1536 1862 ευρθνίιυυιη
1563 1791 1816 1850 dli-ﬁmus
1841 1793 1892 1856 Β
1917 1803 2176 1874 prmfatus
2210 1804 2494 1876 episc0ptts
2521 1806 2836 1864 Hludowico
2857 1811 2968 1879 regi
2991 1821 3324 1866 occurrerat.
3348 1813 3504 1868 .Iura-

227 1896 596 1946 enumerare,
647 1882 1020 1936 existimantes
1070 1879 1308 1949 ejusdem
1361 1897 1419 1938 se
1471 1882 1813 1952 imperatoris

225 1973 556 2030 adminiculo
585 1973 743 2028 simul
781 1981 838 2028 et
878 1973 1280 2030 intercessionis
1325 1989 1427 2046 ope
1471 1981 1527 2028 et
1571 1973 1812 2030 criminis

221 2066 428 2132 objecti
455 2065 674 2122 abolere
704 2065 769 2098 ""
795 2074 1004 2130 notam,
1045 2075 1098 2120 et
1126 2065 1367 2136 pristinae
1411 2065 1689 2137 dignitatis
1729 2079 1811 2120 re-

221 2172 489 2226 cuperare
539 2164 755 2212 statum.
812 2155 918 2212 Sed
961 2169 1084 2226 spes
1125 2170 1311 2210 eorum
1369 2145 1630 2210 frustrata
1679 2163 1807 2222 est,

219 2248 477 2318 quantvis
506 2247 802 2316 imperator
829 2246 1078 2302 omnibus
1109 2247 1250 2301 votis
1281 2247 1386 2302 illis
1422 2245 1672 2317 Opitulari
1716 2262 1812 2301 v0-

219 2339 438 2394 luisset.
479 2335 842 2410 Thietgaudus
864 2339 1216 2408 depositionis
1250 2354 1360 2393 suae
1383 2354 1410 2392 a
1443 2335 1568 2392 sede
1597 2347 1810 2407 aposto-

218 2431 326 2486 lica
385 2430 648 2500 prolatam
705 2431 1024 2486 sententiam
1077 2431 1344 2502 patienter
1396 2425 1610 2492 ferens,
1656 2426 1808 2496 juxta

217 2525 618 2598 praecedentem
654 2521 1092 2578 consuetudinem
1125 2521 1256 2576 nihil
1287 2521 1506 2576 omnino
1544 2521 1608 2574 de
1653 2534 1808 2573 sacro

223 2617 532 2672 ministerio
563 2617 873 2686 contingere
907 2615 1281 2686 prtesumpsit;
1317 2613 1646 2668 Guulharius
1681 2627 1807 2666 Vt'l'O

217 2711 492 2780 superbiae
521 2709 710 2780 spiritu
743 2707 974 2770 inﬂatus,
1003 2708 1228 2764 vetitum
1265 2703 1366 2760 sibi
1391 2697 1627 2758 ofﬁcium
1655 2717 1810 2756 usur-

215 2817 351 2874 pare
409 2816 542 2856 ausu
601 2800 886 2854 temerario
942 2815 1047 2854 non
1107 2799 1364 2868 expavit,
1417 2795 1808 2866 parvipendens

219 2891 576 2964 apostolicam
603 2889 1234 2946 excommuuicationem.
1263 2887 1624 2944 Revertuntur
1649 2885 1811 2956 igitur

221 2985 274 3038 in
303 2983 598 3037 Franciam
637 2981 814 3036 debita
847 2981 1162 3038 confusione
1191 2979 1424 3050 respersi
1455 2977 1542 3032 ηδ.
1580 2977 1646 3031 Et
1681 2978 1808 3030 dum

221 3077 420 3130 iterum
449 3089 514 3129 ac
553 3074 710 3129 tertio
737 3073 806 3116 ’⁸⁸
851 3073 1032 3132 sedem
1084 3071 1432 3146 apostolicam
1478 3069 1547 3126 ob
1593 3083 1808 3138 repara-

1915 1897 1992 1952 vit
2033 1898 2198 1968 igitur
2239 1898 2290 1952 in
2335 1900 2618 1968 praesentia
2673 1899 2840 1968 ipsius
2877 1903 3024 1956 missi
3077 1914 3498 1972 sacramenttnu,

1915 1985 2058 2042 hunc
2101 1988 2316 2042 modum
2363 1989 2646 2046 continens
2691 2009 2703 2044 :
2749 2009 2768 2042 ε
2813 1991 2926 2064 Ego
2967 1991 3342 2062 Engildrudis,
3394 1995 3500 2050 ﬁlia

1913 2079 2182 2148 quondam
2233 2077 2504 2134 Mathfridi
2547 2081 2780 2144 comitis,
2826 2093 2946 2151 quae
2981 2081 3054 2138 fui
3099 2099 3234 2138 uxor
3277 2085 3502 2140 Bosonis

1913 2171 2142 2236 comitis,
2171 2169 2322 2226 vobis
2357 2171 2424 2202 ‘"
2453 2172 2650 2228 domno
2681 2173 2906 2228 Arsenio
2939 2175 3208 2246 cpiscOpo,
3247 2177 3412 2232 misso
3445 2183 3500 2232 et

1911 2260 2260 2330 apocrisiario
2281 2277 2506 2318 summie
2521 2273 2724 2318 sancta:
2737 2265 3018 2320 catholica:
3035 2265 3102 2298 ¹⁶⁶
3115 2275 3276 2336 atque
3290 2277 3502 2336 aposto-

1911 2353 2028 2414 lica:
2055 2353 2216 2420 sedis,
2243 2363 2298 2409 et
2325 2368 2420 2423 per
2447 2371 2540 2410 vos
2563 2356 2762 2410 domno
2787 2358 2850 2390 ³⁸⁷
2881 2373 3000 2414 meo
3021 2359 3262 2424 Nicolao,
3287 2376 3500 2414 suu‘uno

1909 2447 2152 2514 pontiﬁci
2203 2456 2258 2500 et
2302 2447 2594 2502 univerSaIi
2649 2463 2834 2518 papte,
2870 2449 2996 2518 juro
3047 2467 3144 2520 per
3185 2450 3400 2506 Patrem
3445 2461 3498 2506 et

1911 2535 2106 2588 Filium
2143 2547 2196 2590 ct
2239 2536 2498 2604 Spiritum
2543 2548 2812 2604 sanctum,
2860 2549 2914 2594 et
2957 2557 3053 2610 per
3099 2542 3214 2598 haec
3243 2553 3498 2611 quattuor

1911 2627 2110 2682 Chriin
2143 2629 2224 2682 dei
2260 2627 2327 2659 ¹⁶⁸
2371 2629 2658 2700 Evangelia
2685 2631 2772 2694 m,
2806 2647 2926 2700 quae
2963 2647 3058 2687 ore
3089 2633 3302 2688 o~culor
3333 2635 3399 2666 "°
3441 2643 3497 2688 et

1913 2718 2158 2774 manibus
2179 2719 2411 2790 propriis
2437 2729 2597 2792 tango
2620 2721 2708 2786 ‘7‘,
2731 2723 2854 2790 quia
2877 2723 3068 2780 amodo
3089 2723 3328 2778 relictam
3349 2724 3492 2778 illam

1911 2809 2180 2864 maliciam
2214 2811 2281 2840 ¹⁷²
2313 2826 2470 2880 quam
2505 2811 2556 2864 in
2587 2813 2973 2880 pramominato
2995 2813 3204 2868 Bosone
3228 2815 3344 2868 viro
3375 2829 3494 2870 meo

1911 2904 2146 2968 exercui,
2203 2913 2260 2958 ut
2303 2903 2419 2958 ovis
2449 2919 2566 2972 quae
2609 2905 2818 2974 perdita
2865 2905 2980 2964 fuit.
3027 2905 3094 2960 ad
3139 2906 3204 2938 ³⁷³
3249 2916 3490 2960 sanctam

1911 2977 2232 3048 catholicam
2268 3003 2426 3062 atque
2455 2995 2800 3064 apostolicam
2836 2995 2924 3058 ηδ,
2951 2997 3048 3052 sub
3077 2997 3262 3050 eadem
3289 2999 3494 3068 obliga-

1914 3083 2057 3136 tione
2109 3100 2210 3152 qua
2263 3083 2488 3136 dmunus
2541 3083 2806 3148 Nicolaus,
2862 3101 3104 3138 summus
3153 3088 3386 3154 pontifex
3439 3098 3494 3140 et

223 3167 390 3220 tionis
420 3173 476 3220 et
503 3165 859 3222 restitutionis
889 3166 1140 3236 gratiam,
1175 3163 1242 3198 ¹⁸τ
1269 3165 1505 3220 adissent
1533 3203 1547 3230 ,
1579 3162 1807 3218 novissi-

1916 3175 2228 3229 universalis
2263 3192 2418 3245 papa,
2455 3191 2538 3230 me
2579 3175 2853 3248 obligavit,
2895 3188 3136 3232 revertar
3171 3179 3490 3246 Ecclesium,

223 3271 310 3312 me
361 3255 416 3310 in
467 3253 619 3310 [talia
655 3253 724 3287 ’³⁸
756 3253 1072 3310 inﬁrmitate
1103 3253 1396 3325 praeventi,
1446 3251 1716 3323 peregrini
1747 3259 1802 3305 et

219 3345 412 3400 exules
458 3345 783 3414 moriuntur,
830 3343 1413 3402 communiouelaicali
1441 3345 1546 3401 sibi
1597 3351 1800 3400 tantum

215 3451 500 3494 concessa.

823 3549 1182 3610 DCCCLXVI.

291 3643 452 3700 Auno
487 3639 778 3700 Dominica:
817 3641 1204 3698 incarnationis
1242 3641 1348 3698 866
1401 3640 1658 3698 Arsenius
1693 3639 1804 3712 (45)

215 3731 530 3802 episcopus,
567 3731 948 3800 apocrisiarius
984 3731 1096 3803 (Μ)
1145 3741 1200 3788 et
1234 3729 1574 3788 consiliarius
1603 3729 1806 3784 Nicolai

215 3837 396 3896 papae,
445 3821 564 3878 vice
615 3821 782 3894 ipsius
829 3823 1064 3878 directus
1107 3831 1188 3878 est
1232 3823 1283 3878 in
1335 3821 1650 3889 Franciam;
1699 3837 1806 3890 quo

215 3909 547 3982 perveniens
572 3919 722 3966 tanta
748 3913 1068 3968 auctoritate
1095 3923 1148 3968 et
1169 3922 1434 3986 potestate
1459 3927 1584 3968 usus
1612 3921 1714 3978 est,
1744 3928 1808 3968 ac

217 4003 264 4078 si
301 4003 445 4060 idem
472 4019 715 4060 summus
741 4005 934 4076 praesul
961 4005 1282 4062 advenisset.
1318 4003 1624 4062 Couvocato
1653 4004 1806 4060 deni-

219 4109 328 4166 que
351 4098 726 4166 episcoporum
761 4106 1044 4162 conventu,
1089 4097 1426 4152 Hlotharium
1463 4111 1640 4168 regem
1678 4093 1808 4151 allo-

221 4185 430 4254 quitur,
447 4195 506 4240 ut
523 4201 696 4242 unum
719 4201 750 4239 e
773 4185 978 4242 duobus
1007 4185 1186 4258 eligat,
1205 4195 1295 4242 aut
1309 4187 1538 4256 prepriae
1570 4185 1808 4240 reconci-

221 4273 387 4330 lietur
409 4275 588 4342 uxori,
613 4275 860 4332 abdicato
875 4277 1178 4334 Waldradaa
1189 4277 1392 4350 pellicis
1405 4277 1700 4342 consortio,
1717 4283 1809 4331 aut

221 4367 472 4436 protinus
501 4367 859 4423 anathematis
878 4367 1054 4440 gladio
1087 4369 1355 4434 feriretur,
1381 4369 1493 4440 ipse
1516 4383 1809 4438 comesque

222 4457 272 4512 ei
301 4457 356 4512 in
385 4457 487 4514 hoc
513 4459 715 4514 scelere
731 4459 967 4516 favorem
989 4470 1324 4532 praestantes.
1349 4461 1460 4516 llac
1487 4460 1810 4518 necessitate

1911 3278 1964 3324 et
2013 3270 2064 3322 in
2093 3269 2272 3322 Italico
2301 3285 2462 3340 regno
2515 3271 2604 3334 "5,
2643 3279 2735 3324 aut
2764 3270 3040 3326 vobiscum
3083 3282 3175 3325 aut
3215 3281 3338 3326 ante
3371 3289 3490 3338 vos,

1908 3358 2282 3432 quoquomod.)
2325 3359 2686 3428 provideritis,
2730 3359 2838 3424 ibo,
2880 3369 2932 3416 et
2964 3361 3216 3432 quicquid
3263 3362 3492 3418 domnus

1909 3449 2234 3522 apostolicus
2267 3450 2580 3518 I“jusserit
2616 3451 2698 3504 vel
2751 3454 3118 3508 terminaverit
3165 3453 3490 3523 adimplebo,

1909 3529 1990 3594 vel
2025 3540 2283 3610 perﬁcere
2327 3541 2390 3572 ¹⁷⁷
2427 3558 2530 3595 non
2571 3543 2851 3596 recusabo.
2887 3562 2904 3594 ι
2943 3541 3046 3600 Sed
3088 3553 3194 3598 tam
3237 3545 3494 3600 horribile

1909 3629 2280 3704 jusjurandum
2322 3651 2424 3687 non
2475 3633 2805 3702 adimplcvit.
2860 3633 3136 3704 Siquidem
3180 3651 3348 3706 USque
3393 3636 3490 3690 Da-

1911 3729 2057 3782 nubii
2085 3725 2280 3782 ﬂuenta
2309 3745 2430 3782 cum
2456 3727 2644 3782 eodem
2666 3727 2896 3784 Arsenio
2923 3729 3185 3798 perrexit,
3215 3730 3396 3798 ibique
3423 3731 3490 3784 ad

1912 3821 2216 3890 quempiam
2258 3817 2714 3888 consanguinequ
2759 3835 2855 3888 pro
2900 3821 3228 3876 caludlorum
3261 3822 3492 3876 admiui-
3531 3843 3554 3858 -

1911 3909 2033 3966 culo
2062 3911 2130 3944 "3
2179 3911 2260 3964 ire
2307 3910 2569 3975 condixit,
2599 3918 2652 3964 et
2675 3911 2740 3964 ad
2769 3911 3066 3980 Augustam
3115 3912 3384 3966 civitatem
3423 3913 3490 3968 ad

1909 4000 2137 4058 eundem
2167 4001 2386 4056 missum
2415 4015 2470 4055 se
2501 4015 2836 4055 reversurum
2875 4001 2940 4032 ³⁷³
2973 4001 3216 4072 pollicita
3241 4013 3342 4058 est.
3373 4001 3490 4056 Tali

1911 4091 2197 4148 occasione
2240 4107 2480 4162 gressum
2514 4101 2829 4162 retorquens
2854 4093 2942 4158 ιδθ,
2975 4109 3040 4148 ex
3075 4093 3394 4148 Alanianuia
3435 4095 3488 4148 in

1910 4183 2194 4238 Franciam
2219 4183 2522 4252 repedavit;
2557 4183 2696 4252 quod
2728 4199 2848 4238 cum
2872 4184 3210 4254 supradictus
3232 4185 3296 4216 ⁸⁸¹
3329 4187 3490 4240 Arse-

1913 4274 2036 4328 nius
2087 4273 2456 4344 cognovisset,
2500 4273 2780 4343 epistolam
2819 4273 2966 4328 misit
3008 4273 3258 4330 omnibus
3305 4263 3486 4330 archi-

1911 4365 2178 4436 episcopis
2211 4373 2264 4418 et
2302 4363 2564 4433 cpiscOpis
2594 4363 2943 4436 [presbyteris
2963 4361 3219 4437 7],atque
3236 4366 3488 4424 cornibus

1913 4465 2114 4510 sanctae
2142 4453 2236 4510 Dei
2265 4455 2518 4510 Ecclesia:
2558 4451 2802 4510 ﬁdelibus
2838 4451 3044 4520 Galliae,
3078 4455 3380 4512 Germania:
3423 4471 3490 4514 ac

223 4550 554 4608 constrictus
584 4551 674 4620 η’,
701 4551 858 4608 vellet
883 4551 1065 4620 nollet,
1092 4553 1458 4623 Thietbirgam
1483 4553 1720 4624 reginam
1751 4553 1804 4608 in
1834 4533 1884 4593 Ῑ)
1911 4547 2173 4604 Neustrize
2197 4545 2284 4581 ἠ’
2328 4548 2808 4614 commorantibus,
2847 4550 3128 4606 obtestans
3167 4564 3354 4608 omnes
3390 4565 3488 4622 per

1513 4662 1747 4718 VARUE
1799 4659 2203 4718 LECTlONES.

301 4775 386 4874 ἰζ’
409 4773 736 4876 erga-(vero)
763 4773 946 4842 paucis
985 4769 1280 4876 interiit-etis
1303 4771 1492 4876 diutius
1518 4773 1712 4828 7—12.
1785 4771 1854 4802 η’
1877 4771 2102 4876 :li'acgni
2143 4771 2426 4876 τὰρ-εξ.
2457 4841 2470 4876 1
2506 4772 2575 4806 ¹⁸³
2605 4773 2946 4843 metropolita
2985 4775 3035 4830 1.
3081 4775 3132 4829 ὅ.

301 4845 325 4876 ,ἰ
369 4867 387 4876 -
606 4857 704 4876 nnn
731 4843 941 4876 οραίηηο
989 4857 1114 4876 non“
1139 4843 1182 4876 οἱ
1461 4851 1620 4876 ηιηιιο
1672 4843 1830 4876 lamin
1911 4871 1978 4876 _.
2045 4875 2049 4876 ,
2267 4857 2394 4876 arma
2421 4859 2454 4876 η
2479 4844 2615 4876 innm
2661 4845 3010 4876 ιιιιηαιιηιῖηηῖκε
3042 4853 3089 4876 nl
3126 4862 3132 4876 1

225 4845 326 4902 leri
355 4845 406 4900 5.
477 4841 941 4898 ""confeSsione
989 4841 1182 4911 repulsi
1213 4843 1288 4910 5._
1347 4842 1415 4876 "°
1460 4851 1622 4912 atque
1672 4843 1830 4896 tertio
1877 4841 2070 4894 7-12.

225 4915 302 4992 ‘f‘
333 4915 392 4992 i_n
431 4912 712 4992 poliam]:
732 4984 744 4992 _
787 4913 854 4954 'I’
879 4914 1200 4992 necessitate
1229 4912 1534 4992 conpulsus
1563 4913 1646 4992 vel
1671 4911 1998 4992 constrictus
2017 4911 2072 4992 δέ

225 4985 390 5062 1—3),
429 4977 560 5062 .6.
599 4983 704 5062 ﬂ“?
732 4983 970 5062 busonis,
1001 4991 1104 5062 etc:
1147 4982 1200 5036 5.
1279 4977 1556 5062 “f-secuta
1582 4983 1756 5062 fuerit:
1791 4983 1844 5034 2.
2127 4990 2212 5062 t_'st
2235 4981 2428 5062 71-:i‘2.

223 5057 279 5109 7.
311 5053 656 5122 Engitdmdis
672 5053 962 5122 juramenn‘
995 5053 1147 5108 verba
1175 5069 1276 5105 non
1303 5053 1542 5122 leguntur
1575 5054 1627 5106 in
1660 5053 1709 5105 4.
1745 5051 2098 5121 hengiltrudis
2131 5052 2180 5103 7.

223 5131 432 5180 sanctae
451 5121 727 5192 catltolicm
755 5122 948 5176 7—42.
1043 5123 1110 5192 f"
1139 5137 1236 5192 per
1261 5139 1356 5176 vos
1387 5123 1526 5176 deest
1563 5121 1832 5175 ’λθ-12.
1889 5135 1991 5192 per
2015 5129 2066 5174 te
2108 5121 2160 5192 8.

301 4775 367 4814 ’σι
409 4787 538 4844 ergo
564 4773 736 4894 (vero;
763 4773 946 4842 paucis
985 4773 1280 4842 interjcctis

223 4845 326 4902 leri
355 4845 406 4900 5.
503 4845 570 4879 “'
606 4857 704 4898 con
731 4843 941 4898 essione
989 4843 1182 4911 repulsi
1213 4843 1288 4910 5._

223 5121 432 5180 sanctae
451 5121 727 5177 catholicre
755 5123 884 5176 7-1
894 5122 948 5174 ‘2.

1889 5135 1984 5189 per
2015 5129 2066 5174 te
2108 5121 2160 5174 8.

3238 4775 3308 4808 '“
3352 4777 3485 4830 abo-

2170 4777 2196 4824 ’.
2233 4777 2426 4826 9—12.
2506 4777 2575 4806 ι⁵³
2605 4777 2946 4843 metropolita
2985 4777 3035 4830 t.
3081 4777 3132 4829 5.
3238 4777 3308 4808 ηδ
3352 4777 3481 4834 abo-

2170 4841 2236 4916 1f_"
2266 4841 2615 4916 apostolicam
2661 4845 3095 4916 reparationiset
3126 4861 3168 4898 r.
3211 4847 3382 4916 gratia
3431 4848 3481 4900 7.

2159 4911 2478 4986 t°°_re'ddere
2505 4914 2696 4986 debeat
2723 4911 2918 4986 7-7—12.
2990 4913 3080 4986 77'“
3099 4911 3313 4986 quoque
3345 4917 3486 4970 decu

2508 4983 2574 5058 ‘f‘
2619 4984 2962 5058 engildrudag
2984 4985 3059 5058 5._
3080 4983 3399 5058 engilirudis
3429 4987 3482 5039 4.

2261 5052 2332 5084 ¹⁰⁸
2359 5053 2574 5107 comitis
2597 5052 2916 5108 tibi’domno
2935 5055 3124 5108 7—12.
3157 5052 3178 5058 ’
3205 5055 3272 5088 ⁸⁸⁸
3298 5071 3480 5110 auocr.

2259 5121 2324 5154 ²⁶⁸
2363 5123 2552 5176 christi
2597 5123 2681 5176 dei
2727 5124 2868 5178 deest
2908 5125 3102 5180 9—12.
3181 5125 3248 5158 ⁸⁸³
3297 5121 3484 5182 chriSli

223 5191 510 5263 evangelia
538 5193 590 5246 7.
617 5193 670 5247 8.
747 5193 814 5224 "°
841 5191 1124 5246 obosculor
1140 5189 1198 5263 7.
1276 5194 1340 5225 ίτι
1369 5194 1616 5246 manibus
1643 5189 2018 5263 tango_7—l‘2.
2097 5191 2166 5224 ³⁷³
2197 5191 2380 5263 relicta
2415 5191 2500 5246 illa
2531 5192 2733 5248 malitia
2759 5193 2951 5250 7—42.
3029 5195 3100 5230 ηδ
3127 5194 3246 5248 ovis
3273 5195 3482 5263 perdita

227 5266 300 5318 ad
327 5262 522 5316 7—42.
621 5263 696 5333 ετξ
717 5263 861 5333 cath.
893 5273 948 5316 et
985 5261 1329 5333 apostolicam
1361 5263 1554 5316 7—12.
1589 5331 1594 5333 _
1635 5263 1705 5333 17"
1737 5261 1972 5333 iudicum
2007 5274 2226 5333 regnum
2267 5261 2544 5333 2.7—1‘2.
2617 5263 2689 5296 ¹⁷⁶
2713 5265 2966 5333 quicquid
2993 5265 3220 5320 domnus
3262 5261 3482 5332 aposto-

227 5335 372 5406 licus
397 5333 434 5406 i_.
457 5347 512 5385 v.
537 5340 577 5386 t.
608 5331 907 5400 adimplebo
936 5329 1076 5406 deest
1105 5331 1298 5406 7—_-lf2.
1351 5333 1443 5406 _‘"
1474 5331 1816 5406 proficiscere
1839 5331 1892 5394 9,
1925 5329 2281 5406 proviciscere
2304 5331 2686 5406 i2:_pt'oﬁcisci
2713 5329 2798 5406 {1,
2823 5329 3082 5406 proﬁcere
3102 5333 3192 5406 7170.
3271 5329 3340 5406 ¹Ϊ⁵
3365 5349 3483 5406 per-

225 5403 376 5484 rexit
413 5403 449 5484 i_.
485 5418 548 5484 .a.
569 5417 644 5484 aq.
698 5417 762 5484 c._
793 5418 844 5484 p.
881 5417 931 5484 ξ.
975 5402 1299 5484 adminiculo
1327 5401 1487 5456 deest
1512 5402 1560 5456 7.
1641 5403 1708 5433 “9
1752 5415 1876 5456 cum
1905 5413 2186 5455 reversura
2213 5401 2266 5455 7.
2345 5401 2411 5434 ¹⁸⁰
2459 5411 2712 5472 torquens
2738 5405 2790 5458 5.
2823 5401 2838 5404 “
2869 5402 2932 5438 ¹⁸¹
2955 5405 3259 5474 sepedictus
3283 5401 3477 5461 ’ῖς-312.

231 5475 301 5514 ιε’
325 5472 550 5530 ηυειτξω
565 5472 622 5528 2.
649 5471 864 5528 aestriae
885 5471 1078 5526 9—12.

1727 5539 1960 5599 ΝΟΤᾹΞ.

305 5635 418 5706 (45)
457 5635 540 5690 Cf.
567 5635 708 5690 Ann.
733 5634 887 5691 Fuld.
917 5643 973 5691 et
997 5635 1140 5691 Berl.
1177 5651 1265 5692 an.
1303 5635 1428 5692 865.

3387 5653 3478 5693 aut

1981 5631 2093 5700 (44)
2153 5633 2206 5688 Id
2245 5641 2327 5690 est
2406 5634 2846 5706 referendarius,
2923 5637 3318 5697 cancell‘arius.

1903 5701 2124 5772 legatus.
