3958 5502
469 310 541 373 87
646 278 649 279 ί
1550 310 1922 371 REGINONIS
1959 309 2385 370 PRUMiENSlS
2420 313 2706 376 sensus
3693 325 3765 386 ss

471 440 854 499 auctoritatem
882 441 975 501 ne;
1005 437 1393 510 omnipotentis
1415 402 1472 495 et
1501 449 1788 497 beatorum
1822 440 1891 476 ιιι
1918 441 2063 512 prin-
2087 431 2146 497 Α
2168 438 2403 505 potuerit
2419 439 2694 511 exhibere,
2716 441 2872 515 quasi
2895 456 3005 499 non
3026 440 3188 500 fuerit
3210 440 3446 518 legitima
3474 460 3575 502 sua
3595 462 3764 515 uxor,

469 527 654 598 cipum
684 527 828 585 Petri
864 539 915 585 et
951 530 1123 597 Pauli,
1157 539 1213 587 et
1241 531 1425 588 domui
1462 533 1733 604 pontiﬁcis
1768 544 1825 591 et
1846 534 2065 591 univer-

475 620 606 676 salis
630 636 784 692 papae
811 620 1036 694 [Nicolai
1064 622 1217 690 8-10,
1246 623 1362 697 12],
1390 632 1450 680 ut
1478 625 1657 683 nullus
1685 640 1806 682 eam
1832 627 1884 683 in
1910 642 2065 683 suam

470 713 814 781 parrochiam
840 713 1127 784 reciperet,
1158 715 1255 770 sed
1288 730 1408 771 eam
1445 714 1685 774 funditus
1711 717 1768 774 in
1813 718 2066 775 omnibus

472 804 722 866 ecclesiis
759 806 874 863 suis
907 808 1268 876 prmdicarent
1299 812 1856 880 excommunicatam,
1898 822 1954 869 et
1997 813 2067 869 ab

477 894 625 949 omni
655 895 1072 967 ehristianorum
1110 902 1489 958 communione
1522 911 1941 975 sequestratam,
1980 904 2066 960 in-

476 1001 641 1054 super
666 994 722 1042 et
745 988 1110 1047 anathematis
1136 991 1350 1049 vinculo
1372 992 1683 1050 innodatam
1718 994 1811 1061 ‘3‘,
1842 1003 1898 1051 et
1925 995 2071 1052 inter

475 1076 670 1147 impias
701 1090 758 1134 et
794 1079 1094 1139 scelerosus
1126 1085 1459 1153 damnatam,
1490 1088 1662 1144 donec
1690 1088 1756 1145 de
1795 1090 2071 1161 pestiferis

473 1166 809 1228 factionibus
831 1172 945 1229 suis
964 1184 1128 1246 atque
1147 1186 1454 1250 perpetrato
1476 1180 1715 1252 perjurio
1733 1191 1860 1238 ante
1888 1181 2069 1238 domui

475 1263 760 1333 apostolici
813 1268 1156 1336 praesentiam
1216 1271 1431 1343 dignam
1490 1273 1760 1343 acciperet
1806 1276 2071 1346 poeniten-

475 1353 632 1413 tiam.

554 1451 651 1508 His
711 1457 1023 1513 summatim
1081 1461 1558 1529 commemoratis,
1617 1473 1956 1519 revertamur
2002 1464 2070 1521 ad

475 1543 742 1602 Hlotharii
795 1549 938 1619 regis
993 1550 1448 1623 iugemiscendam
1526 1568 1768 1610 causam.
1840 1556 2073 1628 Legatus

476 1638 664 1710 itaque
713 1643 1022 1713 apostolicae
1068 1645 1253 1712 sedis,
1305 1650 1622 1718 compositis
1669 1651 1738 1683 m
1796 1651 1850 1706 in
1898 1652 2071 1708 Gallia

477 1730 660 1792 rebus.
688 1731 913 1790 Romam
940 1736 1082 1792 unde
1105 1748 1329 1795 venerat
1351 1755 1600 1796 reversus
1625 1750 1728 1798 cst.
1755 1743 2071 1816 Rursusque

2166 530 2282 587 vult
2318 546 2438 588 eam
2469 536 2680 606 penitus
2720 551 2752 593 a
2791 552 2851 595 se
2889 546 3251 611 sequestram.
3298 538 3395 596 Sin
3425 549 3608 598 autem
3644 542 3772 598 vult

2166 640 2284 683 eam
2309 636 2564 698 tanquam
2586 630 2859 701 propriam
2883 631 3098 702 quidem
3121 648 3342 689 uxorem
3364 632 3653 691 admittere
3668 633 3767 703 η’,

2169 716 2263 772 sed
2290 716 2485 774 deinde
2518 720 2672 789 quasi
2711 721 2980 777 moechata
3017 720 3199 789 fuerit,
3224 723 3555 791 insimulare,
3595 736 3772 797 atque

2167 818 2391 880 propter
2436 811 2539 867 hoc
2579 811 2649 844 ’⁸ο
2694 812 2966 870 hominem
2998 830 3154 871 suum
3183 824 3239 872 et
3275 817 3546 874 hominem
3574 818 3774 874 Thiet-

2167 900 2336 972 birgae
2389 904 2455 959 ad
2501 905 2931 962 monomachiam
2976 906 3042 939 “‘
3070 907 3369 978 impellere,
3403 918 3459 965 et
3500 910 3544 966 si
3596 909 3776 966 homo

2170 995 2340 1067 ipsius
2365 998 2568 1070 regina:
2598 1001 2881 1070 ceciderit,
2916 1003 3153 1076 disponit
3183 1005 3322 1062 hanc
3356 1006 3475 1083 sine
3505 1005 3779 1061 dilatione

2169 1089 2457 1160 perimere.
2482 1092 2614 1161 Qum
2657 1104 2918 1164 quantum
2944 1092 3053 1152 sint
3076 1098 3223 1153 omni
3262 1097 3457 1155 divinae
3497 1098 3599 1170 legi
3637 1114 3778 1154 con-

2173 1182 2361 1248 traria,
2402 1185 2711 1256 magnitudo
2748 1188 3046 1259 prudentia:
3072 1197 3284 1255 vestrae,
3322 1190 3613 1256 credimus,
3649 1190 3777 1262 jam

2173 1273 2423 1331 advertit.
2475 1275 2581 1334 Sed
2610 1288 2663 1335 et
2706 1294 2805 1336 nos
2840 1281 2967 1338 hinc
3013 1282 3216 1354 aliquid
3256 1282 3486 1339 strictim
3515 1283 3779 1340 volumus

2173 1368 2565 1438 demonstrare,
2601 1374 2751 1445 prius
2786 1384 3177 1443 asseverantes,
3208 1377 3351 1447 quod
3389 1378 3455 1433 de
3492 1385 3779 1433 retroacta

2174 1470 2539 1525 controversia
2571 1469 2886 1543 Thiethirga
2915 1486 3019 1527 non
3050 1472 3211 1528 debet
3246 1472 3471 1527 ulterius
3498 1473 3566 1527 ad
3604 1472 3781 1528 itcra-

2174 1567 2284 1615 tam
2328 1561 2736 1631 responsionem
2776 1563 3098 1633 provocari,
3147 1563 3401 1633 quoniam
3444 1563 3588 1635 quod
3633 1563 3782 1618 bene

2175 1652 2344 1710 semel
2372 1653 2650 1710 definitum
2681 1662 2765 1711 est
2802 1664 2855 1710 et
2896 1654 3232 1726 interpositis
3259 1654 3616 1711 sacramentis
3640 1652 3784 1708 deli-

2174 1746 2421 1801 beratum
2447 1786 2461 1812 ,
2491 1745 2633 1800 nulla
2657 1746 2817 1802 debet
2844 1746 3151 1812 iteratione,
3179 1744 3283 1800 nisi
3308 1743 3558 1801 fortassis
3587 1744 3679 1800 ubi
3702 1744 3781 1776 ’θ’

478 1818 772 1879 Waldrada
808 1828 1032 1899 ejusque
1075 1831 1428 1902 complicibus
1458 1832 1886 1904 decertantihus,
1928 1797 2070 1907 regis
2100 1797 2147 1857 Β
2174 1836 2338 1894 fuerit
2359 1838 2535 1908 major
2556 1836 3204 1902 auctoritas,retractari.
3229 1834 3431 1891 Deinde
3447 1834 3590 1905 quod
3607 1833 3785 1888 eccle-

477 1915 693 1973 animus
741 1918 1028 1976 adversum
1069 1915 1438 1997 Thiethirgam
1488 1940 1882 1996 commovetur,
1927 1930 2072 1986 exci-

478 2013 662 2060 tantur
710 2008 825 2076 irm,
869 2009 927 2066 ét
971 2012 1026 2067 in
1058 2013 1248 2083 sopitis
1303 2015 1694 2073 discordiarum
1738 2028 1792 2075 et
1828 2020 2074 2077 odiorum

2175 1930 2269 1986 site
2282 1930 2545 2003 refugium
2560 1946 2830 2001 quaerens,
2845 1930 3272 1987 ecclesiasticum
3282 1927 3546 1997 judicium
3561 1941 3785 1996 semper

2176 2033 2455 2096 expetens,
2480 2024 2722 2081 submitti
2747 2038 2850 2080 non
2878 2023 3037 2079 debet
3057 2021 3289 2080 seculari
3313 2021 3382 2053 ⁸⁸³
3399 2020 3623 2093 judicio.
3649 2018 3786 2073 Post

480 2097 779 2171 cineribus
805 2103 982 2161 denuo
1024 2107 1276 2177 copiosus
1314 2110 1457 2183 ignis
1500 2115 1834 2171 accenditur.
1888 2117 2079 2189 Despi-
2177 2119 2295 2174 haec
2320 2134 2469 2183 vero,
2491 2132 2614 2173 cum
2637 2133 2735 2173 nos
2755 2132 2820 2172 ex
2847 2126 3073 2187 utraque
3093 2124 3264 2186 parte,
3296 2114 3347 2171 id
3370 2121 3452 2170 est
3474 2121 3583 2167 tam
3607 2109 3784 2152 ὀδ-⁸⁸⁸

480 2188 644 2256 citur,
709 2193 1093 2252 ahhominatur
1143 2187 1372 2256 reicitur
1418 2201 1505 2269 ⁸⁸⁸,
1569 2204 1819 2262 adulterii
1873 2187 2080 2265 crimen
2181 2208 2518 2266 alilothario
2539 2201 3785 2299 quamaThietbirga,fuerimusprovocatiju—

484 2279 804 2355 iupingitur,
836 2288 1092 2360 omnique
1122 2290 1322 2363 ingenii
1348 2303 1466 2352 arte
1491 2298 1814 2368 exqttirilur.
1847 2300 2083 2371 qualiter
2183 2308 2575 2378 dices,nosque
2596 2280 2877 2363 amborum
2893 2302 3320 2360 controversiam
3348 2299 3562 2356 executi
3586 2299 3783 2360 simus,

485 2371 667 2440 puniri
694 2376 849 2446 quasi
880 2394 970 2433 rea
999 2382 1187 2451 possit.
1221 2382 1315 2439 illa
1339 2387 1641 2456 praevidens
1671 2389 1956 2448 imminere
1982 2394 2085 2449 sibi
2186 2401 2252 2458 ad
2296 2401 2472 2457 nullos
2515 2401 2650 2456 alios
2697 2398 2949 2456 convenit
2992 2412 3153 2470 super
3187 2397 3288 2452 hoc
3317 2393 3545 2467 negocio
3569 2391 3788 2460 judiees

483 2466 679 2522 mortis
714 2469 1038 2540 periculum,
1082 2475 1319 2534 latenter
1357 2479 1586 2555 aufugit,
1627 2492 1684 2540 et
1722 2486 1790 2541 ad
1833 2485 2087 2543 Carolum
2185 2493 2496 2559 convolare,
2544 2508 2668 2549 cum
2703 2492 2999 2549 secundum
3048 2505 3236 2545 sacros
3260 2503 3498 2543 canones
3525 2501 3556 2540 a
3585 2485 3784 2557 judici-

480 2560 830 2631 perveniens,
878 2563 996 2635 ejus
1024 2583 1086 2625 se
1130 2571 1343 2628 tuitioni
1388 2578 1695 2647 commisit;
1746 2583 1890 2651 quod
1937 2599 2085 2650 Cllm,

482 2647 628 2706 fama
658 2653 988 2727 divulgantc,
1012 2659 1265 2745 Nicolaus
1288 2665 1353 2697 ⁸⁸⁷
1379 2681 1516 2737 papa
1542 2647 1906 2740 cognovisset,
1936 2647 2086 2730 misit

484 2742 682 2802 Carolo
732 2752 845 2821 regi
889 2742 1654 2833 epistolamcollaudatoriam
1693 2764 1931 2838 1⁸η’(45),
1975 2768 2091 2824 haec

486 2840 856 2898 continentem
884 2862 897 2897 :
1352 2870 1355 2871 ν

566 2953 584 2985 ι
623 2934 768 2992 inter
796 2938 933 2995 alios
961 2951 1166 2999 sancta
1182 2944 1441 3003 Ecclesiae
1474 2949 1757 3022 religiosos
1786 2968 2094 3028 propugna-

494 3036 664 3095 tores,
709 3039 761 3087 ct
790 3033 1037 3091 veritatis
1070 3038 1138 3071 ³⁸⁸
1171 3047 1424 3099 strenuos
1456 3043 1777 3113 defensores
1822 3049 2092 3106 neminem

2188 2589 2289 2644 bus
2332 2604 2469 2658 quos
2496 2586 2803 2644 communis
2846 2600 3149 2641 consensus
3191 2582 3436 2655 elegerit,
3485 2596 3593 2636 non
3624 2579 3791 2635 liceat

2191 2694 2512 2751 provocare,
2560 2688 2617 2735 et
2663 2678 2752 2734 ubi
2782 2692 3042 2734 concessa
3066 2684 3147 2733 est
3178 2675 3515 2747 provocatio,
3541 2688 3653 2728 non
3685 2669 3789 2726 nisi

2192 2771 2281 2826 uhi
2308 2772 2480 2841 major
2500 2778 2584 2827 est
2605 2770 2904 2826 auctoritas
2926 2769 3020 2834 ⁸⁸⁸,
3048 2767 3210 2825 liceat
3232 2780 3528 2838 provocare
3555 2764 3654 2818 '°'.
3684 2764 3793 2818 ita-

2192 2880 2319 2935 que,
2352 2880 2472 2919 cum
2512 2878 2617 2918 non
2665 2862 2735 2918 sit
2774 2861 3081 2933 apostolica:
3109 2860 3252 2917 sedis
3280 2857 3627 2920 auctoritate,
3667 2869 3793 2925 qua:

2193 2957 2475 3013 amborum
2498 2955 2770 3028 negotium
2793 2962 3020 3012 executa
3041 2962 3389 3024 est,usquam
3415 2950 3588 3019 major
3607 2956 3793 3004 aucto-

2194 3048 2353 3115 ritas,
2380 3047 2651 3103 ncscimus
2676 3046 2723 3102 si
2750 3045 2908 3102 alicui
2950 3043 3112 3101 liceat
3156 3042 3223 3098 de
3260 3042 3379 3113 ejus
3407 3038 3618 3109 judicio
3641 3036 3795 3107 judi-

490 3123 670 3194 magis
695 3141 859 3198 super
879 3128 1228 3205 Thiethirgaa,
1252 3133 1501 3205 gloriosa:
1523 3138 1740 3210 regina}.
1764 3142 2091 3200 contritione
2116 3154 2166 3219 ς
2195 3157 2342 3206 care,
2368 3141 2447 3197 vel
2470 3138 2585 3209 ejus
2609 3147 2909 3195 retractare
2930 3137 3275 3194 sententiam.
3304 3153 3324 3188 ι
3348 3134 3417 3189 Et
3436 3139 3555 3204 post
3578 3145 3787 3203 pauca:

488 3213 808 3283 sollicitum,
839 3220 1112 3278 neminem
1140 3227 1314 3295 magis
1343 3227 1515 3298 ipsius
1554 3229 2090 3292 incommoditatibus

489 3306 833 3365 condoluisse
880 3326 1042 3381 quam
1084 3325 1280 3372 vestra:
1328 3318 1548 3389 pietatis
1597 3319 1846 3378 affectum
1894 3326 2090 3382 recoli-

493 3411 633 3453 tnus.
672 3420 691 3452 ι
725 3400 791 3456 Ει
816 3412 938 3472 post
964 3417 1351 3477 congruentem
1380 3411 1816 3470 exhortationem
1841 3415 2046 3472 addidit
2074 3435 2088 3473 :

499 3505 519 3539 ε
550 3488 938 3549 Excellentiam
965 3506 1201 3553 vestram
1234 3499 1485 3559 nolumus
1511 3504 1784 3575 ignorare,
1804 3507 1940 3564 adeo
1967 3508 2093 3583 Hlo-

494 3582 731 3640 tharium
755 3594 939 3658 regem
961 3588 1330 3661 Thiebirgant,
1349 3595 1632 3668 conjugem
1657 3614 1835 3665 suam,
1860 3598 2091 3657 diversis

495 3672 884 3751 afﬂictionibus
938 3678 1283 3748 subdidisse.
1351 3694 1407 3740 et
1464 3687 1767 3745 innumeris
1821 3691 2092 3760 pressuris

491 3776 680 3823 contra
724 3771 964 3839 praestita
1002 3771 1310 3841 iuramenta
1343 3776 1409 3811 "°
1457 3779 1768 3850 subegisse,
1824 3789 1884 3836 ut
1936 3782 2092 3858 nobis

450 3856 677 3916 'coacta
703 3879 847 3920 nunc
885 3866 1174 3933 scriberet,
1223 3871 1371 3942 regia
1402 3888 1462 3928 se
1488 3874 1624 3930 velle
1661 3876 1788 3931 exui
1828 3856 2094 3947 dignitate

490 3964 588 4005 seu
629 3953 823 4024 copula
855 3956 941 4022 "l,
983 3968 1038 4013 et
1067 3958 1186 4015 sola
1232 3960 1299 3992 ω
1341 3962 1551 4033 privata
1576 3965 1686 4021 vita
1725 3966 1839 4023 fore
1871 3978 2097 4025 conten-

492 4052 625 4099 tam.
664 4045 732 4083 ¹⁹³
755 4046 852 4103 Cui
885 4063 983 4105 nos
1005 4052 1325 4124 scripsimus
1354 4054 1444 4123 ηδ,
1481 4073 1588 4113 non
1633 4059 1736 4114 hoc
1779 4060 1937 4117 aliter
1976 4060 2093 4117 fieri

489 4149 675 4204 posse,
710 4137 816 4194 nisi
843 4140 1068 4197 eandem
1097 4143 1263 4198 vitam
1303 4147 1499 4217 conjux
1526 4147 1642 4216 ejus
1672 4148 1985 4221 Hlotharius
2024 4151 2094 4185 m

491 4224 764 4299 elegisset.
802 4229 1023 4297 Verum,
1061 4231 1204 4289 sicut
1250 4234 1542 4293 multorum
1592 4238 1763 4295 relatu
1805 4240 1874 4273 ¹⁹⁶
1902 4242 2095 4299 didici-

494 4333 639 4384 mus,
690 4320 806 4390 ipse
853 4320 1171 4383 Hlotharius
1208 4340 1536 4386 conventum
1583 4333 1864 4391 celebrare
1913 4336 2095 4413 (Περοτ

493 4410 605 4466 suit
639 4409 732 4479 ¹⁹’,
763 4422 818 4469 et
844 4415 1073 4472 eandem
1118 4418 1488 4493 Thiethirgam
1518 4427 1759 4483 examini
1789 4431 2010 4501 proprio
2037 4409 2096 4487 et

2203 3255 2220 3289 ι
2249 3235 2381 3290 Illud
2405 3250 2535 3290 vero
2558 3233 2700 3304 quod
2725 3231 2997 3288 lilotarius
3025 3228 3396 3301 Thiethirgam
3424 3226 3490 3281 de
3518 3222 3791 3280 adulterio

2195 3328 2542 3393 criminatur,
2566 3327 2690 3398 quis
2722 3340 2828 3381 non
2857 3324 3041 3379 videat
3069 3322 3194 3378 dolo
3231 3333 3353 3376 esse
3384 3316 3644 3389 plenum?
3681 3315 3790 3371 De-

2193 3404 2378 3492 nique,
2408 3420 2474 3484 si,
2528 3426 2588 3472 ut
2632 3418 2749 3488 ipse
2791 3415 2985 3487 jactat,
3029 3429 3169 3469 uxor
3202 3412 3323 3484 ejus
3356 3425 3462 3467 non
3507 3416 3615 3474 est,
3653 3407 3789 3480 quid

2193 3514 2429 3585 pertinet
2454 3510 2527 3544 ’⁵⁸
2553 3510 2622 3567 ad
2646 3525 2768 3565 eum
2807 3507 2883 3563 illi
2922 3506 2988 3563 de
3030 3504 3295 3562 adulterio
3337 3501 3665 3560 calumniam
3708 3508 3791 3555 te-

2194 3621 2345 3672 xere,
2395 3620 2517 3661 cum
2555 3617 2655 3660 nec
2689 3600 2950 3659 mmchari
2978 3600 3156 3672 potuit
3180 3597 3275 3664 ⁸⁸⁸,
3308 3598 3354 3654 si
3389 3597 3621 3667 alicujus
3645 3606 3790 3652 uxor

2195 3712 2301 3752 non
2341 3695 2523 3751 extitit
2547 3693 2619 3731 ἰο
2645 3711 2658 3748 :
2691 3705 2854 3763 porro
2880 3690 2925 3746 si
2955 3706 2986 3745 a
3021 3688 3264 3745 Hlotario
3293 3687 3360 3743 de
3391 3684 3659 3744 adulterio
3686 3698 3783 3739 ac-

2196 3795 2440 3851 cusatur,
2490 3792 2567 3849 ct,
2598 3783 2641 3838 si
2666 3782 2912 3838 convicta
2945 3779 3015 3813 ¹¹¹
3046 3778 3232 3845 fuerit,
3264 3777 3400 3834 ultio
3421 3783 3784 3848 przeparatur,

2195 3891 2419 3934 necesse
2446 3884 2548 3942 est,
2578 3885 2637 3930 ut
2661 3874 2895 3930 fateatur
2924 3885 3169 3930 uxorem.
3200 3890 3219 3924 ι
3255 3870 3324 3926 Et
3353 3868 3674 3941 quihusdam
3704 3868 3787 3922 in-

2198 3970 2501 4040 terpositis:
2529 3986 2546 4019 ι
2564 3967 2835 4023 Prazterea
2852 3965 2968 4022 sive
2989 3965 3057 4020 de
3077 3963 3309 4035 conjugii
3329 3962 3557 4026 findere.
3580 3961 3696 4016 sive
3720 3958 3786 4014 de

2198 4050 2447 4117 adulterii
2489 4058 2716 4115 crimine
2745 4056 3009 4128 judicium
3037 4055 3113 4111 sit
3145 4054 3479 4126 agitandum,
3517 4049 3665 4107 nulla
3694 4066 3783 4106 ra-

2198 4156 2343 4211 tione
2378 4161 2526 4225 patet
2544 4150 2915 4221 Thiethirgam
2950 4165 3073 4206 cum
3104 4146 3348 4205 Hlotario
3377 4159 3536 4217 posse
3556 4144 3785 4216 legalem

2198 4246 2335 4303 inire
2380 4243 2711 4309 conflictum,
2735 4241 2819 4297 vel
2863 4239 3164 4310 legitimum
3196 4235 3584 4295 controversia:
3603 4235 3788 4290 subire

2196 4335 2612 4405 certamen,nisi
2634 4333 2865 4406 priusad
2884 4343 3095 4403 tempus
3119 4345 3230 4387 suae
3266 4327 3429 4385 fuerit
3451 4326 3660 4382 reddita
3693 4339 3790 4394 po.

2196 4431 2404 4495 testati,
2432 4429 2525 4485 sed
2546 4436 2602 4482 et
2621 4418 3429 4493 suis"!consanguineislibcre
3451 4415 3658 4473 sociata
3681 4415 3790 4481 ;in-

482 4499 697 4569 judicio
749 4501 820 4535 ⁸⁸⁸
860 4507 1107 4565 subicere
1166 4514 1480 4569 meditatur.
1523 4515 1591 4571 Et
1653 4499 1920 4588 siquidem
1969 4537 2091 4577 eam
2120 4520 2173 4582 D
2200 4500 2282 4576 tcr
2303 4534 2439 4592 quos
2462 4519 2629 4575 etiam
2649 4517 2802 4573 locus
2822 4512 3190 4587 providendus
3211 4509 3419 4577 est,ubi
3442 4505 3588 4563 nulla
3611 4507 3685 4562 sit
3706 4505 3787 4559 vis

490 4597 781 4669 praestigiis
813 4599 1069 4660 falsitatis
1092 4619 1205 4661 suae
1230 4606 1314 4662 vel
1339 4605 1735 4681 argumentosis
1771 4616 2088 4687 ambagibus

2198 4613 2269 4647 ²¹³
2291 4610 2649 4668 multitudinis
2678 4605 3037 4673 formidanda,
3066 4613 3123 4661 et
3153 4617 3262 4661 non
3286 4602 3358 4659 sit
3377 4598 3594 4656 dillicile
3619 4605 3787 4654 testes

1758 4784 1991 4842 VARIE
2021 4785 2454 4860 jLEC'l‘lONES.

570 4908 641 4945 ¹⁸⁸
681 4917 742 4988 et
787 4921 1099 4988 sanctorum
1136 4914 1456 4987 'principum
1507 4920 1650 4988 petri
1698 4918 1894 4974 7—12.
1948 4920 2234 4978 beatorum
2282 4919 2650 4988 apostolorum
2696 4917 2751 4988 4.

2855 4914 2925 4956 ‘8‘
2984 4913 3297 4970 innodatam
3356 4909 3531 4968 donec
3578 4903 3778 4961 7—H.

500 4981 569 5017 ³⁸³
600 4983 744 5057 sedis
775 4983 1009 5057 receptis
1036 4977 1351 5055 compositis
1377 4988 1431 5042 7.
1510 4977 1578 5022 ί⁶⁶
1596 4990 1940 5046 ahominatur
1969 5007 2061 5048 rea
2086 4977 2286 5049 citatur
2309 4977 2394 5047 3e.
2472 4991 2539 5024 ¹⁸⁷
2569 4987 2782 5044 Nicolai
2804 4984 3038 5057 episton
3063 4984 3251 5057 desunt
3281 4984 3335 5037 in
3355 4981 3416 5057 β,
3451 5035 3454 5039 ν
3493 4978 3563 5019 ιειο
3583 4977 3782 5057 ωειλ-φῖ.

499 5054 753 5108 tatoriam
794 5063 850 5108 et
884 5054 1328 5113 collaudatoriam
1377 5058 1430 5112 4.

1522 5060 1589 5139 ff’
1621 5071 2051 5139 propugnatores
2077 5060 2468 5139 _ve_rita_tis$_5c.
2503 5076 2555 5115 e.

2650 5057 2719 5097 ιε’
2768 5044 2957 5111 co'ntra
2984 5054 3315 5125 prmscripta_'
3349 5052 3658 5123 juramenta
3685 5044 3776 5125 δέ.

497 5122 692 5212 ξςῖιίσὶ.
743 5137 932 5204 contra
962 5128 1193 5214 scripta”
1214 5128 1333 5218 i.~7.
1362 5130 1477 5222 mm
1506 5114 1768 5224 dignritatte
1793 5114 2556 5224 sine.copulis—ﬁé—lligri‘itatetn
2686 5129 2810 5218 M‘i’
2832 5136 2886 5222 et
2914 5114 3085 5216 solam
3211 5114 3226 5125 ’
3247 5114 3774 5224 ίξθςεοηιςηιριλιέ.

1362 5199 1423 5222 ⁸η
1524 5202 1565 5226 Ιβ

3581 5183 3613 5206 ﬂ
