3958 5652
195 325 273 392 εει
1463 295 1868 380 CHlthiCON.
1914 354 1980 364 —
2018 322 2130 380 AN.
2170 325 2295 384 sse.
3407 323 3478 384 90

197 421 508 495 producere
533 419 620 476 vel
650 427 876 478 caeteras
903 433 1185 492 personas,
1217 419 1349 491 quae
1391 427 1504 474 tam
1531 435 1562 474 a
1589 419 1794 474 sanctis
1821 420 1868 480 Α
1899 423 2278 488 constituatur,
2329 421 2630 494 spiritttalia
2680 422 2957 480 nobiseum
2983 421 3050 458 ’⁸⁷
3080 432 3260 480 vestra
3287 421 3480 480 frater-

199 513 506 574 canonibus
545 529 708 583 quam
741 529 770 568 ιι
803 514 1129 570 venerandis
1167 513 1535 570 Romanorum
1587 512 1795 582 legibus

201 607 262 666 in
307 607 678 678 hujuscemodi
731 608 1121 664 controversiis
1169 608 1535 679 requiruntur.
1595 606 1794 662 Verum

203 703 324 760 lucc
374 719 476 758 non
507 711 566 758 ut
595 703 724 758 tiant
769 702 1015 768 dicimus,
1061 719 1180 774 quae
1223 703 1340 760 sine
1380 704 1598 759 decreto
1627 711 1680 756 et
1707 715 1796 756 or»

207 795 490 851 dinatione
535 803 718 850 nostra
763 793 878 850 fieri
917 811 1022 850 non
1059 811 1222 866 posse
1251 811 1410 866 supra
1443 794 1742 850 docuimus.
1769 812 1787 845 ι

274 888 556 944 Accensus
585 889 768 957 itaque
810 889 950 944 idem
996 889 1372 944 sanctissimus
1413 887 1652 958 pontifex
1679 886 1794 941 zelo

203 982 318 1046 Dei,
351 998 460 1052 quo
485 983 660 1037 fuerat
683 982 884 1038 Finees
911 983 982 1016 ἰδ
1008 985 1264 1040 sacerdos
1287 984 1558 1054 quondam
1587 981 1794 1038 inflam-

205 1083 404 1136 matus.
454 1074 802 1129 Waldradam
855 1076 970 1146 ipso
1011 1075 1098 1131 die
1149 1075 1540 1146 puriﬁcationis
1593 1082 1794 1130 sancta:

203 1165 298 1226 Dei
331 1169 614 1239 genitricis
655 1168 858 1233 Mariae,
913 1169 964 1222 in
1011 1169 1232 1225 basilica
1279 1168 1789 1232 exeommunicavit,

202 1269 254 1318 et
287 1262 356 1314 ab
382 1261 532 1316 omni
582 1259 1018 1316 Christianorum
1053 1262 1328 1318 consortio
1358 1261 1651 1331 separavit,
1693 1260 1790 1312 dc-

205 1355 536 1426 stinavitque
561 1356 632 1388 “'
663 1356 946 1426 epistolam
973 1357 1224 1412 omnibus
1251 1357 1516 1426 episcopis
1541 1372 1636 1426 per
1657 1354 1792 1412 Ger-

203 1449 440 1502 maniam
475 1455 532 1502 et
569 1447 774 1504 Gallias
815 1449 1126 1504 constitutis
1155 1464 1348 1504 causas
1371 1457 1427 1502 et
1456 1448 1672 1502 modum
1696 1463 1794 1502 ex-

205 1541 712 1595 cnmntunicationis
760 1543 1129 1594 continentem
1179 1539 1320 1610 (46).
1373 1541 1540 1610 Cujus
1569 1555 1790 1594 sensum

208 1646 356 1700 quam
405 1632 700 1685 verborum
747 1633 944 1688 seriem
986 1647 1146 1688 causa
1190 1632 1472 1688 brevitatis
1511 1632 1692 1703 potius
1718 1629 1790 1662 ¹¹⁶

209 1727 394 1796 placuit
423 1727 497 1760 ²¹⁷
533 1743 754 1797 ponere.

1897 514 2039 569 nitas
2069 516 2330 571 adversus
2351 515 2462 585 jam
2496 517 2694 572 dictam
2737 517 3005 574 moecham
3033 529 3085 574 et
3109 519 3480 574 communica-

1901 616 2048 661 tores
2075 605 2192 678 eius
2216 623 2362 664 arma
2397 608 2660 674 sustollat,
2684 611 2810 665 etin
2837 612 3120 682 parrochia
3143 626 3236 666 sua
3260 625 3482 666 excom-

1897 699 2228 756 mtmicatant
2256 701 2394 758 hanc
2417 701 2761 774 fautoresque
2788 720 2913 761 suos
2935 705 3052 759 viva
3077 720 3208 760 voce
3231 703 3300 738 3"
3315 717 3481 759 unus-

1895 793 2126 862 quisque
2164 795 2474 861 denuncict,
2498 799 2670 853 donec
2701 809 2887 854 nostro
2916 798 3135 870 speciali
3172 795 3377 869 judicio
3407 793 3478 829 ¹²⁹

1897 885 2072 954 digna:
2101 901 2160 940 se
2189 887 2524 954 pmnitentia:
2547 889 2846 944 submittat.
2873 910 2892 942 ι

1968 977 2174 1034 Dircxit
2223 981 2386 1034 etiam
2436 981 2716 1038 Hlothario
2763 983 2876 1056 regi
2925 983 3064 1039 idem
3090 983 3484 1040 reverendissi-

1895 1085 2016 1125 mus
2080 1071 2318 1141 pontifex
2369 1073 2650 1144 epistolam
2701 1075 2848 1146 (47),
2904 1077 3020 1132 ltzec
3067 1075 3479 1132 continentem:

1901 1160 2141 1216 «Audito
2191 1175 2494 1222 revertente
2551 1166 2620 1198 ²³⁰
2676 1169 2840 1224 misso
2887 1177 3072 1223 nostro
3125 1167 3482 1224 correctionis

1899 1263 2020 1320 tute,
2053 1265 2110 1312 ttt
2140 1257 2210 1312 ita
2243 1259 2506 1325 dicamus,
2555 1261 2732 1326 initio,
2783 1262 2986 1333 gratias
3037 1262 3144 1316 Deo
3187 1261 3482 1331 condignas

1893 1351 2120 1418 egimus,
2151 1361 2205 1406 ct
2231 1363 2290 1408 ut
2321 1354 2414 1408 tibi
2443 1369 2657 1425 quoque
2687 1364 2865 1426 grates
2904 1356 3273 1427 competibiles
3299 1355 3368 1388 ’³⁸
3399 1372 3484 1412 rc-

1893 1441 2181 1506 ferretntts,
2207 1445 2444 1502 animum
2478 1449 2917 1518 pratparavimns.
2943 1447 3072 1514 Sed,
3096 1449 3228 1504 heu!
3253 1447 3480 1504 adversa

1893 1535 2082 1588 nuntia
2130 1537 2400 1591 venientia
2441 1537 2512 1577 ³³³
2539 1539 2698 1606 hujus
2746 1539 3060 1594 intentionis
3105 1547 3304 1595 nostrae
3355 1555 3484 1610 pro-

1892 1627 2067 1696 posito
2111 1629 2363 1684 celeriter
2408 1633 2714 1688 obviaruut.
2751 1633 2822 1664 ³³³
2854 1632 3191 1704 Quapropter
3222 1634 3482 1704 compulsi

1893 1738 2080 1778 sumus
2103 1735 2342 1781 'mutarc
2379 1743 2585 1790 vocem,
2621 1739 2676 1784 et
2702 1731 2791 1800 qui
2822 1731 2886 1785 ad
2914 1731 3210 1800 gratiarum
3242 1732 3485 1787 actiones

277 1835 296 1869 ι
321 1817 746 1873 Decreveramus
787 1819 1003 1890 quidem
1043 1819 1190 1875 circa
1238 1817 1612 1882 Waltlradam,
1652 1830 1790 1871 mte-
1821 1799 1866 1859 Β
1894 1829 1956 1868 os
1983 1815 2198 1884 aperire
2223 1817 2294 1848 ¹³δ
2323 1817 2780 1885 disposueramus,
2827 1820 2877 1874 in
2909 1821 2986 1852 ’³⁸
3017 1821 3192 1877 luctus
3219 1830 3274 1876 et
3305 1822 3484 1877 incre-

201 1912 346 1964 cltam
376 1919 438 1965 et
467 1911 818 1980 pertinaciter
845 1913 896 1968 in
929 1905 1322 1982 impdenitentia
1353 1918 1786 1980 permanentem,

199 2002 446 2058 vindictae
480 2001 696 2056 modum
725 2003 904 2059 minus
925 2002 1172 2058 districte
1202 2011 1528 2071 temperare.
1555 2011 1610 2055 et
1631 2001 1787 2072 juxta

199 2097 339 2166 quod
389 2099 727 2162 merebatur,
771 2113 876 2152 non
905 2099 976 2152 ita
1007 2114 1106 2168 pro
1139 2105 1290 2152 tanto
1321 2097 1524 2153 scelere
1553 2097 1625 2128 ¹¹⁸
1661 2110 1788 2150 sen-

195 2189 418 2244 tentiam
459 2190 511 2244 in
543 2205 663 2245 eam
703 2190 860 2262 jusla:
898 2190 1194 2259 punitionis
1239 2189 1507 2262 proferre,
1549 2189 1654 2244 nisi
1695 2189 1786 2244 ob-

195 2283 396 2340 stinato
443 2285 624 2338 animo
665 2285 716 2337 in
769 2284 1016 2338 mmchia:
1043 2283 1114 2322 ι¹⁹
1143 2283 1432 2338 volntabro
1472 2282 1786 2353 perenniter

191 2391 514 2448 permanere
559 2375 948 2446 preposuisset.
983 2373 1170 2442 Igitur,
1203 2375 1328 2444 quia
1363 2374 1565 2427 monita
1599 2381 1784 2428 nostra

190 2473 242 2524 et
287 2468 521 2520 crebras
569 2465 980 2519 exhortationes
1029 2465 1372 2535 contempsit,
1419 2467 1540 2532 quia
1573 2465 1784 2534 culpam

187 2575 346 2614 suam
381 2558 634 2614 necdum
669 2558 920 2627 cognovit
949 2573 1048 2614 nec
1075 2557 1322 2614 confessa
1351 2565 1456 2620 est,
1493 2572 1592 2610 nec.
1623 2558 1787 2612 missa

187 2650 348 2708 nobis
413 2649 706 2721 legatione,
773 2651 863 2720 qui
919 2665 1138 2704 causam
1187 2650 1358 2719 ipsius
1411 2648 1784 2719 exequendum

188 2741 553 2812 suscepimus.
596 2741 808 2796 veniam
853 2741 1144 2811 postulavit
1174 2749 1452 2812 postremo
1480 2756 1601 2794 cum
1637 2749 1786 2794 recto

191 2833 386 2889 itinere
419 2847 520 2887 nos
550 2831 624 2886 illi
657 2830 834 2886 fuerat
859 2831 1188 2895 adeundum,
1218 2838 1274 2886 et
1300 2831 1442 2886 beati
1475 2827 1626 2884 Petri
1657 2845 1784 2899 apo-

192 2926 310 2984 stoli
355 2923 614 2994 suffragia
653 2924 1000 2994 requirenda,
1043 2933 1190 2980 retro
1226 2933 1308 2981 est
1354 2939 1617 2982 conversa
1663 2933 1788 2996 post

195 3017 534 3082 Satltanam,
587 3033 800 3074 necnon
857 3025 911 3072 et
969 3017 1300 3088 Thietbirga:
1365 3018 1567 3088 regina:
1633 3018 1784 3074 dolos

193 3119 400 3166 struere
419 3151 436 3177 ,
465 3119 644 3182 coepta
678 3110 929 3166 interitus
950 3110 1320 3176 meditatione,
1347 3127 1454 3168 non
1479 3122 1658 3168 cessat
1676 3114 1778 3168 '"z

194 3216 309 3256 cunt
363 3201 587 3272 egregio
638 3201 880 3269 apostolo
925 3199 1176 3266 dicimus,
1227 3203 1370 3271 quod
1421 3211 1610 3259 contra
1662 3219 1781 3258 eam

194 3301 489 3362 contraque
517 3293 638 3360 ejus
657 3294 865 3349 similes
895 3294 1093 3363 saepius
1122 3293 1492 3364 replicandum
1523 3303 1625 3359 est,
1654 3295 1782 3366 quia

195 3386 484 3440 secundum
515 3385 770 3440 duritiem
809 3400 962 3440 suam
990 3396 1046 3440 et
1073 3401 1170 3441 cor
1197 3386 1529 3456 inptenitens
1557 3389 1784 3444 thesau-

193 3475 324 3530 rizat
367 3477 470 3532 sibi
523 3475 670 3532 iram.
707 3477 762 3531 in
816 3477 902 3531 die
959 3477 1072 3532 iraa.
1121 3477 1327 3534 ldcireo
1375 3494 1476 3534 nos
1523 3495 1644 3535 eam
1713 3479 1780 3536 de

195 3567 344 3624 factis
393 3570 510 3625 suis
557 3571 1098 3626 excommunicamtts
1139 3571 1248 3638 “‘,
1309 3573 1482 3628 donec
1529 3574 1780 3630 ecclesia:

194 3657 404 3726 Christi,
453 3663 724 3733 nobisque
767 3663 1057 3734 prmcipue,
1101 3663 1199 3734 qui
1247 3665 1366 3734 ejus
1408 3665 1782 3737 principaliter

195 3769 370 3809 curam
403 3756 670 3828 gerimus,
694 3756 892 3826 quique
921 3772 1140 3812 causam
1173 3757 1346 3828 ipsius
1385 3760 1576 3830 exequi
1607 3776 1672 3817 ac
1698 3762 1780 3818 in-

196 3847 454 3917 vestigare
495 3837 786 3916 coepimus,
839 3845 1188 3913 satisfecerit,
1228 3849 1400 3906 donec
1425 3851 1590 3906 etiam
1641 3851 1776 3908 sini-

198 3945 354 3992 stram
383 3954 606 3995 omnem
635 3940 997 4011 suspicionem
1028 3942 1315 3998 consilium
1341 3954 1582 4000 nostrum
1605 3948 1778 4004 susci-

195 4027 336 4096 piens
357 4031 579 4092 adimat,
606 4046 632 4084 a
659 4031 880 4101 pretiosi
910 4033 982 4064 ³η
1010 4035 1254 4106 corporis
1278 4043 1334 4090 et
1363 4037 1646 4108 sanguinis
1671 4039 1776 4095 Do-

197 4117 313 4174 mini
341 4121 706 4194 perceptione,
739 4131 902 4193 atque
927 4123 994 4180 ab
1019 4125 1330 4182 omnimodo
1355 4130 1632 4184 consortio
1657 4145 1776 4186 san-

195 4214 288 4264 οιω
311 4211 560 4266 ecclesiae
581 4211 672 4275 ³⁸³,
689 4213 864 4266 sancti
888 4211 1124 4284 Spiritus
1155 4215 1544 4286 beatorumque
1564 4227 1777 4288 aposto-

195 4295 353 4354 lorum
379 4298 536 4357 Petri
559 4310 614 4356 et
631 4301 784 4358 Pauli
802 4301 1030 4370 judicio,
1055 4314 1112 4359 et
1133 4312 1334 4360 nostra:
1357 4306 1771 4374 mediocritatis,

197 4385 404 4448 fecimus
433 4409 684 4464 prorsus
719 4395 790 4430 ⁸³⁵
817 4411 942 4451 ettm
993 4397 1265 4453 universis
1311 4398 1668 4469 complicibus
1719 4409 1776 4456 et

197 4487 732 4543 communicatoribus
777 4487 1189 4561 fautoribusque
1258 4493 1371 4548 suis
1403 4507 1630 4562 prorsus
1669 4509 1769 4550 ex-

196 4583 398 4633 torrem.
443 4579 598 4635 lianc
626 4581 698 4612 ’³⁵
745 4583 1070 4638 sententiam
1095 4581 1151 4637 4.
1205 4583 1342 4640 Non.
1396 4584 1678 4640 Februarii
1733 4601 1763 4642 a

201 4668 337 4723 nobis
391 4671 788 4743 promulgatam
855 4673 1220 4740 meminimus,
1278 4691 1506 4746 eamque
1559 4678 1768 4747 scripto

199 4758 336 4816 vobis
369 4763 778 4832 destinavimus,
827 4775 883 4821 et
935 4779 1004 4820 ne
1045 4765 1198 4824 labor
1247 4777 1434 4824 noster
1481 4768 1660 4824 inanis
1690 4770 1764 4806 ²¹⁶

1889 1906 2139 1976 pationes
2161 1908 2339 1962 adhuc
2367 1909 2440 1940 ’³⁸
2465 1909 2700 1966 ofﬁcium
2737 1911 2930 1981 lingua:
2973 1914 3144 1968 coacti
3177 1913 3478 1985 dirigimus.

1890 1994 2186 2052 Didicimus
2215 1999 2380 2064 enim,
2425 2010 2476 2054 te
2532 2002 2622 2070 qui
2668 2001 2878 2070 prolixo
2916 2011 3158 2074 tempore
3193 2005 3246 2058 in
3279 2005 3483 2060 scelere

1889 2102 2236 2156 permanens,
2265 2091 2520 2148 Ecclesia:
2552 2093 2644 2150 Dei
2669 2111 2772 2150 non
2802 2097 3076 2154 modicum
3099 2098 3354 2163 nocuisti,
3385 2113 3484 2154 no-

1889 2195 2016 2235 cere
2075 2182 2275 2248 adlmc,
2324 2193 2380 2238 et
2443 2185 2533 2254 qui
2574 2186 2626 2240 in
2674 2189 2924 2244 sordibus
2973 2203 3110 2252 eras,
3163 2191 3482 2245 sordescere

1892 2271 2090 2326 adhuc.
2153 2271 2456 2341 Siquidem,
2513 2286 2572 2330 ttt
2621 2278 2930 2346 opinamur,
2987 2279 3080 2334 tibi
3132 2294 3238 2334 non
3286 2277 3483 2336 sufficit

1892 2361 2064 2416 solum
2123 2363 2446 2436 adulterium
2501 2377 2885 2438 perpetrasse,
2937 2371 3040 2426 nisi
3091 2386 3330 2442 apponas
3360 2412 3374 2437 ,
3421 2379 3484 2428 ut

1892 2454 2054 2508 etiam
2097 2455 2308 2510 animas
2341 2457 2409 2488 ⁸³⁷
2445 2459 2722 2512 hominum
2756 2461 2975 2530 perjut'ii
3007 2461 3212 2531 laqueis
3244 2463 3483 2519 irretitus

1893 2545 1946 2602 in
1974 2557 2274 2604 extremum
2306 2551 2588 2622 demerges
2632 2551 2929 2608 interitum.
2964 2555 3071 2610 Sed
3097 2555 3224 2624 quid
3257 2557 3478 2622 mirum,

1893 2640 1938 2694 si
1986 2655 2281 2710 paucorum
2331 2644 2617 2700 animabus
2673 2662 2772 2717 per
2817 2645 3114 2717 periurium
3145 2649 3367 2704 exitium
3405 2649 3480 2682 ⁸³³⁸

1891 2733 2192 2802 acqttisisli,
2227 2737 2444 2804 quando
2490 2737 2542 2791 in
2575 2745 2722 2792 tanta
2752 2739 3082 2794 sublimitate
3115 2741 3342 2810 positus,
3383 2757 3482 2812 per

1891 2827 2196 2896 exemplum
2241 2837 2347 2884 tua:
2395 2831 2644 2886 mmehia:
2675 2833 2744 2864 ’³⁸⁵
2772 2842 2847 2888 tot
2898 2833 3176 2890 hominum
3225 2836 3370 2890 milia
3423 2838 3476 2890 in

1889 2916 2209 2986 perditionis
2238 2919 2406 2975 chaos
2433 2923 2901 2992 prmcipitaveris?
2939 2923 3070 2980 lllttd
3103 2934 3302 2990 autem,
3335 2927 3479 2998 quod

1892 3003 2224 3080 Thietbirga,
2275 3012 2426 3079 quasi
2476 3011 2782 3070 Waldradae
2835 3016 3204 3071 teStimonium
3257 3017 3476 3082 dicens,

1890 3111 2009 3152 eam
2059 3098 2226 3154 fuisse
2276 3110 2420 3156 tuam
2469 3103 2764 3176 legitimam
2798 3122 3020 3162 uxorem
3059 3108 3244 3164 volens
3270 3118 3358 3162 aut
3394 3109 3478 3163 itt-

1890 3189 1998 3242 vita
2051 3187 2264 3256 frustra
2303 3203 2532 3248 conatur
2571 3205 2836 3263 astruere,
2871 3199 3304 3270 quandoquidem
3338 3199 3480 3257 illius

1883 3279 2028 3335 nullo
2055 3296 2280 3350 prorsus
2312 3285 2384 3319 "°
2415 3286 2546 3360 hinc.
2575 3290 2885 3346 testimonio
2917 3293 3040 3362 quis
3067 3293 3324 3363 indigeat,
3355 3309 3476 3350 cum

1883 3376 2056 3444 magis
2073 3391 2172 3432 nos
2193 3377 2264 3432 ita
2287 3380 2586 3436 sentiamus
2605 3382 2746 3454 quod
2764 3381 2970 3450 justum
2995 3393 3099 3452 est,
3130 3394 3184 3440 et
3212 3385 3477 3456 intelliga-

1883 3481 2004 3520 mus
2041 3470 2182 3538 quod
2202 3484 2438 3540 aequum,
2466 3475 2706 3526 utetiam
2729 3471 2798 3504 ’δι
2825 3471 3137 3546 Thietbirga
3157 3485 3392 3542 mortua,
3419 3484 3476 3531 tu

1881 3557 2043 3614 nullis
2071 3559 2299 3630 legibus,
2327 3562 2488 3618 nullis
2518 3563 2718 3635 regulis
2743 3580 2980 3636 unquam
3031 3565 3378 3622 Waldradam
3419 3567 3475 3625 in

1881 3666 2106 3708 uxorem
2166 3655 2343 3724 possis
2391 3663 2484 3710 aut
2536 3657 2870 3726 permittaris
2917 3673 3214 3715 assumere.
3279 3657 3475 3715 Utrum

1879 3764 2011 3822 ergo
2055 3749 2348 3808 Waldrada
2397 3752 2634 3826 legitima
2682 3763 2772 3810 tua
2809 3753 2974 3812 fuerit
3020 3755 3308 3827 aliquando
3337 3770 3472 3813 con-

1873 3839 2010 3910 junx
2040 3882 2054 3906 ,
2111 3843 2340 3899 ecclesia
2388 3845 2483 3901 Dei
2543 3846 2916 3902 satisfactione
2969 3847 3314 3920 Thietbirgae
3364 3862 3472 3904 non

1878 3943 2020 4006 eget.
2054 3934 2231 3990 Unum
2273 3945 2453 3992 tamen
2495 3937 2695 3994 scimus
2725 3938 2819 4001 ⁸⁸⁸,
2849 3938 3108 4010 quoniam
3139 3939 3210 3978 ³³³
3243 3955 3342 3996 nec
3371 3955 3473 3996 nos

1879 4041 1980 4082 nec
2005 4027 2194 4082 eadem
2229 4027 2468 4083 Ecclesia
2501 4029 2620 4094 Dei,
2649 4039 2871 4087 auctore
2905 4031 3015 4088 Deo
3044 4030 3115 4064 '“
3140 4032 3231 4102 qui
3262 4031 3470 4086 adulte-

1879 4130 1968 4172 ros
2011 4115 2299 4185 judicabit,
2348 4127 2420 4184 te,
2462 4117 2508 4174 si
2538 4117 2608 4151 ³⁸⁵
2632 4119 2978 4176 Waldradam
3018 4123 3470 4192 quandocumque

1878 4207 2254 4276 resumpseris,
2309 4209 2474 4263 etiam
2525 4209 2838 4281 Thietbirga
2885 4211 3198 4278 decedente,
3233 4211 3470 4266 dimittet

1876 4300 2052 4354 modis
2083 4302 2334 4356 onmibus
2379 4301 2724 4372 impunitum.
2758 4322 2777 4355 ι
2823 4303 2888 4358 Ει
2915 4312 3037 4374 post
3073 4319 3244 4374 pauca
3273 4322 3286 4359 :
3325 4304 3468 4360 alta-

1877 4405 1981 4460 que
2003 4406 2215 4447 summo
2241 4391 2422 4447 studio
2451 4391 2734 4464 praefatam
2765 4391 2835 4426 '“
2859 4393 3251 4468 Thietbirgam,
3279 4393 3466 4464 conju-

1875 4502 1996 4558 gem
2045 4496 2205 4552 tuam,
2243 4496 2498 4558 tanquam
2531 4489 2804 4559 propriam
2829 4503 3046 4546 carnem
3076 4488 3260 4546 fovere
3287 4505 3351 4545 ac
3379 4491 3465 4548 di-

1876 4578 2044 4650 ligere
2070 4587 2382 4648 procurate,
2405 4586 2549 4634 etne
2577 4577 2720 4634 illam
2751 4595 2780 4634 a
2811 4589 2863 4636 te
2889 4595 3144 4652 separare
3168 4581 3278 4638 ullo
3303 4591 3466 4654 pacto

1876 4677 2204 4740 consentias,
2255 4675 2542 4744 vigilanter
2591 4677 2844 4744 attende;
2889 4676 3033 4732 unde
3086 4678 3132 4733 si
3184 4676 3366 4734 vulta
3411 4687 3466 4736 te

1873 4769 2171 4834 discedere,
2220 4771 2456 4839 corripe,
2503 4769 2672 4824 immo
2713 4770 2926 4841 corrige
2954 4773 3025 4808 ³⁸⁷
3050 4785 3194 4838 eam,
3220 4779 3275 4828 et
3301 4786 3332 4826 a
3365 4770 3462 4828 tali

1464 4857 1552 4914 VA
1561 4859 1698 4914 RIIE
1736 4859 2138 4917 LECTIONES.

265 4922 328 4954 ἰδ
355 4923 518 4982 finees
547 4929 684 4984 deest
709 4929 761 4985 5.

235 4995 385 5049 onere
411 4997 460 5051 7.
488 4999 681 5054 9—12.
715 5002 832 5063 cod,
861 5001 922 5056 S.
949 4999 1148 5057 Godelt.

207 5133 426 5212 cavimus
450 5137 538 5195 5d.
613 5143 680 5174 m
708 5144 911 5198 adimat
934 5158 998 5196 ac
1039 5133 1268 5212 preciosi
1303 5133 1458 5198 1-5.
1502 5143 1554 5196 5.
1581 5142 1632 5197 6.

207 5207 504 5284 auctoritate
532 5225 842 5284 extraneum
877 5207 1105 5269 fecimus
1132 5227 1357 5284 prorsus
1383 5215 1470 5270 5e.
1513 5229 1560 5268 c.

202 5271 338 5354 inpar
358 5276 524 5336 inanis
552 5281 634 5340 δε.
666 5303 715 5342 e.
793 5285 859 5316 ἰτ
893 5271 1154 5354 spiritalis
1184 5284 1460 5354 nobiscum
1489 5285 1541 5338 5.

203 5337 284 5432 ζῇ
309 5337 736 5432 ιςνθιςιεηιιῑὲζ
765 5356 832 5432 ’ξι
865 5337 1241 5425 οὸῖηρέεἷίιιίιεε
1268 5337 1510 5432 dedit;
1529 5355 1723 5432 9:12.

203 5421 514 5490 098_aperire
535 5422 588 5478 5.

202 5481 276 5600 ;io
291 5481 550 5601 g—cts.

840 4931 910 4968 ²¹⁵
949 4931 1236 4987 destinavit
1273 4931 1322 4984 1.
1355 4931 1409 4985 2.
1451 4930 1504 4986 5.
1539 4930 1592 4984 6.
1630 4941 1686 4985 et
1726 4932 2016 4987 destinavit
2051 4933 2104 4987 5.

2184 4935 2254 4974 "0
2288 4949 2514 5006 sensum,
2531 4933 2718 5006 potius
2734 4949 2894 5006 quam
2923 4951 2978 4991 v.
3019 4950 3064 4990 s.
3099 4951 3147 4992 c.
3179 4936 3230 4992 b.
3258 4935 3463 5006 placuit

1227 5002 1293 5032 ²¹τ
1334 5016 1534 5075 ponere
1559 4999 1832 5075 placuit_9
1871 5003 1984 5057 ~12.
2058 5004 2126 5042 ³⁸⁸
2151 5021 2247 5075 pro
2267 5006 2468 5060 scelere
2495 4999 2550 5060 2.
2587 5005 2640 5059 5.
2667 4999 2770 5060 1Ξ)..’
2827 5005 2896 5040 ²¹⁹
2917 5007 2972 5062 in
2998 5008 3230 5063 mtecltio
3253 4999 3461 5060 voluta-

241 5077 292 5118 ro
313 5065 360 5118 1.
389 5067 440 5120 5.
513 5070 583 5102 ²¹⁰
622 5086 830 5128 necnon
861 5081 916 5128 et
948 5086 978 5124 a
1019 5065 1743 5144 tltietbirgre'reginze'cmpta
1779 5073 2026 5129 interitus
2057 5065 2408 5132 meditatione
2427 5091 2532 5130 non
2559 5087 2736 5131 cessat
2765 5077 2920 5133 1-5.

241 5133 426 5191 avimus
450 5137 538 5195 5d.
613 5143 680 5174 m
708 5144 911 5198 adimat
934 5158 998 5196 ac
1039 5143 1268 5201 nrt-.ciosi
1303 5142 1458 5198 1-5.
1502 5143 1554 5196 5.
1581 5142 1632 5197 6.
1710 5143 1782 5178 ’³³
1809 5153 2008 5200 sancta:
2042 5147 2282 5201 ecclesia:
2305 5149 2444 5200 deest
2490 5147 2542 5199 7.
2577 5145 2705 5201 9.—
2727 5147 2812 5200 12.
2890 5149 2920 5179 ’τ

1710 5149 1782 5178 ’³³
1809 5153 2008 5200 sancta:
2042 5149 2282 5201 ecclesia:
2305 5149 2444 5200 deest
2490 5149 2542 5199 7.
2577 5149 2705 5201 9.—
2727 5149 2812 5200 12.

1659 5213 1729 5245 ¹²³
1759 5231 1881 5270 cum
1913 5232 1966 5268 ll.
2001 5232 2050 5270 c.
2083 5227 2210 5271 etc.
2245 5217 2284 5271 f.
2318 5217 2430 5272 suis
2470 5217 2618 5272 Hanc
2649 5215 2842 5272 7—12-

3000 5079 3064 5114 ³³⁸
3090 5078 3464 5134 excommuni-

2890 5148 2960 5180 ¹²⁸
2983 5154 3036 5201 et
3071 5146 3470 5204 mediocritatis.

2919 5217 2988 5249 ’³⁸
3027 5217 3258 5272 lavester
3281 5214 3367 5269 5a.
3399 5218 3456 5275 d.

1621 5284 1691 5318 ²’⁸
1721 5299 1848 5340 suos
1873 5301 1976 5339 una
2001 5303 2134 5342 voce
2163 5288 2216 5342 5.
2247 5289 2300 5342 5.
2331 5287 2361 5343 7
2417 5288 2610 5342 9-42.
2686 5288 2756 5322 ’³³
2787 5296 2972 5342 nostro
2989 5287 3194 5354 judicio
3218 5285 3248 5338 7
3271 5287 3458 5344 ~12.

1808 5355 1876 5387 ’³⁸
1905 5358 2173 5414 venientia
2200 5361 2337 5414 deest
2364 5359 2417 5414 5.

665 5427 737 5504 ξ³⁸
765 5429 1206 5504 disposueramus
1229 5431 1280 5478 et
1303 5426 1360 5504 _in
1748 5426 1820 5458 ³³⁸
1850 5426 2024 5504 adhoc
2058 5429 2110 5504 5,
2141 5431 2320 5504 adhuc
2344 5431 2482 5504 deest
2511 5429 2564 5483 7.
2588 5427 2782 5504 9—1g.
2852 5427 2930 5504 ξεῖ
2961 5429 3246 5484 animabus
3273 5427 3458 5504 periu-

627 5499 698 5533 ²³⁸
719 5495 928 5554 animas
955 5499 1022 5552 ad
1043 5497 1270 5553 exitium
1297 5496 1452 5552 1-5.
1481 5495 1536 5551 6.
1573 5497 1642 5529 ’³³
1678 5505 1780 5552 tua:
1803 5498 2030 5554 moecha:
2055 5499 2108 5554 5.
2181 5499 2251 5532 “0
2277 5501 2449 5542 nutu.e
2477 5514 2620 5534 amr
2723 5497 2752 5514 -
2851 5497 2916 5510 ---

426 5563 622 5626 scimus
667 5571 806 5625 deest
834 5571 886 5624 1.
936 5567 992 5622 2.
1039 5569 1176 5624 scito
1207 5567 1259 5620 5.
1338 5566 1410 5599 ³⁸³
1451 5568 1723 5618 (ηιοηιηιιη
1765 5567 1830 5605 κί’

2513 5357 2586 5395 ⁸³³
2611 5356 2964 5413 obviaverttnt
2987 5357 3039 5410 5-
3121 5357 3192 5389 ’³⁸
3213 5357 3459 5417 θειίοηθε
