3958 5466
199 289 272 350 93
1335 283 1742 342 CIIRONICON.
1782 315 1849 326 —-
1887 285 1996 339 AN.
2039 285 2288 341 866-867.
3377 281 3460 340 94,

209 401 604 459 multitudinem
631 397 974 464 dircxit;sed
1007 398 1226 453 minime
1248 397 1386 452 hanc
1410 398 1780 468 praesumptio-
1807 402 1855 461 Α
1883 406 2003 452 sent
2040 413 2142 450 non
2190 396 2452 450 modicam
2501 397 2711 453 turbam
2755 412 3080 468 paganorum
3130 398 3449 452 intrinsecus

210 504 330 548 nem
363 495 675 562 extinguere
707 493 896 560 potuit,
938 491 1063 559 quia
1084 489 1194 544 loca
1226 490 1784 545 inaccessibiliainter

209 587 281 619 ³⁸⁸
307 583 496 639 Juruin
523 583 592 618 ’⁸⁸
619 582 846 651 etAlpes
870 579 1140 636 Penninas
1155 582 1224 610 ²⁸¹
1241 581 1508 635 seditiosis
1539 579 1785 634 munitis-

212 677 406 730 simum
435 672 744 744 praebebant
772 672 1260 741 reccptaculum,et
1285 673 1394 743 regi
1420 672 1785 741 exercituique

213 766 348 835 ejus,
372 775 593 834 propter
617 778 850 817 concava
876 762 1091 816 vallium
1121 772 1174 815 et
1201 771 1468 833 praerupta
1501 764 1781 826 montium,

213 858 484 910 artissima
525 856 596 890 ⁸⁸³
630 856 819 908 itinera
868 864 920 909 et
961 855 1225 908 dillieilem
1258 854 1330 887 ²⁸⁸
1362 856 1660 925 ingressum
1691 853 1782 908 ’3'.

211 950 464 1003 Attamen
511 949 650 1001 idem
679 947 932 1016 accphala
964 946 1074 1016 (49)
1097 947 1403 1001 Huchertus
1433 947 1726 1000 novissime
1757 961 1785 998 a

205 1039 457 1095 Conrado
479 1037 549 1071 ’“
563 1039 758 1092 comite
782 1047 1181 1107 pcremptusest
1197 1036 1349 1107 juxta
1367 1047 1624 1098 castrum,
1643 1035 1786 1105 quod

209 1128 358 1184 Urha
389 1129 499 1197 (50)
524 1130 740 1182 dicitur.

281 1223 440 1275 Anno
466 1221 759 1274 Dominime
791 1219 1182 1274 incarnationis
1217 1216 1319 1273 866
1341 1217 1412 1255 ’⁸⁷
1443 1217 1574 1288 (51).
1608 1217 1789 1271 lleris-

211 1316 366 1385 poius
393 1314 486 1377 ⁸⁸⁸,
536 1330 623 1367 rex
654 1313 979 1374 Brittonmn,
1010 1326 1037 1364 a
1063 1311 1172 1364 suis
1197 1310 1532 1370 interficitur,
1555 1318 1608 1362 ct
1637 1307 1789 1362 Salo-

215 1423 334 1459 ιςιοιι
369 1405 474 1457 dux
500 1404 550 1456 in
582 1403 697 1456 loco
724 1403 838 1473 ejus
865 1403 1202 1471 subrogatur.
1247 1399 1374 1454 Erat
1422 1401 1564 1453 enim
1622 1399 1787 1451 isdem

215 1495 292 1546 vir
341 1493 412 1526 ’⁸⁵
459 1503 714 1546 strenuus
743 1501 796 1544 et
843 1490 1148 1556 bellicosus,
1181 1500 1235 1544 et
1292 1498 1398 1543 tam
1428 1489 1593 1542 forma
1628 1504 1788 1558 quam

218 1585 391 1637 animo
422 1581 486 1634 ad
524 1581 672 1651 regni
700 1579 1062 1649 gubernacula
1091 1577 1370 1648 coaptatus
1398 1579 1532 1648 (52).
1567 1578 1790 1632 (Iamlus

219 1676 372 1728 tertio
394 1689 555 1743 super
580 1673 850 1726 Brittones
877 1687 998 1726 cum
1025 1675 1262 1726 exercitu
1293 1673 1499 1726 irruere
1532 1673 1785 1741 disponit,

1887 491 2206 553 latitantem,
2240 504 2525 558 parumper
2557 489 2935 554 deliberantes,
2958 499 3132 544 castra
3156 489 3206 544 in
3224 490 3449 545 circuitu

1887 590 2146 645 statuunt,
2173 581 2393 635 tentoria
2430 581 2613 650 figunt,
2648 593 2703 635 ut
2733 583 2780 635 in
2814 582 3132 646 crastinum,
3163 580 3454 636 exstructis

1887 674 2167 742 aggeribus
2200 671 2582 742 applicatisque
2614 673 2876 726 machinis
2903 713 2915 735 ,
2950 671 3132 726 hostes
3161 671 3287 725 totis
3326 671 3455 724 viri-

1887 765 1987 818 bus
2015 772 2414 834 expugnarent;
2449 763 2749 818 declinabat
2785 764 2979 833 quippe
3001 763 3113 832 jam
3144 763 3221 817 sol
3259 763 3324 816 ad
3369 777 3455 815 or-

1888 872 2092 910 casnm.
2146 855 2470 908 Rnolbertus
2515 854 2748 926 [quoque
2781 854 3008 926 7,942]
3062 856 3225 908 nimio
3278 853 3452 906 calore

1889 958 2213 1009 exmstnans,
2246 946 2449 1016 galeam
2479 960 2530 997 et
2563 947 2778 998 loricam
2813 947 3055 1016 deposuit
3081 988 3094 1010 ,
3122 957 3177 999 ut
3201 963 3326 998 aura
3354 943 3456 994 eol-

1890 1039 2027 1092 lecta
2059 1039 2324 1106 paulisper
2353 1038 2762 1106 refrigeraretur
2791 1038 2876 1097 m,
2905 1053 3132 1105 cumque
3173 1037 3454 1103 unusquis-

1891 1145 1992 1198 que,
2024 1129 2072 1180 in
2097 1127 2361 1196 positione
2374 1136 2672 1179 castrorum
2698 1126 3021 1190 intenderet,
3049 1134 3262 1194 repente
3286 1123 3451 1176 Nutu!-

1892 1218 2070 1272 manni
2096 1234 2122 1268 a
2167 1217 2460 1269 munitione
2491 1217 2734 1279 exiliunt,
2767 1225 2819 1269 et
2850 1231 2969 1268 cum
2997 1215 3195 1286 ingenti
3226 1214 3456 1267 clamor.-

1892 1327 2049 1381 super
2087 1310 2434 1362 Rnotbertum
2469 1325 2530 1362 ac.
2551 1310 2726 1361 socios
2757 1307 2824 1343 ³⁰⁰
2850 1309 3100 1377 impetum
3137 1306 3356 1360 faciunt.
3390 1303 3453 1334 ⁸⁰’

1892 1403 1995 1457 Sed
2025 1403 2269 1473 quamvis
2299 1401 2558 1469 repentini
2587 1411 2639 1454 et
2675 1400 2940 1453 subitanei
2973 1414 3129 1451 casus
3165 1398 3322 1450 etiam
3355 1395 3458 1448 for-

1895 1496 2128 1548 tissimos
2182 1495 2325 1548 viros
2356 1495 2407 1546 in
2445 1493 2579 1546 bello
2625 1491 2950 1546 conturbare
2997 1491 3203 1546 soleant
3230 1531 3243 1552 ,
3283 1501 3458 1541 tatnen

1893 1600 2040 1640 arma
2069 1602 2226 1655 quam
2265 1586 2423 1638 citius
2451 1584 2520 1623 ⁸⁸³
2544 1584 2867 1652 corripiunt,
2898 1583 3080 1636 hostes
3111 1581 3338 1634 viriliter
3369 1595 3456 1632 ex-

1893 1682 2116 1750 cipiunt,
2150 1689 2204 1733 et
2232 1679 2488 1734 cedentes
2516 1679 2566 1732 in
2597 1678 2873 1732 basilicam
2909 1677 3084 1730 redire
3116 1673 3458 1743 compellunt.

221 1769 304 1819 sed
335 1781 458 1819 cum
491 1766 556 1819 ad
587 1765 844 1819 terminos
865 1765 1043 1833 gentis
1076 1764 1579 1832 appropinquasset,
1606 1765 1789 1818 audito

1900 1773 2227 1827 Rnothertus
2265 1757 2466 1842 abSque
2497 1772 2644 1840 galea
2676 1782 2727 1825 et
2774 1770 2937 1824 lorica
2973 1783 3294 1824 accurrens.
3341 1781 3461 1817 cum

218 1861 353 1928 quod
367 1859 436 1912 ad
453 1858 806 1912 resistendum
834 1857 959 1912 totis
975 1857 1182 1910 viribus
1205 1856 1374 1926 parati
1394 1864 1595 1917 essent,
1614 1855 1790 1910 subito

214 1961 418 2006 mutata
437 1949 732 2014 voluntate,
758 1951 928 2020 magis
949 1949 1107 2019 elegit
1129 1965 1316 2018 pacem
1341 1949 1614 2019 suscipere
1629 1963 1788 2018 quam

212 2041 408 2098 bellum
437 2041 669 2108 inferre;
707 2041 846 2095 facta
871 2042 1051 2111 itaque
1077 2041 1321 2111 pactione
1343 2055 1461 2094 cum
1481 2036 1788 2106 Salomone,

214 2155 372 2207 quam
394 2140 594 2193 dudum
620 2153 744 2194 cum
770 2137 1048 2207 llerispoio
1078 2137 1299 2198 fecerat.
1333 2136 1582 2192 discessit
1607 2134 1698 2186 ⁸9⁸.

812 2269 1186 2326 DCCCLXVII.

283 2403 440 2459 Anno
458 2404 752 2459 Dominicae
775 2405 1158 2459 incarnationis
1185 2405 1286 2460 867
1321 2403 1654 2459 Nordmanni
1681 2403 1793 2476 (55)

211 2511 366 2551 oram
399 2497 463 2536 ’θ’
499 2495 706 2565 Ligeris
728 2493 964 2550 fluminis
990 2506 1344 2565 occupantes,
1377 2493 1794 2548 Namnetensem

213 2599 304 2652 η’,
354 2589 811 2659 Andegavensem,
854 2589 1224 2643 Pictavensezn
1272 2597 1432 2657 atque
1471 2585 1795 2642 Turonicam

213 2680 555 2748 provinciam
591 2679 779 2733 iterato
815 2681 1107 2734 crudeliter
1140 2681 1451 2750 depopulari
1479 2688 1792 2751 cteperunt;

215 2782 403 2826 contra
429 2788 564 2842 quos
581 2772 908 2826 [iuotbertus
940 2773 1010 2805 ²⁹⁸
1039 2774 1126 2842 qui
1157 2790 1393 2828 inarcam
1429 2773 1501 2815 '9‘
1534 2775 1792 2838 tenebat,

215 2871 263 2916 et
297 2860 613 2914 ltamnulfus
648 2862 717 2896 ⁸⁸⁸
746 2861 850 2915 dux
881 2862 1180 2931 Aquitania:
1201 2903 1215 2927 ,
1243 2863 1464 2918 collecta
1496 2863 1797 2920 multitudi-

219 2966 286 3005 ne
322 2951 492 3005 aciem
519 2951 776 3020 dirigunt.
808 2951 881 3004 Illi
916 2954 1211 3007 sentientes
1248 2969 1305 3010 se
1337 2952 1404 3009 ab
1443 2957 1684 3011 exercitu
1725 2959 1796 2994 ³³⁸

223 3041 458 3112 insequi,
502 3059 626 3098 cum
672 3045 1298 3100 summaacceleratione
1326 3048 1391 3101 ad
1422 3047 1651 3102 classem
1705 3063 1792 3102 rc.

1896 1866 2163 1920 incautius
2191 1865 2492 1926 dimicaret,
2523 1874 2576 1918 ct
2604 1864 2849 1919 inimicos
2878 1863 3018 1915 ultro
3051 1859 3122 1893 ³⁰⁸
3153 1861 3462 1926 insequere-

1894 1967 1998 2021 tur,
2045 1955 2359 2011 interfectus
2389 1965 2474 2011 est
2505 1958 2556 2010 in
2589 1955 2810 2010 introitu
2841 1955 3008 2025 ipsius
3037 1951 3307 2015 ecclesiae;
3348 1947 3464 2016 ejus

1893 2049 2211 2120 corpusjam
2233 2048 2478 2102 exanime
2506 2045 2856 2110 Nordmanni,
2881 2045 3204 2100 intrinsecus
3223 2041 3461 2097 trahunt.

1891 2141 2059 2195 Porro
2099 2138 2444 2203 Ramnnlfus,
2477 2154 2596 2192 cum
2641 2138 2848 2193 eminus
2899 2145 3047 2190 stans
3089 2141 3337 2188 eventum
3390 2130 3464 2184 rei

1893 2231 2296 2302 specularetur,
2329 2247 2356 2283 a
2386 2230 2616 2300 quodam
2661 2227 3006 2283 Nordmanno
3049 2240 3143 2296 per
3173 2224 3464 2279 fenestram

1897 2321 2129 2376 basilicae
2183 2321 2390 2390 sagittae
2431 2322 2538 2374 ictu
2585 2321 2820 2388 graviter
2845 2318 3158 2373 vulneratus
3187 2325 3298 2377 est,
3349 2323 3404 2368 ct
3435 2332 3465 2370 a
3494 2363 3496 2365 ,

1897 2415 2007 2467 suis
2036 2429 2099 2466 ex
2133 2413 2428 2466 certamine
2453 2413 2675 2465 eductus
2703 2410 2791 2475 3"",
2822 2411 2907 2464 vix
2939 2410 3117 2464 triduo
3151 2407 3468 2478 supervixit.

1899 2505 2013 2560 Tali
2067 2504 2264 2558 infelici
2303 2502 2597 2558 infortunio
2645 2518 2818 2575 pugna
2866 2502 3152 2557 counnissa
3187 2507 3349 2554 estet
3397 2499 3467 2534 ⁸⁰³

1901 2596 2080 2661 finita;
2113 2596 2381 2648 exercitus
2416 2594 2613 2648 amisso
2642 2594 2815 2664 capite
2849 2607 3034 2647 errore
3065 2590 3135 2631 ³⁸⁸
3168 2590 3370 2660 pariter
3403 2604 3466 2643 ac

1898 2700 2128 2740 merere
2147 2685 2397 2755 repletus,
2423 2683 2580 2740 solvit
2599 2683 2782 2738 eadem
2805 2685 2933 2738 hora
2953 2680 3303 2745 obsidionem,
3329 2690 3382 2734 et
3406 2677 3472 2732 ad

1897 2777 2113 2847 pmpria
2154 2777 2470 2841 revertitur;
2509 2773 2834 2828 Nordmanni
2869 2782 3093 2828 ovantes
3141 2772 3206 2826 ad
3243 2771 3470 2826 classem

1899 2869 2133 2941 dirigunt
2162 2884 2404 2941 gressum
2434 2867 2519 2923 εθτ.

1974 2964 2085 3036 (54)
2118 2963 2232 3018 Non
2268 2963 2434 3017 multo
2463 2961 2532 2999 ⁸⁸⁸
2567 2972 2685 3032 post
2713 2960 2997 3029 interiecto
3044 2967 3283 3028 tempore
3322 2955 3472 3024 Hugo

1903 3058 1970 3094 ³⁰⁹
2007 3059 2141 3113 abba
2172 3059 2220 3111 in
2255 3059 2427 3111 locum
2454 3056 2730 3110 Ruotberti
2761 3053 3083 3108 substitutus
3099 3059 3200 3115 est,
3232 3051 3314 3104 vir
3337 3058 3476 3102 stre-

219 3138 414 3206 νιθίίάιτϐ
464 3138 824 3200 mittendum;
879 3137 972 3192 Sed
1020 3152 1140 3192 Cum
1174 3139 1604 3208 appropinquare
1657 3140 1804 3195 ίηῧθ-
1829 3129 1872 3190 C
1906 3165 2063 3213 nuus,
2095 3147 2547 3216 humilis,justus,
2569 3145 2847 3217 pacificus,
2875 3153 2929 3198 et
2957 3143 3104 3197 oumi
3138 3155 3345 3194 morum
3376 3137 3472 3190 ho-

221 3229 499 3296 quentium
546 3229 944 3284 multitudinem
974 3239 1276 3292 cernerent,
1311 3242 1701 3300 cognoscentes
1733 3247 1795 3288 se

221 3318 455 3390 cli‘ugcre
485 3337 590 3375 non
633 3337 812 3390 posse,
853 3322 1122 3390 quandam
1159 3321 1339 3376 villam
1387 3323 1796 3392 ingrediuntur,

225 3411 310 3464 ubi
333 3426 412 3475 se,
455 3419 713 3479 quantum
759 3411 890 3466 hora
918 3411 1193 3480 permisit,
1235 3414 1624 3468 connnuniunt.
1668 3414 1802 3470 Erat

225 3516 400 3561 autem
447 3508 500 3562 in
528 3507 716 3562 eadem
760 3508 880 3561 villa
909 3507 1126 3562 basilica
1168 3510 1480 3578 pergrandis
1515 3525 1582 3565 ex
1622 3511 1800 3581 lapide

224 3610 560 3663 constructa,
594 3601 644 3654 in
673 3616 778 3670 qua
809 3600 1040 3654 maxim
1067 3616 1193 3671 pars
1221 3601 1688 3658 Nordmannorum
1716 3604 1801 3659 in-

224 3690 407 3744 troivit
437 3707 558 3744 cum
589 3692 723 3746 duce
751 3707 938 3746 eorum
967 3692 1183 3746 nomine
1213 3691 1492 3764 Hastingo.
1527 3693 1798 3748 Ruotber-s

229 3791 310 3835 tus
335 3782 734 3838 ctRamnulfus
767 3799 886 3837 cum
930 3784 1091 3838 sociis
1123 3798 1284 3854 super
1324 3799 1418 3838 eos
1453 3785 1665 3841 irruunt
1702 3787 1795 3853 m,

231 3892 600 3946 quoscumque
619 3887 772 3932 extra
804 3878 1082 3933 basilicam
1115 3890 1466 3948 reppererunt
1487 3881 1576 3947 '9',
1596 3884 1798 3953 absque

229 3981 372 4022 mora
401 3969 694 4022 trucidant.
728 3969 808 4022 Ad
833 3969 1114 4024 ecclesiam
1134 3969 1285 4041 [vero
1305 3970 1456 4044 7-42]
1483 3973 1800 4042 pervenien-

231 4062 327 4119 tes,
358 4073 483 4114 cum
513 4058 774 4113 vidissent
800 4058 974 4113 locum
1001 4061 1286 4126 munitum,
1313 4069 1367 4116 et
1397 4062 1802 4118 animadvertis-

1903 3250 2109 3295 nestatc
2152 3239 2432 3303 fundatus;
2477 3239 2519 3292 si
2551 3238 2766 3308 quidem
2797 3234 2910 3291 Odo
2942 3233 3010 3273 ³¹⁰
3033 3243 3087 3287 et
3125 3231 3473 3288 Ruotbcrtus,

1899 3332 1990 3386 lilii
2032 3332 2310 3387 Ruotberti
2337 3371 2351 3396 ,
2393 3331 2568 3385 adhuc
2595 3328 2799 3399 parvuli
2834 3335 2988 3382 erant
3016 3366 3030 3391 ,
3071 3323 3282 3394 quando
3323 3330 3476 3391 pater

1898 3425 2167 3480 extinctus
2189 3432 2292 3489 est,
2332 3432 2385 3478 ct
2415 3422 2618 3477 idcirco
2645 3435 2747 3475 non
2778 3428 2862 3474 est
2905 3418 3011 3474 illis
3053 3418 3278 3472 ducatus
3321 3409 3470 3467 eom-

1898 3515 2119 3568 missus.

1978 3604 2081 3657 Per
2107 3603 2246 3657 idem
2272 3603 2340 3634 ⁸¹¹
2373 3615 2581 3671 tempus
2605 3616 2737 3671 gens
2767 3597 3190 3654 Sarracenorum
3225 3595 3277 3648 in
3305 3594 3474 3648 Bene-

1905 3705 2067 3750 vento
2096 3695 2164 3727 ³η
2191 3711 2257 3749 ex
2281 3694 2464 3750 Africa
2492 3693 2729 3757 veniens,
2770 3693 3079 3746 universam
3125 3701 3261 3759 pene
3304 3685 3475 3755 regio-

1907 3804 2028 3844 nem
2056 3788 2199 3842 illam
2231 3789 2566 3852 invasernnt,
2600 3785 2856 3848 eruditius,
2885 3785 3086 3856 rapinis
3116 3799 3178 3837 ac
3210 3779 3472 3836 incendiis

1905 3885 2085 3938 omnia
2129 3883 2532 3955 depopulantes.
2565 3881 2767 3936 Contra
2812 3879 2922 3951 (55)
2957 3893 3092 3948 quos
3130 3873 3472 3930 llludowicus

1905 3975 2201 4043 imperator
2241 3975 2538 4029 exercitum
2586 3973 2876 4035 contrahit,
2911 3977 2963 4024 et
3006 3967 3209 4023 veritus
3242 3980 3307 4018 ne
3335 3963 3474 4016 forte

1907 4065 2167 4119 adversus
2206 4063 2652 4120 innumerabilem
2683 4062 2915 4118 hostium
2969 4057 3362 4112 multitudinem
3397 4053 3474 4106 vi-

1523 4171 1761 4229 VARIIE
1796 4174 2090 4231 LECTION
2100 4177 2199 4232 ES.

296 4279 366 4310 ²⁸θ
397 4279 790 4334 inaccessibilia
837 4285 993 4334 erant
1043 4280 1183 4333 inter
1233 4281 1284 4334 5.
1385 4281 1453 4313 ’δι

235 4364 385 4428 usque
437 4352 709 4428 artissima
766 4351 902 4404 deest
932 4350 986 4428 _l
1035 4380 1104 4389 ——
1133 4350 1198 4428 ὅ..

1499 4279 1679 4350 juram
1718 4284 1766 4338 1.
1811 4284 1865 4338 2.
1923 4286 1976 4340 5.

1393 4350 1464 4382 ³³⁸
1511 4353 1702 4409 itinera
1759 4354 2029 4410 difﬁcilem

1923 4286 1976 4340 5.
2076 4287 2148 4318 ³⁸⁸
2191 4302 2337 4357 alpes
2370 4286 2698 4357 appenninas
2749 4285 2794 4338 5.

2891 4283 2960 4317 ³⁸³
3005 4282 3316 4354 praebebant
3366 4291 3474 4339 etc.

2085 4358 2133 4412 1.
2189 4358 2241 4411 2.
2296 4359 2346 4412 5.
2445 4357 2512 4389 ³⁸⁸
2563 4357 2675 4412 loca

2765 4373 2844 4411 uae
2892 4353 3283 4414 inaccessibilia
3336 4355 3477 4409 inter

231 4420 401 4500 iurum
441 4431 499 4474 et
532 4420 678 4489 alpes
717 4422 1048 4500 appenninas
1088 4421 1356 4500 seditiosis
1408 4432 1535 4500 sunt
1571 4425 2232 4500 Amtmitissimaiprzebent
2282 4429 2604 4482 intrantibus
2651 4420 2917 4500 dillicilein
2963 4426 3264 4500 i‘nggesstun
3391 4441 3473 4500 se-

236 4491 432 4544 ditiosis
464 4502 585 4544 sunt
620 4491 1259 4570 munitissitita,_pt':elient
1302 4502 1481 4570 tamen
1521 4495 1918 4570 itinera_nti_bus
1941 4491 2214 4552 difﬁcilem
2244 4501 2561 4570 ingressum.
2597 4500 2842 4552 Attamen
2877 4491 3474 4570 God.'S_._ngc:h.Ain-

239 4574 472 4630 greSSum
500 4561 809 4630 prmstantia
845 4561 898 4614 5.

239 4627 330 4706 l2;
351 4633 436 4706 qui
465 4627 789 4706 ei_qu_einque
809 4631 1049 4706 deinceps
1072 4647 1342 4706 munerant
1360 4649 1460 4686 uno
1479 4646 1684 4706 augent.

240 4700 334 4753 iste
361 4700 442 4754 vir
504 4701 554 4754 1.
594 4701 646 4754 5.
675 4701 730 4755 5.
761 4701 813 4755 6.
842 4700 968 4755 9-—
991 4702 1076 4754 l2.

243 4775 438 4824 tensem
462 4770 514 4822 5.

241 4836 384 4892 cham
409 4840 461 4893 2.
512 4841 564 4894 5.
598 4841 648 4894 4.
684 4839 977 4895 marchiam
1011 4841 1062 4895 5.

243 4907 474 4964 armill‘us
500 4909 551 4964 7.
626 4912 695 4949 ²⁹⁶
727 4926 786 4964 se
806 4911 1076 4965 exercitus
1102 4911 1155 4964 5.

243 4973 303 5050 ᾖ,
385 4977 455 5014 ³³⁸
511 4980 855 5050 refrigeretur
905 4979 959 5034 5.

1075 4981 1142 5012 ³⁰⁰
1173 4982 1239 5034 ad
1277 4985 1450 5037 socios
1515 4984 1599 5039 5c.

247 5042 309 5080 ³⁰¹
330 5061 526 5115 quanto
551 5042 707 5106 citius
738 5049 792 5104 6.

866 5050 938 5081 ³⁰³
969 5050 1107 5104 ultra
1135 5051 1187 5104 5.
1225 5051 1278 5104 5.
1358 5053 1427 5086 ⁸⁸³
1453 5056 1645 5108 educto
1674 5058 1762 5110 5d.

976 4562 1045 4592 ’⁸⁸
1071 4561 1381 4617 chuonrado
1406 4563 1457 4616 ὅ.
1489 4565 1764 4620 chonrado
1788 4566 1839 4618 7.
1875 4569 2152 4624 clumrado
2186 4561 2414 4624 9—542.

1172 4648 1342 4686 aerum
1360 4649 1460 4686 uno
1479 4646 1684 4702 augent.
1763 4635 1833 4673 ’⁸⁸
1855 4637 2183 4708 herisposins
2225 4679 2238 4692 .

1172 4701 1244 4732 ¹¹⁹⁰
1286 4704 1516 4757 abcessit
1548 4705 1598 4757 4.
1632 4707 1973 4761 decessit
2075 4709 2138 4743 '9'
2171 4725 2238 4761 or:

594 4715 646 4765 ς).
675 4715 730 4755 5.
761 4715 813 4755 δ.
842 4715 874 4755 υ
895 4729 968 4742 -——-
991 4715 1076 4754 12.
1172 4715 1244 4732 ’ν’
1286 4715 1516 4757 ancessit
1548 4715 1598 4757 4.
1632 4715 1865 4760 decessit
1886 4715 1973 4761 Sd.
2075 4715 2138 4743 ¹⁹¹
2171 4725 2265 4765 ora
2299 4715 2348 4762 7.
2380 4715 2413 4763 9
2435 4715 2605 4762 —l2.
2681 4715 2751 4744 ’ν’
2783 4717 3110 4777 occupantes
3167 4721 3292 4760 nam
3347 4715 3478 4759 Met-

590 4772 944 4825 ”31'otl;ertns
972 4772 1020 4822 7.
1051 4772 1331 4826 rodhcrtns
1351 4773 1403 4826 8.
1426 4775 1737 4830 rohertus4.
1759 4777 2032 4832 rutbertns
2062 4772 2146 4834 11.
2175 4781 2260 4833 l2.
2287 4780 2594 4833 rothbcrtus
2619 4778 2702 4832 lO.
2727 4781 2976 4835 rubcrtns
3004 4779 3086 4833 5c.
3111 4793 3161 4832 e.
3195 4829 3201 4835 ,
3237 4774 3308 4809 ³⁸⁵
3329 4790 3478 4829 mar-

1140 4841 1211 4872 ²⁹⁵
1245 4842 1523 4898 rannull'us
1567 4845 1616 4898 1.
1651 4845 1703 4898 5.
1746 4846 1799 4899 4.
1828 4821 2149 4903 raunlfns.5.
2195 4850 2260 4904 6?
2305 4849 2561 4903 ratnolfns
2590 4859 2636 4902 et
2665 4821 2964 4906 rami-iullqu
2993 4849 3047 4902 2.
3093 4829 3386 4901 rarnnolfus
3421 4845 3476 4899 8.

1233 4913 1299 4990 Ψ
1327 4914 1496 4990 super
1519 4915 1737 4990 _i_rruunt
1775 4919 1825 4990 l_.
1863 4916 1918 4970 2.
2080 4920 2150 4950 ²⁹⁸
2181 4920 2516 4990 reperierunt
2547 4921 2595 4970 1.
2629 4919 2682 4990 5.
2719 4922 2989 4990 reperiere
3024 4919 3078 4971 2.
3111 4916 3163 4970 5.
3206 4914 3479 4990 reperiunt

1699 4987 1982 5059 sociosque
2036 4990 2149 5059 ejus
2184 4992 2215 5044 7
2237 4987 2307 5031 ὲ·-
2330 4990 2414 5043 l2.

1841 5056 2217 5115 ""commissa
2248 5071 2302 5115 et
2325 5060 2377 5114 5.

2493 4568 2561 4600 ³⁸⁷
2601 4585 2652 4622 a.
2691 4570 2742 4624 d.
2774 4570 2811 4633 i,
2849 4569 2972 4625 867.
3006 4566 3161 4622 codd.
3189 4567 3241 4620 3.
3271 4565 3324 4619 8.
3354 4565 3478 4619 9—6

2285 4679 2298 4692 .
2341 4639 2735 4707 herisposios5.
2761 4639 3086 4708 hicrispoius
3115 4639 3166 4692 7.
3245 4634 3477 4708 menius

2075 4709 2138 4777 ῗ⁹¹
2171 4725 2265 4765 ora
2299 4709 2348 4762 7.
2380 4710 2413 4763 9
2435 4703 2605 4762 —'l2.
2681 4710 2751 4744 ¹⁹²
2783 4703 3110 4777 occupantes
3167 4721 3296 4777 nam
3347 4703 3479 4759 Met-

2519 4989 2588 5021 ³⁰¹
2643 4982 2904 5060 impetum
2961 4988 3213 5060 fecerunt
3230 4983 3282 5036 5-
3331 4982 3384 5036 5-
3422 4983 3474 5036 ϐ·

2455 5061 2525 5092 ³⁰⁶
2559 5055 2737 5128 capite
2760 5074 2993 5117 maerore
3019 5057 3070 5109 4.
3147 5055 3213 5128 "'f
3237 5067 3481 5128 gressum

244 5129 370 5171 aeest
396 5117 485 5176 5d.
559 5121 626 5154 ³⁰⁸
651 5119 872 5175 multum
898 5121 948 5174 l.
1025 5121 1094 5153 “9
1131 5121 1257 5190 hug.
1277 5125 1331 5178 5.
1408 5125 1480 5157 ³¹⁶
1509 5126 1649 5180 oudo
1675 5127 1832 5182 9.11.
1864 5127 1968 5180 udo
1997 5129 2048 5182 5.
2080 5131 2202 5184 6.7.
2238 5133 2322 5187 10.
2399 5128 2465 5165 ³¹¹
2497 5132 2549 5186 id
2581 5117 2640 5184 5:
2714 5129 2786 5166 ³η
2814 5132 3168 5189 beneventum
3187 5117 3404 5176 4.'5c.e.
3424 5119 3479 5176 8.

1770 5236 2002 5295 NOTAE.

260 5391 268 5397 ’
310 5377 418 5430 ’⁸οῩ
447 5391 692 5440 4η¹²¹¹¹¹¹α
716 5393 806 5436 ﬂ“;
830 5406 980 5438 "0""!
1008 5408 1164 5438 sum“
1218 5408 1398 5438 "“"“m
1425 5395 1681 5448 videlicet
1709 5409 1801 5453 aut
1829 5344 1884 5404 Β
1983 5393 2094 5464 (52)
2119 5396 2220 5452 An.
2249 5399 2373 5454 863.
2397 5398 2479 5453 Cf.
2522 5397 2665 5450 Ann.
2699 5394 2851 5451 Ben.

2959 5459 3000 5466 _-
3043 5458 3053 5466 ι
3079 5457 3089 5466 ι
3260 5454 3359 5466 ΛΔ-
