3958 5540
431 375 501 444 95
1486 379 1850 442 REGINONIS
1887 378 2299 440 PRUMIENSIS
2337 371 2626 437 ABBATIS
3627 367 3708 436 96

431 514 524 556 res
564 497 709 570 regni
739 514 843 554 non
875 495 1206 560 sufﬁcerent,
1237 495 1304 551 ad
1337 496 1672 552 lllotharium
1691 498 1758 536 ιιι
1782 495 2005 550 fratrem
2037 497 2084 556 Α
2113 493 2342 547 domnus
2371 491 2618 547 Nicolaus
2643 491 2711 545 ab
2739 489 2842 546 hac
2871 487 3275 562 lachrymarum
3301 485 3438 546 valle
3463 501 3706 548 vocante

439 591 492 646 in
524 589 726 646 Gallias
755 589 956 661 legatos
996 589 1184 653 mittit,
1215 589 1436 644 omnino
1471 603 1805 660 exposcens,
1840 594 1897 640 ut
1943 585 2010 639 ad

439 681 1044 752 praefatte'neqnissimzc
1075 679 1250 751 gentis
1284 681 1426 734 vires
1455 680 1829 734 extenuandas
1851 677 2016 731 auda-

442 770 688 839 ciamque
740 771 1117 825 refrenandam
1151 771 1251 824 sibi
1285 787 1406 824 cum
1445 770 1535 824 De}
1560 770 1784 834 auxilio,
1813 771 2017 823 virtute

442 877 652 930 quoque
682 859 1012 918 Francorum
1041 902 1056 926 ,
1083 861 1460 932 opitularetur.
1491 861 1593 928 Qui
1627 861 1758 916 nihil
1793 871 2017 916 cmicta-

446 961 550 1016 tus,
587 952 883 1008 exercitum
935 969 1056 1008 cum
1096 954 1299 1024 ingenti
1351 954 1610 1008 industria
1661 953 2016 1022 undequaqne

445 1044 731 1109 contrahit,
773 1043 1032 1115 fratrique
1057 1057 1262 1116 quanta
1297 1045 1469 1116 potuit
1513 1045 1799 1100 celeritate
1840 1046 1892 1099 in
1921 1045 2015 1100 ad-

438 1134 698 1204 jntorium
740 1135 904 1190 venit.
934 1135 1035 1190 Ubi
1080 1135 1305 1205 plurima
1346 1135 1484 1190 bella
1513 1147 1666 1206 gesta
1705 1144 1862 1199 sunt,
1911 1149 2016 1188 non

443 1225 612 1279 solum
632 1225 864 1290 fortiter,
884 1227 978 1281 sed
1003 1227 1162 1280 etiam
1195 1226 1440 1289 feliciter,
1465 1226 1572 1280 Deo
1601 1242 1757 1296 opem
1788 1225 2018 1290 ferente,

446 1316 586 1371 inter
617 1319 730 1374 lucc
764 1320 1037 1374 exercitus
1067 1319 1332 1373 Hlotharii
1364 1319 1510 1389 gravi
1550 1329 1700 1388 peste
1723 1317 2022 1388 fatigatur;

445 1424 510 1464 ex
541 1409 652 1482 (56)
683 1411 887 1466 insueto
914 1413 1108 1481 quippe
1135 1412 1312 1466 calore
1335 1423 1389 1466 et
1413 1413 1728 1482 intemperie
1755 1411 1895 1464 aeris
1915 1410 2024 1465 dis—

449 1501 673 1564 solutus,
706 1504 1026 1572 dysenteriae
1057 1505 1137 1558 vel
1177 1505 1436 1560 lienteria:
1476 1506 1543 1538 3“
1577 1506 1764 1560 morbo
1793 1503 2020 1574 corripi-

450 1601 557 1656 tur,
590 1609 654 1646 ex
677 1609 779 1662 qua
808 1594 960 1666 plaga
1004 1597 1416 1652 innumerabilis
1448 1597 1735 1652 multitudo
1779 1597 2022 1652 extincta

449 1693 560 1749 est;
603 1684 817 1755 plurimi
855 1689 1018 1742 etiam
1051 1705 1371 1744 aranearum
1402 1691 1473 1730 ³¹⁸
1524 1692 1792 1746 morsibus
1841 1691 2024 1761 perie-

450 1787 592 1841 runt,
621 1788 674 1831 nt
698 1778 807 1849 jam
836 1789 960 1835 tunc
984 1783 1202 1837 daretur
1223 1784 1472 1856 intelligi,
1504 1786 1645 1855 quod
1675 1794 1896 1855 propter
1926 1784 2019 1838 du-

2117 581 2333 637 Christo
2360 583 2685 646 decesserit,
2726 598 2849 637 cum
2879 583 3084 637 sanctis
3111 591 3171 637 ut
3195 582 3466 637 credimus
3495 583 3711 637 intesti-

2119 673 2390 728 mabiliter
2436 660 2791 728 coronandus.
2825 673 2939 728 Nec
2984 672 3193 739 differt,
3229 681 3290 727 ut
3323 674 3502 728 omnis
3551 675 3710 730 chri-

2121 765 2295 820 stiana
2330 766 2517 837 religio
2558 768 2622 821 dc
2664 775 2813 821 tanto
2841 767 3094 838 pontiﬁce
3119 766 3325 832 doleat,
3356 768 3494 822 etm
3524 768 3718 823 omnis

2123 861 2254 914 ordo
2299 860 2780 915 ecclesiasticusm
2825 860 2890 915 de
2919 860 3339 931 prudentissimo
3368 876 3508 932 papa
3552 862 3713 930 inge-

2125 952 2347 1015 miscat;
2404 966 2591 1006 revera
2658 966 2755 1006 nos
2806 952 2982 1022 potius
3029 951 3322 1019 deflemus,
3371 953 3462 1022 qui
3508 967 3717 1007 causas

2125 1050 2326 1096 nostra:
2353 1041 2632 1096 calumnia:
2659 1051 2712 1096 et
2753 1041 3124 1098 fraudulentas
3146 1044 3462 1099 aemulorum
3489 1052 3721 1098 nostro-

2128 1147 2246 1186 rum
2285 1133 2649 1202 querimonias
2701 1141 2809 1187 tam
2860 1133 3093 1203 benigno
3141 1134 3283 1204 patri
3327 1134 3602 1204 aequitatis
3642 1149 3719 1190 ac

2121 1223 2344 1294 justiti-ae
2380 1224 2532 1280 lance
2563 1225 2936 1295 ponderandas
2977 1242 3042 1281 ac
3087 1227 3524 1283 determinandas
3540 1226 3616 1260 ³³⁸
3640 1228 3718 1282 ad

2129 1325 2341 1386 tempus
2378 1325 2433 1371 et
2469 1317 2521 1370 in
2551 1327 2704 1386 parte
2743 1317 3143 1384 commisimus;
3191 1318 3318 1384 sed,
3367 1319 3511 1388 quod
3553 1319 3721 1388 lugu-

2129 1408 2382 1463 briterm
2433 1408 2788 1478 replicamus,
2837 1407 2953 1479 plus
2993 1411 3133 1479 apud
3175 1410 3518 1466 sanctitatem
3565 1410 3720 1465 illius

2130 1499 2347 1553 valuere
2377 1507 2684 1553 nostrorum
2702 1499 2770 1530 δ”
2801 1499 3143 1554 inimicorum
3172 1500 3381 1555 insidia:
3407 1509 3462 1555 et
3487 1499 3722 1555 simula-

2133 1599 2199 1646 ta:
2225 1591 2602 1662 deceptiones,
2629 1607 2790 1661 quam
2820 1602 3004 1647 nostra
3035 1591 3260 1662 simplex
3285 1603 3342 1646 et
3364 1608 3496 1662 pura
3525 1591 3724 1648 defen-

2131 1683 2228 1739 sio.
2258 1683 2366 1739 Nos
2393 1684 2536 1738 enim
2568 1683 2764 1739 litteris
2792 1692 2847 1738 et
2881 1674 3060 1738 verbis
3087 1683 3456 1738 indesinenter
3493 1681 3720 1753 procla-

2131 1785 2344 1831 mantes
2372 1786 2426 1830 et
2457 1775 2684 1832 diversis
2724 1774 3080 1846 legationibus
3127 1775 3320 1830 eadem
3369 1782 3675 1844 repetentes
3696 1813 3717 1839 ,

449 1868 624 1922 ritiam
672 1869 872 1941 [cordis
910 1873 1186 1946 8—12]et
1223 1893 1316 1932 ροι-
1354 1879 1703 1948 ίιηρωιιῑιυηε
1745 1879 1887 1933 Deus
1916 1893 2022 1934 non
2059 1883 2102 1940 Β
2131 1869 2413 1924 hmniliter
2443 1869 2860 1938 postulavimus,
2895 1878 2953 1923 ut
2976 1878 3146 1924 noset
3167 1877 3514 1923 accusatores
3540 1867 3720 1923 nostri

448 1957 621 2012 solum
662 1959 962 2028 Hlothario,
1009 1981 1194 2019 verum
1221 1966 1383 2020 etiam
1415 1969 1560 2022 omni
1587 1983 1750 2038 regno
1776 1967 1892 2038 ejus
1921 1969 2020 2023 ad-

447 2059 775 2106 versaretur.
813 2052 1122 2110 Revertitur
1151 2057 1334 2127 itaque
1374 2059 1426 2112 in
1460 2059 1748 2113 Franciam
1773 2074 1879 2114 non
1907 2059 2024 2114 sine

449 2141 618 2210 gravi,
661 2149 720 2195 ut
747 2140 948 2197 dictum
987 2153 1089 2209 est,
1121 2147 1399 2217 dispendio
1425 2164 1665 2202 suorum.

1037 2237 1438 2295 DCCCLXVHI.

522 2326 676 2382 Anno
717 2328 1007 2385 Dominica:
1049 2332 1435 2390 incarnationis
1456 2333 1560 2390 868
1593 2333 1864 2401 Nicolaus,
1897 2351 2024 2392 san-

452 2415 727 2473 ctissimus
747 2429 797 2474 ct
817 2421 1158 2478 beatissimus
1174 2440 1331 2496 papa,
1347 2437 1468 2496 post
1487 2427 1680 2482 multos
1696 2443 1794 2498 pro
1810 2428 2026 2484 Christo

451 2506 661 2566 labores
674 2521 726 2566 et
740 2525 859 2583 post
880 2515 1118 2570 multam
1132 2533 1229 2587 pro
1252 2531 1455 2576 sancta:
1470 2520 1711 2576 ecclesia:
1727 2521 1780 2574 in
1791 2521 2034 2577 violabili-

449 2611 587 2658 statu
613 2609 927 2674 certamina,
949 2611 1201 2681 migravit
1229 2611 1338 2684 (57)
1367 2613 1432 2668 ad
1465 2613 1704 2670 cwlestia
1726 2630 1889 2686 regna
1909 2656 1923 2681 ,
1950 2630 2028 2670 rc-

450 2705 705 2764 cepturus
718 2713 816 2768 pro
829 2700 1205 2756 administrata
1224 2701 1456 2757 ﬁdeliter
1471 2704 1571 2759 sibi
1587 2705 1792 2760 credita
1813 2704 2028 2774 dispen-

450 2786 656 2840 satione
678 2803 707 2840 a
732 2788 1033 2858 largissimo
1060 2791 1288 2848 Domino
1315 2794 1815 2851 immarcescibilem
1842 2796 2026 2868 gloria:

451 2894 705 2935 coronam
740 2900 754 2935 :
796 2885 862 2938 de
889 2885 1041 2955 cujus
1069 2887 1176 2942 Deo
1202 2887 1413 2956 placitis
1445 2889 1653 2945 actibus
1683 2889 1832 2960 plura
1875 2901 2026 2962 pote-

453 2979 576 3023 rant
600 2972 703 3025 diei
734 2973 901 3027 relatu
927 2975 1086 3045 digna
1107 3018 1120 3042 ,
1149 2978 1249 3032 nisi
1279 2978 1531 3034 brevitati
1559 2981 1868 3047 studentes,
1899 2998 2029 3038 cau-

367 3055 372 3070 '
452 3077 540 3117 sas
572 3079 751 3119 rerum
810 3068 978 3137 magis
1031 3072 1339 3125 summatim
1399 3081 1586 3128 notare
1635 3089 1796 3144 quam
1848 3074 2030 3145 expla-

453 3155 670 3208 nare'”
699 3159 1183 3227 proposuissemus.
1218 3162 1456 3233 Denique
1485 3173 1602 3234 post
1641 3165 1854 3219 beatum
1896 3167 2031 3220 Gre-

453 3249 660 3316 gorium
692 3265 858 3318 usque
900 3251 952 3304 in
996 3268 1234 3321 praesens
1265 3231 1437 3309 nullus
1468 3231 1662 3325 praesul
1707 3255 1761 3310 in
1790 3254 2032 3310 Romana
2057 3231 2101 3292 ο

455 3336 587 3391 urbe
613 3339 904 3406 pontiﬁcali
945 3342 1146 3398 honore
1175 3345 1496 3401 sublimatus
1525 3346 1598 3401 illi
1628 3347 1838 3402 videtur
1867 3349 2033 3418 mqui-

454 3432 747 3499 parandus.
786 3434 1023 3506 Regibus
1046 3452 1108 3492 ac
1136 3439 1376 3509 tyrannis
1405 3439 1719 3509 imperavit,
1754 3441 1941 3512 eisque
1970 3458 2034 3498 ac

454 3522 500 3577 si
529 3523 778 3580 dominus
821 3527 966 3582 orbis
998 3537 1260 3583 terrarmn
1294 3531 1616 3585 auctoritate
1642 3531 1887 3601 praafuit;
1921 3533 2033 3602 epi-

456 3617 630 3685 scopis
656 3626 710 3672 et
735 3619 1104 3676 sacerdotibus
1135 3623 1400 3693 religiosis
1439 3639 1504 3679 ac
1530 3625 1739 3680 Domini
1781 3627 2031 3681 mandata

457 3709 868 3764 observantibus
899 3711 1112 3769 humilis
1131 3754 1146 3779 ,
1174 3714 1431 3781 blandus,
1456 3717 1694 3786 piusm,
1723 3728 2034 3776 mansuetus

457 3800 731 3866 apparuit,
764 3801 1078 3871 irreligiosis
1109 3814 1163 3859 et
1193 3821 1222 3858 a
1254 3815 1404 3862 recto
1439 3809 1654 3864 tramite
1681 3811 2036 3867 exorbitanti-

456 3889 557 3943 bus
603 3889 858 3944 terribilis
915 3903 1076 3961 atque
1128 3896 1443 3951 austeritate
1484 3898 1673 3967 plenus
1718 3901 1927 3967 eXtitit,
1978 3911 2037 3956 ut

459 3979 652 4032 merito
679 3981 931 4034 credatur
949 3981 1084 4037 alter
1113 3983 1294 4041 Helias
1312 4027 1325 4052 ,
1356 3985 1466 4042 Deo
1487 3991 1810 4057 suscitante,
1837 3993 2033 4048 nostris

459 4069 511 4122 in
547 4072 875 4141 temporibus
918 4078 1410 4147 exsurrexisse’”,
1441 4090 1496 4135 et
1530 4082 1574 4136 si
1617 4097 1722 4137 non
1769 4098 2031 4154 corpore,

461 4175 636 4221 tamen
663 4169 853 4238 spiritu
886 4179 940 4225 et
972 4171 1169 4227 virtute
1184 4171 1276 4228 ⁸²⁰.
1869 4240 1874 4249 ,

529 4257 665 4313 Huic
685 4261 1040 4318 sanctissimae
1070 4265 1342 4320 memoriae
1369 4267 1482 4322 viro
1506 4266 1774 4325 Adrianus
1811 4269 1864 4324 in
1896 4285 2034 4341 pon-

460 4349 662 4404 tiﬁcatu
713 4356 992 4410 successit.
1042 4355 1195 4423 Quod
1230 4374 1351 4414 cum
1389 4360 1700 4419 Hlotharius
1749 4379 1844 4419 rex
1885 4374 2033 4420 certa

459 4441 805 4497 relationem
854 4449 1249 4522 comperisset,
1283 4453 1332 4505 ei
1370 4453 1495 4506 talia
1547 4456 1746 4524 scripta
1789 4457 1985 4510 direxit
2017 4475 2030 4511 :

2125 1964 2279 2034 juxta
2311 1965 2520 2020 divinas
2554 1973 2610 2018 et
2653 1965 2916 2019 lmmanas
2945 1963 3091 2034 leges
3119 1963 3201 2018 sui
3241 1961 3589 2033 pontillcii‘“
3616 1976 3724 2016 au-

2131 2053 2387 2108 dientiam
2421 2068 2776 2117 mercrcmur,
2810 2061 2870 2106 ut
2911 2053 3051 2107 ratio
3085 2052 3274 2118 docet,
3303 2061 3544 2106 nostram
3578 2066 3723 2121 pne-

2131 2143 2359 2200 sentiam
2404 2143 2708 2198 exhibendo
2749 2160 2764 2196 :
2809 2143 2905 2197 sed
2946 2156 3159 2212 semper
3205 2141 3406 2212 repulsi
3447 2156 3659 2196 sumus.
3693 2159 3714 2192 ι
3779 2200 3790 2212 λ

2132 2232 2283 2287 Ει³³⁸
2318 2241 2440 2303 post
2485 2247 2702 2302 pauca:
2743 2249 2762 2283 ι
2795 2231 2899 2287 Sed
2947 2231 3074 2301 quia
3136 2231 3278 2286 Deus
3339 2232 3720 2300 omnipotens,

2131 2323 2380 2394 princeps
2411 2333 2687 2394 pastorum
2706 2363 2720 2388 ,
2753 2324 2806 2377 in
2835 2323 2922 2377 illa
2955 2332 3144 2379 sancta
3173 2323 3302 2379 sede
3329 2323 3494 2378 vestri
3533 2324 3717 2393 ponti-

2132 2415 2324 2469 licatus
2361 2414 2570 2484 apicem
2624 2413 2958 2478 sublimavit,
3009 2414 3054 2468 si
3106 2425 3314 2485 tempus
3348 2413 3721 2479 arriserit'",

2131 2513 2370 2559 vestrum
2401 2504 2772 2574 multipliciter
2817 2504 3187 2560 desideramus
3231 2513 3612 2575 conspectum,
3665 2513 3724 2560 et

2133 2595 2408 2651 vestris’“
2439 2596 2550 2652 Deo
2576 2595 2750 2667 dignis
2771 2595 3000 2650 animari
3027 2596 3311 2667 colloquiis
3330 2637 3345 2662 ,
3369 2611 3434 2651 ac
3459 2595 3722 2651 melliﬁua

2132 2690 2508 2746 benedictione
2546 2688 2822 2759 poliri’".
2861 2709 2878 2742 ι
2913 2688 2980 2743 Et
3015 2689 3070 2743 in
3103 2690 3208 2744 ﬁne
3237 2689 3405 2760 ipsius
3430 2687 3674 2759 epistolae
3702 2706 3717 2742 :

2139 2803 2158 2836 ι
2190 2782 2399 2837 Interea
2433 2782 2607 2836 modis
2632 2781 2883 2836 omnibus
2905 2781 3287 2846 obsecramus,
3332 2789 3391 2834 ut
3435 2781 3502 2835 de
3537 2789 3722 2834 vestra

2133 2875 2354 2945 optabili
2384 2875 2746 2945 prosperitate
2775 2872 2969 2929 litteris
2997 2874 3194 2928 vestris
3219 2873 3592 2928 celsitudinem
3623 2886 3723 2927 no-

2135 2979 2304 3024 stram
2335 2977 2538 3022 certam
2569 2967 2856 3023 reddentes
2875 3007 2890 3032 ,
2919 2983 3058 3023 cara:
3087 2967 3365 3024 ﬁliationis
3395 2981 3593 3022 munus
3623 2981 3720 3022 no-

2131 3059 2216 3115 bis
2247 3058 2696 3130 impartirim-1m
2729 3059 3038 3130 dignemini.
3087 3078 3106 3112 ι

2205 3175 2285 3229 Ad
2313 3176 2424 3230 haec
2446 3175 2788 3244 supradictus
2813 3189 2949 3246 papa
2983 3174 3296 3245 rescripsit,
3327 3174 3509 3231 sedem
3540 3175 3718 3232 sancti

2135 3266 2279 3321 Petri
2323 3281 2538 3336 semper
2566 3275 2811 3336 paratam
2851 3279 2970 3320 esse
3009 3265 3227 3337 dignam
3291 3265 3718 3322 satisfactionem

2134 3358 2404 3427 suscipere
2433 3357 2528 3422 ³³⁸,
2577 3371 2676 3412 nec
2722 3357 2865 3428 quod
2920 3357 3113 3413 divina:
3163 3357 3520 3428 humanaeque
3569 3359 3720 3430 leges

2127 3447 2272 3518 juste
2299 3449 2627 3514 decernunt,
2653 3463 2889 3518 unquam
2912 3449 3207 3518 repulisse;
3240 3450 3421 3520 itaque
3448 3449 3492 3505 si
3527 3464 3589 3505 se
3618 3450 3722 3504 im-

2134 3554 2349 3594 munem
2381 3539 2449 3594 ab
2479 3539 2705 3610 objectis
2736 3539 2932 3605 sciret,
2962 3554 3084 3594 cum
3130 3540 3275 3595 omni
3308 3541 3502 3596 ﬁducia
3532 3541 3721 3597 sedem

2134 3633 2485 3702 apostolicam
2535 3641 2813 3704 oporteret
2843 3634 3022 3700 adire,
3055 3643 3116 3689 ut
3153 3635 3450 3706 expetitam
3495 3635 3723 3691 benedi-

2135 3726 2366 3782 ctionem
2396 3727 2727 3796 perciperet;
2753 3725 2800 3780 si
2823 3733 3002 3780 autem
3029 3725 3242 3796 culpam
3272 3737 3716 3797 recognosceret,

2135 3817 2486 3872 nihilominus
2535 3817 2737 3885 absque
2791 3815 3129 3872 haasitattone
3165 3817 3353 3872 venire
3401 3816 3719 3886 festinaret,

2135 3911 2399 3982 condigna
2437 3909 2768 3980 pmnitcntiae
2807 3909 3041 3964 remedia
3090 3918 3460 3980 suscepturus.

2143 4048 2147 4052 .
2207 4001 2302 4056 His
2334 4001 2662 4072 temporibus
2689 3999 2799 4072 (58)
2826 4014 2957 4069 gens
2980 3997 3358 4071 Vulgarumm
3381 3999 3718 4055 ferocissima

2137 4109 2201 4148 ac
2227 4093 2515 4158 bellicosa,
2551 4091 2756 4148 relictis
2804 4091 2959 4147 idolis
3007 4091 3504 4162 abrenuntiatisque
3547 4093 3720 4163 genti-

2134 4186 2265 4241 lium
2297 4184 2800 4255 superstitionibus,
2829 4183 2882 4239 in
2905 4181 3181 4240 Christum
3200 4199 3264 4239 ex
3287 4185 3624 4255 permaxima
3647 4183 3717 4217 ³³¹
3799 4193 3802 4195 ‘

2134 4291 2287 4349 parte
2311 4277 2570 4340 credidit,
2615 4284 2669 4330 et
2695 4275 2876 4330 abluta
2907 4275 3131 4331 salutari
3175 4275 3517 4346 baptismatis
3547 4276 3713 4344 unda,

2135 4372 2189 4426 in
2224 4371 2534 4440 religionem
2567 4369 2918 4424 Christianam
2949 4369 3186 4424 transiit.
3227 4369 3430 4425 Directi
3463 4377 3592 4424 sunt
3623 4385 3720 4424 au-

2140 4473 2247 4518 tem
2282 4477 2312 4515 a
2342 4462 2469 4515 sede
2494 4459 2784 4529 apostolica
2818 4461 2870 4514 in
2897 4461 3123 4516 eandem
3161 4469 3376 4532 gentem
3404 4460 3718 4516 sacerdotes

466 4548 485 4581 ι
504 4530 754 4642 lln‘fausta
787 4535 974 4590 relatio
1003 4549 1061 4637 et
1080 4539 1384 4612 inambigua
1404 4543 1473 4588 ".’
1499 4546 1762 4642 hactenus
1786 4561 2028 4612 manens,
2059 4582 2112 4642 υ
2136 4565 2200 4604 ac
2228 4550 2330 4603 viri
2360 4549 2598 4619 religiosi
2623 4548 2735 4618 (59)
2759 4589 2773 4613 ,
2804 4550 2893 4619 qui
2925 4530 3186 4620 populum
3213 4551 3389 4606 adhuc
3417 4550 3604 4604 rudem
3633 4550 3720 4604 di-

460 4631 522 4675 ut
548 4621 621 4676 ita
650 4624 923 4691 dicamus,
952 4627 1151 4682 acriter
1187 4639 1379 4685 nostrae
1425 4634 1734 4689 serenitatis
1765 4643 2034 4690 transver-

462 4717 670 4771 beravit
700 4732 887 4787 aures,
928 4721 1226 4781 intimando
1255 4728 1398 4796 quod
1430 4730 1600 4785 beata:
1646 4732 2033 4789 recordationis

2136 4641 2276 4696 vinis
2303 4640 2657 4694 informarent
2685 4642 2967 4711 praeceptis
2985 4682 3000 4706 ,
3032 4651 3088 4697 et
3117 4642 3376 4698 incultam
3403 4643 3715 4698 barbariem

2140 4730 2310 4787 sacris
2335 4729 2672 4801 dogmatibus
2694 4730 3001 4788 excolentes
3017 4771 3033 4798 ,
3077 4731 3291 4788 Christo
3312 4741 3522 4802 gratum
3560 4732 3719 4788 habi-

1771 4843 2001 4901 VARIE
2033 4839 2410 4900 LECTIONES

532 4939 602 4972 ³¹³
623 4940 948 5018 higtharinm
972 4946 1111 5003 deest
1137 4949 1188 5004 5.
1258 4950 1326 4984 m
1347 4952 1633 5011 clienteria:
1665 4957 1817 5012 1-5.
1836 4958 1887 5013 5.
1905 4957 2094 5014 7-12.
2119 4956 2409 5012 elienterire
2437 4954 2489 5008 4.
2559 4955 2630 4988 ³¹⁸
2651 4957 2959 5014 araniarum
2982 4975 3119 5014 corr.
3148 4975 3177 5014 a
3210 4976 3461 5017 ranarum
3493 4962 3544 5017 l.
3572 4978 3603 5018 a
3630 4980 3713 5018 ra-

461 5025 650 5097 narum
672 5013 723 5066 5.
787 5014 856 5096 ξ¹⁶
878 5025 940 5097 et
958 5020 1266 5097 post‘mnlta
1290 5026 1475 5097 1.5.et
1495 5035 1612 5096 post
1631 5028 1768 5083 deest
1789 5030 1841 5082 2.
1861 5033 1913 5083 τί.
1930 5013 2030 5085 5d.
2076 5029 2144 5060 ³¹⁷
2165 5027 2434 5097 explicare
2457 5026 2509 5079 4.
2574 5027 2642 5058 ³⁸⁸
2662 5043 2716 5096 p.
2750 5044 2815 5083 ac
2836 5013 3119 5084 m.’7-V-l’2.
3154 5013 3708 5089 "sii‘i-‘és'tiiieiisées.

461 5085 888 5161 caresurrexiss'e
909 5085 969 5140 ἓξ
1041 5089 1109 5164 ³ξ⁰
1134 5100 1191 5145 ut
1212 5096 1403 5149 merito
1433 5085 1590 5164 usque
1623 5099 1818 5150 Vil‘lllln
1844 5101 1983 5148 Αρρςι
2013 5100 2043 5138 Α

464 5168 561 5204 ηιει
599 5166 960 5208 αναιιηιρηιιιηι
993 5163 1214 5212 ,σείει-[ην
1263 5167 1313 5198 .‘n
1351 5165 1369 5193 ι

2095 5125 2100 5130 -
2141 5099 2207 5130 ³²¹
2239 5096 2385 5147 horta
2414 5096 2669 5146 relation"
2706 5099 2843 5144 deos!
2875 5101 2905 5146 7
2929 5131 2998 5139 -
3020 5101 3107 5150 42.
3144 5101 3395 5158 Rpistolre
3420 5105 3586 5174 Imjus
3605 5123 3708 5159 non

3619 5192 3634 5196 ,
3649 5191 3714 5222 ,ιο
