3958 5564
473 397 577 462 103

1528 396 1896 456 REGINONIS
1934 395 2356 455 PRUMIENSIS
2392 396 2689 456 ABBATIS

3648 404 3755 462 104

471 525 531 572 et
569 510 937 569 calamitatum
983 509 1051 546 ⁸⁵⁸
1083 523 1305 567 suarum
1340 525 1611 568 aerumnas
1646 513 1786 583 apud
1825 527 1948 568 eum
1981 512 2061 567 lu-
2088 521 2136 580 Α
2164 527 2300 583 quas
2328 520 2608 584 receperat
2632 512 2799 581 locat,
2828 521 2885 571 et
2921 513 3001 572 sic
3027 513 3391 575 Beneventum
3422 517 3492 553 δ⁸¹
3524 523 3755 593 prolici-

474 610 717 684 gubriter
735 607 1020 678 deplorans
1048 604 1119 638 “'
1143 623 1157 673 ;
1192 606 1280 663 ille
1310 607 1657 664 miseratione
1691 617 1887 673 motus,
1916 608 2054 662 Abs-

475 710 755 758 ternacmn
778 699 847 731 ⁸⁸³
874 698 983 771 (66)
1001 699 1391 756 monasterium
1412 701 1583 757 sancti
1608 699 1939 756 Willibrordi
1963 700 2055 766 ⁸³⁸,

474 796 524 853 ei
564 794 632 849 ad
667 793 960 850 subsidium
1006 792 1130 849 vita;
1181 794 1466 863 pmsentis
1500 794 1790 859 concessit,
1818 793 1910 849 ubi
1951 808 2060 850 non

475 886 644 947 multo
670 895 792 958 post
814 895 1054 957 tempore
1084 894 1329 942 mortuus
1359 893 1440 941 est
1467 894 1521 941 et
1543 883 1787 956 sepultus
1808 883 1902 939 “'.

1066 975 1449 1046 lDCCCLXXl.

542 1075 699 1131 Anno
727 1072 1023 1130 Dominica:
1052 1070 1443 1128 incarnationis
1493 1069 1596 1128 87l
1648 1070 1916 1126 Adrianus
1946 1068 2058 1141 (67)

470 1182 610 1240 papa
640 1165 893 1238 migravit
918 1164 985 1220 ad
1007 1164 1311 1231 Dominum,
1337 1171 1392 1219 et
1417 1161 1693 1219 Jobanues
1713 1163 1907 1218 summi
1929 1177 2062 1233 pon-

473 1258 626 1316 tilicii
655 1258 866 1314 culmen
896 1256 968 1288 m
993 1256 1218 1328 adeptus
1248 1263 1350 1313 est.

545 1348 641 1406 His
670 1349 863 1405 diebus
890 1348 1209 1419 Adalgisus,
1252 1347 1360 1404 dux
1390 1346 1818 1410 Beneventanus,
1842 1344 2059 1402 Ganeo—

473 1456 593 1498 rum
646 1439 1088 1513 persuasionibus
1129 1447 1449 1510 corruptus,
1491 1439 1752 1495 adversus
1791 1437 2064 1493 Hludowi-

474 1546 600 1589 cum
630 1531 1005 1603 imperatorem
1042 1545 1257 1586 manum
1295 1529 1509 1586 levavit.
1545 1530 1752 1586 Etenim
1785 1528 1901 1601 ejus
1936 1530 2063 1584 hor-

474 1630 588 1679 tatu
611 1620 853 1694 plurimae
873 1621 1121 1678 civitates
1144 1620 1545 1691 provinciarum
1582 1620 1809 1683 Samnii,
1832 1618 2065 1690 Campa-

474 1712 579 1769 nia:
607 1722 661 1768 et
703 1711 951 1769 Lucanire
976 1727 1006 1767 a
1037 1711 1351 1771 Hludowico
1393 1710 1724 1775 recedentes,
1748 1708 2063 1766 Grzecorum

474 1803 827 1861 dominationi
856 1819 914 1859 se
942 1803 1316 1861 subdiderunt.
1352 1801 1557 1869 Quibus
1587 1800 1849 1872 cognitis,
1893 1800 2069 1872 impe-

2162 604 2350 670 scitur,
2381 604 2470 660 ubi
2491 602 2880 677 aliquantisper
2906 606 3219 664 decreverat
3245 611 3542 668 immorari.
3574 614 3753 670 Exer-

2161 697 2300 753 citus
2317 694 2471 768 longa
2488 698 2768 753 civitatum
2792 698 3071 755 obsidione
3092 698 3372 773 fatigatus,
3398 704 3633 774 genitale
3665 721 3759 761 so-

2161 787 2272 844 lum
2293 790 2459 861 ctepit
2486 790 2762 862 suspirare
2781 830 2796 857 .
2823 799 2948 862 post
2975 806 3225 849 emensos
3253 792 3469 849 labores
3506 796 3753 864 quietem

2162 882 2472 939 desiderare
2505 880 2600 949 “’,
2624 881 2913 955 conjugum
2928 883 3002 918 “'
3022 899 3087 941 ac
3114 884 3406 942 liberorum
3431 886 3615 944 dulces
3635 903 3759 943 am-

2160 970 2351 1044 plexus
2376 970 2447 1004 ⁸⁸⁸
2476 980 2602 1027 ante
2628 972 2814 1028 oculos
2841 974 3038 1032 mentis
3071 976 3329 1032 reducere
3348 976 3445 1043 “',
3468 986 3524 1033 et
3552 978 3655 1033 hac
3687 994 3760 1035 ex.

2161 1077 2324 1119 causa
2366 1062 2620 1132 paulatim
2656 1064 2852 1120 cotidie
2890 1065 2962 1106 ⁸⁸⁸
2989 1064 3251 1123 difﬂuere.
3287 1067 3507 1125 Interim
3537 1070 3760 1141 Adalgic

2162 1170 2254 1211 sus
2276 1152 2368 1220 “',
2398 1162 2455 1209 ut
2495 1162 2615 1209 erat
2650 1154 2874 1212 callidus
2911 1157 3157 1231 ingenio.
3208 1160 3587 1231 imperatorem
3618 1161 3760 1218 allo.

2163 1247 2363 1318 quitur,
2392 1262 2491 1302 cur
2519 1247 2662 1303 vires
2691 1263 2934 1315 suorum,
2966 1251 3128 1308 nullis
3168 1253 3525 1310 existentibus
3547 1254 3760 1319 causis.

2163 1336 2503 1409 proﬂigaret,
2534 1353 2633 1394 cur
2660 1354 2820 1411 agros
2862 1340 3127 1413 villasque
3153 1359 3265 1399 suae
3290 1344 3480 1399 ditioni
3510 1345 3765 1401 subditas

2164 1428 2431 1486 hostiliter
2473 1430 2786 1503 depopulari
2827 1433 3196 1504 permitteret;
3245 1444 3558 1507 oporteret,
3606 1445 3669 1492 ut
3706 1444 3768 1493 et

2163 1519 2321 1577 fessis
2368 1530 2549 1594 optata
2597 1522 2753 1594 quies
2788 1525 3181 1583 concederetur
3227 1527 3316 1594 ⁸⁸⁸,
3360 1537 3416 1584 et
3444 1529 3595 1601 regio
3636 1545 3767 1600 qua:

2158 1610 2271 1684 jam
2298 1627 2435 1683 pene
2462 1610 2533 1646 “'
2570 1615 2849 1672 devastata
2876 1624 3015 1683 erat,
3045 1617 3333 1676 clementia
3359 1620 3627 1692 principis
3651 1620 3771 1676 sal-

2165 1709 2405 1758 varetur.
2446 1702 2643 1759 Flexus
2674 1703 2759 1761 his
2787 1706 3242 1778 suggestionibus,
3277 1709 3573 1781 imperator
3606 1726 3772 1767 exer—

2167 1794 2334 1850 citum
2359 1792 2432 1828 "'°
2477 1811 2576 1866 pro
2618 1797 2852 1853 maxima
2908 1806 3065 1869 parte
3094 1799 3325 1856 absolvit
3356 1809 3411 1856 et
3441 1803 3509 1857 ad
3539 1806 3769 1874 propria

474 1906 626 1953 rator
653 1897 704 1952 in
721 1896 998 1968 provincia
1030 1894 1327 1951 Samnitica
1353 1894 1423 1928 ⁸⁸⁸⁷
1453 1894 1750 1950 exercitum
1784 1893 2062 1959 transfert,
2093 1898 2141 1958 Β
2169 1887 2346 1943 redire
2372 1885 2442 1919 "“
2465 1887 2742 1957 permisit;
2773 1888 2891 1959 ipse
2913 1903 3037 1943 cum
3057 1888 3127 1922 ’⁵⁷⁸
3142 1891 3328 1961 paucis
3352 1891 3406 1945 in
3428 1892 3621 1947 eodem
3645 1892 3769 1948 loco

472 1991 742 2062 petiturus
766 1991 957 2046 harum
979 1989 1376 2061 provinciarum
1406 1995 1567 2059 caput
1587 1987 1953 2043 Beneventum
1969 1986 2062 2053 ⁸⁸⁸,

475 2081 796 2138 ditissimam
848 2089 905 2137 et
951 2080 1414 2152 opulentissimam
1454 2079 1751 2135 civitatem.
1782 2078 2068 2150 Adalgisus

477 2173 771 2231 adventare
797 2173 1094 2228 exercitum
1128 2172 1391 2238 sentiens,
1420 2172 1613 2226 timore
1643 2170 1964 2241 perterritus
1998 2171 2068 2226 ad

476 2264 670 2320 callida
693 2272 1007 2335 argumenta
1029 2263 1378 2330 convertitur,
1412 2272 1468 2319 et
1485 2262 1790 2318 Benevento
1815 2276 2067 2333 egressus

477 2355 791 2427 imperatori
816 2354 959 2411 ultro
983 2369 1042 2411 se
1064 2353 1242 2421 oll‘ert,
1270 2363 1519 2425 paratum
1547 2368 1605 2410 se
1625 2367 1745 2409 esse
1767 2362 1822 2408 et
1852 2367 2069 2424 semper

477 2446 645 2502 fuisse
694 2446 763 2502 ad
796 2444 914 2517 ejus
943 2445 1259 2516 obsequium
1291 2445 1598 2517 profitetur,
1648 2460 1941 2516 numquam
1969 2444 2064 2500 de-

475 2535 770 2594 fectoribus
795 2552 854 2593 se
882 2552 1164 2594 assensum
1192 2535 1262 2569 ⁸⁸⁸
1284 2534 1906 2609 ρι’ωδυίδεθὶιιι-ειιηθηιο
1938 2549 2067 2591 con-

477 2627 685 2696 ﬁrmat;
720 2629 912 2686 deinde
958 2628 1272 2685 muneribus
1312 2643 1492 2700 regem
1527 2627 1627 2684 sibi
1671 2628 1963 2692 conciliat,
2002 2643 2067 2684 ac

477 2736 602 2776 mox
636 2720 692 2776 in
736 2720 1021 2791 pristinam
1076 2718 1337 2788 recipitur
1370 2719 1619 2790 gratiam.
1661 2717 1964 2788 Imperator
2012 2719 2067 2773 in

477 2810 826 2880 (iatupaniam
846 2818 899 2864 et
926 2806 1220 2863 Lucaniam
1250 2807 1317 2862 ad
1342 2807 1590 2862 civitates
1614 2822 1735 2878 qua:
1756 2806 2069 2863 defecerant

479 2900 662 2970 copias
693 2899 1022 2971 transponit,
1069 2886 1204 2967 quas
1233 2898 1437 2968 absque
1483 2896 1795 2953 tliﬂicultate
1830 2899 1883 2952 in
1915 2898 2068 2953 dedi-

481 2991 682 3048 tionem
708 2992 927 3062 recepit,
956 2998 1185 3061 excepto
1214 2988 1285 3022 "°
1309 2989 1569 3060 Capuam,
1601 3005 1739 3061 quae,
1773 2991 1897 3061 quia
1930 3005 2066 3061 qua-

480 3084 580 3140 dro
602 3081 671 3116 ⁸³⁸
707 3081 884 3155 lapide
908 3090 1028 3139 erat
1056 3090 1388 3146 constructa,
1420 3081 1702 3137 audaciam
1734 3082 2066 3153 repugnandi

481 3174 690 3232 civibus
734 3173 981 3243 praebuit.
1011 3171 1260 3244 Cingitur
1283 3172 1357 3205 ⁸⁵⁸
1389 3172 1570 3243 itaque
1608 3171 1912 3237 obsidione,
1952 3187 2069 3226 om-

2169 1990 2433 2045 remanet,
2465 1979 2539 2035 nil
2569 1980 2782 2036 adversi
2812 1981 3117 2053 suspicatus
3142 1980 3230 2037 ⁸⁷³.
3261 1982 3549 2054 Adalgisus
3579 2000 3767 2056 regem

2169 2071 2484 2127 destitutum
2534 2086 2753 2127 suorum
2802 2072 3010 2129 viribus
3049 2072 3122 2107 ’⁵⁷⁸
3148 2088 3410 2141 cernens,
3436 2073 3766 2144 jamdudum

2168 2171 2482 2235 conceptam
2516 2163 2857 2235 iniquitatem
2883 2165 3135 2235 parturit,
3167 2174 3223 2221 et
3249 2180 3372 2220 cum
3406 2180 3521 2221 sua:
3546 2166 3767 2236 conspi-

2169 2256 2394 2312 rationis
2448 2258 2808 2314 sectatoribus
2837 2257 2910 2297 ⁵⁷⁵
2933 2258 3213 2329 palatium,
3246 2258 3299 2312 in
3329 2273 3437 2329 quo
3465 2258 3765 2330 imperator

2170 2346 2396 2403 meridie
2425 2347 2763 2418 quiescebat,
2793 2364 3060 2419 occupare
3087 2348 3295 2405 nititur.
3328 2348 3445 2404 Rex
3475 2365 3506 2404 a
3535 2351 3767 2421 strepitu

2169 2447 2224 2494 et
2251 2438 2488 2494 clamore
2515 2440 2833 2496 irruentium
2858 2440 3127 2495 excitatus
3147 2481 3162 2506 ,
3208 2440 3347 2496 lecto
3376 2439 3583 2505 desilit,
3613 2439 3766 2495 arma

2168 2530 2428 2601 corripit,
2461 2536 2515 2585 et
2542 2545 2664 2586 cum
2712 2531 2997 2602 perpaucis
3040 2532 3282 2602 corporis
3319 2531 3401 2587 sui
3448 2533 3767 2587 custodibus

2171 2620 2238 2675 ad
2256 2621 2455 2677 ostium
2482 2622 2675 2677 domus
2705 2622 2949 2678 turbatus
2980 2624 3260 2694 repentina
3289 2623 3612 2694 irruptioue,
3636 2638 3766 2694 pro-

2171 2714 2334 2779 cedit,
2366 2714 2680 2785 aditumque
2723 2713 2867 2770 ferro
2897 2715 3285 2781 intercludens,
3317 2716 3528 2771 hostem
3558 2731 3590 2769 a
3629 2715 3766 2770 limi-

2172 2804 2332 2860 nibus
2381 2815 2549 2862 arcet.
2582 2805 2868 2877 Adalgisus
2895 2806 3134 2862 sentiens
3162 2820 3266 2862 non
3303 2802 3765 2862 sine’discrimiue

2172 2902 2314 2957 ostia
2336 2901 2550 2967 domus,
2577 2917 2695 2957 esse
2717 2901 3069 2972 penetranda,
3104 2902 3173 2957 ab
3206 2900 3430 2956 introitu
3458 2902 3653 2971 pedem
3683 2917 3765 2957 re-

2175 2992 2362 3056 trahit,
2391 2992 2758 3063 palatinmquc
2795 2990 3028 3045 flammis
3048 2988 3202 3059 jubet
3225 2991 3399 3046 exuri.
3430 2991 3644 3046 lnterea
3669 3007 3766 3047 rex

2174 3085 2391 3140 dextras
2411 3083 2485 3116 ⁸⁷⁸
2511 3084 2614 3139 sibi
2637 3083 2752 3140 dari
2774 3082 2933 3153 petit,
2955 3097 3247 3153 pacemque
3272 3081 3470 3138 obnixe
3485 3082 3768 3153 deposcit;

2175 3177 2260 3232 cui
2307 3191 2623 3247 responsum
2659 3184 2762 3241 est,
2795 3191 2899 3231 non
2930 3174 3088 3231 aliter
3122 3175 3289 3244 petita
3321 3176 3769 3246 impetraturum,

481 3266 674 3337 nisque
722 3262 900 3319 aditus
923 3264 1156 3320 intrandi
1182 3263 1269 3318 vei
1298 3264 1527 3320 exeundi
1557 3263 1630 3296 ⁵⁸⁸
1658 3265 1869 3336 penitus
1897 3264 2065 3319 iuter-
2094 3258 2139 3322 C
2170 3268 2273 3323 nisi
2324 3268 2473 3339 prius
2496 3266 2848 3337 jurejurando
2874 3266 3178 3322 devovisset
3203 3306 3217 3329 ,
3261 3281 3535 3335 nunquam
3563 3282 3625 3321 se.
3651 3268 3769 3321 die-

481 3355 739 3423 cluditur,
759 3356 906 3427 regio
938 3354 1009 3387 δικ
1040 3356 1091 3409 in
1119 3356 1347 3412 circuitu
1371 3366 1635 3424 vastatur,
1659 3367 1852 3413 cuncta
1885 3356 2065 3412 hostili

484 3447 782 3520 rapacitate
834 3447 1196 3519 diripiuntur;
1236 3448 1528 3505 novissime
1571 3449 1729 3516 vites,
1765 3450 1963 3504 oliveta
1994 3448 2068 3480 ⁸³⁸

482 3551 539 3599 et
577 3550 770 3597 ceterae
799 3538 872 3573 "‘
913 3539 1204 3597 fructiferae
1253 3539 1475 3596 arbores
1504 3541 1763 3595 radicitus
1807 3541 2069 3597 excidun-

485 3641 590 3691 tur.
623 3632 864 3704 Capuani
893 3674 908 3700 ,
953 3631 1252 3704 desperatis
1281 3635 1463 3698 rebus,
1496 3634 1807 3703 episcopum
1836 3633 2069 3688 civitatis

485 3725 717 3789 adeunt,
748 3739 946 3794 corpus
973 3725 1151 3778 sancti
1191 3723 1444 3779 Germani
1474 3723 1732 3794 episcopi,
1764 3722 1918 3793 cujus
1946 3724 2066 3778 ani-

485 3831 630 3872 mam
664 3814 987 3871 venerabilis
1024 3824 1178 3886 pater
1222 3814 1545 3870 Benedictus
1574 3814 1627 3869 in
1660 3814 1868 3882 sphaera
1913 3815 2069 3885 ignea

485 3905 555 3941 “7
587 3907 654 3963 ab
682 3906 886 3972 angelis
922 3907 975 3961 in
1010 3906 1205 3962 etelum
1236 3907 1447 3961 viderat
1479 3905 1679 3962 deferri
1715 3906 1811 3972 ⁸⁵⁸,
1844 3906 1898 3961 in
1929 3906 2073 3963 fere-

485 4007 573 4056 tro
601 3997 800 4063 levant,
825 4005 880 4052 et
903 3997 984 4053 sic
1013 3997 1184 4069 portis
1228 3997 1428 4067 apertis
1458 3996 1733 4068 supplices
1761 4006 1939 4052 castra
1972 3997 2072 4051 im-

484 4090 755 4164 peratoris
778 4092 1014 4162 petunt,
1044 4100 1265 4145 orantes
1294 4087 1535 4157 ejusdem
1566 4088 1739 4144 sancti
1765 4089 2071 4144 interventu

367 4207 382 4223 ο
484 4183 589 4241 sibi
614 4183 829 4239 veniam
856 4182 1060 4254 largiri.
1104 4180 1415 4252 Augustus,
1465 4190 1525 4237 ut
1555 4182 1683 4238 totis
1714 4182 1934 4253 pietatis
1966 4182 2072 4237 vis-

485 4275 703 4332 ceribus
726 4272 1000 4341 adluebat,
1026 4273 1399 4330 misericordia
1431 4282 1631 4340 motus,
1666 4272 1880 4329 erratu‘s
1907 4284 2073 4345 atque

485 4380 743 4422 excessus
770 4364 841 4397 ‘”
878 4364 1110 4435 benigne
1143 4364 1384 4430 indulsit,
1424 4366 1787 4437 praecepitque
1811 4366 2072 4422 exercitui

486 4456 557 4511 ab
576 4453 786 4510 excidio
810 4454 1086 4509 retrahere
1107 4468 1325 4508 manum
1348 4452 1439 4505 ⁸⁸⁸.
1459 4454 1707 4523 Expulsis
1721 4455 1901 4509 itaoue
1923 4454 2073 4511 Grae-

486 4551 609 4619 cis,
649 4549 905 4608 custodes
938 4564 1007 4605 ex
1057 4562 1282 4604 numero
1317 4546 1611 4603 satellitum
1660 4548 1713 4602 in
1763 4549 2072 4604 civitatibus

2173 3360 2275 3413 bus
2302 3358 2422 3412 vita:
2463 3372 2573 3412 suae
2603 3354 2895 3412 Beneventi
2934 3355 3069 3412 lines
3096 3357 3455 3421 intraturum,
3494 3371 3676 3425 neque
3701 3371 3768 3411 ex

2174 3448 2444 3504 calumnia
2470 3464 2632 3519 quam
2661 3457 2788 3503 tunc
2804 3448 3128 3519 patiebatur,
3156 3446 3447 3502 vindictam
3474 3446 3771 3518 aliquando

2170 3552 2510 3596 exacturum.
2573 3539 2767 3595 Allatis
2820 3538 3002 3611 itaque
3047 3547 3359 3595 Sanctorum
3406 3540 3772 3610 pignoribus,

2174 3630 2497 3686 necessitate
2548 3632 2877 3687 constrictus
2930 3640 3330 3687 sacramentum
3391 3631 3537 3702 quod
3588 3630 3661 3686 ab
3704 3647 3772 3688 eo

2171 3722 2493 3795 exigebatur
2536 3724 2741 3791 juravit
2764 3765 2778 3792 ,
2824 3723 3121 3794 statimque
3168 3731 3385 3795 postera
3414 3721 3503 3778 die
3533 3738 3567 3778 a
3598 3721 3770 3780 Bene-

2171 3824 2334 3870 vento
2359 3812 2433 3849 *τ’
2461 3815 2648 3871 exivit.

2776 3907 3158 3967 DCCCLXXII.

2244 3999 2402 4055 Anno
2423 3999 2715 4057 Dominictc
2744 4000 3136 4056 incarnationis
3158 3998 3265 4056 872
3281 3997 3627 4055 Hlodowicus
3651 3997 3767 4071 (68)

2175 4092 2473 4163 imperator
2513 4091 2743 4147 Romam
2798 4094 2979 4158 venit,
3026 4092 3207 4162 ibique
3256 4101 3582 4147 conventum
3626 4092 3766 4148 ccle~

2175 4184 2358 4247 brans,
2391 4200 2574 4239 coram
2604 4199 2815 4239 summo
2840 4182 3095 4255 pontiﬁce
3124 4182 3291 4239 multa
3333 4197 3498 4254 super
3524 4182 3766 4254 Adalgisi

2176 4278 2459 4349 tyrannide
2490 4283 2817 4347 conquestus
2843 4287 2947 4332 est.
2977 4275 3129 4331 Tunc
3169 4274 3239 4309 ⁸⁷⁸
3268 4291 3297 4329 a
3327 4285 3520 4331 senatu
3568 4276 3767 4329 Roma-

2176 4384 2368 4424 norum
2406 4368 2546 4424 idem
2582 4365 2868 4437 Adalgisus
2896 4375 3156 4440 tyrannus
3193 4374 3354 4437 atque
3384 4364 3556 4421 hostis
3585 4366 3765 4435 reipuo

2173 4457 2328 4514 blica:
2355 4457 2680 4519 declaratur,
2713 4457 2908 4513 bellum
2934 4458 3098 4513 etiam
3126 4456 3193 4492 "’
3223 4458 3481 4513 adversus
3507 4469 3636 4510 eum
3667 4456 3761 4511 de-

2175 4548 2435 4603 cernitur.
2492 4544 2731 4603 Joannes
2787 4546 2861 4580 ⁸⁸θ
2909 4560 3047 4621 papa
3113 4548 3492 4619 imperatorem
3540 4561 3572 4601 a
3615 4546 3765 4618 jura-

1799 4641 2033 4696 VARI/E
2070 4640 2476 4698 LECTIONES.
2499 4635 2511 4646 ’

560 4714 628 4747 δδί
668 4722 725 4770 et
768 4712 1136 4770 calamitatum
1168 4710 1307 4766 deest
1343 4710 1396 4764 7.
1438 4710 1472 4766 9
1498 4738 1565 4751 ο·-
1588 4710 1675 4765 l2.

1776 4710 1849 4743 ⁸³⁵³
1877 4713 2163 4782 deplorans
2188 4714 2278 4782 qui
2326 4729 2398 4768 nt.
2442 4712 2495 4767 7.
2536 4712 2570 4768 9
2600 4743 2668 4752 —
2702 4713 2791 4767 12.

2890 4710 2963 4744 ⁸⁵⁸
3006 4711 3340 4768 afteruacum
3383 4710 3435 4766 '5.
3474 4710 3759 4768 absterna-

490 4795 604 4844 tum
629 4784 682 4841 5.
723 4785 1101 4841 absternacmn
1135 4784 1184 4837 l.
1221 4781 1276 4836 2.
1316 4781 1764 4853 Lueptcrnacum
1788 4782 1840 4837 7.
1879 4781 2075 4838 9-4-12.
2156 4781 2230 4817 ⁸³⁸
2254 4783 2539 4840 willibrodi
2564 4786 2588 4838 l
2618 4814 2685 4825 —
2711 4784 2767 4838 5.
2796 4782 2851 4838 5.
2892 4783 2946 4839 6.
3024 4781 3096 4820 “'
3145 4794 3389 4853 mortuus
3424 4791 3480 4837 et
3518 4784 3760 4852 sepultus

491 4859 578 4915 5c.
690 4856 762 4890 “'
801 4854 1072 4927 pontiﬁcis
1126 4853 1337 4927 culmen
1372 4851 1459 4906 5.7
1502 4853 1733 4927 culmetr
1773 4854 2034 4927 pontificii
2134 4853 2203 4927 ff?
2265 4857 2599 4926 provinciam
2648 4854 2942 4915 samnitum
3190 4851 3265 4887 ⁸⁸⁸

488 4922 887 5005 provinciarum
938 4926 1080 5005 capit
1129 4925 1513 5005 beneventunt‘
1530 4923 1647 5005 cod.
1695 4922 2009 5005 84'nger

492 4993 583 5074 pta
851 4996 953 5074 8.__
1004 4993 1114 5074 “fu
1147 4994 1411 5074 quadrato
1842 4996 1895 5050 6.
1962 4995 2013 5074 7._

2110 4923 2205 4957 “‘9
2257 4923 2620 4982 defectoribus
2668 4940 2948 4981 assensum
2994 4925 3047 4979 7.
3086 4925 3120 4980 9
3161 4953 3231 4965 -—
3288 4923 3375 4977 ﬂ-

2120 4996 2192 5029 “'
2242 4999 2486 5067 praebuit.
2561 4996 3009 5067 circumcingitur
3064 4995 3346 5067 obsidione
3398 4994 3451 5067 ἶ.

3309 4854 3525 4924 peritus
3567 4855 3758 4909 barum

3479 4922 3551 4956 “°
3591 4940 3760 4980 exce—

3557 4995 3632 5028 ⁸⁵³
3679 4994 3758 5049 vel

492 5033 975 5129 gEtEitti'Ekei’is.
1052 5033 1459 5137 “iregiodeeu
1601 5033 1689 5137 7’35
1713 5033 1934 5121 r’itesvet
1965 5036 2161 5123 oliveta
2204 5033 2525 5123 J's'ii‘fwiic
3394 5063 3466 5097 "7
3513 5067 3566 5121 in

498 5144 654 5212 ignea
681 5142 737 5195 4.
777 5140 827 5194 7.
865 5140 965 5212 (8.)
988 5133 1512 5212 >9—l_2.;‘_“‘vitlet
1540 5135 1740 5212 deferri
1769 5136 2044 5212 7._9—-_—l_2.
2120 5138 2190 5173 ⁸³⁸
2222 5148 2405 5212 reatus
2455 5149 2900 5212 atqueexccssus
2929 5138 2977 5192 l.
2997 5133 3379 5212 erratis‘atq‘ue
3398 5133 3646 5212 e_x_ces_sui

494 5205 564 5246 ⁴ῖ⁰
591 5225 810 5279 manum
837 5205 1116 5265 retrahere
1139 5209 1191 5263 7.
1216 5207 1315 5279 (8.)
1344 5205 1537 5279 9-712.
1615 5206 1682 5279 5“
1715 5216 1770 5263 et
1799 5208 1877 5263 sic
1906 5208 1962 5261 in
1991 5208 2348 5265 beneventum
2375 5210 2427 5260 7.
2467 5205 2661 5263 9-412.
2739 5209 2817 5263 sic
2840 5209 2981 5262 deest
3010 5208 3165 5279 1έ-5.
3184 5206 3255 5279 _5.
3295 5208 3349 5279 6.
3426 5208 3497 5279 ‘9
3534 5208 3759 5279 desydeo

495 5300 617 5340 rare
637 5282 691 5337 5.
764 5278 834 5311 ⁸⁸³
860 5280 1169 5350 conjugium
1216 5276 1305 5332 5a.
1373 5276 1445 5309 "“
1492 5278 1792 5350 amplectus
1834 5278 1923 5334 5d.
2002 5279 2074 5311 ⁸⁸⁸
2103 5294 2359 5350 revocare
2405 5279 2457 5350 5.

2538 5279 2607 5310 “'
2643 5279 2840 5333 cotidie
2873 5278 3130 5348 paulatim
3182 5277 3377 5332 7—l2.
3457 5277 3525 5309 “'
3554 5277 3755 5331 interea

494 5353 767 5454 ladalgisus
791 5346 982 5459 71—12.
1025 5346 1125 5382 ’⁷⁸⁸⁸
1151 5357 1336 5459 qpmta
1365 5346 1732 5431 concederent
1756 5348 1811 5403 5.
1881 5349 2356 5445 cpncederetun'z.
2433 5348 2648 5433 “’qua:
2685 5364 2821 5418 pene
2845 5346 2935 5402 5d.
2971 5348 3023 5402 7.
3079 5346 3171 5424 “1°
3214 5349 3513 5403 exercitum
3558 5357 3614 5401 et
3654 5361 3757 5458 pro

629 5438 687 5447 ου’
721 5438 838 5459 In-nr
869 5436 950 5459 ma
980 5430 1130 5459 nun-In
1257 5434 1319 5454 av
1353 5434 1526 5448 ’νυ-θ’»
1817 5429 1824 5434 ·
1958 5432 1963 5435 ‘
2123 5437 2146 5440 υ
2320 5437 2329 5442 ~
2368 5435 2416 5440 ν’
2613 5435 2621 5441 α
2659 5420 2674 5439 ⁸
2759 5418 2787 5434 ’”
2854 5418 2881 5431 ⁸⁸
2953 5418 2976 5427 ⁸
3188 5418 3198 5429 ⁹
3434 5432 3445 5436 ι
3503 5433 3624 5454 nn.“
3688 5444 3757 5457 ,-

1257 5434 1319 5454 ον
1353 5434 1462 5448 κη...

496 5423 527 5454 ⁵³
629 5438 687 5447 ν’
721 5422 950 5474 maxima
980 5430 1130 5469 ηεινιρ
