3958 5440
195 425 286 488 105

1461 441 1874 502 CHRONICON.
1901 473 1972 484 -
2007 441 2119 498 AN.
2157 443 2258 498 875

3349 441 3450 496 106

191 555 366 606 mento
394 564 500 620 quo
527 566 584 606 se
625 551 984 626 obligaverat,
1019 557 1342 614 auctoritate
1375 560 1470 616 Dei
1499 570 1554 616 et
1585 561 1756 615 sancti
1789 564 1831 622 Α
1861 557 2134 614 sollicitati
2165 557 2232 589 ³⁰¹
2265 571 2558 626 paucarum
2591 559 2871 612 civitatum
2911 555 2994 610 vel
3047 555 3320 626 regionum
3365 555 3446 612 di-

191 641 328 698 Petri
355 641 582 698 absolvit
607 685 621 710 ,
669 645 960 702 adﬁrmans
987 647 1120 702 nihil
1153 649 1253 705 sibi
1281 649 1352 683 ⁸³⁸
1379 653 1592 718 obesse,
1619 651 1762 721 quod

190 734 253 788 ob
273 731 466 788 mortis
489 735 786 802 periculum
813 737 1148 794 evadendum
1175 751 1394 798 coactus
1425 743 1646 808 fecerat,
1665 759 1764 798 nec

189 832 739 882 sacramentum'esse
781 828 1064 884 dicendum
1091 872 1106 895 ,
1136 833 1278 900 quod
1321 843 1508 889 contra
1535 833 1764 889 salutem

189 915 508 986 reipublicae,
560 920 811 987 quamvis
865 935 986 974 cum
1031 921 1214 979 multis
1269 925 1760 991 exsecrationibus,

189 1007 344 1062 fuerit
395 1008 662 1076 prolatum
714 1009 804 1064 η’.
854 1011 948 1066 His
985 1007 1456 1071 exhortationibus
1505 1017 1766 1087 principis

189 1102 420 1156 animum
445 1100 606 1158 “atad
624 1105 862 1160 rediviva
891 1109 1190 1163 certamina
1215 1119 1492 1179 provocat.
1520 1110 1720 1166 Tamen
1747 1151 1762 1175 ,

188 1209 252 1247 ne
275 1210 304 1247 a
339 1195 452 1248 suis
479 1195 730 1265 periurus
759 1197 1048 1264 diceretur,
1083 1201 1554 1272 nequaquamipse
1575 1213 1763 1257 contra

189 1295 472 1354 tyrannum
503 1288 747 1354 procedit
775 1329 788 1352 ,
835 1289 929 1344 sed
957 1289 1198 1360 reginam
1228 1307 1348 1347 cum
1379 1293 1616 1348 exercitu
1643 1293 1768 1347 diri-

189 1377 276 1446 git.
301 1377 610 1446 Adalgisns,
628 1381 794 1436 certis
819 1379 892 1412 ⁸⁸⁸
915 1382 1128 1438 indiciis
1151 1383 1429 1457 colligens,
1453 1385 1652 1440 bellum
1673 1385 1766 1440 ad-

189 1477 398 1524 versum
431 1485 488 1526 se
519 1472 746 1528 summis
771 1473 977 1528 viribus
1007 1475 1078 1508 ⁵⁸⁵
1109 1479 1322 1546 parari,
1365 1479 1682 1548 hostemque
1709 1495 1767 1534 se

191 1567 560 1630 actyrannum
593 1577 714 1616 esse
753 1565 1156 1630 denunciatum,
1188 1581 1302 1621 suae
1345 1569 1596 1636 nequitia:
1639 1585 1766 1624 con-

193 1651 330 1706 scius
361 1660 506 1708 metu
533 1653 846 1722 percellitur
874 1653 967 1719 ‘3‘,
1001 1662 1055 1708 et
1083 1671 1232 1726 spem
1265 1658 1389 1712 vitae
1413 1657 1466 1712 in
1511 1659 1632 1729 iuga
1675 1675 1768 1728 po-

197 1756 338 1806 nens,
379 1741 430 1795 in
459 1741 734 1798 Corsicam
767 1743 994 1799 insulam
1041 1747 1294 1812 secessit,
1325 1747 1504 1818 ibique
1538 1750 1604 1804 ad
1641 1757 1769 1804 tem-

199 1853 290 1909 pus
312 1837 519 1894 delituit
544 1837 634 1893 ⁸⁸⁷.

758 1931 930 1987 DCCC
939 1925 1169 1988 LXXIII.

251 2027 414 2082 Anno
439 2026 736 2081 Dominica:
765 2025 1158 2082 incarnationis
1184 2025 1254 2060 ⁸⁸⁸
1284 2025 1410 2092 875,
1443 2023 1769 2082 locustarum

189 2117 580 2174 inaestimabilis
623 2115 908 2172 multitudo
951 2130 1139 2172 mense
1191 2116 1432 2187 Augusto
1463 2117 1532 2172 ab
1565 2117 1774 2172 oriente

185 2210 427 2274 veniens,
473 2217 638 2264 totam
681 2221 820 2278 pene
855 2207 1187 2278 pervastavit
1213 2207 1461 2263 Galliam.
1489 2207 1636 2274 Quae
1661 2223 1774 2262 ma-

175 2299 326 2372 iores
355 2311 510 2358 erant
542 2315 700 2373 quam
732 2309 942 2357 czetera:
993 2302 1234 2364 locustae.
1288 2301 1662 2373 habebantque
1701 2301 1772 2332 ⁴⁸⁹

178 2405 306 2447 sena
342 2394 548 2447 alarum
578 2392 824 2462 remigia,
853 2399 927 2455 et,
963 2391 1158 2446 mirum
1190 2391 1336 2446 dictu
1367 2393 1455 2456 ⁸⁸⁸,
1485 2401 1544 2448 ut
1571 2401 1776 2448 castro-

177 2501 299 2540 rum
358 2486 504 2541 acies
531 2483 800 2540 distinctis
847 2483 1132 2538 ordinibus
1157 2498 1252 2553 per
1279 2499 1405 2539 aera
1445 2483 1772 2545 ferebantur,

173 2579 260 2634 vel
295 2585 462 2632 terrm
507 2575 880 2632 incumbentes
905 2583 1084 2631 castra
1117 2577 1460 2632 metabautur
1487 2577 1580 2632 δυ.
1605 2579 1779 2633 Duces

173 2687 304 2728 cum
347 2671 535 2741 paucis
577 2670 878 2725 exercitum
908 2665 1102 2725 itinere
1135 2671 1297 2726 unius
1348 2673 1452 2726 diei
1493 2671 1776 2742 prmibant,

172 2762 342 2832 quasi
387 2761 502 2815 loca
542 2769 665 2830 apta
714 2760 1041 2816 multitudini
1071 2763 1356 2834 provisuri.
1389 2763 1546 2818 Circa
1591 2763 1776 2817 horam

175 2861 410 2916 nonam,
457 2850 546 2904 ubi
579 2849 742 2905 duees
772 2851 944 2920 pridie
993 2861 1269 2919 venerant,
1323 2853 1642 2918 insidebant,
1681 2865 1778 2907 ne:-

177 2959 206 2996 a
237 2943 368 2998 loco
391 2949 654 3011 occupato
685 2943 1064 3008 movebantur,
1094 2960 1374 3015 quousque
1415 2944 1492 3000 sol
1515 2949 1670 2999 s'uum
1695 2961 1779 2998 re-

179 3041 546 3102 praesentaret
611 3041 830 3098 ortum;
883 3041 1009 3088 tunc
1061 3043 1153 3104 per
1195 3045 1399 3089 turmas
1449 3047 1576 3090 suas
1618 3035 1778 3104 proii-

179 3121 559 3186 ciscebantur,
585 3130 648 3176 ut
673 3121 728 3175 in
757 3121 942 3191 parvis
971 3122 1292 3177 animalibus
1314 3122 1651 3192 disciplinam
1683 3122 1781 3175 mi-

181 3211 406 3266 litarem
451 3225 720 3266 cerneres.
769 3209 1054 3281 Segelibus
1121 3212 1496 3278 vescebantur,
1541 3227 1662 3282 quae
1713 3212 1781 3266 ab

1865 647 2130 716 reptione,
2161 663 2227 702 ex
2259 646 2436 717 praeda
2461 647 2794 717 singularum
2823 643 2914 710 m,
2942 655 3158 717 quantm
3187 661 3320 716 opes
3339 645 3452 700 nni-

1847 752 2143 794 dversarum
2171 746 2354 793 essent
2381 739 2564 792 animo
2593 739 3006 810 prospicientes,
3043 739 3348 810 Andegavis
3376 740 3452 796 ci-

1863 829 2108 894 vitatem,
2138 829 2346 884 civibus
2385 829 2510 900 luga
2549 829 2793 900 dilapsis,
2827 847 3051 886 vacuam
3099 833 3451 902 reperientes,

1865 919 2282 991 ingrediuntur;
2316 935 2480 990 quam
2517 937 2638 976 cum
2687 923 3104 978 munitissimam
3140 934 3194 979 et
3225 940 3322 994 pro
3347 925 3452 980 situ

1865 1008 1964 1064 loci
1995 1010 2461 1080 inexpugnabilem
2479 1025 2598 1066 esse
2623 1011 2905 1076 vidissent,
2939 1015 2990 1067 in
3015 1013 3254 1070 laetitiam
3277 1014 3453 1078 eﬂ'nsi,

1867 1099 2004 1153 hanc
2019 1099 2132 1154 suis
2147 1109 2478 1170 suorumque
2503 1101 2672 1170 copiis
2701 1102 3026 1156 tutissimum
3057 1105 3453 1173 receptaculum

1865 1190 2128 1246 adversus
2177 1190 2458 1248 lacessitus
2521 1193 2660 1248 bello
2711 1200 2898 1264 gentes
2961 1193 3073 1250 fore
3135 1197 3452 1252 decernunt.

1869 1275 2123 1336 i’rotinus
2154 1283 2388 1338 navibus
2435 1297 2532 1352 per
2563 1283 2842 1338 Medanam
2893 1285 3006 1356 (69)
3048 1285 3266 1342 ﬂuvium
3295 1287 3458 1343 dedu-

1865 1373 1968 1428 ctis
2007 1388 2276 1444 muroque
2307 1375 2618 1445 applicatis,
2645 1393 2768 1430 cum
2803 1375 2873 1409 ⁸⁸³
2905 1377 3220 1434 mulieribus
3251 1387 3304 1434 et
3335 1393 3460 1448 par—

1865 1463 2004 1520 vulis
2029 1463 2196 1518 veluti
2227 1465 2280 1519 in
2302 1479 2364 1519 ea
2393 1465 2688 1520 babitaturi
2723 1467 2949 1534 intrant,
2981 1466 3156 1522 diruta
3181 1480 3458 1539 reparant,

1869 1552 2042 1610 fossas
2069 1555 2348 1626 vallesque
2377 1555 2448 1588 ³⁰⁸
2479 1567 2768 1622 renovant,
2815 1567 2870 1614 et
2893 1575 2959 1613 ex
2991 1575 3052 1614 ea
3093 1559 3459 1630 prosilientes.

1869 1646 2164 1716 repentinis
2197 1647 2596 1704 incursionibus
2625 1637 2696 1680 ⁵³⁸
2731 1651 3178 1721 circumjaceutes
3207 1653 3462 1722 regiones

1869 1737 2173 1792 devastant.
2207 1738 2358 1806 Quod
2387 1755 2508 1794 cum
2536 1741 2728 1798 Carolo
2751 1744 3186 1813 tam-perniciosa
3211 1745 3380 1815 pestis
3405 1745 3459 1801 in

1871 1824 2168 1881 visceribus
2196 1827 2348 1899 regni
2399 1829 2689 1884 interclusa
2746 1833 3002 1888 nunciata
3033 1841 3196 1899 esset,
3241 1835 3362 1889 ilico
3397 1853 3462 1890 ex

1808 1921 1848 1978 Β
1877 1916 2130 1971 omnibus
2153 1919 2333 1988 regnis
2360 1933 2478 1990 quae
2504 1935 2614 1976 sua:
2656 1922 2845 1977 ditioni
2888 1923 3171 1993 parebant,
3201 1926 3364 1980 veluti
3395 1928 3465 1982 ad

1875 2021 2160 2064 commune
2183 2009 2488 2064 incendium
2511 2013 2906 2084 exstinguenda
2935 2016 3290 2071 inexercitum
3313 2017 3468 2072 colli-

1875 2095 1971 2166 git,
2006 2106 2170 2166 atque.
2198 2097 2470 2154 castrisin
2505 2101 2732 2156 circuitu
2771 2104 2980 2173 positis,
3013 2105 3289 2161 civitatem
3315 2107 3464 2162 obsi-

1875 2187 2033 2242 dione
2057 2188 2244 2242 cinxit.
2274 2189 2342 2244 Et
2364 2191 2489 2260 quia
2519 2190 2744 2248 Medana
2777 2193 2970 2250 ﬂuvius
2992 2211 3020 2248 a
3051 2196 3296 2266 partibus
3319 2197 3466 2251 Brit-

1878 2277 2038 2330 taniae
2088 2278 2240 2332 urbis
2303 2295 2516 2334 murum
2581 2282 2833 2338 adluebat
2885 2285 2976 2350 ⁵⁸⁸,
3027 2285 3300 2342 Salomoni
3353 2289 3464 2359 regi

1877 2365 2180 2424 Brittonum
2203 2369 2444 2436 mandat,
2475 2379 2552 2436 ut,
2579 2377 2873 2429 contractis
2908 2376 3143 2442 auxiliis,
3177 2377 3338 2432 citius
3367 2379 3464 2431 ad-

1877 2465 2144 2522 ventaret,
2179 2467 2239 2512 ut
2258 2473 2603 2515 communem
2633 2461 2840 2518 hostem
2864 2465 3241 2520 communibus
3262 2465 3468 2522 viribus

1879 2557 2268 2616 expugnarent.
2307 2548 2432 2615 Qui,
2478 2553 2774 2622 assumptis
2812 2568 2994 2610 secum
3039 2555 3226 2610 multis
3269 2556 3470 2612 Brittoo

1881 2652 2010 2690 num
2045 2637 2283 2704 milibus,
2313 2655 2476 2710 super
2502 2643 2671 2711 ripam
2702 2643 2940 2701 ﬂuminis
2967 2645 3208 2702 Medanae
3233 2647 3467 2704 tentoria

1883 2725 2013 2796 figit.
2048 2727 2118 2760 ³⁸⁷
2145 2727 2316 2800 Igitur
2336 2745 2402 2786 ex
2445 2733 2700 2789 omnibus
2744 2737 2990 2804 partibus
3023 2737 3157 2793 urbe
3183 2738 3468 2794 obsidione

1881 2815 2236 2884 circumdata,
2287 2819 2472 2876 multis
2519 2821 2709 2878 diebus
2757 2825 2994 2895 undique
3025 2841 3234 2882 summa
3263 2827 3470 2882 virtute

1881 2909 2192 2978 dimicatur,
2230 2921 2285 2967 et
2315 2928 2450 2969 nova
2490 2924 2544 2970 et
2593 2917 2863 2986 exquisita
2909 2919 3467 2975 machinamentorum

1883 3015 2080 3072 genera
2109 3003 2452 3074 applicantur
2477 3045 2491 3070 ,
2534 3007 2626 3061 sed
2651 3015 2880 3062 conatus
2899 3009 3043 3078 regis
3085 3010 3468 3079 prosperitatis

1885 3090 2134 3148 eﬂ‘ectum
2168 3095 2236 3127 ⁵⁸⁸
2265 3111 2370 3150 non
2401 3097 2658 3163 obtinuit,
2687 3099 2813 3168 quia
2853 3112 2907 3154 et
2931 3100 3032 3154 loci
3059 3100 3226 3158 facies
3253 3117 3356 3156 non
3393 3101 3472 3156 fa-

1885 3181 2042 3237 cilem
2069 3184 2344 3253 praebebat
2373 3200 2674 3252 accessum,
2702 3197 2758 3243 et
2795 3204 3124 3260 paganorum
3147 3192 3328 3246 valida
3356 3207 3471 3246 ma-

181 3301 264 3356 eis
293 3302 373 3356 ita
418 3301 651 3370 depastae
687 3275 946 3368 sunt,'ut
991 3301 1156 3357 veluti
1205 3303 1428 3358 immani
1465 3275 1784 3374 tempestate
1813 3295 1856 3354 C
1889 3290 2012 3374 “‘5'
2045 3275 2302 3374 (ἰξίῗξπθ
2330 3277 2443 3374 vim
2471 3287 2724 3374 "facta"
2749 3295 2962 3336 “mmo
2983 3281 3270 3336 νθδίδίθδδί
3303 3297 3470 3338 com”

181 3401 526 3461 consumpta:
574 3389 906 3447 viderentur.
931 3391 1178 3462 Spatium
1211 3394 1386 3449 diurni
1416 3393 1629 3450 itineris
1657 3409 1782 3464 qua-

185 3491 312 3537 tuor
339 3493 436 3536 aut
463 3483 703 3553 quinque
745 3484 966 3540 milibus
995 3484 1067 3516 ’δ”
1119 3487 1534 3540 extendebatur.
1583 3485 1782 3542 Perve-

185 3581 392 3626 ncrunt
427 3581 609 3625 autem
637 3587 809 3642 usque
853 3575 920 3629 ad
959 3591 1108 3630 mare
1157 3575 1526 3631 Britannicum
1555 3575 1784 3647 superﬂ-

183 3665 326 3718 ciem
363 3664 437 3696 m
487 3675 644 3720 terrm
667 3668 1060 3736 cooperientes,
1091 3669 1143 3725 in
1167 3685 1272 3740 quo
1295 3667 1388 3736 ω,
1413 3671 1523 3726 Deo
1543 3669 1779 3736 volente,

183 3754 430 3809 violento
465 3765 744 3812 ventorum
772 3756 924 3814 ﬂattu
951 3758 1023 3792 δ”
1075 3761 1336 3832 impulsae,
1385 3771 1547 3832 atque
1575 3761 1628 3817 in
1659 3778 1783 3834 pro-

187 3843 418 3902 fundum
471 3835 796 3917 absportalze
840 3850 1090 3906 dimersae
1159 3847 1226 3886 ⁸³⁸
1261 3862 1405 3907 sunt.
1452 3853 1608 3909 Aistu
1653 3869 1783 3910 vero

185 3949 354 4010 atque
390 3940 660 3996 refusione
705 3943 892 3996 oceani
919 3941 1150 4012 reiectae,
1200 3945 1356 4000 litora
1403 3947 1672 4001 maritima
1701 3962 1784 4002 re-

187 4029 502 4098 pleverunt,
543 4039 800 4102 tantaque
824 4034 1103 4104 congeries
1135 4034 1276 4090 facta
1305 4045 1407 4100 est,
1437 4045 1496 4090 ut
1521 4037 1588 4092 ad
1615 4037 1784 4092 instar

188 4121 260 4154 “7
313 4123 588 4177 montium
629 4124 914 4179 cumulatae
960 4139 1438 4200 coacervarentur:
1493 4144 1559 4184 ex
1597 4145 1784 4186 earum

191 4211 392 4267 fmtore
438 4229 504 4268 ac
552 4215 833 4284 putredine
869 4229 962 4269 aer
999 4227 1302 4287 corruptus,
1361 4219 1532 4273 diram
1580 4229 1784 4288 pestem

191 4303 450 4360 finitimis
479 4306 776 4374 generavit,
807 4321 873 4360 ex
902 4321 1008 4375 qua
1029 4308 1184 4362 multi
1213 4309 1490 4378 perierunt
1521 4310 1612 4364 ⁸9⁸.

263 4393 377 4448 Per
405 4395 548 4450 idem
566 4404 777 4464 tempus
797 4394 1022 4452 Carolus
1039 4397 1481 4468 Andegavensem
1509 4397 1788 4455 obsidebat

195 4487 412 4543 urbem.
472 4487 716 4558 Denique
759 4487 1092 4544 Nordmanni
1139 4501 1420 4562 postquam
1459 4494 1786 4552 Roelbertum

193 4587 250 4630 et
277 4577 658 4646 Ranmulfum,
689 4591 742 4635 et
770 4581 904 4636 alios
931 4584 1217 4640 nonnullos
1239 4585 1308 4620 "9’
1339 4603 1614 4658 generosa:
1663 4591 1788 4646 stiro

197 4671 282 4740 pis
313 4673 483 4732 viros.
516 4673 608 4743 qui
641 4674 829 4742 patria:
873 4678 1132 4733 terminos
1158 4680 1324 4734 armis
1349 4678 1654 4748 tuebantur,
1683 4685 1792 4741 Deo

199 4763 606 4819 habitatoribus
669 4775 827 4820 terra?
890 4769 1224 4835 adversante,
1284 4773 1620 4841 occiderunt,
1669 4793 1790 4832 cum

201 4870 368 4910 nemo
411 4855 738 4913 inveniretur
765 4857 857 4929 qui
881 4875 1064 4916 eorum
1087 4863 1354 4920 violentia:
1401 4865 1470 4896 ⁵⁰⁰
1495 4867 1789 4934 resisteret,

1887 3366 2050 3422 mine.
2083 3367 2154 3400 m
2178 3370 2463 3426 Exercitus
2511 3370 2580 3404 '“°
2621 3371 2916 3428 immensae
2957 3374 3318 3432 multitudinis
3347 3393 3470 3431 cum

1887 3455 2060 3529 longa:
2113 3459 2412 3516 obsidionis
2462 3463 2638 3528 taedio,
2669 3462 2812 3519 fame
2853 3473 2910 3520 et
2949 3467 3101 3536 gravi
3155 3468 3476 3538 pestilentiae

1888 3550 2080 3606 morbo
2101 3559 2448 3618 attereretur,
2484 3565 2770 3611 cernentes
2797 3556 3072 3614 Brittones
3099 3559 3289 3614 urbem
3325 3561 3476 3616 inex-

1882 3639 2247 3710 pugnabilem,
2287 3641 2466 3696 conati
2517 3653 2643 3698 sunt
2693 3643 2913 3699 ﬂuvium
2945 3660 2976 3699 a
3003 3661 3102 3702 suo
3129 3647 3282 3702 alveo
3329 3650 3474 3704 deri-

1883 3743 2034 3795 vare,
2063 3737 2144 3796 ut,
2173 3731 2446 3787 exsiccata
2491 3733 2724 3788 naturali
2769 3744 2970 3802 meatu,
2994 3751 3158 3793 naves
3176 3735 3477 3795 Nordman-

1885 3837 2078 3878 norum
2105 3823 2364 3882 invadere
2385 3837 2624 3898 possent.
2656 3827 2724 3860 ⁵³⁸
2749 3829 3042 3900 Cmperunt
3067 3831 3250 3902 itaque
3273 3831 3474 3888 fossam

1885 3911 2037 3968 mira:
2065 3914 2449 3985 profunditatis
2490 3931 2554 3972 ac
2601 3917 2902 3974 latitudinis
2940 3921 3172 3991 aperire,
3221 3939 3340 3993 qua:
3389 3939 3477 3979 res

1885 4011 2096 4058 tantum
2131 4004 2438 4062 formidinis
2477 4009 2546 4041 δ”
2595 4019 2796 4064 metum
2835 4010 3197 4068 Nordmannis
3231 4015 3472 4086 ingessit,

1886 4101 1946 4148 ut
1967 4094 2172 4166 absque
2195 4097 2449 4153 dilatione
2474 4100 2743 4170 ingentem
2779 4101 3063 4170 pecuniam
3101 4102 3296 4158 Carolo
3323 4105 3478 4174 polli-

1887 4191 2162 4249 cerentur,
2192 4185 2260 4247 si,
2287 4185 2462 4239 soluta
2483 4187 2783 4254 obsidione,
2831 4189 2909 4244 eis
2944 4205 3008 4244 ex
3031 4185 3129 4245 suo
3157 4207 3323 4262 regno
3347 4193 3478 4248 libe-

1889 4285 2007 4324 rum
2035 4271 2300 4341 praeberet
2321 4288 2618 4342 egressum.
2651 4275 2789 4340 Rex,
2814 4277 2954 4346 turpi
2991 4278 3286 4347 cupiditate
3321 4296 3480 4350 supe-

1889 4367 2058 4426 ratus,
2081 4362 2367 4430 pecuniam
2389 4364 2609 4434 recepit,
2631 4365 2774 4420 etab
2789 4366 3070 4422 obsidione
3093 4367 3474 4438 m'recedens,

1888 4449 2134 4506 hostibus
2156 4451 2270 4506 vias
2311 4451 2382 4484 ἰδ
2399 4453 2671 4522 patefecit.
2719 4455 2819 4520 Illi,
2868 4458 3183 4513 conscensis
3231 4463 3478 4528 navibus,

1893 4539 1944 4593 in
1979 4539 2216 4613 Ligerim
2258 4552 2626 4611 revertuntur,
2669 4554 2723 4600 et
2769 4561 3136 4617 nequaquam,
3167 4557 3224 4604 ut
3249 4565 3484 4621 spopon-

1823 4649 1869 4706 ι)
1897 4629 2107 4692 derant,
2155 4646 2220 4686 ex
2267 4647 2432 4702 regno
2473 4632 2591 4701 ejus
2639 4645 3019 4703 recesserunt;
3051 4637 3148 4693 sed
3198 4638 3252 4692 in
3294 4639 3484 4696 eodem

1897 4717 2016 4772 loco
2063 4727 2367 4786 manentes,
2409 4721 2578 4777 multo
2621 4719 2806 4792 pejora
2848 4731 2902 4778 et
2947 4726 3291 4793 immaniora,
3320 4743 3486 4798 quam

1901 4820 2060 4867 antea
2087 4811 2330 4868 fecerant
2357 4815 2449 4880 δη,
2479 4823 2859 4886 perpetrarunt
2885 4818 2974 4871 ⁵⁸⁸.

1525 4957 1756 5016 VARl/E
1798 4961 2199 5024 LECTIONES.

271 5017 341 5048 ιδ’
375 5017 477 5072 sibi
501 5019 640 5074 deest
663 5021 715 5076 5.

814 5022 884 5056 ⁸⁸³
914 5023 1072 5077 fuerit
1100 5025 1382 5093 probatum
1411 5028 1465 5082 2.
1508 5027 1561 5082 5.

205 5087 362 5141 ribus
388 5087 444 5140 2.
477 5089 531 5144 5.

613 5089 680 5123 ⁵⁸⁸
709 5101 852 5146 metu
907 5089 1223 5162 perterritus
1252 5097 1304 5152 5.

1659 5030 1732 5110 *εἰ
1770 5035 2048 5110 animus...
2107 5048 2435 5110 provocatur
2463 5041 2516 5096 5.

241 5098 362 5162 ibus
388 5098 444 5140 2.
477 5098 531 5144 5.
577 5161 583 5162 ί
613 5098 680 5123 ³⁵
709 5101 852 5146 metu
907 5098 1223 5162 perterritus
1252 5098 1304 5152 5.
1393 5098 1462 5130 ‘3'
1505 5099 1662 5154 latuit
1702 5101 1753 5155 5.
1788 5103 1818 5156 7
1862 5135 1931 5146 —
1967 5108 2054 5162 12.

205 5155 342 5234 'I_'o_la
383 5161 618 5234 narratio
645 5162 708 5234 de
755 5155 970 5234 locustis
1016 5165 1154 5219 deest
1193 5165 1248 5218 4.
1321 5168 1388 5204 ³⁸³
1429 5169 1700 5226 habebant
1736 5155 1855 5228 7.79
1885 5155 2079 5234 —‘i_2-.

201 5228 489 5318 uehuntur
523 5230 602 5306 5..
651 5229 718 5262 ⁸³³
751 5233 1047 5308 miliaribus
1075 5235 1184 5320 5."
1206 5235 1276 5268 ⁸⁸³
1303 5239 1384 5314 br.
1418 5249 1473 5295 et.
1499 5241 1903 5330 superﬁciem-5
1925 5263 1974 5302 ο,
1999 5228 2078 5302 ξ’
2131 5249 2202 5281 m
2232 5228 2424 5290 ..ἷζιῖἴι
2458 5228 2540 5278 νζ*
2579 5228 2607 5276 Ξ

2620 5043 2695 5074 ⁸⁸⁸
2717 5044 2856 5100 deest
2883 5047 2917 5102 9
2941 5047 3114 5102 ηιξ.
3211 5046 3281 5081 ⁸⁸⁵
3313 5047 3493 5107 visce-

2135 5109 2219 5180 ηαξ
2245 5109 2630 5170 incarnationis
2661 5114 2787 5180 874,
2818 5117 2871 5170 1.
2907 5118 2962 5172 2.
2998 5118 3052 5172 5.
3083 5117 3138 5172 5.
3165 5117 3217 5172 8.
3239 5115 3272 5172 9
3296 5145 3369 5158 -—
3405 5119 3494 5176 12-

2159 5178 2227 5210 ‘”
2258 5180 2406 5234 dictu
2455 5193 2540 5239 est
2579 5193 2638 5238 ut
2670 5183 2723 5238 5.
2775 5178 2868 5220 ⁷⁸⁸³
2895 5188 3236 5243 τηθίριωηνητ
3285 5185 3318 5202 ⁸
