3958 5468
479 506 585 565 107

1060 608 1470 670 DCCCLXXIV.

544 712 704 765 Anno
746 703 1041 762 Dominica':
1083 702 1481 760 incarnationis
1532 701 1657 767 874,
1709 700 2056 757 Hludowieus

476 801 793 871 imperator,
820 795 913 868 qui
938 794 1105 851 Italia:
1132 809 1357 867 regnum
1386 794 1627 864 regebat,
1659 793 1889 847 moritur
1918 792 2055 864 (70).

474 893 601 948 Fuit
621 906 750 948 vero
789 890 891 945 iste
929 888 1181 962 princeps
1208 888 1331 958 pius
1353 893 1409 942 et
1459 884 1792 950 misericors,
1832 884 2059 953 justitia:

473 984 708 1050 deditus,
739 981 1089 1053 simplicitate
1124 993 1317 1050 purus,
1357 976 1711 1033 ecclesiarum
1741 975 1836 1031 Dei
1867 975 1934 1007 ⁸³⁷
1965 975 2085 1030 de-~

470 1075 676 1141 fens‘or,
709 1074 1081 1145 orphanorum
1110 1080 1165 1128 et
1194 1068 1519 1142 pupillorum
1550 1075 1727 1140 pater,
1756 1066 2055 1137 eleemosy-

470 1180 664 1222 narum
695 1163 881 1235 largus
920 1161 1164 1233 largitor,
1197 1159 1370 1217 servis
1412 1157 1506 1213 Dei
1548 1156 1821 1212 humiliter
1846 1156 2058 1232 sesub-

470 1257 695 1314 mittens
722 1257 815 1325 ⁸η,
847 1263 906 1310 ut
926 1254 1138 1326 justitia
1184 1251 1301 1323 ejus
1336 1257 1586 1322 maneret
1632 1249 1683 1303 in
1710 1247 1949 1305 seculum
1987 1246 2056 1278 m

469 1360 527 1407 et
551 1365 720 1406 cornu
749 1347 867 1418 ejus
888 1346 1222 1404 exaltaretur
1246 1345 1299 1400 in
1331 1343 1499 1413 gloria
1524 1342 1615 1396 ⁸¹⁰.

541 1426 742 1498 Eodem
787 1454 931 1496 anno
961 1437 1236 1504 Salomon,
1280 1451 1371 1491 rex
1413 1434 1741 1497 Brittonum,
1771 1447 1802 1486 a
1832 1429 2058 1500 Pasqui-

472 1542 600 1589 lano
626 1532 696 1565 '“
727 1540 782 1587 et
811 1529 1090 1587 Vurfando
1120 1528 1218 1595 "',
1248 1526 1477 1583 ducibus
1531 1524 1666 1591 suis,
1698 1523 1823 1579 dolo
1852 1523 2057 1578 interti-

471 1625 644 1690 citur;
675 1630 797 1695 post
823 1620 976 1691 cujus
1018 1628 1248 1676 mortem
1293 1633 1417 1674 cum
1446 1617 1522 1672 bii
1554 1616 1662 1672 duo
1687 1629 1911 1687 regnum
1940 1613 2056 1684 ejus

470 1714 614 1769 inter
639 1728 697 1769 se
723 1712 963 1768 dividere
977 1710 1194 1777 vellent,
1222 1708 1314 1765 sed
1332 1708 1386 1763 in
1408 1707 1674 1763 divisione
1686 1705 2054 1768 dissentirent,

470 1820 535 1860 eo
560 1804 703 1875 quod
732 1803 968 1857 maxima
1000 1817 1128 1873 pars
1173 1798 1488 1869 Pasquitani
1531 1796 1778 1868 partibus
1825 1794 2051 1857 faveret,

468 1895 669 1952 bellum
717 1894 786 1949 ab
833 1895 1077 1964 utrisque
1125 1890 1353 1947 summis
1417 1888 1623 1944 viribus
1696 1888 2050 1942 instauratur.

1582 497 1948 557 REGINONIS
1982 497 2395 556 PRUMIENSIS
2434 496 2723 553 ABBATIS

2087 619 2133 673 Α
2163 619 2369 681 gestum
2404 610 2506 665 hoc
2534 608 2775 681 praelium
2829 609 2882 663 in
2929 608 3135 681 campis
3155 607 3311 681 juxta
3341 609 3622 665 civitatem
3654 611 3760 667 ηε·

3656 497 3757 555 108

2161 700 2316 755 donis
2345 699 2416 731 '"
2445 698 2579 771 (7i).
2613 698 2745 753 Erat
2778 698 2866 754 hic
2896 696 3206 755 Vurl‘andus
3235 714 3429 771 genere
3456 700 3601 757 inter
3630 716 3759 757 suos

2160 790 2359 856 clarus,
2386 791 2481 846 sed
2508 789 2766 844 virtutum
2807 789 3194 861 experimentis
3224 789 3295 822 ⁸³⁸
3325 790 3609 847 nobilitate
3645 792 3759 847 cla-

2160 880 2287 946 rior,
2321 896 2441 951 quae
2485 889 2634 936 tanta
2656 879 2757 936 fuit
2789 881 2840 935 in
2875 880 2965 937 illo
2992 881 3062 913 ⁵³⁷
3095 892 3153 937 ut
3184 882 3347 937 animi
3382 885 3759 954 magnitudine

2158 971 2462 1043 viriumque
2488 972 2659 1044 gloria
2689 974 2830 1030 inter
2858 990 3005 1041 suos,
3047 985 3107 1031 ut
3144 977 3399 1044 diximus,
3434 978 3565 1032 nulli
3600 979 3757 1033 vide-

2158 1074 2308 1121 retur
2328 1064 2400 1098 ⁸³⁸
2423 1082 2542 1122 esse
2567 1068 2836 1123 secundus
2853 1084 2867 1133 ;
2884 1068 2948 1123 ad
2971 1066 3124 1138 cujus
3141 1070 3421 1125 audaciam
3444 1072 3758 1142 mentisque

2159 1158 2525 1212 constantiam
2565 1159 3039 1215 dctnoustrandam
3071 1178 3233 1218 unum
3284 1177 3315 1216 e
3343 1162 3525 1219 multis
3552 1180 3761 1235 ponere

2158 1244 2378 1316 placuit.
2402 1245 2535 1301 Nam
2584 1247 2840 1303 Salomon
2868 1249 2938 1283 ”’
2984 1265 3075 1306 rex
3107 1266 3229 1306 cum
3269 1250 3339 1283 “°
3370 1252 3583 1325 byemis
3616 1263 3757 1310 tem-

2159 1350 2290 1406 pore
2317 1337 2608 1408 aliquando
2645 1347 2832 1394 contra
2855 1337 3227 1397 Nordmannos
3247 1352 3427 1398 castra
3456 1344 3757 1412 posuisset,

2161 1437 2218 1481 ut
2266 1426 2333 1482 ab
2382 1443 2567 1483 eorum
2638 1428 2944 1486 incursione
3005 1431 3139 1487 lines
3202 1433 3351 1503 regni
3416 1432 3500 1488 sui
3572 1444 3758 1488 tuere-

2161 1524 2247 1570 tur
2290 1515 2382 1583 ⁸⁵⁸,
2448 1517 2628 1588 ibique
2680 1518 2866 1575 multis
2912 1520 3100 1576 diebus
3157 1523 3457 1589 resideret,
3518 1525 3757 1593 quadam

2160 1608 2245 1663 die
2292 1623 2413 1663 cum
2444 1623 2623 1665 sermo
2670 1610 2812 1665 inter
2866 1612 3041 1667 socios
3086 1622 3361 1670 teneretur
3409 1615 3476 1670 de
3527 1615 3757 1670 audacia

2158 1711 2215 1758 et
2276 1704 2481 1760 duricia
2543 1705 3053 1775 Nordmannorum,
3132 1709 3419 1782 pracdiclus
3472 1710 3544 1745 ’δ’
3619 1711 3761 1767 Vnr—

2162 1795 2353 1853 fandus
2409 1812 2466 1852 se
2516 1796 2592 1830 '"
2636 1797 2778 1853 ultra
2846 1801 2991 1855 vires
3055 1816 3392 1871 praesumens
3432 1814 3760 1877 arroganter

2152 1885 2400 1954 jactavit,
2465 1887 2510 1943 si
2566 1902 2660 1943 rex
2688 1904 2810 1944 cum
2871 1891 3112 1945 exercitu
3168 1894 3480 1959 recederet,
3524 1911 3586 1948 se
3633 1905 3758 1950 tan-

468 1986 850 2057 Pasquitanus,
898 1998 1207 2054 quanquam
1235 1980 1438 2051 majore
1482 1977 1827 2034 multitudine
1879 1976 2051 2033 abun-
2086 1996 2131 2057 Β
2162 1985 2436 2041 tummodo
2484 1986 2683 2042 audere
2724 2002 2850 2045 cum
2903 1990 3017 2045 suis
3073 1989 3124 2045 in
3170 1992 3357 2046 eodem
3409 1991 3530 2048 loco
3579 2008 3759 2048 rema-

470 2076 648 2141 daret,
675 2074 1152 2130 Nordtnannorum
1186 2082 1365 2128 tamen
1415 2070 1615 2125 auxilia
1646 2069 1877 2141 pecunia
1925 2083 2055 2123 con-

471 2166 641 2232 ducit,
670 2180 843 2236 eaque
872 2165 941 2221 ad
989 2164 1418 2237 supplementum
1445 2163 1642 2218 virium
1667 2176 1765 2218 suo
1790 2160 2051 2216 exercitui

468 2257 685 2323 miscet,
716 2267 772 2313 et
817 2273 939 2312 mox
988 2264 1179 2312 contra
1207 2255 1459 2310 aemulum
1504 2255 1569 2308 ad
1610 2268 1845 2325 pugnam
1888 2250 2052 2321 proli-

468 2346 979 2403 ciscitur.Vurt‘andi
1005 2345 1265 2403 satellites
1290 2342 1359 2377 ⁸³³
1380 2344 1623 2400 videntes
1645 2344 1788 2398 vires
1811 2340 1961 2413 regni
1985 2339 2052 2393 ad

468 2439 859 2511 Pasquitanum
882 2439 1234 2504 concessisse,
1263 2444 1546 2508 cmperunt
1571 2437 1641 2491 ab
1675 2450 1742 2491 eo
1769 2431 2049 2504 dill‘ugere,

466 2546 524 2591 ut
547 2535 639 2590 vix
668 2534 814 2591 mille
838 2547 960 2590 cum
984 2528 1050 2589 eo
1101 2532 1154 2587 in
1187 2531 1305 2587 acie
1352 2535 1717 2593 remanerent,
1739 2525 1831 2597 qui
1859 2533 1914 2580 et
1948 2523 2047 2595 ipsi

465 2635 747 2698 eruperunt
778 2625 1009 2682 suadere
1045 2633 1107 2680 ut
1152 2624 1431 2680 secederet
1455 2620 1527 2656 ⁸³⁸
1560 2620 1859 2690 mortisque
1905 2617 2051 2688 peri-

467 2718 650 2773 culum
674 2715 1008 2781 declinaret;
1039 2729 1098 2770 se
1130 2730 1253 2769 cum
1281 2713 1470 2784 paucis
1505 2712 1843 2766 innumeram
1868 2707 2047 2763 multi-

465 2808 707 2863 tudinem
732 2805 1001 2861 sustinere
1024 2818 1128 2858 non
1153 2817 1331 2873 posse.
1359 2801 1442 2857 Ad
1466 2801 1599 2857 haec
1625 2799 1716 2855 ille
1735 2797 2044 2868 respondit:

465 2900 638 2965 Absit,
672 2899 868 2968 inquit,
920 2896 1097 2967 optimi
1136 2894 1528 2957 commilitones,
1575 2902 1631 2947 ut
1675 2892 1830 2946 hodie
1854 2890 2047 2961 facium

463 2988 603 3059 quod
628 3002 894 3058 nunquam
918 2985 1040 3056 feci,
1069 2985 1264 3040 scilicet
1290 2994 1344 3037 ut
1376 2982 1598 3038 inimicis
1624 2983 1753 3037 meis
1773 2991 1917 3051 terga
1942 2995 2049 3033 ver-

462 3090 594 3143 tam,
619 3088 668 3132 et
712 3076 882 3149 gloria
925 3076 999 3109 ⁸²⁸
1029 3076 1251 3130 nominis
1296 3076 1460 3129 nostri
1503 3073 1804 3144 infametur.
1855 3071 2045 3126 Helius

462 3179 536 3224 est
569 3167 643 3200 ³³⁸
665 3167 908 3223 nobiliter
931 3167 1086 3233 mori,
1129 3182 1285 3238 quam
1314 3165 1598 3236 ignominia
1625 3165 1784 3219 vitam
1803 3180 2041 3229 servare;

2156 2089 2305 2141 nere,
2334 2084 2390 2130 et
2412 2075 2585 2133 tribus
2612 2076 2801 2134 diebus
2830 2089 2951 2151 post
2971 2081 3267 2138 discessum
3296 2082 3366 2114 '“
3394 2083 3540 2150 regis
3563 2085 3760 2140 immo-

2155 2166 2284 2221 rari.
2318 2166 2599 2222 Distabant
2627 2184 2754 2225 vero
2773 2179 2953 2226 castra
2990 2171 3290 2227 Brittonum
3320 2187 3352 2227 a
3376 2172 3757 2229 Nordmanno-

2154 2273 2273 2312 rum
2319 2257 2493 2313 classe
2530 2268 2736 2314 tantum
2786 2269 2912 2318 octo
2954 2262 3170 2317 milibus
3199 2262 3290 2316 “'.
3324 2262 3585 2320 Nuntiata
3629 2275 3760 2320 sunt

2154 2349 2316 2405 verba
2345 2365 2465 2422 quae
2487 2350 2796 2408 Vurl‘andus
2822 2354 2975 2425 quasi
3006 2354 3194 2412 leviter
3214 2355 3536 2427 protulerat,
3566 2359 3755 2413 nescio

2152 2455 2183 2495 a
2208 2455 2352 2512 quo,
2402 2440 2694 2514 Hastingo,
2752 2444 2871 2499 duci
2923 2459 3257 2517 paganorum
3291 2445 3380 2502 "'.
3423 2446 3542 2502 Non
3584 2447 3755 2502 multo

2152 2541 2278 2603 post
2309 2532 2594 2602 interjecto
2622 2542 2876 2606 tempore,
2927 2536 3068 2592 da'tis
3092 2534 3161 2569 W’
3185 2537 3493 2609 quingentis
3524 2539 3712 2594 vaccis
3735 2582 3751 2609 ,

2150 2623 2403 2681 Salomon
2437 2639 2625 2695 pacem
2661 2640 2784 2681 cum
2822 2624 3184 2683 Nordmannis
3225 2627 3390 2695 fecit,
3424 2638 3481 2685 et
3507 2630 3753 2700 acceptis

2148 2712 2426 2769 obsidibus
2463 2730 2583 2770 cum
2617 2715 2794 2772 redire
2824 2715 2880 2772 in
2905 2732 3128 2789 regnum
3161 2718 3469 2787 di5p0neret
3491 2759 3508 2785 ,
3540 2720 3754 2788 legatus

2149 2803 2388 2877 Hastingi
2414 2820 2536 2861 eum
2579 2806 2759 2862 taliter
2802 2806 3131 2878 alloquitur:
3166 2807 3485 2865 Nuntiatum
3534 2820 3613 2866 est
3654 2810 3752 2864 do-

2150 2894 2290 2948 mino
2320 2911 2454 2959 meo,
2488 2905 2536 2951 te
2558 2905 2757 2950 tantum
2781 2898 2948 2951 virum
2969 2898 3178 2964 habere,
3193 2900 3283 2971 qui
3303 2916 3358 2955 se
3370 2900 3744 2973 jactet,quod,

2150 2997 2197 3041 te
2224 2985 2507 3053 recedente,
2533 2985 2675 3042 solus
2698 2986 2767 3021 “'
2802 3004 2918 3042 cum
2941 2989 3051 3044 suis
3089 2990 3186 3045 Itoc
3215 2991 3268 3045 in
3288 2990 3401 3045 loco
3435 2995 3635 3047 audeat
3664 3010 3752 3047 re-

2146 3095 2378 3133 manere.
2403 3078 2461 3133 Si
2483 3095 2603 3149 ergo
2628 3088 2807 3134 tantus
2831 3090 2905 3135 est
2930 3091 3157 3152 quantus
3183 3081 3283 3137 sibi
3306 3083 3531 3150 videtur,
3554 3083 3750 3138 ἐπεκη-

2145 3177 2346 3223 ctanter
2368 3178 2653 3235 remaneat,
2675 3170 2799 3241 quia
2833 3170 3082 3225 dominus
3106 3188 3249 3226 meus
3277 3170 3384 3226 vult
3406 3188 3527 3226 eum
3553 3174 3751 3233 videre,

462 3278 555 3317 nec
576 3260 926 3332 difﬁdendum
952 3259 1017 3314 de
1038 3259 1250 3314 victoria
1267 3275 1285 3325 ;
1325 3257 1554 3329 fortuna:
1582 3257 1712 3313 vires
1736 3276 1852 3313 cum
1885 3260 2046 3321 Itasti-
2144 3259 2462 3331 audacisque
2485 3260 2582 3313 viri
2620 3260 2884 3316 desiderat
2928 3264 3171 3317 notitiam
3200 3263 3409 3320 habere.
3439 3264 3749 3337 Interroga-

462 3353 558 3408 bus
581 3352 930 3422 experiamur.
959 3348 1141 3431 Neque
1161 3350 1300 3406 enim
1341 3347 1484 3404 salus
1505 3358 1579 3403 est
1604 3350 1660 3403 in
1685 3350 2041 3418 multitudine,
2072 3367 2117 3431 ο
2152 3360 2238 3406 tus
2264 3359 2445 3406 autem
2501 3349 2811 3408 Vurl‘andus
2853 3368 2883 3407 a
2935 3368 3061 3425 rege
3084 3393 3100 3419 ,
3159 3364 3340 3409 utrum
3380 3353 3488 3409 tale
3541 3354 3748 3425 aliquid

461 3443 551 3497 sed
613 3442 784 3513 potius
847 3442 902 3496 in
946 3440 1076 3495 Deo.
1140 3438 1522 3509 Huiuscemodi
1578 3440 2044 3497 exhortationibus

461 3531 714 3587 animatis
739 3531 903 3587 sociis
938 3529 1030 3596 δ”,
1075 3545 1237 3600 super
1266 3529 1484 3601 triginta
1515 3539 1573 3587 et
1608 3546 1673 3586 eo
1697 3531 1946 3602 amplius,
1987 3540 2046 3588 ut

460 3621 753 3688 ferunt'“,
782 3621 1218 3677 adversariorum
1263 3621 1409 3677 milia
1448 3620 1733 3688 irruit'”;
1764 3621 1969 3679 clamor
1989 3623 2044 3678 in

460 3711 657 3766 coelum
703 3710 929 3776 tollitur,
984 3726 1162 3782 pugna
1217 3724 1429 3765 summa
1472 3710 1675 3767 virtute
1716 3711 2043 3767 conseritur.

465 3803 775 3858 Vurl‘andus
803 3818 926 3858 cum
965 3803 1079 3857 suis
1106 3801 1176 3835 ⁸⁸⁸
1222 3801 1677 3858 confertissimam
1710 3802 1779 3835 ⁸³¹
1809 3802 2042 3858 hostium

463 3894 637 3948 aciem
698 3892 971 3964 irrumpit,
1025 3901 1082 3948 et
1126 3893 1296 3947 veluti
1345 3893 1512 3948 herba
1538 3902 1819 3963 pratorum
1870 3894 2045 3949 recisa

462 3990 588 4037 ante
636 3996 860 4037 acumen
915 3981 1069 4038 falcis
1124 3982 1290 4047 cadit,
1351 3989 1407 4036 et
1458 3981 1746 4037 uberrinue
1813 3993 2044 4052 segetes,

460 4072 696 4143 procella
739 4072 1075 4144 tempestatis
1116 4072 1440 4127 desaeviente
1469 4070 1560 4136 δ”,
1606 4080 2043 4142 prosternuntur,

462 4168 536 4222 ita
561 4166 709 4224 ferro
733 4167 892 4223 caedit
916 4166 1218 4236 sternitque
1247 4165 1450 4221 omnia.
1478 4165 1622 4219 Raro
1660 4165 1714 4219 in
1738 4165 1827 4220 illo
1867 4166 1939 4198 ⁵³³
1961 4182 2050 4221 τεο

460 4274 565 4329 gno
596 4258 649 4313 in
676 4256 786 4315 ullo
808 4258 1001 4330 proelio
1027 4265 1234 4314 tantum
1277 4257 1554 4328 sanguinis
1578 4255 1757 4312 fusum
1783 4266 1887 4312 est.
1920 4255 2049 4313 Pas-

461 4350 739 4418 quitanus,
774 4357 837 4403 ut
865 4349 1091 4404 mactari
1119 4364 1249 4405 suos
1269 4362 1418 4404 more
1442 4348 1706 4418 pecudum
1734 4349 1888 4413 vidit,
1919 4366 2043 4405 cum

461 4438 669 4506 paucis,
707 4451 843 4506 quos
886 4437 1093 4507 gladius
1140 4437 1370 4493 necdum
1412 4449 1840 4509 consumpserat,
1890 4438 2042 4511 fugit.

461 4528 631 4584 Porro
644 4527 995 4593 Nordmanni,
1020 4528 1112 4597 qui
1133 4528 1187 4582 in
1219 4527 1479 4582 auxilium
1505 4528 1717 4584 fuerant
1741 4532 2048 4596 convocati,

464 4619 852 4677 monasterium
877 4618 1049 4674 sancti
1073 4617 1264 4673 Melani
1292 4617 1361 4649 ⁸³⁸
1382 4617 1618 4689 episcopi
1650 4619 1874 4690 ingressi
1902 4631 2048 4686 sunt,

2146 3438 2423 3512 professus
2466 3450 2632 3508 esset,
2670 3443 2945 3512 respondit
2993 3458 3051 3500 se
3084 3443 3205 3498 talia
3254 3444 3453 3501 dixisse
3480 3482 3496 3510 ,
3544 3453 3602 3501 et
3634 3446 3747 3500 lucc

2146 3534 2332 3588 eadem
2363 3532 2518 3589 factis
2543 3533 2683 3590 velle
2704 3529 2776 3567 ""
2803 3535 3031 3603 probare
3054 3552 3069 3599 ;
3090 3545 3441 3606 protinusque
3463 3536 3743 3592 licentiam

2144 3624 2218 3679 ibi
2247 3624 2559 3680 remanendi
2591 3628 2744 3695 petit.
2772 3624 2906 3681 Cum
2935 3641 2964 3680 a
2984 3626 3225 3697 principe
3250 3628 3633 3699 objurgaretur
3651 3628 3743 3686 ⁸⁸⁸.

2149 3729 2250 3769 cur
2281 3724 2389 3768 tam
2429 3712 2576 3769 fatua
2604 3714 2968 3772 obstinatione
2992 3716 3268 3782 detentus,
3296 3732 3397 3788 pro
3420 3718 3605 3773 verbis
3634 3718 3748 3772 ina-

2146 3805 2286 3859 niter
2309 3806 2362 3860 in
2386 3814 2603 3860 ventum
2626 3806 2694 3837 ⁸⁸¹
2719 3806 2942 3875 prolatis
2968 3806 3123 3862 vellet
3156 3807 3292 3863 mori
3315 3822 3553 3878 suosque
3578 3808 3743 3862 morti

2147 3897 2383 3961 tradere,
2412 3895 2715 3952 nullatenus
2751 3898 3048 3968 acquievit,
3089 3912 3339 3953 asserens
3363 3937 3379 3963 ,
3411 3898 3517 3953 nisi
3566 3912 3742 3952 rema-

2148 3990 2403 4045 nendi'“
2435 3990 2706 4045 licentiam
2739 3992 2914 4059 daret,
2962 4006 3304 4061 nequaquam
3354 3991 3427 4046 illi
3472 3990 3646 4045 fidelis
3693 3992 3745 4044 in

2148 4082 2412 4153 reliquum
2440 4082 2596 4138 foret.
2628 4084 2733 4139 Sed
2762 4098 2884 4138 cum
2929 4082 3180 4139 Salomon
3227 4082 3647 4138 inrevocabilem
3674 4081 3747 4115 ⁸⁸³

2148 4171 2266 4243 ejus
2290 4174 2527 4228 animum
2560 4174 2944 4245 perspexisset,
2970 4175 3101 4230 dare
3136 4175 3186 4235 ei
3235 4168 3488 4231 solatium
3518 4189 3588 4229 ex
3630 4175 3747 4228 suis

2150 4265 2470 4322 satellitibus
2494 4264 2702 4330 voluit;
2732 4264 2874 4335 quod
2907 4264 3084 4320 renuit
3110 4266 3408 4336 suscipere,
3440 4263 3739 4323 allirmans.

2150 4358 2196 4413 si
2217 4357 2351 4413 alios
2384 4372 2544 4427 quam
2573 4371 2700 4412 suos
2739 4371 2921 4411 secum
2966 4356 3217 4419 haberet,
3246 4356 3359 4428 jam
3409 4372 3517 4411 non
3561 4366 3746 4412 essent

2149 4458 2276 4499 vera
2300 4460 2419 4514 quae
2448 4444 2825 4515 spoponderat.
2870 4443 2982 4500 Rex
3012 4461 3132 4500 cum
3175 4446 3432 4502 omnibus
3470 4445 3641 4516 copiis
3688 4445 3742 4497 iu

2152 4550 2374 4605 regnum
2421 4535 2662 4599 recessit,
2693 4545 2748 4590 et
2773 4536 3079 4592 Vurl‘andus
3126 4539 3180 4591 in
3222 4538 3414 4593 eodem
3458 4537 3579 4592 loco
3620 4551 3744 4591 cum

2156 4628 2402 4684 ducentis
2454 4628 2569 4684 fere
2616 4626 2687 4662 ⁸⁸⁵
2748 4630 2879 4685 viris
2922 4631 3218 4696 remansit,
3272 4630 3454 4700 ibique
3503 4630 3745 4700 quinque

463 4712 644 4782 ibique
673 4725 733 4765 se
775 4714 927 4765 more
973 4708 1132 4765 solito
1175 4707 1570 4776 communiunt,
1624 4717 1680 4764 et
1728 4712 2050 4767 succedente

2156 4721 2345 4777 diebus
2369 4725 2691 4794 expectavit.
2733 4723 2898 4788 Sexta
2940 4734 3099 4779 nocte
3138 4722 3430 4796 llastingus
3471 4722 3742 4793 quendam

462 4812 621 4860 nocte
652 4802 777 4873 fuga
812 4800 1022 4872 dilapsi,
1052 4799 1120 4855 ad
1169 4813 1338 4856 naves
1364 4807 1730 4857 revertuntur.
1769 4801 1897 4858 Fuit
1924 4820 2055 4860 vero

2163 4813 2431 4882 captivum
2462 4813 2695 4870 absolvit
2724 4830 2753 4869 a
2780 4815 3008 4887 vinculis
3032 4813 3137 4881 ⁵⁸9,
3161 4824 3218 4870 et
3242 4830 3364 4870 eum
3413 4816 3481 4869 ad
3512 4814 3745 4869 ναι-ἠπει-

1762 4896 1849 4952 VA
1858 4896 1996 4955 ΒΙΑΞ
2031 4902 2428 4961 LECTIONES.

514 4982 604 5039 ﬁ"
623 4987 789 5045 'aeest
820 4987 875 5042 5.
940 4967 1023 5020 ππ
1061 4972 1347 5041 servorum
1378 4968 1462 5040 dei
1515 4965 1733 5042 num'ilis
1781 4996 2011 5047 servitur
2040 5000 2065 5049 ι
2094 5023 2166 5042 ν-
2195 4997 2250 5051 5.
2281 4998 2336 5051 5.

2444 4991 2515 5033 ⁸¹⁹
2559 4995 2798 5053 seculum
2842 4996 3010 5053 seculi
3061 4995 3114 5050 5.
3206 4995 3275 5027 ⁵¹⁰
3307 4996 3643 5052 exaltaretur
3688 4999 3741 5052 in

464 5060 647 5158 sistit:
685 5058 795 5158 7.2.9
823 5057 1934 5158 ῑ.ξ²;....2.¹..ἓξ¹Ἦξιὶξὶξξτοέξε.νξινιίίιιέξψο
1970 5063 2024 5120 ⁷-
2054 5066 2391 5156 aestumas
2418 5067 2461 5154 ξι.
2478 5096 2523 5108 -
2543 5067 2667 5158 1?:
2701 5067 3165 5158 εοηδιει.ξεεζ;.,ἶ²
3188 5064 3477 5158 auditi?
3498 5078 3746 5158 εεηξιαίτ·

465 5146 546 5189 ter
592 5131 677 5186 τί.
875 5128 945 5161 ⁸³³
984 5127 1232 5176 νιιιΤιδηιΙί
1266 5127 1461 5164 milium
1512 5127 1560 5154 ..:

466 5196 645 5230 hIﬂ‘J-"
732 5198 745 5208 ³
806 5196 820 5206 ⁴

2543 5147 2656 5162 --—-
2702 5137 2732 5168 κ
2848 5137 2917 5169 ⁵²³
2947 5143 3155 5186 vertam
3188 5145 3249 5186 ut
3293 5136 3467 5200 gloria
3602 5152 3654 5193 c.
3687 5152 3739 5192 Θ-
