4010 6398
245 407 342 465 109

243 526 362 580 dum
392 513 580 576 direxit
601 559 613 582 ,
669 513 928 570 mandans
967 521 1022 568 ut
1052 513 1154 569 sibi
1200 514 1266 567 ad
1297 513 1490 568 vadum
1526 514 1804 584 cujusdam
1837 522 1882 579 Α

199 653 202 658 -
245 611 487 668 torrentis
509 609 644 662 inter
667 607 878 660 tertiam
905 613 960 659 et
975 597 1264 660 secundam
1280 605 1352 636 ⁵⁵⁸
1375 607 1808 676 supervenientis

242 703 339 760 diei
361 703 544 756 horam
571 696 640 730 "'
669 703 1001 761 occurreret,
1031 703 1088 750 ut
1113 696 1312 751 mutuis
1336 696 1618 766 colloquiis
1667 696 1808 750 frue-

243 806 437 850 rentur.
469 790 590 858 Qui,
617 787 750 843 nihil
785 793 1092 850 cunctatus,
1123 802 1270 840 arma
1322 786 1596 857 corripere
1645 786 1808 840 sociis

239 888 480 954 imperat.
505 891 556 937 et
585 880 652 936 ad
701 878 1008 935 condictum
1050 877 1224 932 locum
1258 878 1460 948 absque
1502 892 1650 930 mora
1683 891 1805 945 pcr-

237 981 338 1052 git,
364 975 804 1048 prospiciensque
851 971 1046 1026 vadum
1089 970 1344 1026 torrentis
1395 969 1534 1024 inter
1586 984 1711 1022 suos
1755 978 1810 1022 et

237 1067 568 1128 adversarios
601 1065 756 1136 quasi
785 1063 1010 1118 limitem
1042 1061 1178 1127 fore,
1208 1059 1356 1116 nullo
1380 1059 1537 1116 modo
1561 1059 1632 1114 ibi
1678 1075 1807 1112 con-

237 1162 419 1215 sistere
443 1156 632 1222 voluit,
663 1154 756 1210 sed
787 1151 1134 1208 transvadato
1157 1150 1366 1222 gurgite
1403 1149 1546 1203 ultro
1591 1147 1804 1202 obviam

239 1250 470 1306 hostibus
489 1246 752 1318 procedit.
776 1241 1108 1300 Nordmanni
1137 1241 1464 1296 admirantes
1499 1237 1809 1292 animosita-

241 1351 334 1396 tem
361 1350 413 1396 et
457 1339 736 1394 audaciam
759 1335 832 1368 ⁸³⁸
861 1335 984 1400 viri,
1020 1334 1090 1390 ab
1116 1349 1183 1390 eo
1223 1331 1659 1410 declinaverunt,
1709 1343 1810 1384 nec

239 1449 348 1489 eum
374 1432 511 1488 bello
531 1431 800 1487 lacessere
815 1427 884 1460 ⁵⁸⁸
909 1427 1024 1483 ausi
1073 1435 1215 1482 sunt.
1235 1424 1326 1480 llle
1352 1434 1532 1478 autem
1555 1421 1809 1492 usque'“

239 1525 297 1580 ad
325 1526 508 1580 horam
541 1533 752 1578 sextam
774 1519 842 1553 ⁵⁶¹
875 1515 1176 1588 intrepidus
1195 1523 1506 1588 expectans,
1559 1527 1680 1566 cum
1717 1525 1810 1564 ne-

240 1618 420 1672 minem
452 1617 694 1671 adversae
719 1600 888 1682 partis
907 1611 980 1643 ⁸⁸³
1013 1609 1196 1664 venire
1219 1614 1489 1670 cerneret,
1539 1619 1662 1659 cum
1699 1603 1810 1657 suis

239 1708 296 1764 ad
325 1707 539 1778 propria
568 1719 816 1762 reversus
839 1711 940 1758 est.
995 1699 1102 1756 Nec
1153 1699 1226 1754 illi
1287 1697 1500 1753 animus
1547 1696 1726 1750 minus
1755 1695 1808 1750 in

240 1806 448 1852 mortem
479 1795 715 1850 invictus
737 1808 898 1865 quam
927 1791 979 1846 in
1007 1791 1220 1846 hostem
1245 1787 1371 1856 fuit.
1418 1785 1660 1858 Denique
1689 1793 1812 1856 post

1423 399 1834 460 CHRONICON.
1873 437 1942 445 -—
1977 403 2086 458 AN.
2128 405 2250 458 87G.

3396 415 3498 472 110

2497 515 2899 571 DCCCLXXVI.

1985 607 2142 660 Auno
2173 604 2462 661 Dominicte
2493 603 2884 666 incarnationis
2905 611 3008 666 876
3036 611 3128 676 ⁵⁷⁵,
3149 611 3497 674 Hludowicus

1917 713 2007 753 rex
2035 697 2172 768 apud
2206 695 2602 753 Franconofurt
2631 700 2891 771 palatium
2929 703 3072 760 diem
3098 705 3288 761 clausit
3317 717 3500 766 extre-

1913 803 2058 842 mum
2079 787 2112 842 5
2135 786 2404 844 Kalendas
2439 787 2772 860 Septembris
2795 833 2808 858 ,
2847 794 3195 866 sepultusque
3219 797 3290 828 ⁵⁷⁶
3320 807 3404 853 est
3444 799 3500 856 in

1915 883 2245 938 monasterio
2277 885 2450 939 sancti
2481 883 2694 940 Nazarii
2717 927 2731 953 ,
2757 887 2900 958 quod
2945 889 3238 946 Lorasham
3267 892 3338 925 ⁸⁷⁷
3362 909 3501 947 nun-

1913 983 2159 1044 cupatur.
2189 973 2316 1030 Fuit
2340 985 2521 1031 autem
2551 978 2652 1033 iste
2695 980 2947 1050 princeps
2970 981 3498 1048 Christianissimus,

1915 1063 2015 1118 fide
2036 1065 2357 1132 catholicus,
2389 1082 2493 1122 non
2521 1067 2694 1124 solum
2723 1069 3082 1136 secularibus,
3113 1087 3300 1126 verum
3328 1075 3492 1128 etiam

1913 1157 2296 1215 ecclesiasticis
2317 1161 2617 1232 disciplinis
2643 1161 2972 1218 sufﬁcienter
3015 1165 3344 1232 instructus;
3380 1183 3500 1238 qum

1915 1250 2190 1320 religionis
2217 1261 2365 1318 sunt,
2397 1269 2516 1324 qure
2539 1256 2710 1326 pacis,
2735 1272 2855 1326 qua:
2893 1257 3152 1328 justitite,
3187 1261 3499 1314 ardentissi-

1911 1357 2029 1396 mus
2075 1351 2330 1398 executor
2356 1344 2689 1415 "3.1ngcnio
2713 1347 2782 1378 "9
2821 1348 3228 1416 callidissimus,
3270 1351 3495 1406 consilio

1913 1432 2436 1502 providentissimus,
2455 1436 2506 1489 in
2522 1436 2711 1492 dandis
2733 1438 2846 1494 sive
2867 1440 3248 1496 subtrahendis
3269 1441 3498 1511 publicis

1913 1523 2263 1594 dignitatibus
2307 1525 2654 1582 discretionis
2701 1530 3069 1585 moderamine
3110 1540 3492 1600 temperatus:

1915 1614 1967 1668 in
1990 1613 2189 1684 praeliis
2205 1615 2272 1648 δ⁸⁰
2301 1603 2801 1685 victoriosissimus,
2828 1635 3100 1676 armorum
3119 1635 3281 1692 quam
3314 1621 3498 1675 convi-

1913 1703 2121 1758 viorum
2173 1705 2520 1774 apparatibus
2566 1707 2888 1774 studiosior,
2935 1695 3024 1762 cui
3074 1709 3322 1762 niaximae
3367 1723 3498 1778 opes

1911 1801 2065 1848 erant
2093 1793 2452 1850 ins'runienta
2477 1793 2687 1859 bellica,
2712 1797 2830 1868 plus
2853 1797 3079 1867 diligens
3099 1798 3226 1852 ferri
3265 1799 3496 1869 rigorem

239 1897 492 1957 pel-acrum
519 1885 804 1940 victoriam
837 1881 1025 1937 morbo
1051 1877 1388 1952 gravatus'”
1416 1877 1483 1932 ad
1506 1886 1808 1930 extremum
1839 1873 1884 1934 Β
1911 1901 2071 1956 quant
2098 1887 2213 1941 auri
2237 1886 2691 1960 fulgorem.Apud
2714 1905 2874 1959 quem
2899 1905 3056 1946 nemo
3079 1890 3284 1945 inutilis
3309 1890 3494 1948 valuit.

237 1976 543 2044 deducitur;
576 1970 1171 2044 cujus-invaletudinem
1199 1967 1270 2001 '“
1298 1981 1421 2022 cum
1453 1965 1808 2036 persensisset

239 2067 614 2137 Pasquitanus,
647 2063 935 2133 resumptis
983 2062 1191 2118 viribus
1234 2060 1473 2116 fautores
1509 2057 1627 2128 ejus
1669 2057 1808 2112 bello

237 2161 534 2229 aggreditur
565 2157 628 2230 [ε.
671 2157 838 2228 ipsius
863 2153 899 2209 6
939 2152 1157 2226 aggredi
1189 2160 1343 2222 parat
1373 2149 1547 2224 6-12].
1591 2149 1692 2217 Qui
1745 2149 1809 2202 ti-

237 2267 370 2308 more
415 2251 698 2321 perterriti
723 2249 796 2281 “'
823 2249 892 2303 ad
937 2247 1126 2302 ducem
1179 2244 1532 2314 confugiunt,
1587 2251 1644 2298 et
1685 2258 1806 2297 cum

237 2341 506 2414 lachrymis
557 2342 608 2398 ei
657 2339 834 2396 minas
875 2337 1188 2409 Pasquitani
1236 2337 1513 2407 aperiunt,
1561 2344 1806 2404 petentes

235 2444 404 2489 contra
433 2432 732 2488 imminens
758 2429 1053 2502 periculum
1076 2427 1380 2484 consilium.
1413 2426 1482 2480 At
1506 2425 1591 2480 ille
1627 2426 1807 2479 horta-

238 2534 312 2578 tur
337 2532 390 2578 ut
409 2524 676 2578 adversus
725 2523 932 2577 hostem
965 2520 1223 2574 audacter
1240 2517 1311 2550 '“
1334 2517 1628 2588 procedant
1651 2530 1804 2570 suum

233 2609 466 2669 vexillu'm
505 2613 771 2676 ferentes,
803 2610 1194 2683 polliceturque
1217 2609 1522 2664 victoriam.
1549 2605 1649 2674 Qui
1681 2622 1804 2661 cum

237 2707 646 2778 respondissent,
675 2705 792 2760 sine
815 2703 933 2774 ejus
962 2700 1250 2774 prtesentia
1297 2714 1404 2756 non
1444 2698 1642 2754 audere
1684 2713 1805 2751 cum

235 2800 552 2854 adversariis
571 2795 852 2868 congredi,
885 2793 1134 2865 spiritum
1163 2791 1256 2864 qui
1283 2806 1388 2848 una
1426 2805 1550 2848 cum
1601 2789 1806 2844 viribus

235 2891 455 2960 corporis
473 2888 594 2958 jam
611 2902 748 2959 pene
775 2885 1037 2958 etl'ugerat
1059 2897 1362 2948 resumens,
1380 2882 1504 2953 quia
1531 2897 1630 2938 nec
1655 2881 1805 2951 pedi-

239 2985 324 3040 bus
343 2999 514 3054 neque
542 2983 615 3016 ’θ’
635 2997 777 3052 equo
803 2988 1017 3050 poterat
1045 2979 1146 3046 ire,
1167 2978 1322 3049 jubet
1343 2993 1400 3034 se
1431 2979 1486 3034 in
1511 2977 1650 3034 lecto
1677 2992 1800 3048 por-

240 3076 349 3140 tari,
371 3085 424 3132 et
452 3086 582 3131 ante
611 3075 778 3130 aciein
801 3074 1144 3129 inimicorum
1174 3073 1390 3143 exponi,
1420 3081 1474 3126 et
1517 3072 1596 3127 sic
1621 3073 1804 3126 subire

241 3173 516 3220 certamen.
575 3163 730 3232 Quod
771 3177 895 3220 cum
945 3162 1206 3218 satellites
1254 3161 1514 3218 fecissent
1539 3163 1630 3228 ⁸⁸⁸,
1677 3178 1802 3218 mox

1910 1975 1966 2030 in
1997 1974 2148 2046 cujus
2171 1977 2342 2032 oculis
2371 1993 2595 2048 perraro
2625 1980 2770 2036 utilis
2799 1980 3090 2051 displicuit,
3135 1995 3293 2050 quem
3337 1997 3496 2036 nemo

1909 2067 2220 2124 muneribus
2241 2070 2308 2100 '3‘
2343 2085 2690 2142 corrumpere
2715 2072 2906 2142 potuit,
2932 2073 3074 2143 apud
3097 2088 3258 2142 quem
3290 2073 3492 2138 nullus,

1906 2173 2004 2228 per
2027 2163 2334 2230 pecuniam,
2357 2163 2778 2222 ecclesiasticam
2799 2166 2868 2199 ⁸⁸³
2905 2169 3020 2223 sive
3059 2170 3386 2226 mundanam
3417 2173 3498 2226 di-

1907 2251 2162 2323 gnitatem
2191 2257 2442 2324 obtinuit,
2483 2259 2574 2312 sed
2607 2261 2778 2332 magis
2815 2261 3239 2320 ecclesiasticam
3273 2263 3344 2297 ⁸⁸³
3369 2279 3493 2334 pro-

1906 2345 1990 2400 bis
2020 2347 2259 2404 moribus
2293 2357 2346 2405 et
2383 2359 2568 2406 sancta
2603 2353 3394 2422 conversatione,,mundanam
3425 2357 3496 2388 ⁵⁸³

1906 2437 2098 2493 devoto
2137 2441 2360 2496 servitio
2385 2453 2440 2496 et
2485 2443 2694 2496 sincera
2745 2445 3022 2499 fidelitate.
3077 2445 3272 2500 Habuit
3316 2455 3495 2500 autem

1907 2527 1994 2583 hic
2013 2519 2430 2600 gloriosissimus
2457 2548 2568 2598 rex,
2587 2531 2738 2600 cujus
2767 2533 3024 2588 memoria
3047 2535 3100 2588 in
3124 2534 3497 2592 benedictione

1904 2627 2006 2685 est,
2031 2619 2287 2690 reginam,
2315 2623 2528 2677 nomine
2558 2621 2857 2688 lletnmam,
2887 2624 2990 2679 sibi
3011 2625 3063 2678 in
3087 2625 3492 2682 matrimonium

1906 2708 1974 2740 ⁵⁸³
1997 2708 2262 2780 junctam,
2295 2727 2412 2782 quae
2441 2712 2630 2768 nobilis
2654 2713 2724 2744 ⁵⁸³
2757 2727 2955 2784 genere
2984 2713 3119 2780 fuit,
3167 2717 3260 2771 sed
3285 2757 3299 2782 ,
3351 2717 3494 2786 quod

1907 2802 2076 2872 magis
2101 2802 2444 2878 laudandum,
2476 2805 2754 2862 nobilitate
2785 2806 2984 2863 mentis
3011 2807 3180 2863 multo
3225 2818 3488 2878 praestan-

1906 2893 2047 2958 tior;
2081 2909 2146 2948 ex
2175 2910 2278 2962 qua
2307 2904 2415 2950 tres
2444 2895 2581 2952 filios
2631 2879 2880 2968 suscepit'
2913 2898 3381 2956 excellentissima
3416 2900 3496 2956 in-

1906 2981 2061 3047 dolis,
2102 2983 2347 3038 videlicet
2376 2983 2822 3052 Carlomaunum,
2855 2985 3226 3042 Hludowicum
3257 2997 3312 3043 et
3335 2989 3498 3044 Caro-

1906 3072 2032 3138 lum,
2062 3075 2150 3144 qui
2182 3073 2322 3128 felici
2347 3085 2494 3130 sorte
2519 3085 2638 3146 post
2668 3078 2950 3133 decessum
2981 3078 3050 3110 ⁸⁸⁷
3075 3079 3248 3150 patris
3276 3080 3486 3150 imperii

1909 3163 2169 3220 moderati
2208 3173 2334 3218 sunt
2359 3165 2721 3236 gubernacula
2751 3167 2841 3220 ⁵⁸⁸.

243 3253 404 3312 hostes
440 3257 493 3312 in
545 3228 732 3326 fugam
759 3255 901 3310 versi
943 3262 1089 3309 sunt.
1121 3253 1342 3308 Patrata
1377 3254 1602 3309 victoria
1625 3293 1640 3320 ,
1681 3269 1802 3308 eum
1832 3228 1877 3290 (ἶ
1983 3254 2230 3321 Carolus,
2263 3242 2445 3312 audito
2469 3259 2537 3292 ⁵⁸³
2563 3257 2706 3330 quod
2737 3259 2905 3314 frater
2943 3275 2972 3314 a
3011 3261 3192 3317 seculo
3243 3263 3495 3318 recessis-

239 3359 348 3402 cum
373 3355 658 3418 reportare
681 3345 877 3400 vellent
905 3345 1145 3410 domum,
1169 3343 1310 3400 inter
1335 3359 1529 3400 manus
1575 3344 1807 3400 militum

241 3436 491 3506 Spiritum,
535 3436 634 3506 qui
690 3434 1063 3490 tantummodo
1106 3434 1162 3488 in
1205 3441 1424 3504 pectore
1467 3433 1804 3504 palpitabat,

241 3527 516 3584 exhalavit.
547 3526 746 3583 Paucis
785 3535 965 3582 autem
987 3526 1344 3597 1interpositis
1372 3526 1559 3584 diebus
1586 3526 1809 3598 Pasqui-

241 3628 382 3676 tanus
407 3631 462 3677 et
517 3622 639 3692 ipse
690 3619 974 3676 defunctus
1017 3629 1122 3676 est.
1157 3620 1287 3676 Post
1337 3619 1530 3676 horum
1581 3622 1806 3678 duorum

242 3713 509 3768 continuas
557 3719 766 3767 mortes
799 3709 1062 3766 Judicheil
1089 3709 1180 3778 “9,
1209 3726 1276 3768 ex
1313 3711 1420 3768 ﬁlia
1449 3713 1716 3785 Herispoji
1741 3715 1807 3745 m

243 3803 371 3874 regis
395 3812 578 3868 natus,
609 3811 664 3858 et
680 3801 904 3866 Alanus,
933 3802 1104 3860 frater
1145 3805 1430 3860 memorati
1469 3805 1805 3876 Pasquitaui,

243 3891 564 3950 Britanniam
609 3893 752 3948 inter
799 3908 861 3950 se
885 3893 1074 3964 partiti
1102 3903 1229 3952 sunt
1257 3913 1272 3962 ;
1309 3897 1448 3954 inter
1477 3913 1613 3970 quos
1645 3900 1804 3954 etiam

245 3985 594 4059 inultajurgia
621 3995 678 4042 et
709 3986 846 4042 bella
900 3986 1138 4042 fuerunt.
1187 3987 1294 4045 Sed
1335 3988 1636 4048 Judicheile
1663 3993 1728 4024 ³⁷⁸
1753 3995 1805 4048 in

243 4076 432 4143 pretio,
481 4077 632 4147 quod
685 4086 874 4133 contra
918 4077 1297 4135 Nordmannos
1336 4081 1508 4152 magis
1552 4085 1810 4140 audacter

240 4181 386 4234 quam
421 4167 650 4239 provide
677 4175 954 4238 gesserat,
1007 4169 1364 4240 interempto,
1416 4173 1473 4227 in
1516 4175 1806 4230 ditionem

240 4259 382 4316 Alani
431 4261 614 4318 omnis
657 4261 937 4337 Britannia
967 4261 1039 4294 ⁵⁷³
1075 4264 1384 4331 concessit,
1439 4266 1530 4335 qui
1571 4275 1627 4321 et
1669 4268 1806 4322 hanc

241 4359 446 4406 strenue
481 4353 747 4409 hactenus
771 4353 1035 4423 gubernat
1061 4353 1145 4425 (71
1180 4355 1257 4425 δι).

301 4441 496 4498 Eodem
520 4457 668 4497 anno
690 4440 802 4513 (72)
827 4440 1050 4498 Carolus
1071 4441 1296 4499 Romam
1319 4449 1578 4516 perrexit,
1597 4459 1651 4504 et
1670 4451 1809 4506 datis

241 4535 519 4602 apostolico
543 4531 776 4589 Iohanni
795 4533 863 4566 ’τι
885 4535 1210 4592 etRomanis
1229 4539 1441 4610 magnis
1469 4542 1801 4608 muneribus,

241 4621 522 4692 imperator
550 4631 786 4678 creatur.

1911 3356 2013 3412 set,
2041 3348 2226 3415 nimia,
2259 3358 2316 3404 ut
2337 3350 2510 3418 aiunt,
2545 3351 2875 3407 exultatione
2900 3352 3149 3424 perfusus
3197 3363 3317 3420 est,
3347 3355 3493 3410 arbi-

1913 3447 2082 3496 tratus
2109 3443 2410 3512 portioncm
2440 3443 2590 3514 regni
2626 3441 2890 3498 Hlotharii
2939 3459 3101 3514 quam
3141 3445 3283 3501 idem
3327 3445 3498 3502 frater

1913 3543 2176 3596 tenuerat,
2211 3534 2263 3588 in
2285 3551 2413 3590 suos
2441 3534 2620 3592 libitos
2647 3534 2718 3568 ³⁹⁰
2749 3549 3148 3592 concessuram.
3179 3537 3490 3594 Exercitum

1908 3641 2035 3698 ergo
2058 3636 2258 3696 quanta
2293 3629 2463 3696 potuit
2495 3627 2772 3684 celeritate
2816 3631 3088 3695 adunavil,
3133 3640 3332 3686 etcum
3378 3645 3493 3686 om-

1909 3717 2066 3772 nibus
2085 3717 2289 3782 viribus
2319 3735 2538 3792 regnum
2571 3719 2869 3791 ingressus,
2913 3723 2981 3777 ad
3017 3721 3188 3792 Aquis
3235 3722 3493 3792 palatium

1910 3809 2208 3875 venit;uhi
2231 3813 2417 3881 paucis
2449 3812 2638 3869 diebus
2671 3824 2941 3880 moratus,
2983 3816 3260 3872 Coloniam
3311 3818 3492 3885 profe-

1908 3908 2029 3955 ctus
2056 3909 2156 3956 est.

1980 3993 2114 4048 Dum
2141 3993 2210 4026 ⁵⁸³
2238 3995 2352 4051 hzec
2377 4007 2610 4066 aguntur
2649 3997 2700 4052 in
2729 4007 3024 4056 memorato
3051 4014 3216 4072 regno
3239 4041 3254 4066 ,
3299 4000 3491 4056 Carlo-

1911 4099 2137 4140 mannus
2163 4086 2254 4151 '9',
2282 4087 2672 4158 primogenitus
2695 4087 3010 4156 Hludowici,
3047 4090 3212 4145 Italia:
3252 4091 3386 4145 ﬁnes
3411 4091 3495 4145 in-

1911 4177 2148 4230 traverat
2172 4177 2264 4242 "3,
2293 4179 2515 4249 cupiens
2535 4195 2652 4233 eam
2685 4191 2909 4249 paterno
2957 4195 3164 4251 suoque
3205 4179 3494 4251 subjugaro

1909 4267 2224 4322 dominatui.
2258 4269 2536 4338 Siquidem
2569 4269 2915 4325 llludowicus
2941 4271 3232 4340 imperator
3253 4271 3365 4340 jam
3394 4313 3409 4338 ,
3431 4285 3496 4328 ut

1909 4357 2159 4423 diximus,
2187 4359 2253 4415 ab
2300 4361 2400 4415 hac
2431 4359 2550 4415 luce
2579 4361 2885 4416 subtractus
2915 4359 3090 4417 fuerat
3115 4402 3131 4429 ,
3178 4371 3234 4418 et
3267 4361 3493 4418 Carolus

1911 4449 2249 4519 imperatoris
2277 4465 2469 4506 nomen
2499 4460 2780 4522 reportans
2805 4467 2872 4508 ex
2892 4453 3043 4508 italia
3075 4465 3378 4510 recesserat
3399 4457 3470 4492 ⁸⁸⁸

1913 4539 2137 4595 Carolus
2167 4555 2318 4604 vero,
2356 4541 2524 4597 frater
2549 4541 2688 4622 ejus,
2721 4543 2772 4598 in
2809 4544 3124 4601 Alamannia
3159 4549 3492 4605 morabatur.

1839 4649 1887 4706 ι)
1915 4631 2080 4687 Porro
2107 4631 2472 4700 Hludowicus,
2510 4638 2600 4705 qui
2624 4637 2688 4690 ad
2715 4640 2886 4708 patris
2912 4641 3116 4696 obitum
3143 4641 3319 4700 fuerat
3339 4644 3494 4702 fune-

1433 4770 1662 4826 V'ARUE
1701 4771 2100 4830 LECTIONES.

303 4849 369 4910 ‘i‘
409 4853 624 4923 tertiani
675 4853 1074 4923 secundamque
1123 4857 1167 4910 1.
1252 4859 1320 4892 δατ
1361 4861 1521 4916 horas
1633 4863 1686 4918 5.

241 4921 470 4993 lacerare
649 4923 720 4957 "°
761 4922 848 4977 ille
905 4921 1074 4993 usque
1119 4926 1174 4980 4.
1225 4929 1350 4982 7—
1397 4932 1485 4986 l2.

241 4991 302 5069 ff:
339 4993 607 5069 nemiuem
655 4993 910 5069 advenire
953 4991 1242 5069 contrariae
1288 4999 1458 5069 partis
1513 5001 1563 5056 7.

241 5139 288 5199 e.
358 5129 424 5199 μεθ
462 5132 752 5186 uuidicheil
789 5135 840 5187 i.
863 5134 915 5188 5.
951 5135 1206 5192 indicheil
1232 5137 1284 5193 5.
1317 5142 1550 5198 indichel
1581 5129 1634 5199 8.

240 5267 289 5321 5.
318 5269 555 5347 caesa.
593 5272 626 5326 9
648 5273 873 5347 —_—i_2._
920 5281 996 5347 in,
1029 5278 1268 5347 sepultus
1303 5281 1320 5334 ι
1357 5312 1427 5321 -
1454 5283 1508 5338 5.
1557 5267 1691 5339 sie.

242 5410 510 5482 siasticam
535 5428 696 5482 usque
722 5413 1144 5472 ecclesiasticam
1174 5410 1315 5474 deest
1339 5423 1390 5476 7.

243 5477 499 5556 trimonig
537 5477 620 5536 7.'
658 5483 940 5556 _‘“_nqbili
971 5503 1022 5556 g.
1110 5489 1178 5522 ⁸⁸⁷
1206 5489 1260 5544 7.
1300 5477 1679 5550 ᾱίεοθεειιῐῐιῖ.

1787 4865 1856 4897 ⁸⁸⁸
1914 4867 2311 4923 animositatem
2351 4877 2514 4938 atque
2565 4870 2846 4925 audaciam
2901 4873 2930 4926 7
2963 4903 3034 4912 --
3061 4873 3145 4927 l2.

1579 4933 1912 5012 “‘r‘sextam
1952 4938 2014 4991 ad
2062 4938 2252 5012 horam
2288 4933 2354 5012 il.
2383 4933 2580 5012 __tisque
2628 4950 2868 5012 sextam"
2895 4943 3096 5012 horam
3143 4945 3194 4998 7.
3225 4945 3258 4999 9
3284 4975 3352 4986 —
3403 4945 3488 4998 l2.

1662 5007 1734 5042 ⁵³³
1773 5005 1960 5062 morbo
1997 5009 2234 5076 graviter
2273 5011 2324 5062 4.
2379 5008 2434 5062 5.

240 5057 303 5094 ιιι
333 5063 603 5133 perterriti
634 5063 825 5133 timore
850 5065 874 5118 l
905 5095 976 5104 —
1002 5066 1054 5120 5.
1081 5065 1134 5120 6.
1207 5057 1578 5127 m'audacter
1604 5073 1744 5130 deest
1769 5057 1971 5131 1:5.
1997 5057 2260 5132 Ἥῖῆεὲο
2283 5057 2359 5132 Ii.
2382 5057 2508 5130 '7'—
2545 5079 2630 5133 l2.

603 5146 846 5220 reperta;
863 5146 915 5216 ὃ.
951 5146 1213 5220 indicneil
1232 5146 1284 5193 5.
1312 5146 1550 5220 indigne!
1581 5146 1634 5199 8.
1705 5146 1800 5220 _87_°_
1840 5147 2076 5220 herispoi
2110 5149 2158 5202 1.
2187 5149 2240 5220 5.
2286 5149 2541 5220 herispon
2565 5151 2616 5204 5.

241 5198 868 5288 pugnaepoenae.
901 5205 1234 5288 iudicheil].
1305 5213 1381 5288 ξτι
1409 5198 1669 5288 ditionem
1691 5215 1744 5268 4.
1771 5217 1822 5271 5.
1841 5198 2248 5288 ῗϊτῖὶξίιίάηῖά
2273 5198 2737 5288 -ῑ.’“ῖττῑὸῧέιηιιε
2772 5198 2904 5276 {itii

1793 5287 1862 5320 ⁸⁷⁷
1894 5285 2128 5342 lorasam
2169 5290 2222 5344 1.
2254 5288 2306 5342 2.
2359 5285 2627 5346 loraszam
2651 5289 2702 5344 5.
2781 5293 2850 5327 ³⁷⁸
2881 5293 2991 5346 dest
3019 5287 3076 5345 5.

242 5341 705 5430 ρξ-ιξιξξξιρξηεῖορᾷί-
731 5341 1029 5430 'quelt.
1089 5341 1174 5382 ’⁵⁸⁸
1197 5351 1394 5430 _praeli_o
1419 5353 1445 5407 1
1478 5356 1620 5430 τγὸ.
1641 5355 1694 5409 5.
1742 5429 1747 5430 γ
1771 5357 1835 5391 τέ⁸¹
1877 5341 2314 5430 fulgoremapud
2343 5341 2701 5430 (15563653
2722 5341 3037 5416 muneribus
3059 5341 3116 5416 ἰ1.

1505 5423 1575 5460 ⁸⁸³
1611 5429 1782 5496 magis
1821 5423 2105 5483 eccleSiam
2143 5429 2196 5482 2.
2211 5423 2276 5486 ’5.
2304 5430 2358 5484 6.

3249 4874 3318 4908 ⁵⁵³
3357 4875 3495 4930 bello

2529 5012 2600 5045 ⁵⁸⁵
2639 5011 3003 5066 valetudinem
3039 5015 3062 5068 1
3107 5015 3250 5068 -5.
3311 5015 3396 5068 5t:-
3439 5029 3489 5067 e-

2683 5151 2686 5153 _
2733 5083 2804 5154 {f3
2843 5083 3101 5154 fecissent
3145 5084 3262 5154 ejus
3306 5085 3391 5138 5c.
3434 5083 3488 5154 d.

2717 5147 2786 5186 ⁸⁷⁸
2816 5153 3143 5209 uuidieheilo
3173 5147 3234 5209 ’1.
3269 5154 3321 5208 5.
3356 5153 3482 5208 indi-

2997 5227 3066 5258 ⁵⁷⁸
3103 5223 3167 5276 Α.
3201 5227 3253 5278 d.
3289 5225 3326 5278 i.
3365 5223 3487 5279 877.

3163 5299 3234 5330 "9
3277 5296 3490 5366 ingeuio

3210 5369 3278 5400 ⁶⁸²
3319 5365 3490 5420 eccle-

2477 5431 2548 5466 ⁸⁸³
2602 5431 2868 5485 mundana
2907 5431 2943 5484 2
2993 5431 3046 5486 5.
3111 5433 3166 5488 6.
3262 5439 3331 5470 ³⁸³
3373 5451 3486 5488 ma-

262 5499 499 5559 [ψιοηιᾳ-
539 5499 589 5536 '1.
657 5499 940 5559 _""_ngmtt
971 5503 1022 5559 g.
1110 5499 1176 5522 ³⁸⁷
1206 5499 1260 5544 7.
1300 5499 1599 5550 discessum
1629 5499 1679 5549 1.
1761 5501 1830 5535 ³⁸⁸
1868 5499 2006 5552 deest
2064 5501 2112 5553 7.
2192 5505 2261 5540 ’θ’
2301 5501 2526 5556 Carolus
2569 5511 2748 5554 autem
2798 5503 2979 5556 audito
3038 5503 3090 5557 5.
3168 5505 3238 5543 δυο
3280 5503 3331 5555 in
3363 5520 3489 5559 suos

243 5546 416 5622 libitus
467 5551 521 5604 7.
570 5552 688 5606 cod.
729 5553 786 5608 S.
813 5546 1013 5610 Godeit'.
1045 5559 1096 5612 in
1127 5574 1254 5614 suos
1305 5546 1599 5618 tibéiéé'i‘.‘
1624 5546 1678 5618 3.
1725 5567 1777 5620 5.
1811 5567 1865 5622 6.

243 5617 309 5657 ⁸⁹³
343 5619 562 5677 intravit
585 5624 610 5676 1
639 5653 706 5662 -
730 5625 782 5677 5.
857 5624 926 5657 ⁵³⁸
965 5639 1275 5684 excesserat
1303 5617 1365 5686 1.
1389 5635 1444 5688 2.
1473 5617 1526 5688 4.
1557 5617 1610 5689 5.
1633 5617 1693 5689 ἦ.
1722 5617 1952 5692 ἔξω.
1989 5639 2070 5694 l2.

1965 5570 2044 5642 ’ἐξ
2098 5585 2220 5624 cum
2253 5573 2300 5626 1.
2331 5571 2386 5624 2.
2503 5575 2572 5609 ³³³
2612 5569 3027 5642 carolomannus
3073 5573 3124 5626 5.
3164 5582 3483 5628 constanter.

1749 5707 1981 5763 ΝΟΤᾸί.
2147 5699 2166 5730 ⁹

529 5784 670 5840 Obiit
697 5801 838 5840 anno
857 5787 980 5842 907.

309 5848 416 5920 (Ὠ)
445 5848 669 5910 Carolus
689 5858 868 5912 statim
903 5858 1172 5917 Ludovico
1205 5863 1526 5932 imperatore
1549 5867 1802 5922 defuncto

1908 5814 2050 5921 ξυιηο
2071 5801 2176 5856 875
2201 5801 2426 5856 Romam
2455 5801 2570 5867 ivit,
2591 5811 2650 5856 et
2680 5803 2766 5858 die
2790 5801 2992 5860 Natalis
3021 5806 3226 5860 Domin.
3252 5820 3480 5861 corona-

1933 5886 1991 5921 tis
2017 5882 2118 5921 est.

1933 5886 1991 5924 us
2017 5882 2118 5925 est.
