3958 5432
480 457 578 522 ill

1507 463 1871 523 llEGlNONlS
1911 465 2326 535 PRUMIENSIS
2366 468 2656 526 ABBATIS

3656 484 3763 540 ΗΞ

472 581 662 653 risque
683 579 800 651 ejus
822 578 1080 650 obsequia
1128 576 1393 648 condigno
1427 576 1632 633 honore
1669 581 2058 648 celebraverat,
2092 588 2136 646 Λ
2167 581 2308 635 enim
2357 597 2526 652 equus
2575 585 2644 638 ad
2694 576 2945 639 salutem.
2982 583 3257 657 Siquidem
3288 548 3420 648 inito
3460 597 3763 653 certamine

473 676 615 745 apud
661 671 1095 735 Franconofurt,
1146 668 1497 741 principalem
1548 672 1731 726 sedem
1784 673 2062 730 orientalis

476 766 650 839 regni,
686 766 993 832 residebat;
1053 763 1140 819 cui
1196 778 1318 818 cum
1367 763 1687 818 nunciatum
1733 772 1878 820 esset
1917 767 2061 836 quod

473 856 715 922 Carolus,
744 857 1040 912 avunculus
1070 853 1319 928 [patruus
1345 855 1399 921 5,
1425 854 1479 921 4,
1513 853 1567 927 8]
1594 852 1731 923 ejus,
1772 854 1882 924 jam
1910 856 2059 927 regni

470 949 682 1019 paterni
725 947 974 1003 terminis
1000 946 1307 1017 occupatis,
1361 946 1505 1001 circa
1555 945 1727 1001 Rheni
1759 944 1957 1002 fluenta
1989 946 2060 981 m

468 1045 646 1092 castra
675 1037 961 1107 posuisset,
986 1038 1152 1093 nimio
1191 1038 1375 1091 furore
1398 1037 1733 1103 accenditur,
1764 1040 2058 1108 statimque

467 1132 670 1196 legatos
687 1126 753 1181 ad
776 1141 899 1180 eum
927 1126 1129 1199 dirigit,
1145 1142 1306 1182 orans
1324 1135 1384 1180 ut
1406 1141 1614 1182 memor
1628 1135 1771 1181 esset
1796 1129 2059 1197 germani-

467 1221 592 1275 tatis
617 1227 778 1289 atque
803 1219 1314 1291 consanguinitatis,
1344 1235 1552 1275 meumr
1577 1219 1806 1274 essetm
1820 1222 2057 1276 nominis

465 1307 667 1362 domini
700 1309 869 1364 nostri
900 1306 1026 1364 Jesu
1057 1308 1281 1374 Christi,
1321 1309 1475 1379 cujus
1503 1309 1834 1363 mentionem
1870 1324 2055 1364 coram

468 1401 740 1456 nonnullis
765 1399 997 1457 testibus
1035 1400 1296 1457 facientes
1337 1401 1451 1471 ipse
1480 1410 1535 1455 et
1575 1400 1745 1456 frater
1775 1442 1790 1468 ,
1838 1402 2055 1473 quando

466 1506 687 1563 regnum
716 1490 857 1546 inter
888 1507 946 1546 se
974 1490 1299 1557 diviserunt,
1333 1490 1558 1546 terribili
1583 1500 1765 1547 essent
1786 1492 2053 1549 alternam

464 1596 653 1650 pacem
697 1581 1004 1637 adinvicem
1051 1590 1211 1653 pacto
1247 1581 1511 1652 polliciti,
1565 1589 1619 1638 et
1662 1584 2054 1653 pertimescens

464 1681 675 1733 tantum
703 1688 900 1731 nomen
925 1672 994 1706 ¹⁹⁷
1023 1675 1079 1730 in
1108 1690 1305 1729 vanum
1334 1674 1603 1746 accipere,
1644 1676 1897 1732 redderet
1949 1677 2052 1731 Do-

462 1768 604 1823 mino
627 1767 936 1839 juramenta
967 1782 1064 1822 sua
1084 1808 1098 1832 ,
1146 1765 1320 1822 foedus
1348 1768 1493 1838 quod
1524 1766 1589 1821 ad
1627 1767 1949 1824 alterutrum
1980 1769 2051 1801 ³⁹³

460 1864 773 1936 pepigerant
795 1863 1107 1920 inviolabile
1137 1872 1423 1930 maneret;
1455 1870 1706 1934 parceret
1749 1863 1962 1936 gladio,
1996 1874 2052 1921 et

2169 670 2489 743 Reginarius
2542 687 2762 739 comes,
2815 674 2904 745 qui
2963 677 3164 747 regium
3199 680 3451 738 vexillum
3508 682 3764 750 ferebat,

2165 764 2337 834 primo
2369 764 2566 835 impetu
2597 766 2964 835 extinguitur;
2996 768 3404 827 confertissima)
3459 774 3603 830 acies
3631 774 3765 832 Illu-

2165 856 2354 912 dowici
2388 872 2419 911 a
2455 857 2618 913 sociis
2653 857 3047 928 irrumpuntur,
3096 868 3151 915 et
3194 863 3335 916 sicut
3381 865 3519 930 ignis
3571 866 3625 920 in
3661 868 3763 922 sti-

2165 946 2284 1017 pula
2309 947 2377 977 °"
2431 947 2702 1001 immissus
2758 947 2886 1002 furit
2915 948 2983 983 ⁶¹⁸
3029 958 3084 1003 ct
3128 949 3180 1004 in
3237 963 3511 1009 momento
3561 965 3764 1011 cuncta

2163 1038 2407 1102 devorat,
2442 1037 2513 1091 ita
2543 1038 2685 1091 vires
2712 1038 3143 1093 adversariorum
3178 1038 3323 1095 ferro
3348 1052 3641 1098 conterunt
3665 1046 3763 1110 εκ,

2165 1134 2319 1180 terra:
2370 1135 2720 1196 prosternunt
2768 1127 2859 1180 "7.
2920 1127 3204 1185 Exercitus
3261 1129 3439 1186 Caroli
3514 1135 3766 1205 graviter

2160 1234 2331 1274 caesus
2353 1227 2498 1289 terga
2522 1219 2702 1283 vertit,
2733 1227 2786 1273 ct
2811 1217 3108 1275 llludowici
3133 1221 3354 1276 victoria
3384 1222 3502 1277 fuit.
3527 1224 3763 1282 Carolus

2161 1308 2345 1362 videns
2375 1323 2501 1363 suos
2529 1306 2737 1377 fugere,
2764 1316 2818 1361 et
2843 1307 2956 1376 ipse
2980 1307 3113 1379 'fnga
3144 1309 3308 1365 vitam
3338 1313 3597 1379 servavit,
3626 1329 3761 1369 sero

2159 1415 2342 1456 secum
2366 1394 2699 1467 'revolvens,
2753 1401 2938 1471 quanti
2982 1402 3312 1459 discriminis
3344 1404 3435 1470 sit,
3481 1408 3762 1476 aequitatis

2150 1491 2271 1561 jura
2291 1493 2591 1548 divinarum
2619 1494 3086 1565 humanarumque
3109 1494 3284 1565 legum
3318 1497 3762 1553 institutionibus

2158 1588 2411 1643 roborata
2440 1587 2507 1642 im
2517 1588 2808 1643 moderatae
2826 1588 3137 1660 cupiditatis
3155 1590 3447 1647 ambitione
3464 1592 3660 1648 violari
3684 1593 3759 1627 “'

2156 1676 2310 1732 velle.
2339 1675 2474 1731 Acta
2501 1685 2585 1731 est
2613 1687 2791 1733 autem
2839 1679 2952 1733 haec
2983 1689 3192 1750 strages
3237 1679 3271 1736 8
3316 1680 3441 1737 ldus
3474 1682 3758 1739 Octobris.

2155 1767 2282 1825 Post
2319 1769 2432 1824 lucc
2464 1778 2831 1824 convenerunt
2862 1770 2929 1810 ἰθ
2979 1778 3089 1825 tres
3131 1773 3426 1843 supradicti
3470 1773 3672 1831 fratres
3700 1776 3756 1831 in

2154 1861 2272 1916 loco
2320 1860 2411 1931 qui
2453 1860 2653 1915 dicitur
2690 1858 2936 1915 Sualifelt
2965 1860 3036 1893 "°
3075 1861 3210 1933 (74),
3242 1873 3296 1918 et
3325 1863 3395 1919 ibi
3443 1864 3756 1920 diviserunt

460 1971 753 2011 numanum
802 1955 1029 2011 fundere
1070 1954 1388 2026 sanguinem
1435 1961 1546 2009 tam
1593 1953 1709 2010 dira
1754 1954 2049 2024 cupiditate
2078 1951 2122 2011 Β
2151 1963 2431 2025 paternum
2473 1968 2719 2022 regnum.
2748 1953 3141 2009 Carlomannus
3171 1956 3394 2011 sortitus
3422 1964 3508 2012 est
3556 1957 3756 2028 Bajoa-

459 2047 681 2104 .nfectus
707 2047 1109 2103 formidolosius
1135 2047 1550 2102 exhorresceret
1574 2062 1588 2112 ;
1613 2044 1753 2102 foret
1778 2060 1874 2102 sua
1900 2054 2045 2103 sorte

458 2147 762 2205 contentus,
793 2149 848 2194 et
876 2131 1114 2193 funiculo
1139 2137 1473 2193 bmreditatis
1504 2136 1766 2194 divinitus
1805 2138 1906 2193 sibi
1936 2139 2044 2195 col-

458 2229 567 2284 lato
594 2229 817 2299 pacifice
846 2227 1117 2283 frueretur
1140 2227 1232 2292 "9,
1267 2221 1442 2283 aliena
1465 2222 1588 2297 jura
1614 2242 1720 2284 non
1754 2229 2041 2298 invadens,

456 2335 560 2375 non
594 2317 939 2385 subtrahens,
978 2336 1084 2376 non
1112 2322 1475 2391 perturbans;
1509 2332 1613 2377 non
1637 2332 1781 2379 esset
1812 2322 1863 2378 in
1891 2325 2041 2379 tanto

455 2411 570 2465 viro
600 2427 751 2466 vana:
783 2408 966 2482 gloriae
1016 2411 1209 2483 typhus
1236 2409 1337 2477 3°“,
1362 2427 1467 2467 non
1512 2414 1785 2484 supercilii
1829 2412 2000 2472 fastus
2023 2458 2037 2484 ,

452 2517 558 2558 non
587 2496 812 2559 alterius
865 2502 1159 2573 usurpandi
1194 2503 1457 2560 terminos
1478 2500 1740 2573 ambitio;
1766 2508 1860 2563 sed
1878 2508 2040 2580 juSti-

454 2594 560 2660 tia,
622 2596 822 2652 caritas
870 2603 925 2651 et
970 2596 1259 2652 concordia
1318 2604 1615 2667 regnaret,
1661 2612 1724 2654 ac
1767 2616 2037 2657 summum

453 2700 556 2755 pax
584 2686 652 2721 ⁶⁰¹
685 2687 827 2742 inter
870 2686 1019 2743 illum
1047 2696 1101 2742 et
1131 2695 1354 2757 nepotes
1388 2696 1595 2743 teneret
1622 2691 1843 2746 omnino
1893 2691 2039 2747 fasti-

448 2777 617 2847 gium.
650 2776 755 2834 Sed
785 2777 1156 2848 hujuscemodi
1181 2779 1252 2810 ⁶⁰¹
1296 2780 1499 2835 monita
1527 2780 1752 2837 Carolus
1798 2785 2034 2854 sprevit,

447 2882 699 2924 asserens
731 2884 789 2924 se
818 2884 941 2924 cum
967 2869 1136 2925 fratre
1166 2885 1271 2925 non
1295 2886 1418 2925 cum
1444 2873 1726 2940 nepotibus
1746 2876 2031 2947 pepigisse.

445 2958 666 3014 Interim
701 2958 1049 3016 Hludowicus
1073 2961 1378 3017 exercitum
1401 2978 1467 3017 ex
1493 2961 1724 3019 Saxonia
1749 3006 1763 3032 ,
1799 2966 2035 3022 Thurin-

450 3050 535 3119 gia
568 3049 639 3081 ⁶⁰³
663 3059 719 3106 et
746 3051 995 3108 orientali
1021 3052 1249 3108 Francia
1289 3066 1600 3126 congregat,
1627 3064 1685 3112 et
1723 3065 1781 3112 ut
1826 3058 1878 3113 in
1927 3059 2036 3115 filio

448 3156 551 3195 non
612 3150 821 3196 tantum
853 3141 926 3175 ὀδ
962 3152 1220 3213 paternos
1283 3143 1465 3201 vultus
1492 3186 1508 3211 ,
1554 3144 1814 3217 quantum
1871 3150 2035 3205 animi

448 3229 806 3286 subtilitatem
853 3232 1161 3303 artiumque
1205 3234 1421 3306 ingenia
1463 3252 1880 3309 recognosceres
1920 3240 2033 3308 σθ’,

2150 2048 2309 2114 riam,
2358 2046 2691 2102 Pannoniam
2743 2054 2798 2102 et
2842 2046 3139 2103 Carnutum
3165 2048 3260 2114 ⁸⁸³,
3301 2050 3443 2120 quod
3486 2062 3754 2122 corrupte

2145 2137 2510 2194 Carantanum
2537 2136 2736 2192 dicitur
2755 2179 2769 2204 ,
2794 2152 2894 2193 nec
2919 2153 3025 2193 non
3070 2146 3123 2192 et
3171 2153 3334 2209 regna
3382 2138 3703 2198 Sclavorum
3731 2182 3749 2206 ,

2144 2226 2557 2283 Behemensium
2573 2237 2626 2282 et
2648 2227 3045 2283 Marahensium
3068 2228 3169 2295 ⁶¹²;
3192 2229 3539 2287 Hludovvicus
3560 2234 3750 2288 orien-

2146 2317 2307 2374 talem
2325 2312 2627 2381 Franciam,
2646 2315 3026 2388 Thuringiam,
3043 2317 3359 2385 Saxoniam,
3378 2320 3626 2376 Fresiam
3646 2322 3745 2388 ⁸⁸³,

2142 2418 2197 2465 et
2224 2417 2431 2480 partem
2476 2408 2626 2480 regni
2682 2407 2944 2463 lllotharii
2974 2422 2989 2462 :
3024 2424 3189 2478 porro
3234 2409 3428 2466 Carolo
3471 2411 3746 2467 Alaman-

2141 2501 2230 2556 nia
2261 2502 2313 2556 in
2342 2508 2551 2572 partem
2579 2499 2649 2531 "“
2678 2500 2843 2555 cessit
2869 2507 2925 2555 et
2963 2500 3157 2571 aliquae
3187 2502 3435 2559 civitates
3457 2518 3526 2560 ex
3572 2517 3745 2577 regno

2142 2591 2434 2649 Hlotharii.

2717 2680 3153 2739 DCCCLXXVII.

2216 2772 2380 2829 Anno
2409 2772 2702 2830 Dominleae
2730 2772 3118 2830 incarnationis
3145 2775 3274 2842 877,
3297 2774 3525 2833 Carolus
3555 2778 3743 2834 senior

2138 2863 2367 2919 Romam
2395 2864 2631 2919 secundo
2658 2861 2931 2935 profectus
2956 2872 3059 2931 est,
3091 2865 3181 2920 ubi
3201 2864 3530 2936 jampridem
3560 2868 3736 2939 impe—

2140 2953 2335 3009 ratoris
2370 2969 2565 3009 nomen
2607 2969 2637 3009 a
2677 2954 2906 3025 praesule
2933 2954 3078 3011 sedis
3124 2957 3434 3027 apostolicae
3479 2956 3736 3015 Iohanne

2140 3044 2342 3113 ingenti
2368 3044 2545 3116 pretio
2571 3052 2813 3111 emerat;
2864 3060 3199 3116 regnumque
3243 3045 3415 3101 ltalim
3452 3048 3629 3119 magis
3678 3050 3735 3103 in

2139 3134 2468 3190 transeundo
2496 3134 2651 3200 vidit,
2678 3150 2838 3206 quam
2866 3132 3095 3190 fruendo
3122 3135 3325 3209 potitus
3350 3144 3453 3192 est.
3479 3136 3564 3191 Ab
3594 3137 3733 3191 urbe

2135 3225 2307 3281 Roma
2356 3226 2409 3282 in
2458 3226 2887 3298 Langobardiam
2932 3226 3004 3260 °"
3052 3240 3341 3292 reversus,
3392 3225 3594 3283 Bosoni
3638 3227 3731 3291 ⁸³⁸.

424 3320 630 3375 castra
657 3334 687 3375 e
708 3320 929 3392 regione
954 3317 1193 3378 Coloniae
1223 3331 1414 3380 contra
1441 3334 1621 3382 castra
1651 3325 1828 3384 Caroli
1872 3345 2033 3400 super
2060 3339 2104 3400 (ζ
2137 3333 2394 3390 germano
2423 3317 2685 3373 Βίίίιιίιάίε
2714 3317 2783 3350 ⁶¹²
2812 3318 3029 3388 resinae.
3058 3317 3496 3390 Hirmingal‘dem
3515 3358 3531 3384 9
3562 3318 3730 3373 ﬁliam

447 3411 617 3479 ripam
692 3408 928 3470 ﬂuminis
999 3428 1195 3485 magno
1256 3425 1520 3486 apparatu
1586 3419 1861 3490 collocat,
1918 3423 2031 3494 ipse

443 3509 623 3555 autem
686 3517 809 3557 cum
867 3506 1013 3575 omni
1067 3502 1138 3538 ‘°°
1201 3507 1383 3564 hostili
1419 3509 1621 3566 virtute
1679 3513 1824 3569 inter
1886 3515 2031 3572 Con-

392 3650 403 3661 η
441 3585 666 3647 ﬂuentes
695 3600 750 3647 et
777 3592 1154 3650 Andrenacum
1186 3596 1256 3629 ⁸⁰⁷
1287 3588 1556 3655 Rhenum
1583 3602 1778 3658 transit
1800 3601 1889 3659 ‘°".
1920 3604 2032 3663 Nec

434 3675 725 3749 'defuit‘”,
753 3684 844 3753 qui
896 3685 962 3740 ad
1011 3698 1172 3755 aures
1219 3684 1397 3745 Caroli
1443 3690 1751 3761 perferret,
1779 3704 2028 3765 nepotem

444 3785 594 3830 cum.
624 3774 877 3831 omnibus
922 3777 1091 3846 copiis
1141 3777 1389 3835 Rhenum
1422 3782 1699 3839 transisse.
1731 3783 1881 3841 Tunc
1920 3787 2032 3857 pri-

449 3878 596 3917 mum
652 3865 1034 3923 animadvertit
1065 3867 1292 3925 Carolus
1330 3887 1387 3927 se
1426 3887 1456 3927 a
1493 3874 1690 3929 castris
1733 3873 2032 3934 Hludowici

446 3967 566 4009 esse
595 3954 831 4012 illusum.
863 3957 1027 4013 Movit
1056 3975 1183 4031 ergo
1214 3961 1287 3994 ⁶¹⁹
1307 3963 1512 4034 absque
1533 3980 1685 4021 mora
1710 3968 2026 4034 exercitum,

442 4052 496 4097 et
535 4059 658 4099 eum
686 4044 756 4077 ἰι
803 4048 1193 4120 quinquaginta
1236 4059 1291 4107 et
1343 4066 1407 4108 eo
1437 4053 1697 4125 amplius,
1728 4065 1788 4112 ut
1832 4056 2028 4125 ferunt,

445 4141 660 4199 milibus
706 4143 761 4199 in
814 4160 951 4216 pago
978 4144 1286 4217 Meginense
1340 4164 1444 4204 non
1494 4148 1651 4223 longe
1704 4152 1773 4209 ab
1820 4151 2030 4208 Andre-

444 4249 580 4288 naco
607 4235 675 4269 δι’
708 4234 820 4309 (75)
852 4237 1077 4295 castello
1104 4239 1366 4297 adversus
1394 4256 1516 4298 eum
1546 4244 1613 4299 ad
1640 4260 1871 4316 pugnam
1902 4262 2028 4317 pro-

2141 3410 2437 3466 Hlndowici
2473 3408 2820 3481 imperatoris
2843 3451 2858 3475 ,
2894 3409 2948 3464 in
2985 3408 3391 3465 matrimonium
3429 3408 3614 3482 jungit
3638 3411 3728 3464 ⁵³⁸.

2139 3500 2264 3557 Dies
2309 3501 2615 3574 nuptiarum
2663 3508 2812 3555 tanto
2859 3509 3116 3571 apparatu
3169 3508 3421 3571 tantaque
3473 3500 3730 3561 ludorum

2138 3592 2534 3665 magnificentia
2565 3591 2868 3647 celebratus
2918 3598 3036 3656 est,
3088 3599 3145 3645 ut
3187 3590 3346 3662 hujus
3392 3589 3732 3647 celebritatis

2139 3681 2334 3753 gaudia
2381 3681 2600 3737 modum
2632 3681 2932 3736 excessisse
2984 3681 3247 3736 ferantur.
3308 3680 3465 3735 Dedit
3508 3681 3733 3753 insuper

2138 3775 2314 3833 eidem
2342 3774 2540 3831 Bosoni
2590 3772 2949 3839 Provinciam,
2985 3780 3042 3828 et
3088 3786 3287 3828 corona
3318 3771 3387 3806 m
3419 3772 3474 3827 in
3524 3773 3733 3828 vertice

2136 3868 2328 3938 capitis
2353 3866 2629 3937 imposita,
2655 3881 2779 3921 eum
2800 3880 2980 3934 regem
3007 3863 3266 3935 appellari
3287 3861 3469 3932 jussit,
3495 3872 3558 3918 ut
3578 3880 3732 3919 more

2134 3960 2438 4030 priscorum
2494 3957 2885 4027 imperatorum
2954 3955 3172 4026 regibus
3222 3954 3500 4010 videretur
3552 3955 3730 4009 domi-

2133 4049 2254 4105 nari
2284 4048 2375 4102 ⁶⁸⁰.
2406 4048 2647 4103 Evolutis
2676 4045 2871 4102 deinde
2909 4045 3097 4116 paucis
3137 4045 3344 4111 diebus,
3383 4044 3611 4115 Papiam
3640 4046 3727 4100 in-

2134 4142 2412 4216 greditur;
2444 4141 2496 4196 in
2519 4156 2625 4212 qua
2666 4154 2790 4196 cum
2814 4138 2866 4193 in
2917 4137 3262 4209 disponendis
3283 4136 3352 4169 ‘“
3381 4135 3726 4207 publicarum

2132 4254 2312 4296 rerum
2342 4237 2569 4309 negotiis
2594 4235 2831 4288 animum
2864 4230 3186 4296 intenderet,
3232 4238 3456 4300 repente
3483 4229 3558 4262 “'
3586 4246 3726 4284 nun-

442 4326 605 4392 cedit,
634 4327 727 4384 sed
748 4344 853 4384 non
871 4329 1110 4386 salvatur
1136 4346 1227 4385 rex
1254 4332 1305 4387 in
1338 4330 1502 4388 multa
1527 4335 1597 4366 ⁰¹³
1616 4335 1839 4403 virtute,
1867 4332 2029 4392 fallax
2129 4332 2317 4389 tiatum
2343 4339 2427 4387 est
2446 4329 2518 4393 ei,
2550 4325 2970 4382 Carlomannum
3002 4337 3123 4378 cum
3156 4320 3358 4392 ingenti
3384 4329 3724 4377 armatorum

1690 4422 1695 4427 ’
1723 4446 1957 4502 varum
2000 4444 2405 4502 LECTIONES.

442 4553 513 4587 5"
527 4550 755 4607 rhenum
780 4551 1000 4609 ﬂuvium
1028 4556 1083 4612 5.
1159 4558 1231 4593 ⁸η
1265 4571 1523 4629 consang.
1548 4573 1759 4614 memor
1781 4567 1924 4614 esset
1947 4555 2404 4679 juramentijigtod
2427 4553 2580 4608 fratri
2612 4567 2710 4607 suo
2732 4550 2935 4606 fecerat
2961 4566 2984 4631 ς.
3013 4549 3299 4605 contentus
3332 4539 3476 4600 foret
3502 4539 3716 4596 funicu-

442 4616 614 4679 loetc.
637 4621 692 4676 4.
766 4623 839 4657 ⁵⁸⁷
854 4639 1051 4679 nomen
1079 4632 1285 4679 tantum
1312 4627 1364 4679 7.
1394 4628 1615 4679 9—12.
1688 4629 1761 4664 ’σε
1785 4629 1927 4679 auod
1942 4628 2259 4679 alterutrum
2303 4623 2591 4679 ’a.d.nuod
2620 4630 2846 4679 uterque
2869 4626 3144 4679 pepigerat
3173 4615 3259 4679 5c,
3290 4629 3342 4670 e.
3415 4614 3487 4647 ⁸³³
3501 4612 3716 4675 collato,

442 4616 494 4698 19
506 4629 614 4698 etc,
637 4621 692 4676 4.
766 4623 839 4657 ⁵⁸⁷
854 4639 1051 4698 nomen
1079 4632 1287 4698 tantum
1312 4627 1364 4682 7.
1394 4616 1615 4684 9-113.
1676 4629 1761 4698 7"“
1785 4629 1927 4698 quod
1942 4616 2259 4698 alterutrum

2320 4624 2430 4679 a.d.
2448 4623 2591 4693 quod
2620 4630 2846 4690 uterque
2869 4612 3144 4690 pepigerat
3173 4615 3259 4679 5c,
3290 4629 3342 4670 e.
3367 4683 3389 4693 Δ
3501 4612 3718 4693 collato,

442 4694 509 4767 9},
525 4681 697 4767 aliena
731 4701 838 4767 non
883 4694 1179 4767 invaderet,
1196 4696 1290 4751 sed
1310 4681 1551 4767 justitia,
1563 4681 1777 4754 caritas
1796 4681 1851 4753 Et
1867 4681 2317 4767 concordiainter
2343 4681 2491 4767 illum
2515 4681 2816 4767 etgnepotes
2839 4681 3636 4767 summumtegeretfastigium

442 4756 511 4791 600

535 4761 719 4840 gloria
742 4764 953 4840 tipus__8
978 4795 1059 4840 ——_
1071 4765 1164 4840 jﬁ.
1192 4781 1242 4836 g.
1274 4761 1579 4840 triumphus
1596 4768 1648 4840 7.
1676 4776 1834 4840 typus
1854 4767 2058 4840 reliqui.

2153 4765 2221 4797 ⁶⁰¹
2264 4766 2411 4835 pacis
2434 4764 2497 4835 5.
2575 4752 2843 4829 m'hujus
2886 4756 3234 4835 commodi
3420 4752 3637 4835 turinga

443 4826 513 4910 ξξι
536 4821 875 4910 liliotantitm
891 4834 943 4889 5.
1021 4836 1089 4874 cM
1113 4821 1645 4910 recognoscere—(Sd.
1682 4821 2123 4910 id'homni'deest
2152 4836 2205 4910 5.
2264 4821 2350 4910 ἐθῖ
2372 4834 2703 4910 confluentes
2741 4821 3147 4910 etarduennam
3179 4826 3232 4881 5.
3309 4821 3714 4910 '"utransiitfi.
3798 4878 3803 4881 _

443 4897 511 4979 ’ξ’
526 4919 625 4958 nec
649 4902 751 4979 fuit
774 4905 827 4957 7.
847 4973 884 4979 __
897 4905 975 4979 f”
1008 4906 1083 4979 ita
1117 4905 1171 4960 6.
1199 4893 1328 4962 vero
1348 4908 1531 4979 reliqui
1557 4893 1747 4979 printer
1779 4893 1869 4963 5d.
1895 4909 2058 4979 inquo
2081 4905 2739 4979 conjunctiodesidemmr.
2816 4894 3475 4979 ξιιλθιςτοίιιηηιεςειηιὸ.Α
3518 4893 3715 4979 illan:

442 4969 676 5029 dernaco

443 5048 602 5098 terrae
658 5048 744 5099 Ec.
794 5059 844 5100 e.
879 5046 929 5100 1.
964 5048 1019 5102 5.

842 4973 915 5047 Ψ
950 4975 1190 5032 salvatur
1210 4993 1275 5032 ex
1315 4973 1484 5033 multa
1528 4973 1581 5034 5.
1660 4977 1730 5010 ""
1769 4973 2022 5047 stipulam
2053 4979 2088 5033 5
2115 4976 2168 5047 5.

1143 5047 1212 5119 ⁶ί¹ἶ¹
1241 5057 1611 5119 conteruntur.
1647 5087 1661 5102 .
1684 5041 2117 5119 prosternuntur
2144 5046 2233 5119 6.A
2274 5045 2347 5119 “ff
2379 5043 2582 5119 violare
2608 5041 2663 5095 4.
2702 5041 2756 5096 5.

2270 4975 2341 5007 ⁶¹⁸
2381 4975 2655 5030 immissus
2700 4969 2865 5026 fuerlt
2889 4969 2943 5023 2.
2971 4971 3057 5024 5a.
3091 4968 3145 5022 d.
3222 4965 3290 4998 ⁸⁸⁸
3327 4971 3618 5018 conterunt
3662 4970 3717 5014 et

2832 5040 2898 5074 ⁶¹⁹
2925 5054 3046 5093 cum
3076 5045 3340 5091 venerunt
3358 5032 3415 5089 ὅ.
3492 5030 3563 5063 ⁶²⁰
3601 5046 3719 5085 san-

443 5096 678 5191 meum
701 5096 1124 5191 serasera-ei.
1150 5096 1732 5191 1-1,Ἰξζξιῖεὶίἶῧὲίιξιῖ
1744 5096 2261 5191 ἢῗρἷᾞίἰέῇἷῖγξεηίῤ,
2287 5096 2537 5191 ιοεςξωιί
2559 5096 2845 5191 itarnotum
2876 5107 3085 5191 11.}2.
3118 5096 3716 5191 carentuiashjjff

604 5187 616 5204 ‘
744 5186 754 5197 '
841 5203 848 5210 ι
905 5188 981 5208 λν
1023 5197 1034 5210 π
1076 5189 1094 5214 ³
1163 5189 1195 5222 ’κ
1295 5188 1365 5218 6η
1395 5188 1603 5232 fntctqm
1638 5189 1702 5228 Ro
1753 5205 1801 5236 ρ,
1832 5189 1868 5232 9
1921 5190 1954 5230 Χ
2002 5189 2033 5226 ⁸7
2087 5186 2277 5230 (ἲν-μὶ.
2357 5184 2428 5215 “ll
2465 5182 2680 5234 carolns
2725 5179 3085 5226 nlnmnnniam
3117 5186 3171 5222 et
3219 5174 3430 5226 aliquas

3559 5241 3572 5250 ⁸
3595 5239 3610 5254 “
3623 5238 3714 5274 ιζΙω
