3958 5464
2222 293 2248 301 -ο

462 355 576 433 na
1367 425 1375 433 ,
1507 373 1872 432 nscmoms
1911 375 2326 434 rauumnsrs
2357 376 2647 433 manus
3648 387 3755 442 HG

476 470 2056 565 miun'"(77)cumingentiprtedaadclassemrepedautem,
2092 535 2132 589 Λ
2164 493 2316 562 cujus
2364 503 2550 549 sancto
2595 509 2836 564 germine
2882 511 2977 566 sua
3033 496 3367 569 aliorumque
3419 515 3604 572 regum
3657 503 3753 558 ⁸⁸⁵.

474 603 598 642 cum
623 586 818 656 quibus
837 586 1041 655 absque
1065 598 1216 639 mora
1239 583 1503 652 conﬂixit,
1526 594 1582 641 et
1604 585 1715 641 Deo
1735 585 2059 657 propitiante
2092 583 2132 589 ““
2164 584 2496 641 Francorum
2519 586 2768 656 prusapia
2802 586 3186 658 pullulaverat;
3220 590 3363 660 quod
3390 591 3461 623 ‘“
3484 607 3592 647 non
3618 609 3755 649 casu

478 678 768 734 maximam
800 693 867 733 ex
898 677 979 733 eis
1015 686 1222 747 partem
1268 677 1445 749 gladio
1487 679 1798 749 prostravit.
1847 679 2057 751 Reliqui

479 773 598 844 fuga
619 773 688 806 ⁸⁸⁷
704 773 734 809 ν
755 770 968 843 dilapsi,
984 770 1037 826 in
1054 771 1422 841 supradictum
1447 771 1516 805 ⁸⁸⁸
1546 771 1734 827 (iscum
1765 773 1967 845 regium
1989 773 2057 806 "’

477 880 536 920 se
562 863 958 928 communiunt,
993 864 1083 918 ubi
1116 862 1269 933 [lngo
1296 864 1387 929 ⁸⁷⁸,
1438 863 1575 919 illius
1601 864 1742 931 regis
1777 878 1841 918 ex
1872 863 2060 935 pellice

479 964 654 1020 natus,
684 969 807 1009 cum
854 953 1121 1008 incautius
1143 952 1213 986 ⁸⁷⁷
1262 953 1564 1018 dimicaret,
1612 953 1854 1025 graviter
1878 954 2060 1009 vulne-

478 1052 648 1111 ratus,
677 1044 746 1101 ab
775 1044 1024 1099 hostibus
1072 1044 1281 1114 rapitur
1320 1052 1379 1098 et
1421 1044 1560 1099 inter
1589 1059 1782 1100 manus
1807 1043 2060 1099 adversa.

477 1137 680 1191 riorum
710 1136 951 1191 animam
988 1134 1222 1191 reddidit
1248 1135 1338 1188 ⁸⁷⁸.
1371 1134 1486 1190 Rex
1518 1134 1871 1203 existimans,
1916 1135 2061 1205 quod

477 1227 654 1282 adhuc
683 1226 825 1282 ﬁlius
878 1225 1030 1281 vivus
1070 1226 1139 1281 ab
1192 1225 1427 1306 inimicis
1473 1235 1804 1292 servaretur,
1849 1226 2059 1282 exerci-

477 1330 588 1374 tum
621 1318 690 1351 ⁸⁷³
721 1319 790 1375 ab
811 1320 1234 1393 impugnationis
1265 1322 1607 1379 infestatione
1632 1322 1786 1393 jubet
1818 1338 2056 1388 cessare,

476 1418 537 1464 ut
565 1426 907 1483 quocumque
931 1420 1088 1482 pacto
1120 1413 1269 1469 illum
1298 1414 1621 1471 incolumem
1664 1415 1905 1486 recipere
1941 1431 2063 1486 pos-

481 1507 583 1555 set.
611 1500 820 1557 Interea
852 1518 956 1558 nox
1006 1505 1392 1576 superveniens
1428 1505 1521 1573 ⁸⁷⁵,
1567 1520 1747 1578 regem
1787 1522 1909 1562 cum
1949 1507 2062 1563 suis

481 1592 658 1649 redire
686 1595 752 1650 ad
774 1605 955 1652 castra
980 1597 1255 1668 compulit.
1289 1597 1621 1655 Nordmanni
1648 1599 1915 1655 cadavera
1944 1615 2062 1656 suo-

479 1697 597 1737 rum
629 1682 860 1740 llammis
887 1697 1200 1755 exurentes,
1231 1699 1392 1746 noctu
1420 1689 1729 1762 diffugiunt,
1759 1697 1815 1747 et
1836 1691 1905 1747 ad
1926 1690 2062 1747 clas-

475 1788 588 1827 sem
647 1773 887 1846 dirigunt
931 1792 1197 1849 gressum.
1254 1780 1366 1835 Rex
1411 1780 1647 1838 diluculo
1691 1794 2059 1850 consurgens,

474 1881 597 1921 cum
628 1866 795 1923 lilium
839 1869 1138 1926 extinctum
1185 1873 1489 1942 reperisset,
1533 1874 1702 1929 nimio
1727 1873 1910 1929 dolore
1939 1872 2056 1929 afli-
2092 1900 2137 1960 Β

477 1958 650 2024 citur;
697 1974 895 2030 corpus
921 1960 1039 2030 ejus
1067 1963 1122 2018 in
1157 1963 1336 2020 loculo
1366 1966 1724 2036 compositum
1746 1965 1816 1999 ⁸⁷⁸
1861 1966 1928 2021 ad
1958 1966 2060 2021 Lo-

475 2047 711 2103 resheim
741 2048 813 2081 ⁸⁷⁶
860 2051 1249 2106 monasterium
1307 2053 1541 2125 imperat
1588 2053 1787 2110 deferri
1814 2095 1830 2121 ,
1882 2054 2064 2125 ibique

477 2136 749 2193 tumulari.

1076 2232 1439 2291 DCCCLXXX
1451 2277 1464 2297 .

544 2322 702 2378 Auno
726 2325 1017 2382 Dominicaa
1074 2328 1464 2385 incarnationis
1512 2330 1637 2397 880,
1671 2320 2064 2387 Carlomannus

481 2429 573 2468 rex
629 2416 863 2488 paralysi
902 2417 1199 2475 dissolutus
1231 2421 1372 2476 diem
1416 2421 1610 2478 clausit
1649 2430 1951 2478 extremum
1989 2438 2063 2477 vn

477 2503 658 2560 Nonas
684 2506 907 2577 Aprilis,
940 2508 1290 2579 sepultusque
1309 2520 1392 2566 est
1415 2526 1540 2566 cum
1561 2511 1745 2568 debito
1780 2511 1983 2567 honore
2010 2512 2063 2567 in

482 2598 711 2654 Baoaria
744 2600 764 2630 ⁸
791 2601 831 2660 ".
878 2601 931 2655 in
977 2600 1099 2657 loco
1126 2601 1217 2672 qui
1264 2586 1464 2658 dicitur
1515 2603 1789 2672 llodingas
1828 2605 1899 2640 ⁸⁷⁸
1928 2605 2063 2675 (78).

475 2685 601 2742 Fuit
621 2702 752 2743 vero
777 2688 879 2744 iste
905 2689 1434 2760 przecellentissimus
1463 2707 1556 2748 rex
1582 2693 1777 2749 litteris
1797 2695 2059 2761 eruditus,

478 2776 803 2835 Christiana:
849 2781 1093 2851 religioni
1135 2783 1379 2850 deditus,
1429 2784 1645 2855 justus,
1695 2786 1976 2857 pacificus,
2013 2798 2066 2844 et

479 2868 627 2922 omni
669 2884 879 2925 morum
927 2871 1209 2927 honestate
1255 2873 1542 2931 decoratus
1581 2877 1679 2942 ⁸ης
1722 2876 2065 2947 pulchritudo

420 3002 425 3007 .
476 2952 592 3023 ejus
618 2956 861 3027 corporis
889 2957 1134 3029 insignis,
1158 2960 1304 3016 vires
1327 2977 1542 3032 quoque
1565 2964 1616 3018 in
1647 2965 1866 3021 homine
1893 2966 2065 3022 admi-

476 3048 678 3104 rabiles
723 3047 906 3126 fuere;
950 3065 1051 3106 nec
1089 3051 1315 3110 inferior
1358 3053 1523 3109 animi
1573 3056 1943 3126 magnitudine
1969 3057 2057 3111 ⁸⁸⁸.

478 3136 715 3193 Plurima
746 3123 957 3211 °quippe
988 3140 1229 3198 “"bella
1278 3158 1400 3208 cum
1439 3156 1611 3215 patre,
1655 3123 1895 3218 pluriora
1944 3149 2062 3206 sine

2161 677 2442 742 accidisse,
2475 677 2569 733 sed
2597 677 2833 747 quodam
2860 680 3125 753 prmsagio
3152 690 3509 754 portentoque
3537 684 3758 742 futurm

2162 784 2280 823 rum
2309 769 2595 825 actitatum
2617 769 2688 803 ⁸⁸⁷
2721 770 2953 828 videtur.
2990 771 3268 843 Siquidem
3307 775 3377 831 ah
3423 772 3517 833 illo
3553 793 3757 848 geneao

2161 858 2299 931 logia
2324 860 2395 894 ⁸⁸⁸
2422 876 2606 931 regum
2644 862 2858 919 cmlitus
2898 863 3114 935 provisa
3153 880 3253 937 per
3289 868 3570 924 intervalla
3607 877 3754 924 tem-

2161 966 2351 1022 porum
2374 953 2627 1010 secundis
2655 954 3113 1013 incrementorum
3134 960 3472 1015 successibus
3492 959 3562 994 "’
3583 962 3756 1032 cmpit

2160 1048 2494 1113 exuberare,
2539 1063 2821 1120 quousque
2879 1049 2932 1105 in
2981 1066 3179 1123 magno
3226 1050 3439 1108 Carolo
3474 1067 3755 1109 summum

2163 1138 2371 1207 imperii
2388 1137 2659 1209 fastigium
2685 1154 2788 1193 non
2810 1139 2981 1194 solum
2997 1138 3350 1205 Francorum,
3373 1156 3561 1196 verum
3585 1142 3755 1197 etiam

2163 1229 2496 1284 diversarum
2552 1230 2797 1301 gentium
2851 1245 3251 1302 regnorumque
3292 1230 3582 1288 obtineret.
3620 1232 3757 1289 Post

2162 1317 2319 1388 cujus
2348 1319 2631 1374 decessum
2664 1318 2755 1384 ⁸⁸⁸,
2796 1318 3040 1374 variante
3080 1319 3317 1387 fortuna,
3355 1336 3536 1377 rerum
3577 1321 3752 1393 gloria

2161 1424 2281 1479 quae
2304 1425 2467 1481 supra
2495 1419 2615 1466 vota
2639 1409 2892 1476 ﬂiixerat,
2914 1412 3102 1467 eodem
3128 1427 3237 1482 quo
3260 1423 3568 1469 accesserat
3590 1412 3756 1467 modo

2162 1500 2327 1569 ccepit
2355 1499 2423 1532 °"
2450 1499 2708 1571 paulatim
2738 1500 3000 1566 dillluere,
3033 1502 3203 1558 donec
3235 1501 3613 1557 deﬁcientibus
3643 1516 3756 1561 non

2164 1588 2323 1643 modo
2352 1588 2554 1658 regnis,
2584 1589 2679 1644 sed
2701 1589 2863 1644 etiam
2887 1589 3002 1661 ipsa
3035 1590 3178 1661 regia
3215 1590 3383 1662 stirpe
3417 1589 3616 1661 partim
3644 1590 3757 1643 im-

2164 1686 2374 1733 matura
2419 1687 2579 1735 mtate
2629 1689 2922 1751 pereunte,
2973 1682 3168 1752 partim
3219 1680 3508 1735 sterilitate
3561 1678 3757 1748 conju-

2162 1785 2289 1842 gum
2328 1770 2399 1807 °“
2438 1782 2843 1839 marcescente,
2887 1773 2975 1830 hic
3015 1773 3161 1830 solus
3203 1772 3272 1829 de
3311 1781 3423 1831 tam
3460 1786 3756 1828 numerosa

2164 1878 2348 1936 regum
2388 1864 2704 1935 posteritate
2741 1863 2967 1921 idoneus
3015 1865 3370 1932 inveniretur,
3408 1866 3500 1935 qui
3536 1866 3759 1935 imperii

2163 1955 2495 2012 Francorum
2529 1967 2743 2027 sceptra
2782 1956 3109 2029 susciperet;
3140 1949 3374 2028 quodin
3411 1958 3760 2029 subsequen-

2168 2046 2308 2101 tibus
2330 2062 2428 2102 suo
2456 2047 2507 2101 in
2536 2047 2655 2102 loco
2681 2047 2751 2088 ⁸⁸³
2768 2051 2784 2068 ³
2816 2047 3047 2103 lucidius
3070 2049 3369 2121 apparebit.

2236 2138 2610 2204 Hludowicus,
2678 2148 2955 2215 comperto
2993 2140 3065 2175 m
3117 2142 3260 2212 quod
3301 2139 3470 2198 frater
3516 2142 3636 2211 ejus
3686 2140 3760 2175 ⁸⁸⁸

2165 2229 2408 2294 (ὼίἰδευι,
2434 2228 2736 2299 Bajuariam
2782 2231 3061 2302 ingressus
3099 2231 3519 2301 Reganashurch
3555 2231 3630 2266 ⁵³⁸
3658 2247 3757 2287 ve-

2166 2320 2265 2386 nit,
2294 2320 2384 2375 ubi
2407 2336 2595 2377 omnes
2618 2322 2902 2392 optimates
2935 2323 3084 2393 regni
3117 2322 3183 2378 ad
3213 2337 3338 2378 eum
3383 2320 3755 2387 conﬂuentes,

2165 2410 2279 2480 ejus
2300 2411 2487 2466 ditioni
2513 2427 2571 2467 se
2592 2412 2965 2469 subdiderunt.
2985 2413 3267 2469 Concessit
3284 2422 3463 2468 autem
3490 2412 3635 2467 idem
3660 2426 3758 2467 rex

2165 2503 2389 2560 Aruoll’o
2413 2504 2777 2560 Carantanum
2813 2504 2906 2571 ⁸⁸⁸,
2939 2506 3082 2576 quod
3118 2505 3168 2560 ei
3209 2513 3364 2576 pater
3391 2503 3506 2574 jam
3545 2504 3756 2574 pridem

2166 2609 2529 2661 concesserat,
2551 2597 2605 2651 in
2629 2611 2736 2666 quo
2758 2597 2920 2653 situm
2936 2604 3022 2654 est
3044 2605 3282 2653 castrum
3303 2594 3757 2663 munitissimum,

2167 2686 2308 2754 quod
2350 2686 2669 2743 Mosahurch
2711 2687 2779 2720 ⁸⁸⁷
2809 2687 2924 2761 (79)
2964 2697 3327 2759 nuncupatur,
3362 2701 3428 2742 eo
3468 2686 3613 2756 quod
3661 2700 3759 2754 pa-

2164 2775 2287 2830 lude
2305 2777 2694 2847 impenetrabili
2714 2779 2866 2835 locus
2881 2780 3134 2846 vallatus,
3155 2777 3527 2835 dillicillimum
3552 2777 3759 2833 adeun-

2166 2867 2308 2922 tibus
2336 2868 2573 2938 prrebeat
2601 2884 2899 2927 accessum.

2751 2960 3161 3018 DCCCLXXXI.

2232 3046 2389 3103 Anno
2417 3047 2708 3105 Dominica-
2729 3050 3117 3107 incarnationis
3138 3050 3259 3113 881,
3287 3048 3512 3105 Carotus
3532 3047 3603 3103 de
3623 3047 3754 3102 Alaq

2164 3140 2379 3199 nizmnia
2427 3156 2679 3213 egressus
2736 3142 3209 3215 Langobardorum
3271 3142 3405 3197 lines
3445 3141 3749 3211 occupavil.

476 3242 650 3301 patre,
676 3234 733 3289 in
762 3236 945 3306 regnis
968 3236 1286 3295 Sclavorum
1324 3242 1509 3313 gessit,
1543 3257 1862 3313 semperque
1896 3245 2062 3301 victo—
2090 3260 2134 3321 ρ
2166 3242 2229 3284 ³ο
2257 3230 2308 3285 ί¹¹
2343 3232 2530 3301 [mimis
2553 3231 2744 3288 diebus
2781 3240 2950 3289 ῑοιθηι
2987 3232 3193 3287 “aliam
3226 3232 3278 3287 Ῐη
3308 3229 3759 3321 deditionem?”

478 3324 570 3380 riae
619 3326 952 3397 triumphum
1012 3331 1336 3399 reportavit;
1393 3334 1654 3390 terminos
1709 3335 1921 3406 imperii
1981 3336 2063 3393 sui

478 3417 787 3489 ampliando
811 3419 954 3476 ferro
984 3420 1257 3485 dilatavit;
1294 3425 1408 3480 suis
1439 3424 1607 3491 mitis,
1634 3425 1878 3482 hostibus
1901 3428 2062 3484 terri-

478 3506 601 3563 bilis
636 3511 924 3580 appamit;
955 3510 1190 3581 alloquio
1214 3513 1465 3579 blandus,
1492 3515 1797 3571 humilitate
1817 3524 2058 3580 ornatus,

478 3598 529 3650 in
555 3598 873 3655 ordinandis
903 3603 1051 3674 regni
1082 3604 1310 3675 negotiis
1338 3605 1594 3673 singulari
1622 3606 1839 3662 solertia
1872 3608 2063 3678 praedi-

482 3698 599 3753 tus,
624 3690 704 3747 sic
746 3706 991 3761 prorsus,
1025 3703 1084 3747 ut
1121 3694 1256 3749 nihil
1281 3696 1330 3750 ei
1373 3695 1441 3730 ⁸⁸⁷
1469 3696 1656 3753 deesse
1698 3699 1861 3769 regia:
1892 3697 2060 3768 maje-

481 3779 636 3835 statis
664 3792 976 3852 competens
1007 3784 1076 3817 ⁸⁸⁸
1102 3784 1397 3841 videretur.

546 3867 685 3924 Huic
711 3885 780 3925 ex
809 3871 1047 3942 legitimo
1071 3877 1418 3932 matrimonio
1446 3891 1550 3931 non
1583 3885 1669 3932 est
1697 3886 1819 3933 nata
1854 3878 2066 3934 soboles

475 3966 697 4028 propter
720 3959 1185 4033 infoecunditatem
1212 3963 1474 4034 conjugis,
1498 3966 1592 4021 sed
1613 3980 1681 4021 ex
1705 3966 1938 4035 quadam
1961 3981 2063 4021 no-

476 4047 569 4102 hili
591 4047 789 4104 femina
804 4050 968 4106 lilium
982 4053 1399 4126 elegantissimae
1410 4055 1607 4126 speciei
1628 4056 1882 4126 suscepit,
1903 4071 2063 4127 quem

477 4136 761 4195 Arnolfum
799 4141 868 4174 ⁸⁸³
906 4144 1175 4199 nominari
1201 4145 1382 4216 jussit,
1414 4147 1484 4202 ob
1516 4146 1946 4203 recordationem
1976 4163 2066 4205 re—

475 4231 851 4288 verendissimi
881 4233 1108 4301 Arnolli,
1140 4234 1418 4293 Mettensis
1442 4237 1688 4297 ecclesiae
1714 4237 1974 4309 episcopi,
1999 4239 2067 4294 de

2168 3324 2340 3394 cepit;
2373 3332 2429 3378 et
2468 3323 2695 3379 Romam
2735 3324 3076 3394 perveniens,
3117 3339 3147 3379 a
3180 3321 3408 3395 praesule
3443 3319 3755 3391 apostolica:

2165 3416 2307 3470 sedis
2332 3414 2613 3481 Johanne,
2652 3425 2709 3471 ct
2748 3426 2936 3472 senatu
2978 3417 3342 3472 Romanorum
3382 3412 3754 3469 favorabiliter

2166 3523 2287 3563 cum
2320 3522 2512 3578 magna
2537 3507 2707 3577 gloria
2735 3508 3031 3578 imperator
3051 3516 3270 3564 creatus
3305 3514 3408 3562 est.

2234 3598 2337 3657 Per
2361 3599 2501 3655 idem
2518 3597 2590 3632 ⁸⁷⁸
2608 3607 2818 3669 tempus
2840 3598 3304 3655 Nordniannorum
3324 3595 3517 3653 classis
3538 3592 3660 3647 Wal
3684 3592 3758 3626 ⁸⁸⁸

2164 3691 2382 3748 ﬂuvium
2404 3693 2672 3763 ingressa,
2696 3690 2956 3763 Niumaga
2983 3692 3054 3725 ’°°
3069 3691 3271 3761 palatio
3299 3688 3447 3759 regio
3468 3684 3751 3756 applicuit,

2130 3780 2137 3789 ’
2165 3783 2346 3853 ibique
2375 3790 2552 3838 castra
2590 3782 2788 3852 posuit.
2818 3781 2972 3848 Quod
3011 3781 3208 3836 factum
3237 3793 3359 3834 cum
3388 3775 3456 3830 ad
3503 3772 3753 3829 notitiam

2168 3874 2464 3931 Hludovvici
2490 3872 2755 3943 perlatum
2789 3883 2938 3929 esset
2977 3873 3064 3937 ⁷⁸⁸,
3103 3873 3315 3943 absque“
3335 3868 3592 3923 dilatione
3627 3878 3753 3919 cum

2167 3965 2409 4021 exercitu
2459 3964 2638 4030 venit,
2690 3973 2743 4019 et
2795 3964 3146 4020 munitionem
3192 3961 3474 4019 obsidione
3530 3955 3749 4019 clausit.

2165 4056 2430 4111 Conserto
2459 4052 2726 4109 nonnullis
2757 4052 2947 4109 diebus
2983 4052 3298 4118 certamine,
3327 4065 3432 4106 non
3457 4046 3594 4103 adeo
3613 4060 3755 4117 prte-

2162 4150 2355 4218 valuit,
2385 4151 2509 4221 quia
2545 4148 2800 4221 palatium
2832 4149 3063 4221 ingentis
3103 4144 3490 4219 magnitudinis
3516 4140 3753 4209 mirique

2162 4241 2343 4312 operis
2380 4240 2627 4296 hostibus
2673 4237 2999 4294 tutissimum
3027 4236 3303 4309 praebebat
3326 4230 3751 4303 receptaculum.

1856 4396 2090 4453 VARIAE
2128 4398 2533 4465 LECTIONES.

548 4512 615 4544 ⁸⁸⁷
648 4506 877 4580 thimnin
921 4508 1237 4580 5.7thimuin
1272 4513 1326 4567 2.
1352 4513 1469 4567 cod.
1500 4513 1560 4569 S.
1593 4512 1791 4568 Godch.
1830 4516 2067 4571 thurium
2109 4518 2161 4571 7.
2191 4518 2419 4572 thimum
2446 4518 2500 4571 4.
2533 4519 2587 4573 8.
2615 4518 2667 4572 9.
2702 4517 2788 4572 10.
2815 4515 3002 4572 timum
3036 4516 3123 4580 11,
3158 4515 3242 4570 12.
3319 4512 3387 4546 ⁸⁸⁷
3410 4515 3442 4547 ⁸
3470 4509 3665 4579 reliqui
3692 4509 3747 4580 in

477 4574 1208 4675 ξξῖιβξξῐξέ-ῙΞῙΛΜῘἾΛειιρ-ΞἎ
1230 4583 1429 4637 dictum
1461 4583 1683 4675 459.3195.

478 4647 547 4675 ⁸⁷³
578 4647 721 4698 inter
748 4647 1181 4704 adversariorum
1208 4666 1357 4705 arma
1385 4652 1572 4707 recidit
1591 4651 1644 4705 5.

478 4715 835 4783 compositum
865 4718 891 4772 l
911 4749 983 4759 —-
1003 4719 1056 4772 5.
1089 4719 1142 4774 5.
1174 4721 1227 4774 6.
1331 4721 1400 4754 ⁸⁷⁸
1428 4722 1643 4783 lorshey

479 4783 549 4817 ⁸⁷⁸
575 4784 873 4855 huodingas
898 4786 1092 4844 7—12.

1784 4584 1852 4656 ⁸⁸⁸
1886 4584 1937 4639 ἰη
1981 4586 2292 4656 supradicto
2333 4586 2463 4643 fisco
2497 4589 2647 4656 regio
2675 4589 2726 4641 1.
2755 4587 2808 4641 5.

1731 4652 1801 4686 ⁸⁷³
1823 4652 2095 4710 exercitus
2120 4655 2175 4718 2.
2199 4655 2252 4711 5.

1331 4721 1400 4754 ⁸⁷⁸
1428 4722 1791 4799 lorsheym__5.
1833 4722 2078 4799 Jorasam
2116 4726 2169 4780 5.
2199 4729 2330 4799 _cod.
2375 4726 2432 4783 S.
2480 4726 2678 4783 Godeh.
2738 4721 3060 4799 iJoresliam
3090 4726 3211 4799 Lm
3247 4724 3316 4757 ⁸⁷⁷
3348 4721 3652 4799 Baioariatn
3690 4721 3709 4799 l

1194 4791 1262 4869 ⁶⁷ῗ
1294 4791 1524 4869 decof“
1555 4788 1627 4869 δέ
1683 4791 2170 4869 “magnitudine.
2199 4796 2490 4869 Permulta.
2524 4840 2538 4853 .
2573 4839 2586 4852 .
2620 4797 2851 4869 plurima
2881 4798 2998 4869 sine
3019 4796 3097 4869 5.Δ
3149 4791 3506 4869 ⁸⁸¹ᾳυοῳιθ6
3576 4788 3646 4869 “ff
3666 4788 3742 4869 sic

2904 4587 2976 4620 ’τ’
3014 4578 3254 4657 hus,3-_
3308 4582 3374 4657 Ψ
3418 4578 3740 4657 iussam.“-

2341 4657 2430 4711 ⁸⁷⁸.
2466 4649 2587 4713 nox"
2606 4660 2836 4726 desuper
2868 4649 3278 4726 veniens'l—E.
3308 4654 3380 4726 75L
3427 4650 3523 4726 f"
3543 4651 3598 4726 in
3629 4649 3745 4726 loco

2777 4726 3060 4781 Joresham
3090 4726 3143 4779 4.
3247 4724 3316 4757 ⁸⁷⁷
3348 4720 3652 4776 Baioariam
3690 4719 3738 4772 1.

479 4858 848 4954 ιιεῑδρσςοτεξιξλυί
874 4858 1006 4954 nihil
1028 4859 1221 4954 deesse
1246 4860 1298 4954 in
1325 4863 1487 4954 regiae
1509 4860 1807 4954 maiestatis
1830 4857 2194 4954 "competentia
2212 4866 2483 4954 vnleretiir
2620 4857 2707 4901 ’⁸⁸³
2728 4867 2784 4922 in
2810 4867 2969 4935 regia}
2990 4857 3293 4954 maiestatis
3313 4857 3738 4954 gompe'telntia

580 4925 991 5016 flfll9llfljtlttl75.‘
1020 4925 1441 5016 ἱιᾳζεςῃειαηιεῖο.
1476 4925 1799 5016 ξνηριρὴρῳ
1824 4934 1878 4988 4.
1951 4925 2222 4997 arnulfum
2252 4939 2304 4993 8.
2381 4940 2449 5016 ‘f'
2478 4939 2815 5016 aliorumque
2833 4925 3134 5016 germinum
3158 4935 3274 4990 cod.
3307 4933 3365 4990 S.
3395 4925 3741 5016 Gods/partio:

483 5009 712 5065 rumque
740 5012 1125 5068 germanorum
1152 4998 1463 5057 francorum
1481 5003 1533 5058 1.
1564 4998 1652 5058 5C
1696 5004 2033 5088 aliorumque
2050 5021 2365 5079 germanum
2390 5010 2698 5063 francorum
2729 4998 2788 5061 Ξ.
2835 4998 2935 5040 Vm
2963 5007 3106 5076 quod
3133 5021 3251 5088 non.
3268 5019 3432 5075 usque
3457 4999 3740 5079 coniugum

478 5077 850 5150 marcescente
882 5070 1023 5150 deest
1181 5070 1250 5104 ⁸⁸⁷
1276 5074 1558 5150 actum_7.
1588 5143 1602 5150 _
1635 5073 1705 5150 °°_'
1730 5076 2013 5150 Siquidem
2046 5078 2358 5150 genealogia
2406 5081 2429 5135 1
2456 5110 2527 5119 -
2551 5078 2605 5132 5.
2637 5077 2690 5132 5.
2722 5077 2754 5130 7
2827 5076 2903 5109 ⁸⁸⁷
2928 5073 3424 5150 successlomhusS.
3500 5070 3740 5150 ‘ficujus

479 5144 709 5213 mortem
759 5138 814 5193 2.
915 5140 981 5174 ⁸⁸⁷
1033 5140 1250 5196 fortuna
1286 5144 1515 5200 recessit

479 5204 683 5245 Iturium
708 5207 772 5245 κη
891 5210 960 5245 σοι
979 5212 995 5232 ⁸
1023 5226 1122 5245 ann
1167 5211 1286 5245 'Mn
1310 5212 1343 5245 Ω
1479 5215 1515 5245 Il

473 5207 851 5335 asas-5
891 5210 960 5335 ’.ς’
1460 5207 1849 5340 saeuos

1554 5143 1744 5214 gloria.
1789 5143 1812 5198 ξ
1848 5184 1862 5198 .

1914 5146 2212 5216 eodemque
2249 5146 2518 5218 q'uomodo
2558 5154 2855 5203 accesserat
2899 5146 3036 5188 mni:
3094 5147 3125 5182 τι
3174 5146 3207 5170 n

1479 5214 1945 5296 «aJlludowicug
1990 5214 2279 5274 οοηιύρηη-
2568 5218 2576 5228 ,

3302 5145 3319 5168 Ι
3330 5145 3364 5168 a
3521 5141 3591 5172 III
3616 5153 3740 5180 mn-
