3958 5488
466 355 566 409 119

1426 336 1439 345 ’
1513 347 1883 407 REGINONIS
1922 347 2337 407 PRUMiENSiS
2370 350 2659 419 ABBA'LS

3628 356 3730 410 120

464 466 582 536 ejus
604 480 796 541 parum
842 465 1088 521 enectum
1127 464 1379 531 obtinuit,
1414 477 1761 535 quamquam,
1810 470 1869 517 ut
1907 462 2041 517 dixi-
2075 466 2115 523 Α
2149 471 2205 529 ut
2246 463 2386 517 inter
2434 463 2627 517 horum
2688 472 2737 516 et
2802 462 3273 520 Nordmannorum
3331 467 3604 525 malitiam
3657 470 3729 524 nil

463 570 606 622 mus,
646 571 712 610 ex
755 555 984 611 diversis
1029 554 1209 625 regnis
1259 563 1312 609 et
1356 555 1605 625 gentibus
1649 553 2041 622 inaestimabilis

465 644 750 702 multitudo
813 646 865 700 in
921 661 1085 699 unum
1141 643 1465 700 conﬂuxisse
1521 644 1613 709 ⁷⁸⁸,
1674 643 2042 716 indignatione

466 734 672 790 caelesti
697 748 857 806 super
874 733 1127 806 populum
1170 732 1535 793 Christianam
1567 734 1879 811 religionem
1919 748 2042 804 pro-

467 826 737 905 fanantem
796 826 1139 883 desaeviente.
1206 824 1510 885 Novissime
1570 840 1662 881 rex
1718 824 2043 881 Godofridus

420 924 423 927 '
466 916 932 972 Nordmannorum
972 932 1034 972 ea
1078 917 1388 985 conditione
1434 916 1803 983 Christianum
1836 932 1893 971 se
1928 916 2044 971 lieri

466 1007 766 1079 pollicetur,
814 1009 858 1064 si
901 1010 950 1063 ei
997 1025 1220 1065 munere
1260 1010 1405 1081 regis
1444 1008 1628 1065 Fresia
1648 1008 1721 1041 "’
1769 1007 2043 1079 provincia

464 1103 872 1168 concederetur,
905 1082 959 1159 et
986 1101 1134 1159 Gisia
1159 1103 1249 1167 ⁷⁸⁵⁸,
1285 1102 1390 1156 lilia
1422 1100 1709 1166 illotharii,
1736 1101 1789 1156 in
1822 1113 2043 1155 uxorem

463 1194 704 1247 daretur.
731 1191 862 1259 Quae
882 1201 942 1247 ut
965 1193 1035 1224 ⁷⁵⁸
1060 1199 1344 1264 optaverat
1362 1192 1435 1223 "“
1460 1190 1709 1262 adeptus,
1738 1190 2046 1262 baptizatus

390 1302 395 1305 ·
461 1291 579 1349 est,
624 1292 680 1340 et
723 1299 791 1338 ex
842 1298 997 1351 sacro
1049 1268 1195 1355 fonte
1247 1284 1316 1338 ab
1363 1282 1692 1352 imperatore
1739 1288 2043 1350 susceptus.

464 1373 721 1447 Sigifrido
758 1384 813 1431 et
847 1376 1070 1446 reliquis
1098 1373 1461 1431 Nordmannis
1491 1374 1811 1429 immensum
1839 1372 2048 1442 pondus

464 1469 584 1524 auri
626 1477 682 1533 et
722 1471 931 1541 argenti
974 1470 1276 1543 expositum
1311 1478 1416 1544 est,
1449 1478 1505 1526 et
1541 1469 1636 1524 tali
1683 1477 1871 1525 tenore
1915 1468 2049 1525 lines

464 1559 613 1633 regni
635 1562 923 1633 excedunt.

1028 1651 1482 1725 ocrchxxm.

534 1742 690 1797 Anno
724 1743 1017 1813 Dominicze
1055 1744 1442 1801 incarnationis
1468 1743 1571 1800 885
1605 1742 1678 1776 ⁷⁸³
1705 1741 2050 1798 Hiudowicus

2142 553 2405 621 diii‘erret,
2440 565 2637 627 praeter
2665 557 2806 627 quod
2835 572 2865 611 a
2895 556 3133 614 caedibus
3166 566 3223 613 et
3257 559 3524 616 mcendiis
3562 560 3733 620 absti-

2144 655 2353 702 nerent.
2381 644 2471 703 Sic
2495 646 2837 718 omnipotens
2857 648 2999 704 Deus
3030 648 3201 704 iratus
3240 666 3407 723 regno
3453 631 3732 708 Hlotharii

2145 738 2549 804 adversabatur,
2596 750 2651 793 et
2706 739 2901 795 talibus
2962 739 3417 795 incrementorum
3479 740 3735 814 ciadib'us

2147 827 2289 885 vires
2324 825 2565 895 ejusdem
2598 828 2746 900 regni
2772 829 3029 893 radicitus
3060 831 3476 896 exterminabat,
3516 830 3736 903 ut'pro-

2145 918 2326 988 phetia
2346 918 2677 977 sanctissimi
2716 917 2920 976 Nieolai
2948 935 3099 992 papae
3138 921 3296 976 simul
3326 930 3380 977 et
3400 923 3470 955 7"
3499 920 3733 977 maledi—

2147 1018 2291 1068 ctum
2318 1009 2461 1081 quod
2491 1024 2654 1081 super
2677 1010 2819 1067 idem
2862 1026 3084 1088 regnum
3113 1012 3432 1082 protulerat,
3461 1013 3735 1084 adimple-

2147 1110 2317 1158 retur.

2219 1192 2331 1248 Hoc
2358 1192 2521 1253 etiam
2552 1199 2794 1265 tempore
2834 1192 2976 1248 idem
3002 1192 3155 1265 Hugo
3187 1192 3525 1249 Wicbertum
3555 1193 3741 1249 comi-

2150 1294 2280 1349 tem,
2311 1284 2401 1355 qui
2427 1285 2495 1340 ab
2523 1285 2743 1345 ineunte
2775 1294 2934 1341 aetate
2955 1284 3062 1343 sibi
3092 1284 3301 1342 faverat
3327 1286 3421 1352 m,
3460 1286 3742 1342 interfecit

2151 1377 2255 1442 m;
2286 1376 2471 1447 paucis
2502 1375 2697 1432 dehinc
2748 1377 3078 1448 interpositis
3124 1378 3332 1443 diebus,
3384 1376 3739 1441 Bernarium,

2152 1467 2383 1522 nobilem
2415 1467 2588 1522 virum
2635 1469 2848 1539 sibique
2881 1468 3276 1547 ﬁdelissimum,
3306 1468 3430 1523 dolo
3467 1467 3738 1525 trucidari

2151 1561 2223 1593 ’⁷⁸
2250 1560 2435 1631 jussit,
2474 1560 2876 1631 pulchritudine
2924 1560 3066 1616 illius
3102 1570 3294 1631 captus
3328 1560 3538 1625 uxoris»
3570 1575 3742 1630 quam

2151 1653 2357 1722 absque
2407 1661 2679 1706 momento
2724 1651 2826 1706 sibi
2876 1651 2930 1706 in
2971 1650 3041 1684 "‘
3088 1650 3488 1706 matrimonium
3531 1648 3741 1719 jungit.

2152 1743 2459 1799 Vocabatur
2482 1750 2661 1799 autem
2684 1742 2877 1799 mulier
2896 1743 3183 1800 Friderada
3198 1744 3290 1809 π’,
3312 1759 3431 1814 qum
3443 1752 3743 1812 antequam

465 1846 557 1886 rex
584 1830 680 1896 ηδ,
717 1831 884 1888 frater
910 1833 1282 1905 Carlomanni,
1318 1834 1549 1889 moritur
1598 1831 1710 1905 (85)
1743 1833 1884 1904 apud
1923 1848 2049 1887 san—
2080 1840 2122 1900 Β
2152 1834 2410 1889 Bernario
2464 1835 2782 1901 sociaretur,
2839 1834 3085 1905 copulata
3130 1833 3310 1889 fuerat
3363 1833 3746 1904 Eugiirammo

468 1932 615 1979 ctum
645 1924 998 1997 Dionysium,
1046 1927 1228 1997 ibique
1285 1925 1677 1995 honorabiliter
1725 1924 2051 1990 tumulatur,

463 2031 623 2084 quem
645 2031 834 2072 omnes
868 2015 1162 2085 Galliarum
1198 2017 1379 2087 populi
1412 2016 1579 2071 nimio
1605 2015 1819 2086 planctu
1850 2014 2053 2071 lamen-

467 2104 564 2159 tati
611 2113 758 2159 sunt.
798 2104 925 2171 Fuit
964 2106 1105 2160 enim
1146 2106 1230 2161 vir
1265 2107 1338 2138 "'
1397 2106 1615 2161 virtutis
1660 2104 1910 2163 maxima:
1958 2104 2050 2170 ⁷⁸⁸,

464 2211 799 2266 regnumque
855 2196 956 2253 sibi
1019 2197 1294 2254 subditum
1354 2212 1387 2259 a
1448 2212 1782 2268 paganorum
1833 2196 2057 2252 infesta-‘-

468 2287 614 2351 tione
642 2285 715 2322 7"
755 2295 1003 2358 potenter
1024 2287 1356 2358 viriliterqne
1387 2287 1644 2344 defendit.
1678 2287 1821 2343 inter
1858 2296 2056 2343 cmtera

469 2388 592 2446 qua:
614 2384 833 2431 strenue
862 2378 1048 2449 gessit,
1071 2377 1197 2433 illud
1218 2378 1485 2449 praecipue
1510 2377 1751 2447 praelium
1780 2392 2057 2433 commen-

472 2467 657 2533 datur,
685 2468 827 2539 quod
856 2469 1139 2524 adversum
1175 2466 1553 2525 Nordmannos
1591 2468 1643 2523 in
1688 2466 1805 2523 ioco
1841 2468 1930 2538 qui
1963 2483 2058 2522 vo-

468 2566 622 2613 catur
664 2556 975 2620 Sodaitcurt
1010 2558 1081 2593 ’⁸⁸
1121 2557 1233 2631 (86)
1269 2559 1495 2615 summis
1533 2558 1742 2614 viribus
1779 2558 2055 2623 exercuit;

468 2646 521 2699 in
563 2661 671 2717 quo
711 2648 1028 2712 certamine,
1062 2656 1119 2701 ut
1164 2647 1365 2714 ferunt,
1408 2647 1692 2719 plusquam
1740 2655 1862 2702 octo
1908 2646 2057 2701 milia

467 2737 900 2810 adversariorum
947 2738 1125 2808 gladio
1169 2738 1238 2773 ⁷⁸³
1288 2739 1601 2808 prostravit.
1668 2736 2061 2792 Carlomannus

470 2827 637 2883 frater
663 2843 889 2899 regnum
927 2828 1070 2883 illius
1114 2828 1370 2883 obtinuit.
1405 2827 1609 2901 Eodem
1640 2836 1883 2898 tempore
1930 2828 2061 2883 Ber-

468 2919 657 2997 tulfus,
685 2919 1033 2974 Trevirorum
1056 2919 1360 2990 episcopus,
1398 2920 1733 2990 migravitad
1776 2919 2062 2974 Dominum

471 3027 522 3065 vt
575 3010 698 3067 ldus
727 3009 984 3066 Februar.
1018 3011 1108 3077 ⁷⁸⁸,
1137 3013 1220 3066 cui
1268 3012 1527 3069 successit
1568 3012 1620 3066 in
1651 3010 1947 3082 pontificali
1975 3027 2063 3067 ca-

472 3100 662 3165 thedra
698 3116 795 3171 per
824 3101 1141 3165 electionem
1183 3102 1311 3167 cieri
1343 3112 1395 3156 et
1437 3104 1602 3161 totius
1640 3102 1811 3172 plebis
1853 3101 2061 3157 Balbo-

2152 1927 2221 1959 ⁷⁷⁸
2251 1925 2454 1997 potenti
2483 1925 2619 1990 viro,
2644 1941 2708 1981 ex
2732 1941 2840 1996 quo
2867 1924 3030 1980 ﬁliam
3060 1925 3286 1995 peperit,
3319 1940 3480 1994 quam
3503 1932 3750 1994 postmo-

2152 2017 2278 2072 dum
2332 2015 2645 2071 Richwinus
2700 2015 2769 2049 "’
2822 2030 3006 2072 comes
3052 2015 3106 2071 in
3155 2014 3465 2086 conjugium
3504 2014 3747 2083 accepit,

2152 2122 2314 2178 quam
2389 2107 2552 2162 etiam
2610 2115 2831 2176 propter
2886 2114 3132 2174 stuprum
3190 2104 3538 2161 commissura
3598 2103 3745 2158 idem

2153 2214 2337 2255 comes
2367 2197 2621 2261 decollari
2644 2196 2826 2267 jussit.

2723 2287 3175 2345 DCCCLXXXIV.

2224 2381 2381 2436 Anno
2420 2379 2710 2435 Duminicm
2751 2378 3137 2434 incarnationis
3160 2376 3263 2434 884
3287 2373 3625 2431 Nordmanni
3650 2375 3748 2443 qui

2159 2473 2225 2526 ab
2250 2470 2453 2526 Ahsion
2498 2470 2567 2505 ἠ’
2618 2477 2973 2533 recesserant,
3002 2468 3258 2523 Somnam
3288 2465 3507 2520 ﬂuvium
3543 2461 3614 2497 m
3658 2462 3749 2516 in-

2160 2571 2327 2626 trant,
2360 2562 2541 2632 ibique
2566 2560 2951 2616 consederunt.
2986 2559 3228 2627 Quorum
3255 2555 3625 2612 creberrimas
3659 2554 3749 2607 in-

2160 2653 2438 2707 cursiones
2480 2667 2602 2707 eum
2647 2650 3042 2708 Carlomannus
3079 2648 3345 2705 sustinere
3389 2662 3495 2705 non
3538 2653 3748 2716 posset.

2161 2743 2443 2815 pecuniam
2466 2742 2770 2812 pollicetur,
2802 2740 2845 2797 si
2874 2757 2903 2794 a
2929 2755 3094 2812 regno
3111 2738 3230 2809 ejus
3250 2738 3588 2794 recederent.
3622 2735 3748 2791 Mox

2163 2834 2330 2888 avidre
2359 2833 2532 2903 gentis
2560 2832 2723 2885 animi
2771 2830 2839 2886 ad
2875 2830 3225 2887 obtinendam
3262 2827 3549 2899 pecuniam
3581 2840 3751 2881 canar-

2164 2925 2407 2984 descunt,
2453 2929 2508 2976 et
2556 2920 2619 2974 i2
2670 2920 2817 2974 milia
2865 2919 3103 2990 pondera
3154 2916 3362 2988 argenti
3405 2914 3525 2986 puri
3582 2922 3753 2982 atque

2163 3012 2374 3085 probati
2397 3011 2640 3081 exigunt,
2664 3010 2991 3081 totidemque
3012 3008 3168 3065 annis
3186 3022 3373 3079 pacem
3399 3004 3751 3078 promittunt.

2166 3103 2398 3172 Accepta
2427 3110 2536 3156 tam
2578 3099 2776 3171 ingenti
2805 3098 3055 3169 pecunia,
3085 3098 3239 3153 funes
3262 3112 3293 3152 a
3323 3096 3483 3151 litore
3507 3094 3748 3156 solvunt,

477 3189 579 3247 dus
605 3190 673 3222 ⁷⁶¹
711 3191 1189 3247 reverendissinms
1222 3191 1466 3255 antistes,
1495 3206 1548 3245 vt
1593 3190 1716 3246 ldus
1758 3189 2065 3263 Aprilisjm.
2095 3186 2140 3247 C
2174 3208 2337 3251 naves
2365 3191 2751 3257 conscendunt,
2781 3200 2834 3246 et
2865 3190 3073 3249 marina
3103 3188 3258 3243 litora
3299 3193 3568 3259 repetunt.
3600 3184 3748 3238 inte-

472 3266 573 3335 llis
601 3280 763 3334 etiam
796 3280 987 3349 diebus
1026 3280 1366 3337 Ruodbertus
1393 3281 1465 3313 ⁷⁸³
1511 3280 1704 3352 prazsui
1754 3281 1822 3337 ab
1868 3281 2055 3337 eodem

475 3368 727 3439 episcopo
760 3369 831 3401 '“
864 3370 1109 3426 ilatbodo
1137 3371 1189 3426 in
1222 3370 1466 3427 Mettensi
1515 3370 1744 3427 ecclesia
1772 3386 2060 3427 consecra—

477 3460 583 3528 tur,
607 3477 637 3515 ς
696 3461 964 3518 Kalendas
988 3463 1131 3518 Maii.

546 3551 700 3608 Circa
737 3554 849 3610 haec
881 3564 1120 3626 tempora
1156 3557 1307 3628 Hugo
1344 3557 1434 3624 ⁷⁸⁵,
1484 3557 1623 3613 filius
1664 3557 1951 3627 Hiotharii,
2003 3558 2055 3613 in

476 3663 623 3718 spem
658 3650 1007 3720 recuperandi
1032 3652 1242 3722 paterni
1274 3652 1424 3722 regni
1451 3652 1519 3707 ab
1554 3651 1825 3721 aliquibus
1849 3652 2054 3711 discor+

477 3737 687 3793 diarum
719 3755 782 3794 ac
826 3740 997 3803 litium
1031 3743 1389 3821 sectatoribus
1425 3742 1803 3809 introducitur,
1847 3757 2059 3798 omnes-

478 3841 583 3898 que
621 3828 712 3896 qui
746 3829 1012 3899 justitiam
1061 3841 1114 3885 et
1143 3846 1328 3900 pacem
1372 3833 1787 3897 execrabantur,
1833 3834 1899 3887 ad
1935 3847 2056 3887 eum

479 3918 872 3987 conﬂuxerunt,
931 3922 1002 3976 ita
1043 3930 1102 3976 ut
1144 3923 1196 3976 in
1229 3922 1414 3994 paucis
1451 3921 1525 3969 '9‘
1561 3923 1748 3977 diebus
1779 3924 2057 3983 innumera

478 4009 768 4064 multitudo
794 4011 1104 4080 praedonum
1130 4009 1246 4080 ejus
1271 4011 1622 4069 dominationi
1650 4026 1708 4067 se
1728 4013 2057 4081 suinuiserit,

476 4100 547 4133 ’⁸⁷
584 4100 727 4157 inter
754 4116 890 4171 quos
917 4102 1079 4157 etiam
1136 4101 1375 4157 nonnulli
1432 4118 1498 4157 ex
1530 4101 1858 4173 primoribus
1906 4104 2058 4174 regni

477 4208 614 4248 vana
649 4208 745 4263 spe
772 4193 1000 4259 seducti,
1048 4194 1298 4269 manibus
1320 4192 1459 4249 datis
1498 4194 1760 4249 accedunt
1789 4194 1883 4259 ⁷⁸⁸,
1912 4195 2060 4249 vidc-

476 4282 602 4338 licet
636 4282 960 4353 Stephanus,
991 4282 1357 4348 Ruodbertus,
1398 4282 1707 4339 Wicbertus
1750 4284 1843 4349 η’,
1882 4283 2063 4339 Thiet-

448 4388 451 4395 '
480 4362 671 4428 baiiius
700 4376 947 4442 comites,
973 4374 1225 4437 Aibricus
1251 4385 1306 4431 et
1328 4375 1496 4431 frater
1521 4374 1638 4445 ejus
1656 4377 1728 4409 "°
1755 4376 2062 4447 Stephanus

479 4466 572 4532 νη,
614 4475 867 4537 tantaque
888 4469 1075 4539 rapina
1105 4478 1160 4524 et
1190 4469 1440 4525 violentia
1481 4470 1550 4527 ab
1587 4472 1673 4526 his
1709 4473 1760 4526 in
1789 4487 1951 4543 regno
1980 4472 2059 4537 iit,

2168 3300 2259 3347 rea
2286 3282 2678 3339 Carlomannus
2699 3290 2951 3336 venatum
2971 3279 3230 3351 perrexit,
3257 3278 3347 3333 ubi
3369 3276 3589 3332 etab'”
3616 3290 3753 3344 apro

2163 3375 2401 3448 graviter
2426 3372 2756 3438 vulneratus,
2784 3380 2908 3442 post
2937 3369 3205 3427 modicum
3232 3369 3401 3423 vitam
3428 3383 3552 3423 cum
3581 3380 3753 3436 regno

2162 3465 2362 3537 amisit,
2410 3463 2761 3534 sepultusque
2790 3472 2873 3518 est
2919 3461 3060 3532 apud
3103 3468 3348 3516 sanctum
3407 3457 3753 3529 Dionysium.

2165 3559 2327 3615 Aiunt
2352 3564 2532 3612 autem
2563 3556 2806 3627 quidam,
2847 3555 2990 3625 quod
3030 3569 3062 3608 a
3088 3553 3319 3624 quodam
3362 3565 3461 3607 suo
3515 3547 3756 3605 satellite

2163 3646 2462 3718 improvide
2513 3661 2663 3701 arma
2714 3644 2913 3701 ferenti
2966 3643 3036 3676 ’⁸³
3085 3642 3397 3698 vulneratus
3452 3638 3639 3696 fuerit.
3699 3647 3756 3693 et

2162 3740 2289 3811 quia
2326 3752 2432 3792 non
2468 3744 2661 3808 sponte
2695 3735 2788 3791 sed
2811 3732 3125 3801 invitushoc
3145 3730 3353 3787 facinus
3380 3727 3751 3793 commiserat,

2162 3831 2362 3886 iccirco
2402 3841 2434 3881 a
2493 3842 2619 3899 rege
2647 3826 2878 3882 celatum
2926 3824 2998 3879 sit
3037 3822 3132 3888 7”,
3177 3836 3245 3876 ne
3294 3817 3549 3876 innoxius
3588 3816 3755 3873 morti

2165 3926 2486 3983 traderetur.

2233 4012 2602 4078 Nordmanni,
2657 4009 2870 4081 cognita
2937 4016 3110 4061 morte
3166 4003 3327 4074 regis,
3381 4000 3633 4073 protinus
3696 3996 3755 4051 in

2163 4119 2388 4177 regnum
2438 4109 2800 4158 revertuntur.
2848 4098 3037 4168 itaque
3090 4095 3241 4170 Hugo
3285 4092 3419 4147 abba
3467 4099 3525 4146 et
3567 4089 3753 4144 exteri

2161 4182 2416 4271 proceres
2445 4194 2651 4271 legatos
2685 4192 2751 4247 ad
2801 4206 2896 4247 eos
2939 4188 3197 4259 dirigunt,
3238 4182 3653 4256 promissionem
3699 4186 3755 4271 et

2166 4291 2323 4346 fidem
2354 4291 2534 4345 datam
2560 4286 2811 4341 violatam
2847 4296 2964 4338 esse
2993 4279 3352 4352 proclamant.
3397 4275 3480 4330 Ad
3521 4276 3639 4329 haec
3678 4270 3754 4325 illi

2164 4385 2516 4450 respondent,
2570 4391 2629 4431 se
2678 4390 2801 4430 cum
2836 4372 3198 4428 Cariomanno
3250 4381 3376 4438 rege
3408 4406 3423 4432 ,
3472 4380 3581 4422 non
3627 4377 3751 4417 cum

2165 4470 2273 4525 aiio
2328 4468 2510 4538 aliquo
2574 4464 2749 4519 fmdus
2803 4460 3108 4537 pepigisse;
3166 4456 3410 4527 quisquis
3473 4454 3563 4508 ille
3612 4456 3754 4505 esset

1796 4585 2027 4639 VARIA‘I
2080 4582 2473 4642 LECTIONliS.

551 4702 623 4739 ⁷⁸⁸
687 4702 949 4759 conﬂuxit
998 4703 1128 4757 1-
1164 4703 1216 4757 5.
1267 4703 1320 4757 5.
1373 4702 1425 4755 7.
1491 4702 1730 4757 9—12.

1829 4701 1897 4737 "9
1940 4701 2084 4756 frisia
2127 4700 2180 4755 5.
2218 4700 2272 4753 7.
2302 4699 2335 4755 9
2368 4730 2437 4740 ——
2472 4699 2555 4752 1‘2.
2649 4698 2719 4731 7"

2786 4699 2928 4768 gissa
3086 4764 3115 4768 __
3159 4695 3231 4768 7':
3264 4692 3391 4768 -qui
3432 4697 3490 4768 ut
3519 4688 3574 4743 5.
3633 4687 3718 4768 ,π’

483 4772 691 4841 optavit
717 4772 772 4826 4.
804 4757 866 4827 '5.
893 4772 946 4827 6.
1022 4772 1096 4813 τιι
1136 4771 1959 4856 pcepr.xxxvnr.9.n.ta.
2038 4774 2053 4802 τ

483 4844 516 4881 9
577 4841 755 4881 7—49
852 4843 925 4881 ’11⁸1
966 4841 1379 4881 intuemini-mm
1413 4842 1447 4881 Χ
1545 4842 1617 4875 ’1⁸8
1657 4841 2031 4881 αηΑηΙοιιι-ιιιει

2162 4787 2241 4826 ἐι
2271 4770 2410 4824 deest
2450 4769 2505 4824 5.
2579 4771 2648 4802 ⁷⁸⁵
2689 4757 2938 4823 γει-ἷιὲεδι
2977 4764 3137 4819 2—5.
3211 4763 3281 4801 ⁷⁸⁸
3319 4757 3571 4814 maxima!
3609 4757 3750 4809 deest

2162 4840 2396 4881 ininnrph
2434 4840 2483 4881 Pi,
2518 4838 2792 4881 eminllmn-
2818 4838 2868 4881 7-
2901 4835 3182 4881 endnlmlrl
3224 4833 3277 4881 8.
3310 4831 3486 4881 Codex
3515 4826 3750 4881 Frisiua.

481 4831 535 4897 2:
577 4841 777 4897 7—12.
852 4843 925 4881 ⁷⁸⁷
966 4841 1379 4926 infestinatione
1413 4842 1466 4896 5.
1545 4842 1617 4875 ⁷⁵⁸
1656 4841 1969 4925 sodalem-th
1995 4842 2052 4897 2.
2082 4840 2397 4924 sodalcurch
2433 4840 2486 4895 5.
2518 4838 2792 4919 sodaitcur
2818 4838 2868 4891 7.
2901 4835 3182 4893 sodaicnrt
3207 4833 3278 4915 ⁸8.
3310 4831 3486 4885 Codex
3515 4831 3750 4948 Frisiug.

482 4921 698 4967 econtra
728 4911 1063 4976 sodaitcurt;
1091 4923 1166 4968 ita
1207 4923 1253 4968 et
1286 4913 1405 4966 cod.
1445 4910 1506 4967 S.
1538 4910 1862 4968 GOdehardz.
1938 4913 2007 4949 ⁷⁸⁸
2048 4912 2197 4967 milia
2237 4911 2513 4965 hominum
2551 4909 2729 4979 gladio
2766 4907 2931 4979 i—5.
2966 4904 3166 4979 5_.___"°_
3190 4904 3325 4979 _|dus
3368 4897 3750 4979 septembnnz

484 4963 607 5037 31's
615 4963 648 5036 ᾖ
668 4963 712 5037 it
730 4963 1302 5042 ἷάόέῖεᾘιίᾘῗῑάἰίέ
1319 4963 1573 5042 iam:
1615 4963 2002 5038 "larrabbodus
2037 4963 2053 5036 i

484 5051 556 5091 ’6'
595 5053 872 5102 rutbertus
898 5054 949 5102 l.
985 5054 1276 5102 rudnertns
1314 5053 1370 5102 2.
1399 5051 1490 5102 5d.
1526 5062 1817 5102 monemus
1844 5053 1934 5102 53.
1960 5068 2053 5102 run

2162 4963 2728 5038 {dbo—(iusafravodus
2756 4976 2810 5031 2.
2885 4975 2957 5016 τε.
2992 4973 3113 5029 γιιο
3154 4974 3274 5029 idus
3311 4963 3447 5041 apr.’
3472 4968 3527 5023 2.
3574 4965 3629 5021 5.
3679 4963 3756 5017 6?

2162 5067 2213 5102 η
2240 5052 2323 5102 5c.
2349 5066 2400 5102 e.
2434 4995 2785 5102 ruotﬁoertus
2805 5044 2858 5099 Ἰ.
2886 5045 3159 5100 rotbertus
3186 5044 3238 5098 4.
3274 5043 3329 5097 8.
3370 5039 3680 5094 routbertus
3698 5033 3751 5088 9.

482 5051 556 5091 ’⁸⁸
580 5053 872 5124 rutbertus
898 5054 949 5108 i.
985 5054 1276 5124 rudpertus
1314 5053 1370 5107 2.
1399 5051 1490 5107 5d.
1526 5062 1817 5124 ruopertus
1844 5053 1934 5124 5a.
1960 5062 2213 5122 rnpertus
2240 5052 2327 5124 5c.
2349 5066 2417 5124 e._
2434 5059 2556 5106 ruot

2598 5057 2785 5117 pertus
2805 5044 2858 5099 ‘7.
2886 5044 3238 5117 rotbertus}.
3274 5033 3680 5117 §:_'routbertus

485 5103 772 5179 miseria;
790 5103 878 5178 iii.
902 5103 1813 5188 ἶυὸῐόὲιῖιίιζῖιῗτίιῐρἑἶῖιέἶέῗ
1850 5103 1932 5155 ἦ(
1960 5103 2053 5178 eam

2162 5103 2823 5188 “arciiiepiseopo'7—l2.
2885 5116 2967 5188 "75A
2994 5116 3102 5182 hug
3129 5114 3200 5188 5.
3277 5111 3350 5188 1“
3386 5118 3446 5165 ut
3482 5106 3669 5187 paucis
3697 5103 3753 5157 5.

483 5193 554 5226 ’⁸⁷
577 5208 636 5248 se
660 5193 998 5248 subdiderint
1020 5193 1072 5248 5.

488 5274 624 5317 tum.
652 5260 968 5320 albicum'et
991 5263 1215 5319 fratrem
1239 5264 1357 5332 ejus
1384 5265 1731 5329 stephanum.

490 5336 507 5356 Ι
554 5331 589 5356 Ω
629 5332 660 5356 Ἰ
724 5333 1083 5356 915:-.-_:_.2.
1121 5335 1138 5356 Ι
1203 5332 1237 5356 ο
1289 5335 1320 5356 ﬁ
1419 5332 1490 5356 ττι
1534 5344 1542 5350 ι
1654 5334 1664 5340 ⁶

486 5331 681 5387 1.2.5.
724 5333 797 5366 ’⁷⁵
828 5334 1083 5386 interimit
1120 5335 1138 5370 Ι
1203 5332 1237 5362 ο
1272 5331 1320 5356 '6'
1419 5332 1439 5359 τ

492 5401 624 5448 ran'l
659 5402 688 5423 ν
757 5402 778 5417 ’⁵
808 5403 819 5414 ⁸

1176 5176 1248 5229 is“
1265 5176 1593 5248 accendunt
1621 5176 1673 5248 1⁷.
1694 5176 1773 5248 Β.
1830 5195 1901 5264 '_‘_'
1917 5176 2198 5264 withertus
2227 5192 2281 5246 5.
2301 5260 2314 5264 _
2355 5176 2426 5264 τξζο
2438 5176 2785 5264 ejusdem”,
2802 5185 2997 5264 9_-——i2.
3070 5176 3140 5222 θ’τί
3160 5176 3513 5264 ιὐοιὶθρςιιξιῐῐιί,
3528 5176 3758 5264 ὴὶφςιςς

1819 5262 1891 5298 ""
1914 5264 2053 5319 simu

1791 5350 1797 5354 -
1834 5332 1863 5349 ι’
1960 5335 2031 5360 ’τι

2162 5263 2259 5315 iam
2295 5260 2344 5313 i.
2463 5248 2792 5365 "quuiﬂab
2815 5257 3052 5349 vincunte
3080 5264 3242 5332 aetate
3266 5251 3367 5328 sibi
3388 5248 3756 5331 faveratldeest

2165 5339 2345 5376 manln
2390 5346 2441 5366 ιη
2510 5359 2576 5368 __.
2842 5330 2884 5347 ""
2928 5324 2952 5344 “
2981 5326 2991 5338 '
3019 5326 3030 5338 ‘
