3958 5450
149 343 283 441 res
1437 387 1849 447 cuuomcou.
1891 422 1958 432 --
1995 393 2086 448 AN
2121 395 2244 451 ass.
3353 395 3456 451 ηδ

150 509 398 571 [testate
419 501 750 558 Parisiorum
780 518 962 559 comes
990 513 1130 568 erat,
1151 513 1348 560 etcum
1369 505 1646 563 Gozzilino
1673 506 1766 570 “',
1796 507 1846 567 Α
1874 516 1975 574 ret,
2015 508 2105 577 qui
2147 510 2338 564 saltem
2365 510 2432 544 ⁸⁸⁸
2463 509 2635 565 ullicia
2680 509 3032 564 humanitatis
3064 508 3134 540 κδ’
3178 509 3454 579 impende-

147 593 428 663 ejusdem
453 594 604 649 urbis
633 595 906 666 episcopo,
945 603 1131 665 eoptra
1149 595 1614 652 Nordmannorum
1638 600 1772 654 assi-
1877 607 1977 654 ret.
2011 598 2176 655 Cibus
2201 610 2411 656 tantum
2445 600 2516 632 ⁸⁸³
2555 609 2608 656 et
2639 614 2795 671 potus
2815 617 2882 657 ex
2907 600 3179 670 Liudperti
3215 600 3453 672 episeOpi

154 686 344 739 duam
362 687 821 756 impugnationem
843 689 1117 745 civitatem
1132 690 1259 746 totis
1272 690 1478 748 viribus
1499 693 1768 750 tuebatur.

239 776 353 831 His
381 777 548 832 etiam
578 778 768 833 diebus
810 779 1103 849 praedictus
1131 781 1444 838 Gozzilinus
1485 785 1770 854 episcopus

158 872 327 927 inter
354 872 502 942 ipsas
524 873 864 928 obsidionum
919 890 1203 946 pressuras
1231 877 1483 946 migravit
1511 893 1540 931 a
1565 879 1766 946 seculo,

158 964 222 1018 in
279 963 445 1033 cujus
484 965 602 1021 loco
633 966 957 1024 substitutus
979 978 1063 1024 est
1085 970 1152 1022 ab
1175 970 1502 1040 imperatore
1529 971 1602 1009 ⁸⁸³
1640 971 1770 1028 llas-

157 1057 425 1112 chiricus
459 1058 532 1091 3"
566 1059 869 1130 episcopus.

237 1147 385 1205 Post
432 1150 550 1205 hazc
606 1151 904 1222 imperator
959 1151 1256 1208 Galliarum
1309 1155 1533 1225 populos
1584 1155 1766 1226 perlu-

161 1250 388 1305 strans,
415 1239 656 1296 Parisius
682 1256 806 1296 cum
838 1242 1106 1300 immenso
1135 1247 1379 1300 exercitu
1403 1247 1570 1312 venit,
1590 1247 1770 1317 ibique

162 1329 446 1385 adversus
474 1330 660 1386 hostes
689 1340 866 1388 castra
893 1334 1092 1403 posuit,
1135 1336 1228 1391 sed
1281 1335 1354 1392 nil
1399 1337 1621 1408 dignum
1665 1338 1765 1393 im-

163 1420 456 1491 peratoria
506 1420 790 1491 majestate
838 1425 908 1458 ⁸⁸⁸
951 1426 1006 1480 in
1043 1426 1232 1482 eodem
1282 1427 1401 1483 loco
1453 1430 1618 1500 gessit
1678 1430 1765 1484 ⁸⁶⁹.

168 1511 256 1565 Ad
295 1520 625 1578 extremum,
651 1516 928 1571 concessis
953 1517 1113 1572 terris
1133 1526 1188 1572 et
1211 1519 1526 1589 regionibus
1547 1536 1668 1591 qua
1689 1523 1768 1576 ul-

169 1610 261 1654 tra
323 1599 633 1672 Sequanam
683 1613 860 1671 erant,
919 1604 1280 1663 Nordmaunis
1339 1609 1405 1665 ad
1455 1610 1770 1681 depraedati-

181 1692 332 1759 dum,
362 1708 429 1749 eo
456 1695 599 1764 quod
632 1695 820 1752 incola:
847 1697 1058 1754 illarum
1089 1700 1190 1757 sibi
1233 1701 1610 1775 obtemperare
1648 1706 1766 1762 nol-

179 1782 317 1850 ient,
348 1787 595 1854 recessit,
631 1796 687 1844 et
728 1799 877 1846 recto
903 1791 1098 1848 itinere
1132 1793 1186 1847 in
1229 1793 1604 1850 Alamanniam
1642 1812 1765 1868 per-

1875 693 1986 765 (9!)
2013 693 2317 764 sumptibus
2363 694 2846 750 administrabatur
2891 693 2985 748 ⁸⁸⁸.
3029 693 3159 748 Erat
3196 708 3285 748 res
3331 706 3456 762 spe-

1873 785 2085 841 ctaculo
2113 786 2274 854 digna
2295 826 2311 852 ,
2337 793 2391 840 et
2426 786 2787 842 mstimatione
2815 785 2976 840 sortis
2997 785 3247 839 humanae
3270 797 3454 838 rerum

1874 879 2138 934 varietate
2178 877 2446 933 miranda.
2477 876 2608 932 Nam
2637 879 2778 934 sicut
2803 885 2927 933 aute
2961 877 3199 933 secunda
3231 875 3454 931 fortuna

1874 973 2033 1027 rebus
2091 970 2232 1025 ultra
2277 985 2440 1040 quam
2485 971 2736 1025 arbitrari
2768 977 2947 1041 posset
2977 968 3334 1034 affluentibus,
3378 974 3457 1022 tot

1874 1072 2130 1133 tantaque
2158 1063 2367 1133 imperii
2399 1078 2559 1133 regna
2587 1062 2704 1117 sine
2730 1061 2971 1116 laborum
3002 1059 3308 1124 sudoribus,
3335 1059 3454 1114 sine

1873 1152 2118 1208 laborum
2145 1153 2534 1208 certaminibus
2559 1152 2630 1186 ⁸⁸⁸
2655 1159 2971 1215 attraxerat,
3003 1151 3075 1204 ita
3107 1158 3167 1204 ut
3189 1159 3311 1220 post
3341 1163 3455 1204 ma-

1873 1262 2034 1317 gnum
2083 1245 2334 1302 Carolum
2385 1243 2686 1314 majestate,
2724 1251 3010 1315 potestate,
3057 1243 3282 1306 divitiis.
3322 1241 3453 1297 nulli

1875 1352 2057 1408 regum
2084 1335 2416 1392 Francorum
2451 1336 2723 1391 videretur
2761 1349 2880 1390 esse
2924 1333 3347 1404 postponendus,
3381 1332 3454 1386 ita

1874 1445 2017 1485 nunc
2036 1429 2258 1485 adversa
2289 1428 2434 1484 velut
2459 1429 2512 1484 in
2539 1427 2898 1484 ostentatione
2923 1425 2994 1458 ⁸⁸⁸
3020 1423 3329 1495 fragilitatis
3352 1423 3454 1476 hu-

1874 1536 2045 1575 mana:
2099 1519 2354 1576 deficiens
2393 1520 2498 1585 ⁸⁸⁷,
2544 1535 2665 1597 quae
2705 1518 2916 1573 fortuna
2961 1516 3030 1589 "2
3061 1513 3452 1575 cumulaverat,

1873 1623 2064 1669 cuncta
2097 1614 2380 1670 inhoneste
2406 1614 2457 1667 in
2476 1621 2751 1667 momento
2781 1610 3022 1682 abstulit,
3049 1623 3168 1678 qua:
3200 1618 3456 1676 prospero

1873 1706 2121 1761 arridens
2145 1721 2422 1770 successu,
2448 1703 2720 1775 quondam
2765 1702 2995 1774 gloriose
3035 1698 3310 1754 attulerat.
3338 1695 3461 1750 Mit-

1874 1803 1940 1857 tit
1981 1813 2109 1869 ergo
2158 1795 2224 1850 ad
2276 1793 2556 1850 Arnolfum
2599 1808 2664 1848 ex
2711 1791 3034 1861 imperatore
3067 1787 3292 1845 effectus
3337 1798 3458 1854 ege-

175 1875 324 1928 rexit
377 1876 469 1931 ⁸⁷⁰.
517 1868 588 1931 Et
635 1878 810 1949 primo
856 1881 1072 1952 quidem
1126 1883 1197 1916 ⁸⁷¹
1254 1865 1760 1956 ΙΑῘΠάὟἌΓάΙΠΠῙεηι
1797 1865 1844 1926 Β
1871 1909 1973 1949 nus
2001 1865 2094 1956 δεῖ,
2119 1898 2173 1945 et
2199 1886 2499 1958 desperatis
2523 1885 2686 1940 rebus
2711 1899 2818 1939 non
2847 1882 2914 1938 de
2935 1879 3147 1953 imperii
3172 1876 3455 1947 dignitate,

171 1968 491 2039 cpisc0pum
543 1969 966 2040 Vercellensem,
1015 1975 1192 2031 virum
1223 1977 1326 2032 sibi
1359 1979 1682 2048 percharum
1709 1989 1765 2035 et

172 2057 229 2111 in
261 2058 710 2119 administrandis
749 2064 980 2134 publicis
1011 2066 1340 2124 utilitatibus
1378 2069 1598 2126 unicum
1635 2085 1766 2126 con-

171 2147 468 2218 siliarium,
497 2152 710 2223 objecta
739 2155 990 2211 adulterii
1018 2159 1270 2226 crimine,
1294 2175 1360 2216 eo
1389 2163 1533 2231 quod
1563 2163 1766 2235 reginae

171 2242 407 2297 secretis
431 2242 752 2299 familiarius
768 2260 928 2316 quam
950 2249 1235 2317 oportebat
1258 2250 1762 2320 immisceretur“,

171 2348 204 2386 a
241 2349 342 2388 suo
371 2333 543 2390 latere
570 2351 692 2391 cum
726 2339 989 2395 dedecore
1010 2340 1080 2374 ⁸⁷⁵
1108 2342 1338 2411 repulit;
1365 2343 1560 2399 deinde
1583 2346 1767 2414 paucis

173 2424 544 2496 interpositis.
571 2427 780 2492 diebus,
813 2429 1096 2501 conjugem
1139 2432 1461 2489 Richardem
1489 2433 1560 2466 ⁸⁷⁸
1596 2466 1668 2475 -
1688 2436 1769 2491 sic

169 2515 323 2568 enim
367 2516 610 2585 Augusta
636 2515 930 2571 vocabatur
956 2549 1024 2558 —
1041 2533 1140 2588 pro
1169 2521 1357 2575 eadem
1386 2538 1446 2577 re
1476 2523 1530 2577 in
1555 2516 1770 2579 concio-

175 2623 306 2661 nem
337 2617 519 2672 vocat,
551 2615 624 2672 et,
654 2608 850 2662 mirum
879 2609 1024 2668 dictu
1049 2611 1143 2677 ⁵⁷⁸,
1176 2611 1387 2681 publice
1416 2623 1766 2682 protestatur,

175 2714 460 2767 nunquam
488 2714 546 2754 se
568 2700 769 2753 carnali
797 2699 943 2756 coitu
970 2716 1092 2756 cum
1119 2716 1184 2756 ea
1211 2701 1283 2735 ’π
1308 2703 1613 2770 miscuisse,
1645 2723 1767 2762 cum

177 2787 302 2858 plus
338 2803 498 2858 quam
525 2787 786 2843 decennio
808 2788 1030 2860 legitimi
1061 2791 1390 2848 matrimonii
1421 2793 1624 2851 {aedere
1652 2795 1770 2866 ejus

179 2879 456 2934 consortio
485 2889 628 2934 esset
677 2881 902 2934 sociata.
943 2880 1035 2934 llla
1062 2895 1093 2936 e
1137 2891 1326 2937 contra
1359 2899 1465 2939 non
1495 2885 1669 2941 solum
1699 2888 1768 2942 ab

179 2973 320 3042 ejus,
353 2973 447 3028 sed
476 2975 640 3028 etiam
666 2974 733 3028 ab
757 2974 903 3030 omni
926 2975 1066 3030 virili
1092 2978 1474 3035 commixtione
1493 2996 1554 3037 se
1579 2982 1768 3038 immn-

183 3082 306 3121 nem
353 3081 475 3121 esse
524 3066 826 3136 profitetur,
875 3077 931 3124 et
979 3069 1045 3125 de
1086 3070 1413 3143 virginitatis
1457 3074 1767 3146 integritate

183 3158 466 3230 gloriatur,
497 3157 656 3228 idque
683 3173 740 3213 se
769 3159 1069 3230 approbare
1098 3161 1193 3216 Dei
1219 3164 1604 3235 omnipotentis
1623 3165 1764 3235 judi-

183 3247 288 3313 cio,
329 3247 373 3302 si
405 3248 602 3303 marito
625 3248 884 3319 placeret,
912 3259 1005 3306 aut
1034 3252 1294 3323 singulari
1323 3256 1644 3324 certamine,
1671 3270 1764 3314 aut

183 3338 473 3406 ignitorum
502 3353 778 3395 vomerum
807 3343 1085 3408 examine,
1131 3342 1454 3401 ﬁducialiter
1481 3347 1761 3419 adﬁrmat;

184 3438 303 3483 erat
331 3429 473 3484 enim
500 3429 750 3502 religiosa
773 3430 991 3487 femina.
1026 3431 1189 3489 Facto
1209 3431 1282 3469 ⁸⁷⁸
1306 3435 1548 3502 dissidio,
1578 3438 1631 3492 in
1657 3457 1766 3497 mo-

186 3519 420 3574 nasterio
458 3519 531 3551 ⁸⁷⁰
572 3520 714 3590 quod
763 3521 814 3575 in
854 3523 1184 3592 pr0prietatc
1232 3540 1328 3580 sua
1360 3537 1760 3598 construxerat,

189 3609 296 3664 Deo
331 3608 655 3665 famulatura
692 3613 935 3667 recessit.

259 3701 351 3758 llis
377 3702 447 3756 ita
477 3703 662 3772 gestis,
695 3703 991 3773 imperator
1016 3721 1245 3777 corpore
1289 3717 1345 3763 et
1389 3711 1573 3769 animo
1598 3715 1766 3785 cmpit

187 3799 463 3861 a‘grotare.
494 3789 676 3846 Mense
711 3793 893 3864 itaque
918 3792 1245 3852 Novembrio
1288 3799 1430 3854 circa
1473 3804 1760 3860 transitum

187 3883 355 3937 sancti
387 3882 602 3938 Martini
625 3884 904 3943 Triburias
925 3889 1093 3956 venit,
1119 3889 1300 3960 ibique
1323 3905 1644 3952 conventum
1673 3915 1762 3970 ge-

189 3974 417 4028 neralem
461 3985 742 4030 convocat.
784 3976 1083 4036 Cernentes
1127 3982 1416 4051 optimates
1443 3990 1613 4060 regni,
1655 4007 1760 4047 non

188 4065 340 4120 modo
371 4065 512 4119 vires
537 4066 798 4132 corporis,
843 4083 1032 4122 verum
1070 4073 1234 4128 etiam
1285 4075 1449 4129 animi
1477 4091 1668 4134 sensus
1695 4081 1763 4135 ab

188 4173 250 4212 eo
271 4155 547 4227 diffugere,
573 4159 883 4225 Arnolf‘um,
919 4162 1089 4218 filium
1120 4165 1491 4234 Carlonianui,
1521 4170 1664 4226 ultro
1688 4175 1760 4207 ⁸⁸⁸

189 4248 238 4300 in
279 4263 498 4319 regnum
539 4249 841 4314 attrahunt,
875 4260 930 4305 et
979 4252 1156 4309 subito
1187 4253 1330 4310 facta
1359 4261 1762 4329 conspiratione

187 4338 252 4393 ab
284 4339 606 4410 imperatore
633 4340 967 4409 deficientes,
997 4344 1061 4397 ad
1091 4346 1408 4414 prtedictum
1431 4350 1604 4404 virum
1635 4366 1757 4408 cer-

190 4431 330 4492 tatim
363 4439 668 4497 transeunt,
695 4431 769 4486 ita
801 4440 859 4488 ut
887 4433 940 4488 in
977 4436 1154 4491 triduo
1181 4437 1267 4490 vix
1291 4437 1486 4508 aliquis
1509 4456 1757 4498 remane-

1868 1982 1963 2039 sed
1992 1981 2057 2037 de
2080 1979 2222 2034 victu
2238 1976 2534 2034 cottidiano
2547 1975 2811 2045 cogitans,
2839 1980 3042 2027 tantum
3078 1969 3456 2024 alimentorum

1867 2076 2075 2147 cupiam
2092 2072 2157 2127 ad
2172 2069 2469 2127 subsidium
2489 2069 2611 2123 vitae
2632 2065 2914 2138 praesentis
2931 2062 3154 2133 supplex
3177 2059 3453 2130 exposcit;
3517 2121 3525 2126 I

1868 2164 2054 2236 dirigit
2079 2161 2240 2217 etiam
2267 2157 2642 2214 Bernhardum
2674 2155 2866 2219 filium,
2897 2167 3056 2223 quem
3084 2167 3147 2206 ct
3177 2148 3366 2220 pellice
3386 2147 3459 2180 ⁸⁹⁶

1868 2261 2198 2324 susceperat,
2225 2267 2346 2306 cum
2380 2248 2588 2305 exeniis
2619 2247 2712 2313 "',
2751 2257 2982 2314 eumque
3008 2241 3126 2312 ejus
3151 2239 3272 2294 fidei
3309 2253 3457 2293 com-

1869 2347 2113 2403 mendat.
2142 2341 2442 2399 Miseranda
2491 2354 2673 2394 rerum
2710 2336 2914 2401 facies,
2945 2333 3136 2389 "videre
3168 2331 3457 2400 imperato-

1874 2453 1985 2493 rem
2013 2433 2484 2506 opulentissimum
2531 2445 2635 2484 non
2663 2428 2838 2484 solum
2867 2426 3098 2482 fortuna:
3121 2420 3458 2478 ornamentis

1870 2528 2209 2589 destitutum,
2257 2537 2445 2579 vermn
2493 2521 2657 2576 etiam
2726 2518 2975 2572 humana:
3023 2513 3140 2584 opis
3187 2521 3454 2582 egentem.

1869 2615 2150 2673 Concessit
2173 2622 2351 2669 autem
2367 2612 2413 2666 ei
2437 2612 2509 2651 δ”
2521 2608 2778 2665 Aruolfus
2795 2623 2887 2663 rex
2906 2604 3190 2662 nonnullos
3205 2603 3366 2658 fiscos
3386 2600 3456 2633 ’δ’

1871 2709 1924 2763 in
1968 2706 2310 2770 Alamannia,
2349 2703 2490 2758 unde
2544 2702 2592 2758 ei
2639 2700 2892 2756 alimonia
2935 2696 3297 2768 praeberetur;
3347 2692 3458 2761 ipse

1870 2815 2018 2864 vero,
2047 2796 2360 2868 compositis
2391 2795 2442 2848 in
2475 2792 2706 2850 Francia
2730 2790 2960 2846 feliciter
2983 2787 3164 2852 rebus,
3192 2785 3245 2840 in
3267 2783 3459 2855 Bajoa-

1871 2891 2006 2945 riam
2035 2887 2340 2943 revertitur.

1941 2981 2144 3036 Eodem
2186 2993 2328 3034 anno
2356 2977 2428 3013 3"
2451 2970 2753 3048 Witgarius
2796 2973 3082 3044 episcopus
3129 2969 3195 3024 de
3215 2968 3456 3038 Augusta

1869 3070 2088 3127 civitate
2113 3068 2269 3134 obiit,
2302 3075 2357 3121 et
2387 3064 2672 3127 Adalbero,
2702 3062 2898 3118 nobilis
2927 3060 3142 3132 generis
3170 3058 3457 3128 magnique

1873 3163 2075 3234 ingenii
2105 3177 2170 3216 ac
2207 3159 2507 3231 prudentia:
2546 3157 2651 3223 vir,
2688 3155 3000 3211 cathedram
3043 3153 3161 3224 ejus
3200 3149 3452 3212 obtinuit,

1867 3255 1988 3312 etei
2019 3254 2073 3309 in
2101 3253 2413 3323 episcopatu
2441 3249 2512 3282 m
2542 3245 2824 3303 successit.

2409 3335 2912 3397 DCCCLXXXVIII.

1937 3438 2094 3491 Anno
2119 3433 2411 3506 Dominica:
2433 3428 2822 3487 incarnationis
2848 3428 2973 3487 888.
3004 3425 3076 3459 ⁸⁸⁸
3100 3423 3326 3479 Carolus
3348 3421 3450 3476 im—

1866 3537 2103 3598 perator,
2157 3525 2349 3580 tertius
2401 3521 2560 3594 hujus
2610 3519 2844 3576 nominis
2887 3527 2940 3572 et
2980 3514 3276 3586 dignitatis,
3322 3513 3456 3568 obiit

1867 3619 2040 3690 pridie
2066 3616 2177 3689 (92)
2207 3615 2331 3671 ldus
2373 3613 2615 3678 Januar.,
2662 3610 3008 3681 sepultusque
3033 3607 3103 3640 ⁸³⁷
3127 3614 3211 3661 est
3254 3606 3307 3659 in
3348 3604 3455 3659 Au-

1866 3725 1963 3781 gea
1995 3709 2066 3742 ⁸⁹⁸
2103 3705 2453 3764 monasterio.
2490 3703 2615 3758 Fuit
2655 3717 2784 3768 vero
2824 3701 2913 3755 hic
2943 3705 3014 3738 8"
3049 3693 3455 3754 Christianissi-

1866 3817 1985 3877 mus
2032 3800 2306 3871 princeps,
2357 3796 2525 3851 Deum
2552 3795 2625 3829 '°°
2659 3793 2878 3856 timens,
2927 3799 2983 3846 et
3029 3788 3281 3844 mandata
3336 3785 3453 3855 ejus

1865 3910 1932 3951 ex
1963 3901 2073 3949 toto
2108 3892 2270 3948 corde
2295 3888 2627 3952 custodiens,
2659 3882 3043 3941 ecclesiasticis
3082 3879 3453 3936 sanctionibus

1865 3985 2214 4043 devotissime
2254 3996 2473 4053 parens,
2497 3979 2549 4034 in
2579 3975 2939 4046 eleemosynis
2967 3973 3179 4043 largus,
3220 3968 3449 4026 orationi

1865 4089 1920 4135 et
1948 4078 2278 4148 psalmorum
2310 4071 2558 4130 melodiis
2594 4069 2964 4144 indesinenter
2992 4065 3228 4128 deditus,
3280 4059 3451 4117 laudi-

1863 4172 1964 4226 bus
1997 4167 2088 4222 Dei
2115 4163 2521 4232 infatigabiliter
2549 4161 2809 4222 intentus,
2832 4169 3048 4212 omnem
3071 4167 3220 4221 spem
3247 4160 3301 4208 et
3317 4167 3446 4206 con-

1862 4261 2043 4314 silium
2075 4270 2231 4311 suum
2263 4253 2456 4308 divinae
2487 4247 2871 4318 dispensationi
2911 4243 3278 4306 committens,
3303 4241 3449 4295 unde

1863 4358 1919 4404 et
1944 4347 1992 4403 ei
2016 4344 2196 4400 omnia
2235 4341 2306 4374 ⁹⁰¹
2351 4338 2490 4395 felici
2537 4351 2790 4392 successu
2835 4331 3232 4389 concurrebant
3274 4331 3327 4384 in
3353 4329 3450 4384 bo-

1862 4458 2012 4507 num,
2055 4441 2126 4495 ita
2151 4447 2210 4494 ut
2235 4434 2416 4492 omnia
2442 4448 2603 4504 regna
2627 4431 2980 4494 Francorum,
3013 4441 3132 4497 qua:
3149 4425 3448 4496 praedeces-

1547 4602 1780 4659 VARl/E
1823 4601 2224 4662 LECTIONEb.

189 4712 256 4744 '°'
288 4713 526 4782 gozlinus
549 4752 562 4767 .
588 4749 606 4766 .
654 4712 851 4782 gozlini
898 4713 948 4765 l.
992 4711 1044 4764 2.
1090 4713 1366 4782 gozelinus
1390 4753 1403 4768 .
1431 4754 1445 4768 .

188 4783 420 4838 chericus
460 4783 514 4838 8.
557 4782 865 4838 ascbirinus
908 4782 962 4836 '5.

189 4859 472 4920 imperator
513 4853 567 4907 in
604 4853 657 4906 7.

188 4923 251 4962 ’τι
278 4922 488 4991 quidem
537 4932 777 4992 tempore
821 4922 873 4986 1,
900 4921 952 4974 7.

753 4850 826 4886 ⁸⁸⁸
881 4851 1098 4922 dignum
1135 4854 1203 4907 ah
1249 4850 1573 4920 imperatore
1602 4850 1673 4911 in'
1708 4860 1898 4915 eodem
1934 4850 2296 4920 loco'factum
2342 4861 2426 4908 est
2455 4852 2508 4905 ὅ.

1031 4923 1102 4955 ⁸⁷¹
1132 4914 1476 4980 liutwardum
1546 4927 1602 4981 5.
1649 4914 1982 4984 ludwardum
2023 4929 2077 4982 4.
2117 4918 2398 4980 liwardum
2436 4920 2586 4976 8-10.
2622 4919 2870 4974 lifardum
2901 4920 2986 4973 ll.
3026 4917 3307 4972 litsardum
3353 4914 3443 4984 l2.

1500 4717 1747 4784 gozelino
1774 4720 1827 4774 5.
1865 4719 1939 4752 ⁸⁸⁸
1987 4719 2054 4773 ab
2089 4717 2414 4785 imperatore
2461 4711 2608 4785 deest
2647 4711 2700 4764 7.
2777 4709 2847 4743 “7
2878 4705 3176 4785 aschiricus
3195 4705 3256 4785 4.
3291 4704 3444 4785 bals-

1055 4775 1126 4815 ⁸⁶ῖ
1171 4775 1530 4858 imperatore"
1570 4789 1842 4858 majestati
1892 4789 1944 4842 2.
1988 4775 2334 4858 imperatoris
2385 4781 2556 4858 m._6.
2598 4776 3259 4858 i_mperatori:e_majestati
3289 4775 3443 4858 ξῌξ.

2607 4844 2690 4882 ⁸⁷⁰“
2711 4844 3087 4904 θιθιηθιιηὶθηί
3114 4845 3340 4903 recessit
3388 4844 3442 4898 5.

187 4983 602 5070 i"__'0porlebat_
626 4983 956 5047 insereretur
1105 4994 1191 5070 _t_J'”
1211 4995 1409 5070 decore
1432 4994 1488 5049 2.
1563 4997 1765 5070 “"ricg

1877 4983 2044 5070 erud.
2074 5069 2080 5070 ί
2111 4996 2182 5070 δ”ῗ
2210 4995 2345 5070 mira
2363 4993 2519 5070 dictu
2551 4989 2603 5044 ’1.
2635 4989 2790 5046 9-12.
2848 4988 2932 5070 f"
2966 5001 3182 5070 cumea
3213 4983 3444 5070 desunt;

186 5061 306 5116 2.5.
350 5061 450 5101 Ὦτα
479 5061 674 5118 femina
722 5077 784 5118 ea
837 5070 958 5116 acto
1006 5062 1055 5114 f.
1101 5064 1154 5118 5.

188 5135 237 5208 in
265 5131 472 5208 _Aisati_a
513 5134 565 5208 8_.
606 5132 711 5208 _8_8°
739 5131 879 5208 ultra
927 5131 1054 5208 5d.“
1092 5135 1159 5208 ξεί
1198 5139 1377 5192 saltim
1414 5136 1470 5208 7.
1502 5137 1644 5208 9-12
1729 5143 1800 5176 ⁸⁸³
1841 5139 2018 5193 saltim
2063 5131 2805 5208 vel'verhahumanitatis].

187 5206 216 5220 -
265 5202 289 5224 ν
380 5201 1140 5257 ams.
1238 5189 1765 5262 εὸὸέυάδι-ίίωζειρ

1873 5189 2230 5262 {min-iliusb.
2286 5202 2686 5257 “‘ostensione
2732 5201 2784 5254 5.
2861 5197 2930 5234 ⁸⁸⁷
2961 5199 3244 5262 destruenS
3285 5189 3339 5242 4ο
3387 5189 3446 5262 7-

565 5203 958 5242 ...LJ-runlwlnl‘
984 5201 1055 5251 illi
1088 5201 1140 5257 Β.

1258 5065 1328 5100 ⁸⁷³
1365 5049 1772 5121 monasterium,
1779 5049 1871 5122 ’δῖ
1884 5049 2122 5125 discidio
2160 5066 2211 5120 in
2257 5062 2518 5118 Andelam
2571 5059 2955 5115 monasterium
2997 5056 3311 5112 ancillarum
3346 5049 3448 5125 Dei

2900 5129 2969 5164 ⁸⁸³
2999 5127 3151 5181 Cibus
3178 5133 3354 5177 tamen
3386 5121 3444 5174 1.

3099 5263 3169 5298 ⁸³³
3199 5261 3339 5314 deest
3386 5260 3415 5314 l
3430 5299 3444 5316 .

2829 5339 2900 5376 398
2961 5334 3227 5374 nnicnnnal
3237 5344 3324 5368 nm
3386 5329 3447 5378 5.

1901 5278 1975 5311 ⁸⁸³⁸
1999 5293 2158 5349 quem
2189 5274 2254 5329 de
2273 5272 2465 5372 pellice
2483 5271 2576 5382 Si;
2607 5271 2712 5380 ’⁸θὲ
2743 5269 2914 5376 xergiss
2947 5269 3001 5374 5n.l

2219 5358 2404 5376 πη...
2581 5359 2601 5382 ε
2973 5369 2976 5371 λ

2521 5357 2576 5382 ορ
2581 5359 2601 5382 ι

2219 5361 2230 5366 ³
2243 5342 2433 5392 ἦληιδσῖΙΙ
