3958 5472
566 356 664 410 ΗἹ

1518 445 1536 453 κ
1591 357 1959 418 REGINONIS
1999 360 2413 419 PRUMIENSIS
2449 360 2738 418 ABBATIS

3741 363 3833 420 4‘28

565 485 716 526 seres
755 471 837 524 sui
881 487 985 526 non
1034 471 1150 526 sine
1178 472 1456 543 sanguinis
1489 473 1749 529 efl‘usione
1780 490 1903 529 cum
1949 489 2144 546 magno
2172 482 2220 542 Α
2249 473 2448 530 ceritas
2496 475 2740 546 corporis
2773 484 2828 531 et
2860 477 3053 532 virium
3084 478 3470 549 sapientiaeque
3515 478 3832 549 magnitudo

564 563 750 621 labore
781 564 1142 633 aequisierant
1169 565 1261 629 π’,
1295 565 1407 634 ipse
1443 565 1698 637 perfacile
1735 568 1786 622 in
1817 568 1965 624 brevi
2005 576 2140 622 tem-

563 669 755 723 porum
807 654 978 724 spatio
1031 653 1147 709 sine
1199 656 1472 722 conflictu,
1527 657 1670 712 nullo
1712 659 2138 724 contradicente,

561 744 878 814 possidenda
909 746 1214 816 perceperit
1243 747 1336 801 ⁹⁰³.
1393 747 1544 815 Quod
1585 757 1764 803 autem
1803 750 1946 805 circa
1977 748 2140 804 finem

559 839 682 888 vita:
724 834 1072 905 dignitatibus
1100 836 1332 891 nudatus
1362 837 1626 908 bonisque
1651 838 1902 892 omnibus
1937 837 2138 906 spolia-

559 937 644 982 tus
673 925 747 959 ὀδ
773 938 877 992 est,
911 930 1140 983 tentatio
1167 927 1286 993 fuit,
1320 939 1376 984 ut
1408 930 1700 994 credimus,
1726 945 1832 984 non
1869 929 2040 985 solum
2071 930 2138 986 ad

556 1018 950 1088 purgationem,
991 1019 1083 1074 sed
1112 1020 1253 1089 quod
1289 1019 1462 1090 majus
1486 1029 1591 1086 est,
1623 1023 1690 1076 ad
1719 1021 2091 1092 probationem
2129 1071 2135 1077 .

554 1106 820 1175 siquidem
850 1107 1008 1173 hanc,
1042 1118 1100 1164 ut
1128 1110 1330 1174 ferunt,
1363 1111 1762 1180 patientissime
1791 1112 2056 1180 toleravit,
2086 1114 2139 1168 in

552 1198 797 1256 adversis
821 1203 980 1256 sicuti
1000 1201 1072 1237 ’θ’
1113 1203 1166 1258 in
1203 1204 1478 1273 prosperis
1525 1205 1829 1275 gratiarum
1863 1215 1984 1261 vota
2013 1221 2138 1277 per-

552 1290 790 1355 solvens,
835 1301 891 1347 et
942 1293 1063 1349 ideo
1109 1309 1365 1350 coronam
1421 1295 1565 1360 vita),
1613 1312 1776 1366 quam
1833 1297 2141 1367 repromisit

554 1380 696 1434 Deus
723 1381 794 1415 '°‘
824 1381 1166 1453 diligentibus
1194 1399 1270 1448 se,
1301 1394 1392 1438 aut
1411 1383 1522 1453 jam
1557 1386 1786 1456 accepit,
1817 1395 1912 1442 aut
1932 1390 2138 1458 absque

553 1469 719 1525 dubio
748 1481 1066 1540 accepturus
1104 1481 1206 1529 est.
1255 1473 1384 1528 Post
1413 1473 1564 1542 cujus
1597 1485 1826 1530 mortem
1869 1491 2139 1548 regnaque

552 1557 668 1626 ejus
698 1559 886 1614 ditioni
916 1572 1230 1630 paruerunt,
1276 1563 1440 1618 voluti
1484 1564 1722 1635 legitimo
1747 1565 2002 1621 destituta
2033 1568 2142 1622 itte.

551 1648 702 1714 rede,
736 1649 787 1703 in
831 1660 1012 1719 partes
1051 1667 1080 1706 a
1124 1668 1220 1707 sua
1245 1669 1506 1726 compage
1551 1655 1906 1722 resolvuntur,
1946 1667 1999 1712 et
2025 1657 2135 1728 jam

552 1755 660 1795 non
698 1741 994 1796 naturalem
1041 1743 1318 1798 dominmn
1354 1745 1754 1816 przestolantur,
1804 1747 1898 1801 sed
1946 1763 2138 1800 unum-

2245 564 2438 632 inerat,
2489 581 2668 637 regem
2719 581 2881 638 super
2929 583 2987 624 se
3030 571 3146 639 pari
3186 571 3408 625 consilio
3451 580 3506 626 et
3556 571 3834 628 voluntate

2242 665 2460 722 creant;
2508 658 2599 728 qui
2648 659 3034 728 rempublicam
3077 661 3308 718 viriliter
3351 663 3510 729 rexit,
3551 672 3610 719 et
3654 676 3834 720 contra

2241 745 2488 803 assiduas
2545 747 2974 819 depraedationes
3020 750 3491 809 Nordmannorum
3530 753 3833 811 indefessus

2242 846 2612 909 propugnator
2639 840 2841 896 extitit.

2313 926 2417 983 Per
2459 929 2599 985 idem
2649 940 2857 1003 tempus
2877 934 2944 975 θιι
2976 932 3294 1002 Ruodolfus,
3322 935 3463 992 filius
3493 938 3833 1002 Chuonradi,

2241 1033 2410 1088 nepos
2436 1017 2677 1090 Hugonis
2721 1020 2933 1077 abbatis
2981 1023 3046 1078 de
3096 1039 3204 1093 quo
3243 1039 3406 1095 supra
3454 1026 3834 1090 meminimus,

2241 1108 2574 1176 provinciam
2604 1109 2747 1166 inter
2784 1109 2976 1166 Jurum
3023 1114 3185 1169 "tet
3237 1114 3398 1186 Alpes
3453 1115 3742 1172 Pennina:
3775 1117 3837 1148 '"

2242 1207 2492 1269 occupat,
2541 1207 2601 1255 et
2637 1201 2779 1271 apud
2819 1212 3064 1258 sanctum
3108 1203 3417 1259 Mauritium
3462 1206 3580 1277 (93)
3616 1207 3839 1262 adscitis

2243 1304 2430 1344 secum
2473 1290 2794 1360 quibusdam
2838 1293 3168 1363 primoribus
3214 1294 3289 1325 ὐ
3344 1305 3396 1349 et
3452 1296 3742 1351 nonnullis
3769 1313 3839 1351 sa-

2242 1379 2572 1444 cerdotibus,
2624 1395 2881 1436 coronam
2947 1384 3047 1438 sibi
3096 1385 3381 1454 imposuit,
3424 1401 3733 1456 regemque
3789 1402 3839 1442 sc

2243 1469 2498 1540 appellari
2522 1470 2707 1540 jussit.
2746 1472 2876 1528 Post
2898 1473 3011 1528 haec
3039 1474 3205 1530 mittit
3241 1475 3444 1546 legatos
3469 1490 3568 1546 per
3612 1478 3816 1532 univer

2241 1574 2359 1614 sum
2388 1575 2609 1630 regnum
2642 1560 2891 1628 Hlotarii,
2935 1572 2990 1618 et
3028 1565 3376 1620 suasionibus
3422 1566 3838 1637 pollicitationi-

2241 1649 2447 1721 busque
2475 1651 2856 1721 episcoporum
2879 1669 2943 1710 ac
2974 1655 3237 1710 nobilium
3266 1656 3509 1712 virorum
3538 1670 3762 1713 mentes
3790 1660 3836 1712 iu

2241 1741 2324 1795 sui
2371 1739 2609 1801 favorem
2642 1741 2933 1800 demulcet.
2971 1743 3123 1812 Quod
3160 1760 3283 1800 cum
3315 1746 3641 1803 nunciatum
3691 1759 3838 1804 esset

551 1831 801 1902 quodque
830 1832 901 1865 ’"
931 1833 997 1890 de
1037 1835 1148 1890 suis
1183 1836 1484 1892 visceribus
1530 1853 1708 1907 regem
1737 1837 1836 1892 sibi
1869 1837 2044 1893 creari
2066 1839 2138 1872 ὀδ
2166 1849 2213 1908 Β
2242 1832 2484 1897 Arnolfo,
2529 1833 2674 1888 illico
2705 1849 2827 1889 cum
2872 1836 3120 1890 exercitu
3168 1851 3330 1907 super
3354 1851 3479 1892 eum
3505 1838 3708 1903 irruit;
3753 1841 3836 1895 ille

549 1921 808 1992 disponit,
835 1940 955 1994 quae
986 1941 1147 1980 causa
1180 1942 1402 1997 magnos
1429 1928 1691 1982 bellorum
1722 1937 1898 1983 motus
1932 1929 2138 1984 excita,

548 2013 656 2078 vit;
711 2029 816 2068 non
874 2015 999 2084 quia
1054 2017 1326 2088 principes
1367 2019 1699 2075 Francorum
1735 2021 2003 2085 deessent,
2044 2020 2136 2091 qui

548 2102 870 2170 nobilitate,
921 2105 1236 2161 fortitudine
1295 2118 1349 2163 et
1393 2109 1658 2177 sapientia
1720 2110 1896 2179 regnis
1963 2111 2134 2179 impe-

549 2208 672 2247 rare
703 2203 939 2263 possent,
973 2197 1066 2251 sed
1095 2198 1224 2266 quia
1256 2199 1400 2252 inter
1428 2199 1574 2268 ipsos
1602 2199 1882 2268 aequalitas
1909 2215 2134 2271 genero-

547 2285 744 2350 sitatis,
769 2286 1045 2356 diguitatis
1073 2304 1136 2342 ac
1150 2290 1402 2358 potentiae
1424 2291 1746 2346 discordiam
1785 2293 2018 2362 augebat
2039 2293 2129 2356 9”,

549 2377 764 2432 nemine
813 2386 1018 2434 tantum
1062 2389 1293 2436 caeteros
1331 2381 1692 2451 prascclleute,
1735 2390 1792 2436 ut
1820 2380 1936 2449 ejus
1965 2383 2133 2437 domi-

549 2469 640 2523 nio
687 2470 878 2540 reliqui
911 2486 970 2526 se
995 2471 1318 2527 submittere
1362 2473 1733 2544 dignarentur.
1771 2472 1965 2527 Multos
1986 2473 2130 2526 enim

552 2558 776 2614 idoneos
808 2560 1078 2630 principes
1107 2563 1173 2616 ad
1212 2563 1362 2632 regni
1403 2563 1764 2632 gubernacula
1805 2563 2130 2618 moderanda

543 2645 768 2703 Francia
798 2651 1090 2720 genuisset,
1124 2651 1224 2706 nisi
1254 2651 1474 2707 fortuna
1510 2668 1620 2715 eos,
1655 2652 2001 2707 :emulatione
2023 2652 2130 2707 vir-

545 2739 695 2803 tutis,
729 2739 780 2792 itt
809 2741 1102 2810 perniciem
1127 2753 1371 2796 mutuam
1392 2741 1464 2774 "°
1489 2751 1776 2796 armasset.

613 2829 780 2896 Igitur
803 2830 1046 2898 quiedam
1077 2847 1205 2900 pars
1224 2831 1392 2886 Italici
1418 2832 1596 2902 pepuli
1623 2832 2012 2904 Berengarium
2035 2835 2126 2899 "’,

544 2917 712 2971 filium
742 2918 1039 2975 Everhardi
1071 2920 1166 2986 ³⁸³,
1192 2923 1283 2991 qui
1314 2923 1565 2977 ducatum
1589 2921 2035 2990 Forojulanorum
2057 2926 2128 2959 ⁹¹³

541 3006 779 3070 tenebat,
809 3021 987 3077 regem
1012 3007 1113 3064 sibi
1156 3020 1421 3076 statuunt,
1452 3011 1694 3081 quaedam
1724 3012 2008 3068 Widonem
2033 3014 2126 3081 ω,

544 3096 713 3150 filium
771 3097 1089 3167 Lantperti,
1139 3101 1330 3157 ducem
1379 3102 1777 3173 Spolitanorum
1829 3104 1922 3169 ⁸³⁸,
1974 3121 2126 3176 aeque

2238 1939 2334 1993 per
2356 1923 2634 1979 artissima
2659 1925 2856 1980 itinera
2886 1925 3007 1997 fuga
3049 1927 3308 1998 dilapsus,
3334 1927 3385 1980 in
3423 1928 3725 1984 tutissimis
3757 1947 3836 1983 ru-

2235 2016 2380 2086 pium
2433 2015 2566 2071 locis
2621 2015 2814 2070 salutis
2873 2017 3184 2085 praesidium
3231 2018 3515 2087 qumsivit;
3577 2021 3835 2074 omnibus

2236 2103 2418 2172 itaque
2443 2105 2516 2138 m
2546 2103 2738 2158 diebus
2771 2105 2894 2160 vita:
2920 2121 3033 2160 sua:
3059 2105 3172 2177 (9i)
3207 2104 3464 2160 Arnolqu
3502 2115 3558 2161 et
3586 2107 3832 2162 Zuendi-

2235 2192 2445 2257 boldus,
2497 2193 2642 2249 ﬁlius
2683 2195 2823 2264 ejus,
2873 2196 3124 2250 eumdem
3176 2194 3500 2250 Ruodolfum
3555 2202 3833 2268 persecuti

2233 2294 2377 2348 Sunt,
2407 2299 2508 2338 nec
2543 2292 2722 2338 tamen
2765 2298 2890 2339 eum
2919 2284 3113 2340 lzedere
3140 2285 3216 2328 ⁸³⁸
3246 2287 3750 2357 potuerunt,_quia,
3780 2297 3835 2341 ut

2233 2390 2393 2446 supra
2438 2389 2756 2445 expressum
2815 2385 2920 2442 est,
2975 2375 3092 2432 loca
3140 2377 3557 2441 inaccessibilia,
3611 2394 3738 2447 qua:
3782 2379 3831 2432 in

2233 2467 2418 2525 multis
2433 2466 2560 2522 solis
2577 2467 2927 2528 hibicibus’"
2943 2468 3125 2539 pervia
3145 2477 3270 2524 sunt
3288 2469 3382 2534 ⁸³⁸,
3419 2470 3827 2541 insequentium

2231 2556 2506 2612 confertas
2537 2557 2682 2612 acies
2722 2557 2793 2588 ⁹¹⁹
2839 2559 3025 2628 procul
3063 2559 3131 2614 ab
3171 2559 3415 2630 ingressu
3463 2560 3821 2630 repellebant.

2299 2647 2500 2703 Eodem
2539 2663 2682 2702 anno
2725 2646 3058 2704 Nordmanni
3105 2649 3197 2719 qui
3248 2648 3584 2714 Parisiorum
3627 2651 3822 2705 urbem

2231 2737 2586 2803 obsidebant,
2637 2739 2832 2792 miram
2869 2746 2926 2793 et
2961 2737 3256 2793 inauditam
3297 2754 3410 2800 rem
3437 2778 3452 2802 ,
3494 2753 3603 2800 non
3646 2741 3824 2793 solum

2230 2836 2455 2892 nostra,
2488 2827 2583 2882 sed
2623 2828 2789 2883 etiam
2829 2829 3112 2900 superiore
3143 2837 3338 2893 mtate,
3378 2827 3648 2884 fecerunt.
3690 2829 3826 2884 Nam

2232 2933 2358 2973 cum
2404 2918 2682 2974 civitatem
2719 2905 3191 2992 inexpugnabilem
3230 2935 3349 2975 esse
3387 2921 3823 2990 persensissent,

2229 3009 2378 3062 omni
2415 3008 2616 3064 virtute
2654 3011 2910 3080 omnique
2947 3011 3164 3082 ingenio
3210 3010 3455 3065 laborare
3502 3020 3822 3081 cmperunt,

2228 3108 2496 3167 quatenus
2522 3098 2655 3153 urbe
2685 3107 2808 3169 post
2836 3109 3047 3170 tergum
3076 3100 3264 3154 relicta
3284 3139 3298 3164 ,
3330 3099 3560 3154 classem
3591 3115 3724 3154 eum
3755 3101 3824 3132 ’⁸³

545 3187 693 3256 regia
724 3188 983 3258 dignitate
1003 3190 1401 3247 sublimandum
1429 3194 1760 3258 decernunt;
1787 3210 1854 3249 ex
1883 3211 1988 3265 qua
2014 3196 2124 3250 dis-
2153 3207 2196 3266 ί]
2229 3188 2482 3244 omnibus
2517 3189 2690 3260 οοΡῘίδ
2723 3205 2820 3260 Per
2856 3189 3166 3258 Sequanam
3197 3205 3411 3246 sursum
3437 3203 3658 3261 Possem
3691 3208 3820 3248 (ἕνθ’

546 3277 857 3332 seusionum
873 3282 1240 3337 controversia
1258 3292 1400 3337 tanta
1423 3294 1631 3356 strages
1645 3301 1708 3340 ex
1723 3295 1952 3356 utraque
1974 3303 2036 3357 pa
2046 3295 2124 3342 rte

544 3369 886 3437 postmodum
929 3369 1072 3426 facta
1113 3381 1218 3441 est,
1267 3383 1554 3446 tantusque
1601 3378 1867 3432 humanus
1907 3380 2125 3449 sanguis

541 3457 767 3523 effusus,
798 3459 1031 3529 utjuxta
1071 3462 1404 3520 Dominicam
1434 3482 1620 3522 vocem
1653 3468 1746 3533 ⁹¹⁶,
1797 3485 2020 3539 regnum
2071 3470 2124 3524 in

537 3549 776 3618 seipsum
817 3553 1046 3609 divisum
1093 3556 1442 3612 desolationis
1466 3559 1740 3614 miseriam
1763 3575 1900 3630 pene
1948 3561 2126 3616 incur-

538 3640 694 3695 rerit.
722 3641 804 3697 Ad
829 3654 1134 3700 extremum
1168 3646 1333 3702 Wido
1362 3648 1537 3704 victor
1563 3650 1827 3713 existens,
1859 3650 2126 3721 Berenga-

539 3734 677 3788 rium
708 3750 872 3806 regno
901 3739 1126 3808 expulit.
1159 3740 1352 3796 Pulsus
1397 3741 1579 3811 itaque
1622 3741 1904 3796 Arnolfum
1942 3757 2123 3810 regem

539 3824 670 3877 adiit
722 3824 812 3889 υτ,
863 3827 980 3894 ejus
1008 3831 1306 3897 patrocinia
1359 3842 1548 3885 contra
1605 3832 1813 3885 hostem
1858 3833 2118 3901 exposcit.

536 3915 675 3981 Quid
717 3932 846 3972 vero
883 3918 1138 3976 Arnull‘us
1183 3921 1391 3987 fecerit,
1426 3921 1660 3990 qualiter
1700 3923 1865 3977 italiae
1898 3940 2120 3994 regnum

532 4005 616 4059 bis
638 4022 758 4060 cum
791 4010 1033 4065 exercitu
1058 4013 1424 4082 penetraverit
1445 4013 1514 4045 ⁹¹⁸
1545 4028 1643 4066 suo
1671 4014 1720 4066 in
1747 4013 1866 4069 loco
1887 4013 1957 4047 ⁹¹⁹
1981 4029 2121 4068 com-

531 4097 938 4153 memorabitur.

601 4185 812 4242 Interea
836 4187 1127 4245 Galliarum
1153 4191 1331 4261 populi
1359 4194 1409 4246 in
1438 4210 1601 4247 unttm
1630 4194 1961 4266 congregati,
1993 4209 2116 4249 cum

531 4289 796 4331 consensu
819 4279 1024 4334 Arnolfi
1051 4281 1293 4337 Odonem
1313 4285 1383 4323 "0
1409 4285 1620 4349 ducem,
1647 4284 1812 4339 filium
1837 4285 2113 4348 Rodberti,

531 4369 598 4423 de
625 4385 732 4439 Quo
773 4373 930 4441 paulo
973 4378 1222 4444 superius
1272 4380 1601 4433 mentionem
1644 4377 1892 4442 fecimus,
1941 4379 2115 4431 virum

529 4471 833 4529 strenuum,
865 4466 950 4520 cui
973 4481 1085 4536 prae
1111 4467 1324 4523 caeteris
1344 4469 1532 4524 forma:
1555 4469 1895 4538 pulchritudo
1917 4477 1972 4524 et
1995 4482 2116 4536 pro-

2229 3279 2390 3343 here,
2426 3289 2478 3335 et
2509 3280 2589 3335 sic
2620 3279 2889 3336 llionnam
2915 3281 2988 3313 ⁹³¹
3022 3281 3133 3353 (95)
3163 3282 3381 3337 fluvium
3415 3284 3819 3352 ingredientes,

2227 3367 2553 3440 Burgundia:
2581 3369 2717 3426 fines
2744 3371 2947 3440 absque
2975 3373 3253 3430 obstaculo
3291 3381 3668 3442 penetrarent.
3727 3377 3819 3430 Ci-

2225 3459 2382 3515 vibus
2411 3467 2590 3514 autem
2619 3461 2764 3515 omni
2797 3461 3051 3516 instantia
3083 3463 3495 3532 prohibentibus
3527 3479 3816 3520 ascensum

2226 3552 2498 3617 fluminis,
2529 3567 2696 3607 naves
2734 3568 2830 3622 per
2866 3553 3068 3608 siccum
3107 3552 3389 3622 plusquam
3427 3555 3658 3608 duorum
3695 3570 3820 3624 pas-

2226 3660 2381 3700 suum
2419 3644 2636 3700 milibus
2675 3645 2930 3710 traltunt,
2961 3653 3014 3698 et
3055 3644 3234 3700 taliter
3263 3644 3334 3676 "'
3365 3645 3636 3700 declinato
3667 3648 3817 3702 omni

2225 3736 2499 3806 periculo,
2548 3737 2742 3791 iterum
2785 3750 2881 3791 eas
2926 3735 3190 3806 Sequanae
3218 3734 3292 3770 ⁸³³
3338 3733 3556 3790 fluentis
3597 3737 3818 3792 immer-

2225 3839 2392 3898 gunt;
2425 3836 2482 3882 et
2517 3836 2642 3898 post
2674 3827 2749 3860 ’“
2793 3827 3011 3897 paulum
3054 3827 3360 3897 Sequanam
3402 3826 3812 3898 relinquentes,

2225 3920 2492 3976 llionnam
2523 3919 2595 3951 ’³⁸
2625 3927 2682 3974 ut
2715 3919 3094 3990 disposuerant
3129 3917 3223 3984 "°,
3257 3930 3312 3974 et
3350 3918 3449 3974 sub
3483 3921 3634 3972 omni
3675 3920 3816 3974 cele-

2225 4012 2381 4065 ritate
2439 4012 2797 4083 navigantes,
2858 4011 3088 4068 Senonis
3151 4011 3564 4081 applicuerunt,
3627 4013 3810 4078 ibique

2221 4105 2413 4159 castris
2446 4105 2672 4173 positis,
2717 4118 2814 4173 per
2863 4104 3153 4158 continuos
3198 4119 3290 4158 sex
3331 4118 3546 4158 menses
3581 4103 3808 4157 eandem

2220 4196 2406 4250 urbem
2445 4195 2728 4250 obsidione
2755 4194 3054 4258 claudunt,
3084 4203 3360 4262 totamque
3397 4209 3532 4263 pene
3562 4193 3811 4264 Burgun-

2217 4283 2362 4339 diam
2422 4285 2658 4356 rapinis,
2713 4285 2952 4339 caedibus
3001 4299 3064 4338 ac
3115 4285 3378 4339 incendiis
3409 4283 3800 4338 demolittntur.

2221 4375 2327 4430 Sed
2354 4376 2562 4430 civibus
2590 4373 2806 4430 fortiter
2839 4375 3298 4445 repugnantibus,
3326 4374 3436 4429 Deo
3464 4383 3803 4444 protegente,

2220 4481 2557 4536 nequaquam
2602 4464 2674 4497 ’³⁷
2726 4463 3005 4535 praefatam
3056 4465 3327 4520 civitatem
3377 4479 3572 4534 capere
3620 4475 3805 4535 potue-

1913 4633 2143 4688 VARl/E
2186 4632 2584 4690 LECTIONES.

527 4765 599 4842 3°!
631 4764 684 4842 in
718 4765 919 4842 bonum
955 4783 1079 4842 cum
1111 4768 1306 4842 labore
1339 4770 1702 4842 acquisierant
1724 4771 1810 4842 7._
1869 4770 1943 4802 ⁹⁰³
1977 4781 2287 4842 perceperat
2315 4771 2381 4842 7.,
2408 4771 2557 4826 9-l2.
2633 4771 2706 4804 ⁹⁰δ
2741 4771 3003 4842 bonisque
3029 4770 3289 4842 spoliatus
3319 4770 3374 4824 2.
3433 4769 3521 4842 "“5
3547 4769 3799 4842 tolerarit

526 4836 594 4912 in
619 4836 883 4912 adversis,
923 4838 1080 4894 sicuti
1107 4840 1165 4912 5._
1236 4839 1309 4912 _'°°
1330 4836 1492 4910 quam
1514 4840 1912 4912 promisitdeus
1933 4836 1992 4896 5f
2060 4836 2520 4912 °°"unttsquisque
2542 4842 2594 4896 7.
2670 4842 2741 4875 ⁹⁰⁸
2763 4836 2950 4912 creare
2972 4836 3117 4912 9J2.
3192 4839 3563 4912 ’°_’Aa‘ugeban_t
3585 4839 3636 4892 l.
3661 4839 3716 4892 2.
3743 4838 3791 4891 5.

523 4904 596 4994 ςο
618 4904 846 4994 fortuna
873 4921 973 4994 pos
1011 4904 1399 4994 aemulati-ene.
1436 4947 1452 4962 .
1489 4904 1724 4994 fruntus
1747 4910 1799 4964 7.
1876 4913 1945 4944 9“
1975 4904 2509 4994 berngarinunin9r’l'2.
2541 4914 2656 4994 “fu
2695 4911 3043 4994 ennarhardi.
3067 4911 3119 4964 5.

3212 4909 3282 4941 ⁸⁸³
3300 4908 3430 4979 foro
3462 4909 3792 4979 juliauorum

523 4975 589 5052 5._
654 4975 724 5010 9“
759 4977 1047 5052 guidonem
1079 4979 1187 5052 5.”
1209 4980 1281 5052 ’ξ’
1308 4980 1560 5052 lantperti
1590 4981 1982 5052 spolitanorum
2019 4975 2172 5052 ducis
2200 4981 2299 5052 (8.)
2323 4981 2466 5036 9-l2.
2540 4984 2611 5052 Ψ
2633 4996 2820 5052 vocem
2847 4980 3169 5052 dominicam
3205 4977 3257 5052 ἶ.
3288 4975 3477 5052 9ρ12.⁷
3513 4981 3581 5018 ον’
3615 4979 3791 5052 itaque

523 5049 592 5102 ad
627 5041 892 5101 arnolfum
920 5048 973 5102 5.
1009 5041 1275 5105 arnolfum
1309 5041 1440 5104 adiit
1470 5050 1523 5104 5.

521 5115 593 5191 ἻῨῘ
617 5115 798 5186 Ῑ¹¹⁹³¹ῖ¹
835 5117 890 5191 5:
966 5119 1039 5151 ⁹²³
1069 5120 1217 5191 alpes
1263 5122 1558 5191 apenninas
1582 5121 1635 5175 5.
1694 5115 1710 5122 ’
1733 5121 1804 5152 ω

521 5185 592 5216 υτ
622 5185 762 5259 'qgm
796 5187 926 5259 solis
961 5185 1207 5259 ybieibus
1235 5191 1289 5245 ὅ.

520 5272 646 5308 οιιιη
685 5258 739 5332 5..
814 5256 883 5288 ⁹³¹
921 5256 1134 5312 Slll'snm
1176 5276 1320 5286 *νυ

1600 5047 1672 5087 "‘9
1694 5051 1996 5122 penetravit
2021 5051 2110 5107 5d.
2187 5047 2258 5122 9"?
2282 5047 2392 5105 suo
2423 5051 2541 5106 loco
2567 5051 2621 5105 5.
2695 5050 3038 5122 "fottonem
3067 5050 3118 5104 5.
3195 5048 3260 5122 "f
3292 5047 3786 5122 per.id_tempus_5.

1395 5122 1558 5175 minas
1582 5122 1635 5175 5.
1733 5122 1804 5152 ⁸⁸³
1844 5122 2136 5204 prioribus.
2232 5122 2305 5154 ⁹¹⁵
2353 5122 2710 5190 omnibusque
2749 5122 2802 5175 5.
2909 5122 2980 5155 9“
3025 5129 3201 5174 tamen
3230 5122 3304 5172 lae

1514 5206 1636 5260 (ιυω
1685 5193 1892 5284 series
1940 5200 2144 5284 seem
2183 5191 2447 5284 Peristi-
2523 5189 3304 5284 ’1’.censet£a§399§}.3:3:

2909 5121 2980 5155 θη
3025 5129 3201 5174 tamen
3229 5118 3444 5173 laedere
3471 5119 3522 5170 7.
3553 5118 3587 5172 9
3610 5148 3683 5156 —
3707 5118 3784 5171 l2.

2931 5190 3076 5241 acies
3102 5191 3128 5241 l
3158 5219 3228 5230 —-
3251 5189 3304 5241 8.
3405 5187 3474 5222 ⁸³⁸
3523 5187 3700 5241 classe
3735 5193 3787 5240 et

3523 5203 3700 5242 crasse

3609 5257 3682 5288 1³³

2232 5121 2305 5154 ⁹¹⁵
2353 5122 2710 5190 omnibusque
2749 5121 2802 5175 5.

2563 5260 2595 5278 η
2651 5260 2679 5286 ιο
2776 5261 2847 5291 ou
2882 5261 3104 5310 urqhttnl
3134 5259 3313 5314 taliter
3337 5258 3422 5338 .50-
3454 5273 3506 5339 9°
3549 5327 3560 5333 -
