3958 5496
109 358 222 414 1'29

1317 366 1728 426 cuuomcoa.
1768 355 1838 412 -'—
1873 373 1988 430 AN.
2027 375 2152 432 sse.

3291 385 3394 442 150

105 509 282 568 mm,
311 515 620 572 quanquam
643 503 714 536 ιιι
741 503 886 560 omni
919 503 1162 560 laborum
1191 507 1402 569 sudore,
1439 509 1710 562 omnium-
1737 493 1788 552 Α
1813 488 1996 546 invicti
2025 493 2096 526 ἐ’
2129 507 2376 549 mansere
2402 511 2416 560 ;
2453 509 2552 551 nec
2583 496 2819 554 virorum
2851 499 3022 576 magis
3048 517 3206 572 quam
3235 501 3393 560 femi-

101 609 218 664 que
259 595 462 652 artium
503 603 556 650 et
597 595 1156 652 machinamentorum
1197 597 1414 668 ingenio
1441 598 1494 652 id
1521 599 1704 652 multi-

101 687 338 756 pliciter
367 695 790 756 pertentassent.
823 687 970 742 lnter
1003 687 1074 722 ⁸³³
1117 687 1260 758 ipsas
1299 703 1428 742 vero
1463 687 1704 742 obsidio-

103 793 244 832 num
281 777 564 848 angustias
593 777 974 844 Everhardus,
1008 777 1250 846 ejusdem
1291 778 1394 832 loci
1433 787 1704 848 metropo-

99 868 224 932 lita,
255 869 340 922 vir
367 869 530 924 totius
549 869 852 925 sanctitatis
873 879 924 924 et
947 871 1224 940 sapientia:
1247 871 1424 926 nitore
1447 869 1700 940 fulgidus,

97 963 390 1030 corporeis
443 961 674 1018 vinculis
711 961 990 1018 absolutus
1011 1003 1026 1028 ,
1053 964 1122 1018 ad
1157 964 1434 1020 ccelestem
1469 965 1700 1034 patriam

99 1053 367 1118 transiit;
409 1053 464 1106 in
499 1052 652 1120 cujus
690 1054 954 1110 cathedra
979 1053 1049 1086 "°
1079 1054 1398 1110 sublimatus
1435 1063 1518 1108 est
1551 1053 1700 1108 Wal-

99 1141 322 1196 tharius
347 1181 362 1206 ,
415 1156 582 1211 nepos
619 1141 908 1198 Waltharii
957 1144 1364 1198 Aurelianensis
1401 1143 1550 1198 urbis
1588 1145 1702 1212 epi-

99 1233 286 1301 scopi,
339 1232 496 1304 longe
543 1233 768 1288 inferior
809 1235 1214 1304 praadecessore
1263 1233 1538 1298 moribus,
1577 1235 1698 1288 reli-

105 1322 266 1390 gione
301 1331 360 1378 et
391 1323 748 1395 phi1050phia‘.
777 1325 980 1380 studio.

659 1415 1132 1472 DCCCLXXXIX.

171 1507 332 1562 Anno
367 1507 660 1564 Dominicm
696 1507 1092 1564 incarnationis
1119 1509 1222 1566 889
1253 1509 1348 1574 W,
1379 1523 1511 1578 gens
1549 1509 1694 1564 iiun-

109 1613 360 1668 garorum
395 1598 470 1633 '“
511 1599 842 1656 ferocissima
894 1609 949 1656 et
999 1601 1146 1656 omni
1195 1601 1352 1656 belua
1399 1601 1690 1666 crudelior,

113 1683 252 1746 retro
279 1699 400 1744 ante
433 1690 630 1746 seculis
660 1691 780 1747 ideo
809 1691 1054 1748 inaudita
1080 1693 1208 1763 quia
1237 1709 1340 1748 nec
1371 1695 1644 1748 nominata
1674 1735 1688 1758 ,

107 1797 136 1833 a
161 1781 426 1852 Scythicis
447 1783 630 1852 regnis
649 1783 718 1816 ⁸⁸³
739 1793 795 1838 et
825 1799 856 1838 a
887 1785 1172 1854 paludibus
1199 1801 1334 1858 quas
1360 1787 1599 1843 Thanais
1619 1788 1689 1818 ’“

1811 595 2002 634 narum
2037 582 2328 638 virtutibus
2357 583 2624 652 claruere,
2653 589 2852 660 quippe
2876 608 2998 648 cum
3031 593 3130 665 ipsi
3163 593 3392 652 Parthos

1809 671 2271 744 Baetrianosqne,
2329 676 2542 734 feminae
2593 691 2774 736 autem
2820 701 3006 740 eorum
3056 687 3388 744 Amazonum

1809 775 1971 832 regna
2009 765 2400 832 condiderunt,
2443 783 2665 837 prorsus
2705 779 2762 825 ut
2803 788 2887 828 res
2925 783 3105 846 gestas
3150 779 3388 834 virorum

1807 851 2204 924 mulierumque
2258 857 2731 914 considerantibus
2789 863 3052 920 incertum
3108 867 3217 932 sit,
3272 879 3392 924 utcr

1805 943 1944 1014 apud
1980 960 2072 1000 eos
2113 961 2275 1000 sexus
2305 945 2570 1002 illustrior
2603 951 2765 1004 fuerit
2795 951 2887 1007 m.
2924 953 3140 1009 Darium
3161 998 3174 1022 ,
3207 973 3386 1026 regem

1803 1035 2125 1104 Persarum,
2171 1037 2308 1108 turpi
2349 1055 2378 1092 a
2421 1039 2646 1111 Scythia
2688 1053 3098 1100 summoverunt
3123 1049 3192 1082 ’σε
3229 1049 3384 1120 fuga,

1802 1126 1998 1198 Cyrum
2029 1144 2151 1183 cum
2179 1129 2325 1184 omni
2354 1131 2598 1186 exercitu
2632 1133 3065 1200 trucidaverunt,
3097 1135 3384 1192 Alexandri

1803 1217 1978 1288 Magni
2006 1219 2194 1274 ducem
2232 1217 2516 1290 Sopiriona
2546 1221 2616 1256 ’⁸³
2644 1223 2756 1292 pari
2790 1224 2996 1278 ratione
3025 1223 3098 1256 ³⁸⁸
3123 1241 3244 1280 cum
3273 1229 3384 1280 uni-

1801 1309 1972 1363 versis
2006 1310 2175 1379 copiis
2203 1310 2520 1364 deleverunt
2549 1327 2562 1374 ;
2597 1313 2958 1366 Romanorum
2998 1314 3240 1378 audiere,
3275 1331 3379 1369 non

1799 1413 2022 1454 sensere
2067 1415 2239 1454 arma.
2289 1399 2590 1456 Laboribus
2644 1413 2697 1456 et
2758 1401 2912 1456 bellis
2967 1404 3179 1472 asperi,
3235 1404 3380 1458 vires

1799 1505 2084 1560 corporum
2115 1491 2191 1522 '“
2219 1491 2514 1546 immensm.
2555 1493 2846 1546 Ahundant
2883 1508 3010 1546 vero
3051 1503 3196 1548 tanta
3238 1495 3378 1549 mul-

1801 1583 2026 1638 titudine
2057 1583 2370 1654 populorum
2393 1626 2405 1646 ,
2437 1593 2495 1636 ut
2525 1597 2620 1637 eos
2651 1583 2882 1654 genitale
2904 1583 3074 1638 solum
3105 1599 3210 1638 non
3243 1583 3382 1640 sutli-

1797 1672 1904 1727 ciat
1964 1673 2131 1726 alere.
2199 1671 2673 1742 Septcmtrionalis
2725 1673 2870 1744 (100)
2929 1674 3124 1745 quipw
3175 1675 3376 1746 plaga,

1797 1773 2000 1833 quanto
2029 1763 2202 1834 magis
2231 1763 2298 1817 ab
2325 1773 2472 1818 aestu
2505 1764 2633 1818 solis
2665 1773 2868 1816 remota
2900 1773 2983 1818 cst
3011 1774 3064 1818 ct
3093 1765 3252 1820 nivali
3281 1765 3378 1820 fri-

101 1888 196 1926 ευρ
247 1874 526 1930 rei-"sione
567 1877 620 1931 in
662 1853 990 1933 immengum
1030 1853 1290 1950 porrigit,
1331 1894 1550 1948 egressa
1583 1893 1686 1936 est.
1727 1856 1768 1916 Β
1795 1869 1924 1925 gore
1953 1853 2162 1922 gelida,
2197 1861 2346 1907 tanto
2375 1853 2643 1908 salubrior
2667 1854 2984 1922 corporibus
3013 1855 3287 1908 hominum
3320 1865 3378 1909 et

107 1961 210 2018 Sed
240 1965 564 2036 priusquam
598 1967 766 2037 ipsius
795 1971 972 2040 gentis
1004 1979 1124 2026 acta
1156 1971 1394 2048 crudelia
1426 1973 1548 2028 stilo
1573 1989 1692 2044 per-

99 2065 396 2126 sequamur
433 2059 528 2126 ³⁸⁵⁵,
559 2075 666 2116 non
709 2061 1036 2131 superﬂuum
1077 2063 1344 2130 videatur,
1385 2064 1428 2119 si
1467 2063 1536 2120 de
1573 2063 1690 2120 Sci-

95 2149 218 2204 thiaa
249 2151 364 2205 situ
393 2151 834 2222 Scytharumque
859 2155 1104 2209 moribus
1133 2155 1686 2226 historiographorum

89 2239 234 2294 dicta
295 2251 628 2310 sequentes,
685 2243 888 2312 aliquid
971 2259 1480 2300 commemoremus.
1554 2245 1686 2317 Scy-

91 2329 198 2384 thia
233 2331 378 2402 (96),
413 2341 474 2387 ut
501 2333 676 2398 aiunt,
703 2333 756 2386 in
788 2334 1054 2388 orientem
1078 2335 1148 2368 9"
1173 2345 1432 2402 extensa,
1459 2337 1684 2391 includi-

88 2421 232 2476 ditur
269 2421 344 2458 “7
389 2423 460 2478 ab
497 2439 604 2478 uno
643 2423 814 2479 latere
857 2425 1060 2491 Ponto,
1100 2427 1168 2481 ab
1207 2427 1686 2483 altero-mentibus

87 2509 363 2580 llipharis,
413 2527 444 2566 a
495 2499 644 2582 tergo
696 2511 821 2568 Asia
869 2523 924 2568 et
975 2514 1142 2570 lthasi
1171 2515 1242 2548 ⁸³⁸
1275 2515 1386 2587 (97)
1437 2515 1680 2570 lluniine.

85 2599 239 2654 Patet
301 2611 492 2656 autem
545 2603 772 2658 multum
813 2604 868 2659 in
921 2605 1310 2676 longitudinem
1349 2617 1404 2662 et
1443 2609 1682 2664 latitudi-

87 2707 226 2746 nem.
257 2691 588 2749 Hominibus
611 2695 836 2750 hanc'”
855 2695 1284 2752 inhabitantibus
1311 2699 1452 2752 inter
1473 2714 1532 2754 se
1551 2699 1680 2754 nulli

87 2781 268 2848 lines;
313 2797 543 2852 perraro
581 2784 726 2838 enim
764 2801 954 2855 agrum
992 2797 1278 2854 exercent,
1333 2803 1433 2844 nec
1487 2789 1680 2844 domus

89 2869 192 2924 illis
218 2871 362 2934 ulla,
397 2881 490 2926 aut
521 2881 720 2928 tectura
753 2874 840 2929 vel
870 2875 1026 2931 sedes
1061 2885 1180 2940 est,
1216 2887 1462 2932 armenta
1497 2888 1552 2932 et
1589 2895 1678 2948 pe-

89 2977 214 3015 cora
247 2977 468 3032 semper
495 2963 879 3032 pascentibus;
913 2974 966 3019 et
997 2979 1094 3035 per
1125 2965 1357 3021 incultas
1387 2967 1456 3000 ⁹⁸⁰
1487 2967 1678 3022 solitu-

89 3051 239 3106 dines
291 3067 484 3108 errare
531 3053 726 3110 solitis.
776 3052 988 3110 Uxores
1033 3055 1342 3127 liberosque
1387 3071 1572 3113 secum
1619 3059 1670 3112 in

93 3141 342 3210 plaustris
366 3144 589 3206 vehunt,
607 3145 803 3214 quibus
817 3147 884 3179 ⁸⁸³
904 3147 1154 3202 coriis'"
1175 3147 1428 3204 imbrium
1453 3149 1672 3205 hiemis-

1793 1945 2154 2017 propagandis
2202 1945 2449 2016 gentibus
2501 1955 2786 2014 coaptata;
2837 1947 2978 2000 sicut
3003 1955 3056 2000 ct
3081 1957 3268 2002 contra
3302 1947 3376 1982 ⁸⁸⁵

1790 2039 1967 2096 omnis
1991 2039 2286 2094 meridiana
2313 2039 2485 2108 regio,
2514 2053 2621 2106 quo
2641 2037 2770 2092 solis
2792 2046 2874 2092 est
2900 2036 3096 2092 l‘ervori
3123 2037 3372 2104 vicinior,

1789 2149 1854 2188 eo
1883 2145 2098 2200 semper
2127 2129 2328 2184 morbis
2358 2129 2622 2194 abundat,
2657 2139 2711 2184 et
2751 2131 3044 2184 educandis
3079 2129 3256 2184 minus
3287 2139 3372 2185 est

1789 2231 1910 2292 apta
1969 2220 2328 2276 mortalibus:
2389 2221 2530 2274 unde
2583 2221 2673 2282 lit,
2729 2227 2788 2272 ut
2839 2229 3002 2274 tanta:
3048 2219 3367 2290 populorum

1787 2315 2164 2370 multitudines
2211 2321 2362 2366 arcto
2407 2313 2478 2346 ⁸⁸⁸
2529 2313 2629 2366 sub
2678 2329 2777 2366 axe
2832 2314 3098 2376 oriantur,
3155 2321 3214 2368 ut
3259 2327 3367 2368 non

1789 2405 2057 2459 immerito
2089 2405 2342 2458 universa
2375 2403 2462 2456 illa
2497 2405 2643 2472 regio
2675 2403 2878 2457 Thanai
2912 2413 3064 2458 tenus
3094 2405 3163 2438 “"
3187 2409 3378 2474 neque

1785 2497 1852 2552 ad
1898 2496 2214 2561 occiduum,
2265 2495 2389 2550 licet
2435 2504 2488 2549 ct
2528 2495 2761 2565 propriis
2803 2495 2914 2549 loca
2957 2495 3006 2550 in
3049 2511 3112 2550 ca
3154 2493 3363 2567 singula

1785 2593 2164 2654 nuncupentur
2201 2585 2510 2638 nominibus
2535 2626 2550 2644 .
2593 2585 2828 2656 generali
2887 2595 3062 2640 tamen
3101 2587 3366 2641 vocabulo

1781 2675 2070 2732 Germania
2103 2675 2386 2730 vocitetur.
2419 2675 2492 2709 ’⁸⁸
2515 2675 2596 2729 Ab
2637 2678 2739 2730 hac
2776 2691 2904 2747 ergo
2939 2678 3194 2748 populosa
3227 2677 3366 2734 Ger-

1780 2768 1957 2822 mania
2008 2781 2148 2837 srepc
2205 2767 2628 2822 innumerabiles
2665 2767 2734 2800 ’⁸⁸
2788 2769 3120 2836 captivorum
3169 2778 3362 2824 turma:

1779 2857 2043 2922 abductae,
2077 2858 2392 2912 meridianis
2420 2857 2630 2927 populis
2667 2860 2840 2928 pretio
2868 2859 3242 2914 distrahuntur
3261 2861 3358 2926 '7‘;

1779 2953 1960 3006 multa:
1987 2967 2198 3022 quoque
2227 2966 2292 3005 ex
2319 2965 2382 3006 ea
2401 2992 2414 3016 ,
2443 2967 2539 3020 pro
2569 2967 2632 3006 eo
2662 2952 2802 3021 quod
2837 2959 3011 3006 tantos
3051 2953 3356 3007 mortalium

1777 3044 2045 3114 germinat
2077 3043 2144 3076 9'“
2181 3051 2414 3114 quantos
2449 3045 2593 3120 alere
2633 3045 2722 3096 vix
2769 3043 2960 3098 sufﬁcit
2984 3085 2998 3108 ,
3047 3043 3358 3113 frequenter

1777 3144 1962 3206 gentes
2020 3150 2252 3206 egressa:
2301 3143 2460 3196 sunt,
2513 3151 2632 3204 qua:
2677 3135 3026 3189 nihilominus
3071 3145 3126 3190 et
3175 3145 3359 3205 partes

91 3249 190 3302 que
213 3249 384 3290 causa
416 3237 574 3292 reciis
596 3238 667 3272 οη
689 3254 788 3308 pro
815 3239 1066 3296 domibus
1083 3240 1156 3274 ut
1179 3251 1424 3297 ιηυηιηιι,
1448 3243 1666 3298 Nunt,“
1699 3219 1742 3282 C
1775 3227 1946 3292 Asiae,
1975 3227 2068 3282 sed
2100 3227 2335 3280 maxime
2367 3226 2466 3280 sibi
2498 3226 2806 3297 contiguam
2849 3227 3118 3297 Europam
3153 3227 3356 3282 alilixe—

91 3325 258 3382 scelus
277 3329 422 3397 apud
445 3343 539 3384 eos
567 3329 710 3386 furto
735 3332 974 3402 gravius,
991 3334 1188 3405 quippe
1213 3333 1330 3392 sine
1347 3337 1472 3392 tecti
1497 3337 1674 3392 muni-

91 3427 262 3472 mento
282 3435 484 3490 pecora
513 3429 566 3476 et
591 3433 838 3478 armenta
861 3425 1226 3496 alimentaque
1249 3428 1576 3484 habentibus
1599 3430 1670 3464 ³⁵⁸

92 3511 210 3576 quid
243 3513 392 3566 inter
425 3513 590 3570 silvas
619 3526 968 3585 superesset,
1007 3520 1052 3574 si
1093 3518 1262 3574 furari
1299 3521 1530 3576 liceret?
1563 3523 1673 3576 Att-

94 3613 202 3653 rum
223 3602 296 3635 ⁶⁵⁶
322 3613 380 3657 et
407 3615 692 3676 argentum
721 3621 826 3661 non
855 3608 1078 3677 perinde
1109 3617 1166 3664 ut
1192 3609 1384 3679 reliqui
1417 3611 1670 3668 mortales

93 3703 376 3760 appetunt,
409 3697 756 3752 venationum
787 3708 842 3754 et
873 3699 1234 3770 piscationum
1273 3703 1546 3756 exercitiis
1583 3702 1667 3758 in-

95 3783 324 3838 serviunt
363 3784 512 3856 (98),
563 3786 701 3840 lacte
737 3797 792 3843 et
831 3789 992 3844 melle
1029 3799 1343 3846 vescuntur.
1387 3791 1548 3845 Lana:
1589 3793 1670 3846 his

94 3885 210 3926 usus
255 3890 320 3930 ac
371 3877 601 3932 vestium
655 3879 868 3949 ignotus
903 3881 998 3946 "7,
1037 3897 1348 3952 quanquam
1399 3883 1666 3938 continuis

95 3955 368 4030 frigoribus
387 3963 710 4030 adiciantur,
741 3967 968 4036 pellibus
993 3975 1200 4023 tantum
1231 3967 1419 4024 ferinis
1446 3985 1508 4024 ac
1541 3986 1662 4024 mu-

97 4047 215 4104 rinis
243 4053 560 4108 induuntur.
597 4055 886 4126 Imperium
919 4058 1030 4129 (9:!)
1057 4058 1198 4114 Asia:
1225 4065 1308 4114 ter
1333 4059 1624 4128 quaesivere
1646 4101 1660 4124 ,

97 4135 182 4206 ipSi
211 4155 468 4214 perpetuo
505 4146 573 4202 ab
611 4147 790 4204 alieno
827 4147 1053 4218 imperio
1092 4157 1187 4204 aut
1225 4149 1414 4205 intacti
1449 4151 1522 4183 ’⁸⁸
1561 4158 1655 4204 aut

1777 3325 1919 3370 runt.
1952 3315 2243 3371 Testantur
2273 3317 2374 3370 hoc
2413 3315 2610 3384 ubique
2653 3317 2814 3371 urbes
2852 3325 3020 3371 eruta:
3057 3333 3152 3387 per
3185 3327 3352 3373 totam

1775 3407 2043 3478 llyricum
2082 3407 2150 3440 ’7'
2188 3405 2554 3475 Galliamque,
2598 3407 2692 3460 sed
2733 3405 2968 3460 maxime
3006 3407 3216 3461 miserae
3251 3407 3354 3461 lta-
3385 3421 3388 3424 '

1776 3499 1858 3554 lia:
1886 3499 1980 3564 πθ,
2009 3515 2128 3568 qua:
2157 3513 2292 3568 pene
2327 3497 2537 3552 illarum
2576 3497 2816 3552 omnium
2853 3505 2938 3551 est
2975 3497 3212 3568 gentium
3252 3513 3352 3552 ex-

1773 3597 1924 3658 perta
1951 3589 2232 3644 szcvitiam.

1843 3681 1920 3736 Ex
1953 3679 2282 3750 supradictis
2313 3679 2478 3748 igitur
2509 3677 2644 3732 locis
2675 3693 2806 3748 gens
2836 3687 3132 3732 memorata
3164 3693 3194 3731 a
3231 3679 3352 3732 tini-

1773 3775 1916 3830 timis
1946 3775 2048 3830 sibi
2087 3775 2325 3846 populis,
2355 3775 2444 3846 qui
2481 3773 2730 3830 Pccinaci
2769 3785 3029 3830 vocantur
3051 3774 3143 3842 ⁸⁷⁸,
3171 3791 3201 3830 a
3233 3791 3352 3846 pro-

1769 3867 1901 3937 priis
1923 3867 2140 3922 sedibus
2165 3866 2388 3936 eXpulsa
2409 3875 2494 3922 est
2512 3908 2526 3932 ,
2551 3882 2614 3922 eo
2645 3868 2786 3938 quod
2819 3883 3045 3924 numero
3069 3877 3126 3924 et
3149 3870 3348 3924 virtut.)

1767 3971 2118 4029 praestarent,
2155 3969 2208 4014 et
2245 3959 2508 4030 genitale,
2573 3969 2631 4013 ut
2689 3959 3077 4029 praemisimus,
3119 3977 3209 4016 rus
3246 3976 3342 4015 ex-

1769 4050 2028 4106 uberante
2065 4049 2410 4104 multitudine
2444 4050 2516 4083 ³⁷⁸
2557 4066 2658 4104 non
2701 4050 2970 4106 sulliceret
2998 4053 3062 4106 ad
3092 4052 3344 4106 habitan-

1763 4143 1912 4196 dutn.
1947 4141 2148 4195 Horum
2188 4141 2370 4208 itaque
2403 4140 2658 4194 violentia
2697 4140 2916 4210 efl'ugati
2951 4142 3017 4196 ad
3054 4143 3346 4210 exquiren-

1343 4287 1350 4292 ·
1427 4263 1662 4320 VARUE
1699 4255 2100 4316 LECTIONES.

153 4347 586 4422 "‘.neqttaqttam
619 4369 736 4408 eam
767 4356 1115 4438 obtinuerunt
1143 4369 1450 4424 quanquam
1483 4354 1560 4453 (7)
1585 4353 1637 4409 9.
1669 4381 1740 4394 --
1768 4349 1862 4430 12.
1931 4346 2002 4381 9”
2041 4345 2186 4398 inter
2219 4344 2363 4440 ipsas
2401 4353 2498 4396 etc.
2529 4342 2754 4442 deest}.

153 4418 226 4472 '3.
253 4423 304 4476 5.
399 4423 467 4456 “‘
505 4423 981 4479 DCCCLXXVllll.
1043 4425 1096 4478 7.
1155 4427 1186 4480 9
1223 4455 1294 4465 —
1325 4425 1409 4478 l2.
1513 4423 1584 4454 “
1639 4416 2074 4492 hungartumu2.
2131 4427 2416 4484 unganum
2479 4413 2576 4492 7.“
2701 4482 2714 4492 _
2753 4430 2754 4453 ι

1541 4438 1584 4454 ’⁵³
1641 4438 1958 4476 Ιιυηαὶιΐιιιιιι
2021 4438 2074 4470 z.
2133 4438 2416 4476 unganum
2489 4438 2530 4466 ι.

105 4418 226 4472 ~--3.
253 4423 304 4476 5.
331 4418 346 4422 ’
399 4418 467 4456 ’⁵³
505 4423 981 4479 DCCCLXXVIIII.
1043 4425 1096 4478 7.
1155 4418 1186 4480 9
1223 4418 1409 4478 -’ί2.
1490 4418 1534 4454 ’⁵

2861 4340 2929 4376 ’δυ
2960 4339 3275 4395 cathedram
3313 4344 3332 4396 l

2631 4411 2701 4442 m
2753 4412 3100 4479 ungariorum
3145 4411 3198 4466 9.
3255 4411 3340 4468 l2.

95 4483 397 4564 °__“_scythis
441 4495 622 4564 regnis
666 4495 749 4548 5e.
805 4496 996 4549 scithis
1047 4495 1224 4564 regnis
1273 4494 1326 4548 2.
1401 4493 1476 4526 ’⁸³
1516 4493 1688 4548 tanais
1854 4486 2071 4564 e.___"‘°_
2097 4481 2654 4564 prfesequamnrHSa.‘
2685 4482 2736 4537 d.
2780 4481 2853 4564 9‘:
2878 4481 3084 4564 oriente
3117 4481 3249 4564 l;_2.
3281 4483 3337 4537 4.

99 4551 143 4606 5.
173 4557 219 4636 7.
247 4551 428 4636 '—__l2.
460 4633 471 4636 Α
502 4551 583 4636 mf
598 4563 843 4636 induitur
869 4565 921 4620 5.
955 4635 963 4636 ί
997 4564 1068 4598 νη
1093 4551 1212 4620 ίῖςιεί
1243 4564 1294 4636 s.
1330 4565 1415 4636 tt.
1450 4565 1536 4636 12.
1563 4563 1736 4636 ethasi
1758 4563 1830 4636 7_._
1889 4559 1958 4592 ιω
1981 4551 2531 4636 latitittlittelit,_ontnil

692 4635 886 4702 quibus
931 4635 1070 4688 deest
1101 4637 1120 4688 l
1161 4666 1228 4676 —
1253 4635 1339 4688 5a.
1370 4635 1420 4688 d.
1447 4633 1479 4690 6
1504 4664 1574 4674 -—
1598 4633 1684 4688 l2.
1761 4631 1832 4662 ⁸⁵³
1849 4629 2024 4702 carris
2051 4625 2304 4702 imbrium
2329 4625 2381 4677 4.
2410 4623 2534 4677 tecti
2561 4623 2758 4702 9:42.

909 4687 1237 4760 ’"rhabent.
1262 4687 1488 4758 iAurum
1519 4705 1572 4760 5.
1602 4703 1729 4770 quid
1759 4701 1861 4756 nisi
1904 4697 2134 4770 silvaﬂ'l.
2179 4695 2306 4764 quid
2338 4702 2534 4770 praeter
2575 4693 2740 4770 silyas
2777 4693 2832 4746 t.
2881 4692 3008 4762 quid
3039 4693 3143 4747 illis
3172 4693 3236 4770 5._
3281 4687 3335 4748 5:
3371 4759 3384 4766 _

99 4626 270 4684 nudus
306 4633 390 4686 5a.
441 4633 490 4688 d.
569 4633 639 4666 ⁹⁸²

98 4707 180 4772 Ριᾭ
197 4702 348 4772 tectis
380 4701 729 4772 domibusqns
755 4703 809 4758 6.

1889 4559 1958 4592 ⁸⁵⁸
1983 4550 2340 4616 latitudinem,
2365 4552 2614 4607 omnibus
2643 4553 2782 4607 hanc
2820 4551 2874 4604 2.
2906 4551 3074 4622 5a.d.
3149 4550 3218 4582 ⁹¹⁵¹
3245 4569 3341 4622 per

2853 4621 2922 4656 9"
2955 4621 3148 4676 hiemis
3173 4637 3338 4682 causa

101 4766 208 4839 flui'd
233 4771 306 4842 eis
335 4763 724 4840 superesset-8.
758 4775 886 4842 quid
913 4785 1225 4842 superesset
1251 4775 1286 4830 9
1310 4804 1382 4815 -
1409 4775 1494 4828 12.
1569 4763 1642 4807 ⁸⁵⁸
1671 4772 1714 4828 si
1773 4771 1994 4842 ﬁgurari
2029 4763 2215 4842 liceret
2233 4779 2432 4842 _anru_m
2460 4763 2522 4842 2._
2578 4765 2660 4842 ξδ’
2691 4763 2826 4842 lana:
2859 4777 2986 4816 usus
3014 4777 3078 4816 ac
3105 4763 3336 4816 vestium

101 4839 250 4899 'tinari
277 4839 408 4895 sunt
427 4843 477 4896 5.
509 4839 948 4898 vestimentorum
977 4839 1028 4896 7.
1106 4845 1177 4879 ³⁸⁸
1205 4845 1366 4899 inacti
1395 4844 1450 4898 2.
1484 4844 1536 4897 7.

99 4899 146 4986 ᾖ
173 4904 261 4986 5dL
321 4912 399 4986 "'_
428 4913 732 4986 zopyriona
760 4914 848 4986 5c.
882 4929 932 4986 e.
1007 4913 1080 4946 ⁸⁸³
1126 4917 1262 4986 patri
1295 4915 1504 4986 ratione
1532 4913 1586 4986 2.

101 4971 442 5052 Ch09»_2Aarchi
611 4983 683 5014 ³⁸⁷
735 4984 1078 5039 thanaitenus
1115 4971 1254 5038 deest
1307 4985 1360 5037 7.
1409 4985 1533 5039 9——
1565 4983 1650 5037 12.
1705 4971 1936 5052 regiq'a
1987 4977 2169 5034 thanai
2217 4974 2378 5052 ﬂuvio
2424 4973 2478 5030 5.

1612 4841 1682 4878 ³⁸⁸
1705 4833 1864 4896 invisi
1893 4840 1984 4894 5d.
2057 4837 2128 4871 ⁹⁸⁰
2175 4835 2452 4888 inlustrior
2480 4834 2552 4887 sit
2576 4833 2630 4885 2.

1681 4911 1753 4944 ⁸⁸⁸
1800 4909 2042 4979 corporis
2069 4907 2120 4962 5.
2156 4905 2248 4979 5.-
2282 4904 2354 4979 ¹⁹⁶-⁸
2379 4913 2679 4979 etecontra
2729 4903 2780 4956 5.

2721 4832 2788 4864 ⁹⁶¹
2815 4847 3020 4887 sunnna
3054 4842 3339 4886 moverunt

2869 4902 2939 4933 m
2985 4911 3132 4955 actos
3165 4901 3213 4954 l.
3248 4917 3342 4953 ar-

2575 4975 2646 5006 ¹¹⁶⁸
2671 4974 2964 5042 germania:
2993 4985 3116 5050 sepe
3167 4985 3340 5022 annu-

103 5047 366 5124 lflerabitus
395 5052 479 5124 5c,
509 5055 906 5124 engermaniae
967 5069 1109 5123 smpe
1165 5054 1594 5124 innumerabitur
1637 5053 1688 5106 i.
1739 5043 1799 5106 2T
1846 5049 1934 5124 _5a_.
1967 5052 2054 5124 d._
2071 5044 2346 5124 germania
2398 5043 2801 5124 nomineturS.
2843 5043 3336 5124 gerlnanimmsafpe

103 5115 375 5176 dominetur
401 5122 454 5176 4.

102 5174 176 5249 {5?-
199 5183 248 5240 d.
355 5174 428 5225 ’τί
443 5174 669 5247 illiriam
857 5174 934 5225 δίε
978 5174 1480 5249 aestuaria
1495 5174 1557 5248 ’6.

551 5119 644 5157 ’⁸⁸⁷
675 5123 941 5202 vocabulo
983 5119 1338 5202 ndrtmanniae
1379 5139 1539 5202 sarpe‘
1561 5119 1990 5202 innumerabiles
2023 5119 2093 5202 7A;
2179 5119 2468 5202 “7"prleti‘o
2512 5119 2800 5202 traduntur
2817 5119 2892 5202 '5.

1658 5175 1992 5261 "(pertinati
2039 5190 2094 5243 2.
2157 5175 2388 5258 pezinati
2419 5183 2472 5237 6.
2533 5182 2773 5254 pecenati
2817 5183 2873 5234 7.
2925 5175 3174 5250 pecenaci
3203 5175 3238 5228 8
3265 5205 3336 5214 —

2179 5115 2250 5149 ⁵⁷⁸
2293 5115 2468 5182 pretio
2512 5115 2800 5167 traduntur
2840 5107 2892 5166 εἴ.
2969 5111 3034 5144 ’τί
3070 5107 3340 5182 germinat

105 5245 176 5304 12.
223 5245 651 5318 νοεεώιιηὶῦῘῚ.
727 5261 799 5294 ⁸⁷⁸
853 5245 1183 5320 exuberante
1226 5245 1586 5319 multitudine
1631 5245 1776 5316 deest'
1817 5259 1871 5314 5.

1583 5351 1814 5410 NOTAE.

165 5438 262 5478 mm
309 5444 510 5494 QM-ﬂ-in
545 5459 604 5490 ul
643 5449 790 5484 m'un'
825 5465 993 5490 "anno
1031 5450 1324 5491 inducam-nr
1363 5451 1642 5496 doctu-ani“!

1751 5449 1918 5496 nium.
1955 5449 2080 5496 “me
2109 5445 2484 5496 desiderantur
2513 5444 2566 5496 in
2596 5441 2826 5496 Justino.
