  <div class='ocr_page' id='page_1' title='image "/cluster/home/n/w/nwhite01/storage/ocr_20150623/132/hvd.32044015471733/071.png"; bbox 0 0 4010 6394; ppageno 0'>
   <div class='ocr_carea' id='block_1_1' title="bbox 598 379 3843 449">
    <p class='ocr_par' dir='ltr' id='par_1_1' title="bbox 598 379 3843 449">
     <span class='ocr_line' id='line_1_1' title="bbox 598 379 3843 449; baseline -0 -10"><span class='ocrx_word' id='word_1_1' title='bbox 598 393 691 449; x_wconf 74' lang='grc'><strong>151</strong></span> <span class='ocrx_word' id='word_1_2' title='bbox 1622 379 1990 437; x_wconf 74' lang='lat' dir='ltr'><strong>REGINONIS</strong></span> <span class='ocrx_word' id='word_1_3' title='bbox 2029 379 2444 438; x_wconf 79' lang='lat' dir='ltr'><strong>PRUMIENSIS</strong></span> <span class='ocrx_word' id='word_1_4' title='bbox 2481 381 2770 438; x_wconf 81' lang='lat' dir='ltr'><strong>ABBATIS</strong></span> <span class='ocrx_word' id='word_1_5' title='bbox 3758 381 3843 440; x_wconf 68' lang='lat'><strong>152</strong></span> 
     </span>
    </p>
   </div>
   <div class='ocr_carea' id='block_1_2' title="bbox 595 513 3840 596">
    <p class='ocr_par' dir='ltr' id='par_1_2' title="bbox 595 513 3840 596">
     <span class='ocr_line' id='line_1_2' title="bbox 595 513 3840 596; baseline -0.002 -15"><span class='ocrx_word' id='word_1_6' title='bbox 595 528 720 591; x_wconf 88' lang='lat' dir='ltr'><strong>das,</strong></span> <span class='ocrx_word' id='word_1_7' title='bbox 761 540 895 595; x_wconf 90' lang='lat' dir='ltr'><strong>quas</strong></span> <span class='ocrx_word' id='word_1_8' title='bbox 947 529 1166 594; x_wconf 89' lang='lat' dir='ltr'><strong>possent</strong></span> <span class='ocrx_word' id='word_1_9' title='bbox 1207 517 1443 576; x_wconf 80' lang='lat' dir='ltr'><strong>incolere</strong></span> <span class='ocrx_word' id='word_1_10' title='bbox 1493 527 1699 584; x_wconf 88' lang='lat' dir='ltr'><strong>terras,</strong></span> <span class='ocrx_word' id='word_1_11' title='bbox 1748 520 2012 589; x_wconf 85' lang='lat' dir='ltr'><strong>sedesque</strong></span> <span class='ocrx_word' id='word_1_12' title='bbox 2058 527 2172 572; x_wconf 86' lang='lat' dir='ltr'><strong>sta-</strong></span> <span class='ocrx_word' id='word_1_13' title='bbox 2203 538 2247 596; x_wconf 71' lang='grc' dir='ltr'><em>Α</em></span> <span class='ocrx_word' id='word_1_14' title='bbox 2278 533 2375 574; x_wconf 87' lang='lat' dir='ltr'><strong>cos</strong></span> <span class='ocrx_word' id='word_1_15' title='bbox 2417 528 2598 574; x_wconf 91' lang='lat' dir='ltr'><strong>motus</strong></span> <span class='ocrx_word' id='word_1_16' title='bbox 2645 514 2906 590; x_wconf 87' lang='lat' dir='ltr'><strong>inquieti,</strong></span> <span class='ocrx_word' id='word_1_17' title='bbox 2955 525 3149 573; x_wconf 87' lang='lat' dir='ltr'><strong>natura</strong></span> <span class='ocrx_word' id='word_1_18' title='bbox 3200 513 3378 580; x_wconf 86' lang='lat' dir='ltr'><strong>taciti,</strong></span> <span class='ocrx_word' id='word_1_19' title='bbox 3431 517 3499 572; x_wconf 88' lang='lat' dir='ltr'><strong>ad</strong></span> <span class='ocrx_word' id='word_1_20' title='bbox 3557 515 3840 577; x_wconf 83' lang='lat' dir='ltr'><strong>faciendum</strong></span> 
     </span>
    </p>
   </div>
   <div class='ocr_carea' id='block_1_3' title="bbox 599 610 2174 684">
    <p class='ocr_par' dir='ltr' id='par_1_3' title="bbox 599 610 2174 684">
     <span class='ocr_line' id='line_1_3' title="bbox 599 610 2174 684; baseline -0.006 -11"><span class='ocrx_word' id='word_1_21' title='bbox 599 629 781 682; x_wconf 78' lang='lat' dir='ltr'><strong>tuere,</strong></span> <span class='ocrx_word' id='word_1_22' title='bbox 813 614 1174 670; x_wconf 83' lang='lat' dir='ltr'><strong>valediccntes</strong></span> <span class='ocrx_word' id='word_1_23' title='bbox 1212 612 1399 684; x_wconf 75' lang='lat' dir='ltr'><strong>patriae</strong></span> <span class='ocrx_word' id='word_1_24' title='bbox 1434 612 1538 666; x_wconf 91' lang='lat' dir='ltr'><strong>iter</strong></span> <span class='ocrx_word' id='word_1_25' title='bbox 1571 611 1857 680; x_wconf 89' lang='lat' dir='ltr'><strong>arripiunt.</strong></span> <span class='ocrx_word' id='word_1_26' title='bbox 1897 610 1962 664; x_wconf 89' lang='lat' dir='ltr'><strong>Et</strong></span> <span class='ocrx_word' id='word_1_27' title='bbox 1999 610 2174 680; x_wconf 89' lang='lat' dir='ltr'><strong>primo</strong></span> 
     </span>
    </p>
   </div>
   <div class='ocr_carea' id='block_1_4' title="bbox 599 687 2172 779">
    <p class='ocr_par' dir='ltr' id='par_1_4' title="bbox 599 687 2172 779">
     <span class='ocr_line' id='line_1_4' title="bbox 599 687 2172 779; baseline -0.005 -15"><span class='ocrx_word' id='word_1_28' title='bbox 599 687 815 779; x_wconf 80' lang='lat' dir='ltr'><strong>quidem</strong></span> <span class='ocrx_word' id='word_1_29' title='bbox 855 706 1257 762; x_wconf 87' lang='lat' dir='ltr'><strong>Pannoniorum</strong></span> <span class='ocrx_word' id='word_1_30' title='bbox 1293 711 1348 758; x_wconf 91' lang='lat' dir='ltr'><strong>ct</strong></span> <span class='ocrx_word' id='word_1_31' title='bbox 1375 704 1612 757; x_wconf 84' lang='lat' dir='ltr'><strong>Avarum</strong></span> <span class='ocrx_word' id='word_1_32' title='bbox 1641 701 1713 732; x_wconf 75' lang='grc'><strong>⁸⁷⁸</strong></span> <span class='ocrx_word' id='word_1_33' title='bbox 1741 701 2057 756; x_wconf 91' lang='lat' dir='ltr'><strong>solitudines</strong></span> <span class='ocrx_word' id='word_1_34' title='bbox 2081 700 2172 765; x_wconf 64' lang='lat'><strong>9&#39;”,</strong></span> 
     </span>
    </p>
   </div>
   <div class='ocr_carea' id='block_1_5' title="bbox 597 791 2178 872">
    <p class='ocr_par' dir='ltr' id='par_1_5' title="bbox 597 791 2178 872">
     <span class='ocr_line' id='line_1_5' title="bbox 597 791 2178 872; baseline -0.008 -16"><span class='ocrx_word' id='word_1_35' title='bbox 597 808 966 872; x_wconf 81' lang='lat' dir='ltr'><strong>pererrantes,</strong></span> <span class='ocrx_word' id='word_1_36' title='bbox 1007 805 1205 851; x_wconf 85' lang='lat' dir='ltr'><strong>venatu</strong></span> <span class='ocrx_word' id='word_1_37' title='bbox 1245 809 1309 849; x_wconf 90' lang='lat' dir='ltr'><strong>ac</strong></span> <span class='ocrx_word' id='word_1_38' title='bbox 1346 793 1645 864; x_wconf 88' lang='lat' dir='ltr'><strong>piscatione</strong></span> <span class='ocrx_word' id='word_1_39' title='bbox 1675 791 1747 823; x_wconf 73' lang='grc'><strong>³⁷⁸</strong></span> <span class='ocrx_word' id='word_1_40' title='bbox 1780 791 1980 845; x_wconf 84' lang='lat' dir='ltr'><strong>victum</strong></span> <span class='ocrx_word' id='word_1_41' title='bbox 2017 791 2178 845; x_wconf 90' lang='lat' dir='ltr'><strong>cotti-</strong></span> 
     </span>
    </p>
   </div>
   <div class='ocr_carea' id='block_1_6' title="bbox 598 879 2176 962">
    <p class='ocr_par' dir='ltr' id='par_1_6' title="bbox 598 879 2176 962">
     <span class='ocr_line' id='line_1_6' title="bbox 598 879 2176 962; baseline -0.01 -14"><span class='ocrx_word' id='word_1_42' title='bbox 598 895 814 948; x_wconf 86' lang='lat' dir='ltr'><strong>dianqu</strong></span> <span class='ocrx_word' id='word_1_43' title='bbox 855 890 1188 962; x_wconf 75' lang='lat' dir='ltr'><strong>quaeritant;</strong></span> <span class='ocrx_word' id='word_1_44' title='bbox 1242 886 1438 941; x_wconf 89' lang='lat' dir='ltr'><strong>deinde</strong></span> <span class='ocrx_word' id='word_1_45' title='bbox 1483 883 1949 947; x_wconf 87' lang='lat' dir='ltr'><strong>Carantanorum,</strong></span> <span class='ocrx_word' id='word_1_46' title='bbox 1999 879 2176 934; x_wconf 85' lang='lat' dir='ltr'><strong>Mara-</strong></span> 
     </span>
    </p>
   </div>
   <div class='ocr_carea' id='block_1_7' title="bbox 597 972 2176 1052">
    <p class='ocr_par' dir='ltr' id='par_1_7' title="bbox 597 972 2176 1052">
     <span class='ocr_line' id='line_1_7' title="bbox 597 972 2176 1052; baseline -0.009 -14"><span class='ocrx_word' id='word_1_47' title='bbox 597 985 844 1040; x_wconf 88' lang='lat' dir='ltr'><strong>hensium</strong></span> <span class='ocrx_word' id='word_1_48' title='bbox 877 999 938 1037; x_wconf 92' lang='lat' dir='ltr'><strong>ac</strong></span> <span class='ocrx_word' id='word_1_49' title='bbox 972 981 1266 1052; x_wconf 84' lang='lat' dir='ltr'><strong>Vulgarum</strong></span> <span class='ocrx_word' id='word_1_50' title='bbox 1295 976 1366 1010; x_wconf 82' lang='lat'><strong>°&quot;</strong></span> <span class='ocrx_word' id='word_1_51' title='bbox 1398 977 1536 1032; x_wconf 80' lang='lat' dir='ltr'><strong>fines</strong></span> <span class='ocrx_word' id='word_1_52' title='bbox 1565 974 1772 1030; x_wconf 85' lang='lat' dir='ltr'><strong>crebris</strong></span> <span class='ocrx_word' id='word_1_53' title='bbox 1807 972 2176 1028; x_wconf 90' lang='lat' dir='ltr'><strong>incursionum</strong></span> 
     </span>
    </p>
   </div>
   <div class='ocr_carea' id='block_1_8' title="bbox 597 1063 2178 1141">
    <p class='ocr_par' dir='ltr' id='par_1_8' title="bbox 597 1063 2178 1141">
     <span class='ocr_line' id='line_1_8' title="bbox 597 1063 2178 1141; baseline -0.009 -9"><span class='ocrx_word' id='word_1_54' title='bbox 597 1075 1037 1132; x_wconf 75' lang='lat' dir='ltr'><strong>infestationibus</strong></span> <span class='ocrx_word' id='word_1_55' title='bbox 1068 1075 1410 1141; x_wconf 81' lang='lat' dir='ltr'><strong>irrumpunt,</strong></span> <span class='ocrx_word' id='word_1_56' title='bbox 1441 1081 1740 1140; x_wconf 84' lang='lat' dir='ltr'><strong>perpaucos</strong></span> <span class='ocrx_word' id='word_1_57' title='bbox 1767 1065 1977 1137; x_wconf 83' lang='lat' dir='ltr'><strong>gladio,</strong></span> <span class='ocrx_word' id='word_1_58' title='bbox 2010 1063 2178 1118; x_wconf 84' lang='lat' dir='ltr'><strong>multa</strong></span> 
     </span>
    </p>
   </div>
   <div class='ocr_carea' id='block_1_9' title="bbox 597 1158 2178 1242">
    <p class='ocr_par' dir='ltr' id='par_1_9' title="bbox 597 1158 2178 1242">
     <span class='ocr_line' id='line_1_9' title="bbox 597 1158 2178 1242; baseline -0.009 -15"><span class='ocrx_word' id='word_1_59' title='bbox 597 1173 742 1227; x_wconf 89' lang='lat' dir='ltr'><strong>milia</strong></span> <span class='ocrx_word' id='word_1_60' title='bbox 773 1169 985 1242; x_wconf 82' lang='lat' dir='ltr'><strong>sagittis</strong></span> <span class='ocrx_word' id='word_1_61' title='bbox 1012 1169 1359 1232; x_wconf 89' lang='lat' dir='ltr'><strong>interimunt;</strong></span> <span class='ocrx_word' id='word_1_62' title='bbox 1389 1180 1526 1234; x_wconf 89' lang='lat' dir='ltr'><strong>quas</strong></span> <span class='ocrx_word' id='word_1_63' title='bbox 1554 1172 1702 1217; x_wconf 88' lang='lat' dir='ltr'><strong>tanta</strong></span> <span class='ocrx_word' id='word_1_64' title='bbox 1734 1169 1850 1216; x_wconf 87' lang='lat' dir='ltr'><strong>arte</strong></span> <span class='ocrx_word' id='word_1_65' title='bbox 1876 1175 1940 1215; x_wconf 83' lang='lat' dir='ltr'><strong>ex</strong></span> <span class='ocrx_word' id='word_1_66' title='bbox 1965 1158 2178 1214; x_wconf 88' lang='lat' dir='ltr'><strong>corneis</strong></span> 
     </span>
    </p>
   </div>
   <div class='ocr_carea' id='block_1_10' title="bbox 598 1251 2175 1332">
    <p class='ocr_par' dir='ltr' id='par_1_10' title="bbox 598 1251 2175 1332">
     <span class='ocr_line' id='line_1_10' title="bbox 598 1251 2175 1332; baseline -0.009 -14"><span class='ocrx_word' id='word_1_67' title='bbox 598 1263 831 1318; x_wconf 84' lang='lat' dir='ltr'><strong>arcubus</strong></span> <span class='ocrx_word' id='word_1_68' title='bbox 852 1263 1108 1332; x_wconf 84' lang='lat' dir='ltr'><strong>dirigunt,</strong></span> <span class='ocrx_word' id='word_1_69' title='bbox 1129 1269 1387 1316; x_wconf 86' lang='lat' dir='ltr'><strong>utearum</strong></span> <span class='ocrx_word' id='word_1_70' title='bbox 1413 1257 1552 1313; x_wconf 91' lang='lat' dir='ltr'><strong>ictus</strong></span> <span class='ocrx_word' id='word_1_71' title='bbox 1571 1255 1656 1308; x_wconf 80' lang='lat' dir='ltr'><strong>vix</strong></span> <span class='ocrx_word' id='word_1_72' title='bbox 1677 1252 1970 1324; x_wconf 75' lang='lat' dir='ltr'><strong>praecaveri</strong></span> <span class='ocrx_word' id='word_1_73' title='bbox 1986 1251 2175 1322; x_wconf 91' lang='lat' dir='ltr'><strong>possit.</strong></span> 
     </span>
    </p>
   </div>
   <div class='ocr_carea' id='block_1_11' title="bbox 598 1344 2179 1427">
    <p class='ocr_par' dir='ltr' id='par_1_11' title="bbox 598 1344 2179 1427">
     <span class='ocr_line' id='line_1_11' title="bbox 598 1344 2179 1427; baseline -0.011 -15"><span class='ocrx_word' id='word_1_74' title='bbox 598 1356 856 1412; x_wconf 90' lang='lat' dir='ltr'><strong>Cominus</strong></span> <span class='ocrx_word' id='word_1_75' title='bbox 891 1353 1040 1427; x_wconf 88' lang='grc'><strong>(101)</strong></span> <span class='ocrx_word' id='word_1_76' title='bbox 1070 1353 1218 1408; x_wconf 88' lang='lat' dir='ltr'><strong>enim</strong></span> <span class='ocrx_word' id='word_1_77' title='bbox 1249 1352 1303 1405; x_wconf 92' lang='lat' dir='ltr'><strong>in</strong></span> <span class='ocrx_word' id='word_1_78' title='bbox 1339 1350 1455 1405; x_wconf 85' lang='lat' dir='ltr'><strong>acie</strong></span> <span class='ocrx_word' id='word_1_79' title='bbox 1493 1347 1759 1419; x_wconf 70' lang='lat' dir='ltr'><strong>prmliari,</strong></span> <span class='ocrx_word' id='word_1_80' title='bbox 1798 1353 1890 1398; x_wconf 88' lang='lat' dir='ltr'><strong>aut</strong></span> <span class='ocrx_word' id='word_1_81' title='bbox 1925 1344 2179 1398; x_wconf 88' lang='lat' dir='ltr'><strong>obsessas</strong></span> 
     </span>
    </p>
   </div>
   <div class='ocr_carea' id='block_1_12' title="bbox 599 1435 2180 1519">
    <p class='ocr_par' dir='ltr' id='par_1_12' title="bbox 599 1435 2180 1519">
     <span class='ocr_line' id='line_1_12' title="bbox 599 1435 2180 1519; baseline -0.008 -16"><span class='ocrx_word' id='word_1_82' title='bbox 599 1462 909 1519; x_wconf 83' lang='lat' dir='ltr'><strong>expugnare</strong></span> <span class='ocrx_word' id='word_1_83' title='bbox 943 1447 1105 1502; x_wconf 86' lang='lat' dir='ltr'><strong>urbes</strong></span> <span class='ocrx_word' id='word_1_84' title='bbox 1148 1444 1415 1500; x_wconf 89' lang='lat' dir='ltr'><strong>nesciunt.</strong></span> <span class='ocrx_word' id='word_1_85' title='bbox 1455 1441 1706 1512; x_wconf 80' lang='lat' dir='ltr'><strong>Pugnant</strong></span> <span class='ocrx_word' id='word_1_86' title='bbox 1744 1445 1926 1493; x_wconf 89' lang='lat' dir='ltr'><strong>autem</strong></span> <span class='ocrx_word' id='word_1_87' title='bbox 1964 1435 2034 1466; x_wconf 72' lang='grc' dir='ltr'><strong>’⁸ο</strong></span> <span class='ocrx_word' id='word_1_88' title='bbox 2063 1449 2180 1506; x_wconf 89' lang='lat' dir='ltr'><strong>pro-</strong></span> 
     </span>
    </p>
   </div>
   <div class='ocr_carea' id='block_1_13' title="bbox 599 1527 2179 1606">
    <p class='ocr_par' dir='ltr' id='par_1_13' title="bbox 599 1527 2179 1606">
     <span class='ocr_line' id='line_1_13' title="bbox 599 1527 2179 1606; baseline -0.009 -13"><span class='ocrx_word' id='word_1_89' title='bbox 599 1537 943 1593; x_wconf 90' lang='lat' dir='ltr'><strong>currentibus</strong></span> <span class='ocrx_word' id='word_1_90' title='bbox 969 1537 1156 1606; x_wconf 92' lang='lat' dir='ltr'><strong>equis,</strong></span> <span class='ocrx_word' id='word_1_91' title='bbox 1197 1544 1290 1590; x_wconf 90' lang='lat' dir='ltr'><strong>aut</strong></span> <span class='ocrx_word' id='word_1_92' title='bbox 1331 1543 1476 1605; x_wconf 88' lang='lat' dir='ltr'><strong>terga</strong></span> <span class='ocrx_word' id='word_1_93' title='bbox 1514 1531 1798 1595; x_wconf 87' lang='lat' dir='ltr'><strong>dantibus,</strong></span> <span class='ocrx_word' id='word_1_94' title='bbox 1840 1542 1981 1599; x_wconf 66' lang='lat' dir='ltr'><strong>saepe</strong></span> <span class='ocrx_word' id='word_1_95' title='bbox 2015 1527 2179 1582; x_wconf 89' lang='lat' dir='ltr'><strong>etiam</strong></span> 
     </span>
    </p>
   </div>
   <div class='ocr_carea' id='block_1_14' title="bbox 601 1617 2179 1699">
    <p class='ocr_par' dir='ltr' id='par_1_14' title="bbox 601 1617 2179 1699">
     <span class='ocr_line' id='line_1_14' title="bbox 601 1617 2179 1699; baseline -0.008 -17"><span class='ocrx_word' id='word_1_96' title='bbox 601 1630 780 1699; x_wconf 82' lang='lat' dir='ltr'><strong>fugam</strong></span> <span class='ocrx_word' id='word_1_97' title='bbox 811 1628 1066 1684; x_wconf 86' lang='lat' dir='ltr'><strong>simulant</strong></span> <span class='ocrx_word' id='word_1_98' title='bbox 1092 1644 1107 1693; x_wconf 92' lang='lat'><strong>;</strong></span> <span class='ocrx_word' id='word_1_99' title='bbox 1138 1642 1237 1682; x_wconf 90' lang='lat' dir='ltr'><strong>nec</strong></span> <span class='ocrx_word' id='word_1_100' title='bbox 1264 1639 1505 1697; x_wconf 89' lang='lat' dir='ltr'><strong>pugnare</strong></span> <span class='ocrx_word' id='word_1_101' title='bbox 1529 1621 1620 1678; x_wconf 91' lang='lat' dir='ltr'><strong>diu</strong></span> <span class='ocrx_word' id='word_1_102' title='bbox 1647 1627 1890 1691; x_wconf 88' lang='lat' dir='ltr'><strong>possunt.</strong></span> <span class='ocrx_word' id='word_1_103' title='bbox 1916 1617 2179 1673; x_wconf 64' lang='lat' dir='ltr'><strong>Caeterum</strong></span> 
     </span>
    </p>
   </div>
   <div class='ocr_carea' id='block_1_15' title="bbox 600 1706 2184 1786">
    <p class='ocr_par' dir='ltr' id='par_1_15' title="bbox 600 1706 2184 1786">
     <span class='ocr_line' id='line_1_15' title="bbox 600 1706 2184 1786; baseline -0.01 -10"><span class='ocrx_word' id='word_1_104' title='bbox 600 1720 924 1776; x_wconf 87' lang='lat' dir='ltr'><strong>intolerandi</strong></span> <span class='ocrx_word' id='word_1_105' title='bbox 982 1720 1202 1784; x_wconf 81' lang='lat' dir='ltr'><strong>forent,</strong></span> <span class='ocrx_word' id='word_1_106' title='bbox 1260 1717 1305 1772; x_wconf 89' lang='lat' dir='ltr'><strong>si</strong></span> <span class='ocrx_word' id='word_1_107' title='bbox 1355 1723 1591 1786; x_wconf 89' lang='lat' dir='ltr'><strong>quantus</strong></span> <span class='ocrx_word' id='word_1_108' title='bbox 1640 1719 1725 1766; x_wconf 88' lang='lat' dir='ltr'><strong>est.</strong></span> <span class='ocrx_word' id='word_1_109' title='bbox 1776 1710 2050 1779; x_wconf 88' lang='lat' dir='ltr'><strong>impetus,</strong></span> <span class='ocrx_word' id='word_1_110' title='bbox 2102 1706 2184 1760; x_wconf 88' lang='lat' dir='ltr'><strong>vis</strong></span> 
     </span>
    </p>
   </div>
   <div class='ocr_carea' id='block_1_16' title="bbox 604 1802 2184 1883">
    <p class='ocr_par' dir='ltr' id='par_1_16' title="bbox 604 1802 2184 1883">
     <span class='ocr_line' id='line_1_16' title="bbox 604 1802 2184 1883; baseline -0.01 -15"><span class='ocrx_word' id='word_1_111' title='bbox 604 1822 750 1868; x_wconf 91' lang='lat' dir='ltr'><strong>tanta</strong></span> <span class='ocrx_word' id='word_1_112' title='bbox 779 1821 834 1868; x_wconf 92' lang='lat' dir='ltr'><strong>et</strong></span> <span class='ocrx_word' id='word_1_113' title='bbox 866 1810 1268 1883; x_wconf 85' lang='lat' dir='ltr'><strong>perseverantia</strong></span> <span class='ocrx_word' id='word_1_114' title='bbox 1305 1817 1468 1864; x_wconf 88' lang='lat' dir='ltr'><strong>esset.</strong></span> <span class='ocrx_word' id='word_1_115' title='bbox 1502 1806 1828 1874; x_wconf 87' lang='lat' dir='ltr'><strong>Plerumque</strong></span> <span class='ocrx_word' id='word_1_116' title='bbox 1864 1802 1917 1857; x_wconf 91' lang='lat' dir='ltr'><strong>iu</strong></span> <span class='ocrx_word' id='word_1_117' title='bbox 1949 1802 2066 1871; x_wconf 89' lang='lat' dir='ltr'><strong>ipso</strong></span> <span class='ocrx_word' id='word_1_118' title='bbox 2097 1815 2184 1852; x_wconf 83' lang='lat' dir='ltr'><strong>ar-</strong></span> 
     </span>
    </p>
   </div>
   <div class='ocr_carea' id='block_1_17' title="bbox 601 1894 2182 1975">
    <p class='ocr_par' dir='ltr' id='par_1_17' title="bbox 601 1894 2182 1975">
     <span class='ocr_line' id='line_1_17' title="bbox 601 1894 2182 1975; baseline -0.009 -14"><span class='ocrx_word' id='word_1_119' title='bbox 601 1898 732 1962; x_wconf 78' lang='lat' dir='ltr'><strong>dore</strong></span> <span class='ocrx_word' id='word_1_120' title='bbox 783 1901 1096 1960; x_wconf 82' lang='lat' dir='ltr'><strong>certaminis</strong></span> <span class='ocrx_word' id='word_1_121' title='bbox 1146 1903 1331 1975; x_wconf 72' lang='lat' dir='ltr'><strong>prmlia</strong></span> <span class='ocrx_word' id='word_1_122' title='bbox 1385 1901 1676 1964; x_wconf 88' lang='lat' dir='ltr'><strong>deserunt,</strong></span> <span class='ocrx_word' id='word_1_123' title='bbox 1737 1913 1801 1952; x_wconf 85' lang='lat' dir='ltr'><strong>ac</strong></span> <span class='ocrx_word' id='word_1_124' title='bbox 1849 1894 2009 1966; x_wconf 92' lang='lat' dir='ltr'><strong>paulo</strong></span> <span class='ocrx_word' id='word_1_125' title='bbox 2060 1900 2182 1964; x_wconf 91' lang='lat' dir='ltr'><strong>post</strong></span> 
     </span>
    </p>
   </div>
   <div class='ocr_carea' id='block_1_18' title="bbox 604 1985 2181 2068">
    <p class='ocr_par' dir='ltr' id='par_1_18' title="bbox 604 1985 2181 2068">
     <span class='ocr_line' id='line_1_18' title="bbox 604 1985 2181 2068; baseline -0.008 -18"><span class='ocrx_word' id='word_1_126' title='bbox 604 2011 837 2068; x_wconf 79' lang='lat' dir='ltr'><strong>pugnam</strong></span> <span class='ocrx_word' id='word_1_127' title='bbox 868 2013 934 2050; x_wconf 81' lang='lat' dir='ltr'><strong>ex</strong></span> <span class='ocrx_word' id='word_1_128' title='bbox 971 1995 1094 2067; x_wconf 85' lang='lat' dir='ltr'><strong>fuga</strong></span> <span class='ocrx_word' id='word_1_129' title='bbox 1137 2002 1422 2065; x_wconf 87' lang='lat' dir='ltr'><strong>repetunt,</strong></span> <span class='ocrx_word' id='word_1_130' title='bbox 1459 2001 1518 2045; x_wconf 93' lang='lat' dir='ltr'><strong>ut</strong></span> <span class='ocrx_word' id='word_1_131' title='bbox 1555 2006 1677 2046; x_wconf 94' lang='lat' dir='ltr'><strong>cum</strong></span> <span class='ocrx_word' id='word_1_132' title='bbox 1719 1988 1952 2043; x_wconf 82' lang='lat' dir='ltr'><strong>maxime</strong></span> <span class='ocrx_word' id='word_1_133' title='bbox 1985 1985 2181 2040; x_wconf 87' lang='lat' dir='ltr'><strong>vicisse</strong></span> 
     </span>
    </p>
   </div>
   <div class='ocr_carea' id='block_1_19' title="bbox 604 2075 2184 2156">
    <p class='ocr_par' dir='ltr' id='par_1_19' title="bbox 604 2075 2184 2156">
     <span class='ocr_line' id='line_1_19' title="bbox 604 2075 2184 2156; baseline -0.006 -17"><span class='ocrx_word' id='word_1_134' title='bbox 604 2096 656 2140; x_wconf 90' lang='lat' dir='ltr'><strong>te</strong></span> <span class='ocrx_word' id='word_1_135' title='bbox 685 2095 876 2156; x_wconf 88' lang='lat' dir='ltr'><strong>putes,</strong></span> <span class='ocrx_word' id='word_1_136' title='bbox 913 2095 1040 2140; x_wconf 92' lang='lat' dir='ltr'><strong>tunc</strong></span> <span class='ocrx_word' id='word_1_137' title='bbox 1073 2085 1172 2139; x_wconf 90' lang='lat' dir='ltr'><strong>tibi</strong></span> <span class='ocrx_word' id='word_1_138' title='bbox 1209 2083 1499 2140; x_wconf 88' lang='lat' dir='ltr'><strong>discrimen</strong></span> <span class='ocrx_word' id='word_1_139' title='bbox 1536 2079 1872 2136; x_wconf 91' lang='lat' dir='ltr'><strong>subeundum</strong></span> <span class='ocrx_word' id='word_1_140' title='bbox 1913 2077 2000 2132; x_wconf 90' lang='lat' dir='ltr'><strong>sit.</strong></span> <span class='ocrx_word' id='word_1_141' title='bbox 2041 2075 2184 2143; x_wconf 84' lang='lat' dir='ltr'><strong>Quo-</strong></span> 
     </span>
    </p>
   </div>
   <div class='ocr_carea' id='block_1_20' title="bbox 601 2168 2184 2247">
    <p class='ocr_par' dir='ltr' id='par_1_20' title="bbox 601 2168 2184 2247">
     <span class='ocr_line' id='line_1_20' title="bbox 601 2168 2184 2247; baseline -0.005 -17"><span class='ocrx_word' id='word_1_142' title='bbox 601 2193 721 2230; x_wconf 89' lang='lat' dir='ltr'><strong>rum</strong></span> <span class='ocrx_word' id='word_1_143' title='bbox 759 2192 938 2247; x_wconf 86' lang='lat' dir='ltr'><strong>pugna</strong></span> <span class='ocrx_word' id='word_1_144' title='bbox 959 2215 974 2239; x_wconf 92' lang='lat'><strong>,</strong></span> <span class='ocrx_word' id='word_1_145' title='bbox 1024 2191 1130 2245; x_wconf 91' lang='lat' dir='ltr'><strong>quo</strong></span> <span class='ocrx_word' id='word_1_146' title='bbox 1177 2173 1390 2230; x_wconf 72' lang='lat' dir='ltr'><strong>czeteris</strong></span> <span class='ocrx_word' id='word_1_147' title='bbox 1421 2174 1671 2245; x_wconf 77' lang='lat' dir='ltr'><strong>gentibus</strong></span> <span class='ocrx_word' id='word_1_148' title='bbox 1710 2170 1965 2225; x_wconf 89' lang='lat' dir='ltr'><strong>inusitata</strong></span> <span class='ocrx_word' id='word_1_149' title='bbox 1995 2168 2088 2233; x_wconf 66' lang='lat'><strong>9&quot;,</strong></span> <span class='ocrx_word' id='word_1_150' title='bbox 2119 2182 2184 2222; x_wconf 91' lang='lat' dir='ltr'><strong>eo</strong></span> 
     </span>
    </p>
   </div>
   <div class='ocr_carea' id='block_1_21' title="bbox 603 2257 2173 2337">
    <p class='ocr_par' dir='ltr' id='par_1_21' title="bbox 603 2257 2173 2337">
     <span class='ocr_line' id='line_1_21' title="bbox 603 2257 2173 2337; baseline -0.006 -15"><span class='ocrx_word' id='word_1_151' title='bbox 603 2275 656 2322; x_wconf 89' lang='lat' dir='ltr'><strong>et</strong></span> <span class='ocrx_word' id='word_1_152' title='bbox 696 2265 1072 2337; x_wconf 85' lang='lat' dir='ltr'><strong>periculosior.</strong></span> <span class='ocrx_word' id='word_1_153' title='bbox 1113 2265 1259 2320; x_wconf 86' lang='lat' dir='ltr'><strong>inter</strong></span> <span class='ocrx_word' id='word_1_154' title='bbox 1294 2264 1488 2319; x_wconf 89' lang='lat' dir='ltr'><strong>horum</strong></span> <span class='ocrx_word' id='word_1_155' title='bbox 1541 2271 1612 2335; x_wconf 87' lang='lat' dir='ltr'><strong>et</strong></span> <span class='ocrx_word' id='word_1_156' title='bbox 1641 2261 1946 2316; x_wconf 88' lang='lat' dir='ltr'><strong>Brittonum</strong></span> <span class='ocrx_word' id='word_1_157' title='bbox 1997 2257 2173 2315; x_wconf 85' lang='lat' dir='ltr'><strong>conﬂi-</strong></span> 
     </span>
    </p>
   </div>
   <div class='ocr_carea' id='block_1_22' title="bbox 603 2349 2184 2424">
    <p class='ocr_par' dir='ltr' id='par_1_22' title="bbox 603 2349 2184 2424">
     <span class='ocr_line' id='line_1_22' title="bbox 603 2349 2184 2424; baseline -0.006 -12"><span class='ocrx_word' id='word_1_158' title='bbox 603 2367 752 2412; x_wconf 90' lang='lat' dir='ltr'><strong>ctum</strong></span> <span class='ocrx_word' id='word_1_159' title='bbox 789 2358 894 2413; x_wconf 91' lang='lat' dir='ltr'><strong>hoc</strong></span> <span class='ocrx_word' id='word_1_160' title='bbox 931 2373 1099 2411; x_wconf 93' lang='lat' dir='ltr'><strong>unum</strong></span> <span class='ocrx_word' id='word_1_161' title='bbox 1138 2357 1400 2420; x_wconf 86' lang='lat' dir='ltr'><strong>interest,</strong></span> <span class='ocrx_word' id='word_1_162' title='bbox 1439 2353 1582 2424; x_wconf 91' lang='lat' dir='ltr'><strong>quod</strong></span> <span class='ocrx_word' id='word_1_163' title='bbox 1623 2352 1702 2407; x_wconf 90' lang='lat' dir='ltr'><strong>illi</strong></span> <span class='ocrx_word' id='word_1_164' title='bbox 1738 2350 2060 2415; x_wconf 89' lang='lat' dir='ltr'><strong>missilibus,</strong></span> <span class='ocrx_word' id='word_1_165' title='bbox 2097 2349 2184 2405; x_wconf 88' lang='lat' dir='ltr'><strong>isti</strong></span> 
     </span>
    </p>
   </div>
   <div class='ocr_carea' id='block_1_23' title="bbox 603 2439 2186 2521">
    <p class='ocr_par' dir='ltr' id='par_1_23' title="bbox 603 2439 2186 2521">
     <span class='ocr_line' id='line_1_23' title="bbox 603 2439 2186 2521; baseline -0.007 -16"><span class='ocrx_word' id='word_1_166' title='bbox 603 2449 818 2521; x_wconf 83' lang='lat' dir='ltr'><strong>sagittis</strong></span> <span class='ocrx_word' id='word_1_167' title='bbox 866 2458 1113 2503; x_wconf 90' lang='lat' dir='ltr'><strong>utuntur.</strong></span> <span class='ocrx_word' id='word_1_168' title='bbox 1153 2447 1353 2502; x_wconf 84' lang='lat' dir='ltr'><strong>Vivunt</strong></span> <span class='ocrx_word' id='word_1_169' title='bbox 1391 2460 1498 2500; x_wconf 90' lang='lat' dir='ltr'><strong>non</strong></span> <span class='ocrx_word' id='word_1_170' title='bbox 1536 2442 1816 2498; x_wconf 90' lang='lat' dir='ltr'><strong>hominum</strong></span> <span class='ocrx_word' id='word_1_171' title='bbox 1864 2441 1959 2496; x_wconf 91' lang='lat' dir='ltr'><strong>sed</strong></span> <span class='ocrx_word' id='word_1_172' title='bbox 2005 2439 2186 2496; x_wconf 72' lang='lat' dir='ltr'><strong>bellia-</strong></span> 
     </span>
    </p>
   </div>
   <div class='ocr_carea' id='block_1_24' title="bbox 602 2529 2184 2605">
    <p class='ocr_par' dir='ltr' id='par_1_24' title="bbox 602 2529 2184 2605">
     <span class='ocr_line' id='line_1_24' title="bbox 602 2529 2184 2605; baseline -0.006 -13"><span class='ocrx_word' id='word_1_173' title='bbox 602 2554 720 2592; x_wconf 87' lang='lat' dir='ltr'><strong>rum</strong></span> <span class='ocrx_word' id='word_1_174' title='bbox 781 2552 954 2592; x_wconf 91' lang='lat' dir='ltr'><strong>more.</strong></span> <span class='ocrx_word' id='word_1_175' title='bbox 1008 2535 1277 2592; x_wconf 88' lang='lat' dir='ltr'><strong>Carnibus</strong></span> <span class='ocrx_word' id='word_1_176' title='bbox 1322 2534 1589 2605; x_wconf 76' lang='lat' dir='ltr'><strong>siquidem</strong></span> <span class='ocrx_word' id='word_1_177' title='bbox 1624 2531 1719 2598; x_wconf 66' lang='lat'><strong>’3’,</strong></span> <span class='ocrx_word' id='word_1_178' title='bbox 1751 2539 1811 2585; x_wconf 93' lang='lat' dir='ltr'><strong>ut</strong></span> <span class='ocrx_word' id='word_1_179' title='bbox 1868 2529 2011 2584; x_wconf 88' lang='lat' dir='ltr'><strong>fama</strong></span> <span class='ocrx_word' id='word_1_180' title='bbox 2067 2539 2184 2592; x_wconf 88' lang='lat' dir='ltr'><strong>est,</strong></span> 
     </span>
    </p>
   </div>
   <div class='ocr_carea' id='block_1_25' title="bbox 602 2621 2188 2698">
    <p class='ocr_par' dir='ltr' id='par_1_25' title="bbox 602 2621 2188 2698">
     <span class='ocr_line' id='line_1_25' title="bbox 602 2621 2188 2698; baseline -0.008 -11"><span class='ocrx_word' id='word_1_181' title='bbox 602 2628 787 2687; x_wconf 83' lang='lat' dir='ltr'><strong>crudis</strong></span> <span class='ocrx_word' id='word_1_182' title='bbox 821 2637 1136 2694; x_wconf 88' lang='lat' dir='ltr'><strong>vescuntur,</strong></span> <span class='ocrx_word' id='word_1_183' title='bbox 1174 2628 1491 2698; x_wconf 87' lang='lat' dir='ltr'><strong>sanguinem</strong></span> <span class='ocrx_word' id='word_1_184' title='bbox 1532 2623 1758 2689; x_wconf 88' lang='lat' dir='ltr'><strong>bibunt,</strong></span> <span class='ocrx_word' id='word_1_185' title='bbox 1799 2623 1964 2678; x_wconf 87' lang='lat' dir='ltr'><strong>corda</strong></span> <span class='ocrx_word' id='word_1_186' title='bbox 2014 2621 2188 2675; x_wconf 85' lang='lat' dir='ltr'><strong>homi-</strong></span> 
     </span>
    </p>
   </div>
   <div class='ocr_carea' id='block_1_26' title="bbox 603 2713 2189 2792">
    <p class='ocr_par' dir='ltr' id='par_1_26' title="bbox 603 2713 2189 2792">
     <span class='ocr_line' id='line_1_26' title="bbox 603 2713 2189 2792; baseline -0.007 -15"><span class='ocrx_word' id='word_1_187' title='bbox 603 2738 731 2778; x_wconf 88' lang='lat' dir='ltr'><strong>num</strong></span> <span class='ocrx_word' id='word_1_188' title='bbox 762 2737 898 2792; x_wconf 90' lang='lat' dir='ltr'><strong>quos</strong></span> <span class='ocrx_word' id='word_1_189' title='bbox 925 2720 1146 2791; x_wconf 90' lang='lat' dir='ltr'><strong>capiunt</strong></span> <span class='ocrx_word' id='word_1_190' title='bbox 1174 2718 1536 2789; x_wconf 86' lang='lat' dir='ltr'><strong>particulatim</strong></span> <span class='ocrx_word' id='word_1_191' title='bbox 1567 2715 1869 2771; x_wconf 89' lang='lat' dir='ltr'><strong>dividentes</strong></span> <span class='ocrx_word' id='word_1_192' title='bbox 1898 2713 2060 2769; x_wconf 88' lang='lat' dir='ltr'><strong>veluti</strong></span> <span class='ocrx_word' id='word_1_193' title='bbox 2091 2729 2189 2784; x_wconf 89' lang='lat' dir='ltr'><strong>pro</strong></span> 
     </span>
    </p>
   </div>
   <div class='ocr_carea' id='block_1_27' title="bbox 604 2802 2190 2873">
    <p class='ocr_par' dir='ltr' id='par_1_27' title="bbox 604 2802 2190 2873">
     <span class='ocr_line' id='line_1_27' title="bbox 604 2802 2190 2873; baseline -0.008 -5"><span class='ocrx_word' id='word_1_194' title='bbox 604 2811 846 2868; x_wconf 88' lang='lat' dir='ltr'><strong>remedio</strong></span> <span class='ocrx_word' id='word_1_195' title='bbox 873 2811 1166 2873; x_wconf 88' lang='lat' dir='ltr'><strong>devorant,</strong></span> <span class='ocrx_word' id='word_1_196' title='bbox 1191 2807 1334 2862; x_wconf 88' lang='lat' dir='ltr'><strong>nulla</strong></span> <span class='ocrx_word' id='word_1_197' title='bbox 1362 2805 1712 2862; x_wconf 86' lang='lat' dir='ltr'><strong>miseratione</strong></span> <span class='ocrx_word' id='word_1_198' title='bbox 1736 2802 2046 2869; x_wconf 85' lang='lat' dir='ltr'><strong>ﬂectuntur,</strong></span> <span class='ocrx_word' id='word_1_199' title='bbox 2074 2803 2190 2857; x_wconf 88' lang='lat' dir='ltr'><strong>nul-</strong></span> 
     </span>
    </p>
   </div>
   <div class='ocr_carea' id='block_1_28' title="bbox 605 2892 2191 2972">
    <p class='ocr_par' dir='ltr' id='par_1_28' title="bbox 605 2892 2191 2972">
     <span class='ocr_line' id='line_1_28' title="bbox 605 2892 2191 2972; baseline -0.006 -17"><span class='ocrx_word' id='word_1_200' title='bbox 605 2903 674 2958; x_wconf 89' lang='lat' dir='ltr'><strong>lis</strong></span> <span class='ocrx_word' id='word_1_201' title='bbox 700 2901 919 2972; x_wconf 86' lang='lat' dir='ltr'><strong>pietatis</strong></span> <span class='ocrx_word' id='word_1_202' title='bbox 945 2899 1246 2954; x_wconf 86' lang='lat' dir='ltr'><strong>visceribus</strong></span> <span class='ocrx_word' id='word_1_203' title='bbox 1274 2905 1700 2952; x_wconf 88' lang='lat' dir='ltr'><strong>commoventur.</strong></span> <span class='ocrx_word' id='word_1_204' title='bbox 1732 2892 1994 2964; x_wconf 88' lang='lat' dir='ltr'><strong>Capillum</strong></span> <span class='ocrx_word' id='word_1_205' title='bbox 2022 2907 2191 2962; x_wconf 88' lang='lat' dir='ltr'><strong>usque</strong></span> 
     </span>
    </p>
   </div>
   <div class='ocr_carea' id='block_1_29' title="bbox 608 2982 2163 3054">
    <p class='ocr_par' dir='ltr' id='par_1_29' title="bbox 608 2982 2163 3054">
     <span class='ocr_line' id='line_1_29' title="bbox 608 2982 2163 3054; baseline -0.009 -6"><span class='ocrx_word' id='word_1_206' title='bbox 608 2992 675 3047; x_wconf 87' lang='lat' dir='ltr'><strong>ad</strong></span> <span class='ocrx_word' id='word_1_207' title='bbox 710 2999 890 3047; x_wconf 87' lang='lat' dir='ltr'><strong>cutem</strong></span> <span class='ocrx_word' id='word_1_208' title='bbox 927 2989 1071 3045; x_wconf 87' lang='lat' dir='ltr'><strong>ferro</strong></span> <span class='ocrx_word' id='word_1_209' title='bbox 1105 2986 1318 3043; x_wconf 68' lang='lat' dir='ltr'><strong>caedunt</strong></span> <span class='ocrx_word' id='word_1_210' title='bbox 1353 2985 1447 3038; x_wconf 81' lang='grc'><strong>⁸⁸³.</strong></span> <span class='ocrx_word' id='word_1_211' title='bbox 1488 2983 1653 3053; x_wconf 84' lang='lat' dir='ltr'><strong>Equis</strong></span> <span class='ocrx_word' id='word_1_212' title='bbox 1691 2983 1837 3054; x_wconf 73' lang='lat'><strong>(102)</strong></span> <span class='ocrx_word' id='word_1_213' title='bbox 1873 2982 2018 3038; x_wconf 85' lang='lat' dir='ltr'><strong>omni</strong></span> <span class='ocrx_word' id='word_1_214' title='bbox 2057 2990 2163 3036; x_wconf 86' lang='lat' dir='ltr'><strong>tem</strong></span> 
     </span>
    </p>
   </div>
   <div class='ocr_carea' id='block_1_30' title="bbox 606 3071 2187 3157">
    <p class='ocr_par' dir='ltr' id='par_1_30' title="bbox 606 3071 2187 3157">
     <span class='ocr_line' id='line_1_30' title="bbox 606 3071 2187 3157; baseline -0.01 -16"><span class='ocrx_word' id='word_1_215' title='bbox 606 3098 741 3157; x_wconf 88' lang='lat' dir='ltr'><strong>pore</strong></span> <span class='ocrx_word' id='word_1_216' title='bbox 779 3091 1099 3144; x_wconf 84' lang='lat' dir='ltr'><strong>vectantur;</strong></span> <span class='ocrx_word' id='word_1_217' title='bbox 1161 3093 1324 3148; x_wconf 83' lang='lat' dir='ltr'><strong>super</strong></span> <span class='ocrx_word' id='word_1_218' title='bbox 1371 3076 1490 3131; x_wconf 91' lang='lat' dir='ltr'><strong>illos</strong></span> <span class='ocrx_word' id='word_1_219' title='bbox 1536 3075 1646 3141; x_wconf 90' lang='lat' dir='ltr'><strong>ire,</strong></span> <span class='ocrx_word' id='word_1_220' title='bbox 1686 3074 1973 3139; x_wconf 90' lang='lat' dir='ltr'><strong>meditari,</strong></span> <span class='ocrx_word' id='word_1_221' title='bbox 2010 3071 2187 3127; x_wconf 89' lang='lat' dir='ltr'><strong>consi-</strong></span> 
     </span>
    </p>
   </div>
   <div class='ocr_carea' id='block_1_31' title="bbox 610 3167 2189 3242">
    <p class='ocr_par' dir='ltr' id='par_1_31' title="bbox 610 3167 2189 3242">
     <span class='ocr_line' id='line_1_31' title="bbox 610 3167 2189 3242; baseline -0.01 -8"><span class='ocrx_word' id='word_1_222' title='bbox 610 3187 754 3234; x_wconf 89' lang='lat' dir='ltr'><strong>stere</strong></span> <span class='ocrx_word' id='word_1_223' title='bbox 777 3191 842 3231; x_wconf 88' lang='lat' dir='ltr'><strong>ac</strong></span> <span class='ocrx_word' id='word_1_224' title='bbox 863 3173 1091 3242; x_wconf 83' lang='lat' dir='ltr'><strong>colloqui</strong></span> <span class='ocrx_word' id='word_1_225' title='bbox 1121 3170 1311 3226; x_wconf 90' lang='lat' dir='ltr'><strong>solent.</strong></span> <span class='ocrx_word' id='word_1_226' title='bbox 1329 3167 1554 3223; x_wconf 90' lang='lat' dir='ltr'><strong>Liberos</strong></span> <span class='ocrx_word' id='word_1_227' title='bbox 1581 3167 1729 3239; x_wconf 77' lang='grc'><strong>(105)</strong></span> <span class='ocrx_word' id='word_1_228' title='bbox 1761 3183 1824 3222; x_wconf 88' lang='lat' dir='ltr'><strong>ac</strong></span> <span class='ocrx_word' id='word_1_229' title='bbox 1849 3182 2034 3222; x_wconf 89' lang='lat' dir='ltr'><strong>servos</strong></span> <span class='ocrx_word' id='word_1_230' title='bbox 2062 3180 2189 3222; x_wconf 92' lang='lat' dir='ltr'><strong>suos</strong></span> 
     </span>
    </p>
   </div>
   <div class='ocr_carea' id='block_1_32' title="bbox 607 3257 2178 3339">
    <p class='ocr_par' dir='ltr' id='par_1_32' title="bbox 607 3257 2178 3339">
     <span class='ocr_line' id='line_1_32' title="bbox 607 3257 2178 3339; baseline -0.01 -16"><span class='ocrx_word' id='word_1_231' title='bbox 607 3267 857 3339; x_wconf 87' lang='lat' dir='ltr'><strong>equitare</strong></span> <span class='ocrx_word' id='word_1_232' title='bbox 900 3274 955 3320; x_wconf 89' lang='lat' dir='ltr'><strong>et</strong></span> <span class='ocrx_word' id='word_1_233' title='bbox 983 3263 1058 3298; x_wconf 71' lang='lat'><strong>°&quot;‘</strong></span> <span class='ocrx_word' id='word_1_234' title='bbox 1089 3263 1352 3332; x_wconf 86' lang='lat' dir='ltr'><strong>sagittare</strong></span> <span class='ocrx_word' id='word_1_235' title='bbox 1400 3273 1596 3328; x_wconf 88' lang='lat' dir='ltr'><strong>magna</strong></span> <span class='ocrx_word' id='word_1_236' title='bbox 1652 3257 1917 3312; x_wconf 90' lang='lat' dir='ltr'><strong>industria</strong></span> <span class='ocrx_word' id='word_1_237' title='bbox 1965 3258 2178 3312; x_wconf 91' lang='lat' dir='ltr'><strong>docent.</strong></span> 
     </span>
    </p>
   </div>
   <div class='ocr_carea' id='block_1_33' title="bbox 606 3347 2180 3430">
    <p class='ocr_par' dir='ltr' id='par_1_33' title="bbox 606 3347 2180 3430">
     <span class='ocr_line' id='line_1_33' title="bbox 606 3347 2180 3430; baseline -0.009 -17"><span class='ocrx_word' id='word_1_238' title='bbox 606 3357 826 3430; x_wconf 88' lang='lat' dir='ltr'><strong>Ingenia</strong></span> <span class='ocrx_word' id='word_1_239' title='bbox 857 3354 1004 3427; x_wconf 71' lang='grc'><strong>(104)</strong></span> <span class='ocrx_word' id='word_1_240' title='bbox 1033 3353 1138 3408; x_wconf 90' lang='lat' dir='ltr'><strong>illis</strong></span> <span class='ocrx_word' id='word_1_241' title='bbox 1186 3351 1423 3415; x_wconf 86' lang='lat' dir='ltr'><strong>tumida,</strong></span> <span class='ocrx_word' id='word_1_242' title='bbox 1473 3348 1756 3413; x_wconf 88' lang='lat' dir='ltr'><strong>seditiosa,</strong></span> <span class='ocrx_word' id='word_1_243' title='bbox 1807 3347 2180 3413; x_wconf 85' lang='lat' dir='ltr'><strong>fraudulenta,</strong></span> 
     </span>
    </p>
   </div>
   <div class='ocr_carea' id='block_1_34' title="bbox 609 3442 2189 3522">
    <p class='ocr_par' dir='ltr' id='par_1_34' title="bbox 609 3442 2189 3522">
     <span class='ocr_line' id='line_1_34' title="bbox 609 3442 2189 3522; baseline -0.007 -17"><span class='ocrx_word' id='word_1_244' title='bbox 609 3451 890 3522; x_wconf 65' lang='lat' dir='ltr'><strong>praecocia.</strong></span> <span class='ocrx_word' id='word_1_245' title='bbox 923 3449 1128 3520; x_wconf 88' lang='lat' dir='ltr'><strong>Quippe</strong></span> <span class='ocrx_word' id='word_1_246' title='bbox 1154 3446 1383 3502; x_wconf 90' lang='lat' dir='ltr'><strong>eandem</strong></span> <span class='ocrx_word' id='word_1_247' title='bbox 1415 3443 1750 3499; x_wconf 81' lang='lat' dir='ltr'><strong>ferocitatem</strong></span> <span class='ocrx_word' id='word_1_248' title='bbox 1781 3442 1998 3497; x_wconf 83' lang='lat' dir='ltr'><strong>feminis</strong></span> <span class='ocrx_word' id='word_1_249' title='bbox 2027 3457 2189 3511; x_wconf 89' lang='lat' dir='ltr'><strong>quam</strong></span> 
     </span>
    </p>
   </div>
   <div class='ocr_carea' id='block_1_35' title="bbox 605 3532 2192 3610">
    <p class='ocr_par' dir='ltr' id='par_1_35' title="bbox 605 3532 2192 3610">
     <span class='ocr_line' id='line_1_35' title="bbox 605 3532 2192 3610; baseline -0.006 -14"><span class='ocrx_word' id='word_1_250' title='bbox 605 3541 740 3597; x_wconf 86' lang='lat' dir='ltr'><strong>viris</strong></span> <span class='ocrx_word' id='word_1_251' title='bbox 767 3540 1083 3610; x_wconf 78' lang='lat' dir='ltr'><strong>adsignant,</strong></span> <span class='ocrx_word' id='word_1_252' title='bbox 1115 3549 1330 3608; x_wconf 88' lang='lat' dir='ltr'><strong>semper</strong></span> <span class='ocrx_word' id='word_1_253' title='bbox 1359 3535 1411 3589; x_wconf 91' lang='lat' dir='ltr'><strong>in</strong></span> <span class='ocrx_word' id='word_1_254' title='bbox 1442 3542 1699 3590; x_wconf 78' lang='lat' dir='ltr'><strong>externos</strong></span> <span class='ocrx_word' id='word_1_255' title='bbox 1730 3540 1821 3587; x_wconf 88' lang='lat' dir='ltr'><strong>aut</strong></span> <span class='ocrx_word' id='word_1_256' title='bbox 1853 3532 1905 3587; x_wconf 91' lang='lat' dir='ltr'><strong>in</strong></span> <span class='ocrx_word' id='word_1_257' title='bbox 1934 3533 2192 3587; x_wconf 87' lang='lat' dir='ltr'><strong>domesti-</strong></span> 
     </span>
    </p>
   </div>
   <div class='ocr_carea' id='block_1_36' title="bbox 2213 1925 2259 1984">
    <p class='ocr_par' dir='ltr' id='par_1_36' title="bbox 2213 1925 2259 1984">
     <span class='ocr_line' id='line_1_36' title="bbox 2213 1925 2259 1984; baseline 0 0"><span class='ocrx_word' id='word_1_258' title='bbox 2213 1925 2259 1984; x_wconf 89' lang='lat' dir='ltr'><strong><em>B</em></strong></span> 
     </span>
    </p>
   </div>
   <div class='ocr_carea' id='block_1_37' title="bbox 2280 606 3841 680">
    <p class='ocr_par' dir='ltr' id='par_1_37' title="bbox 2280 606 3841 680">
     <span class='ocr_line' id='line_1_37' title="bbox 2280 606 3841 680; baseline 0.002 -18"><span class='ocrx_word' id='word_1_259' title='bbox 2280 623 2440 678; x_wconf 87' lang='lat' dir='ltr'><strong>quam</strong></span> <span class='ocrx_word' id='word_1_260' title='bbox 2469 610 2537 664; x_wconf 86' lang='lat' dir='ltr'><strong>ad</strong></span> <span class='ocrx_word' id='word_1_261' title='bbox 2564 610 2846 665; x_wconf 88' lang='lat' dir='ltr'><strong>dicendum</strong></span> <span class='ocrx_word' id='word_1_262' title='bbox 2875 607 3240 680; x_wconf 89' lang='lat' dir='ltr'><strong>promptiores</strong></span> <span class='ocrx_word' id='word_1_263' title='bbox 3265 606 3357 660; x_wconf 79' lang='grc'><strong>⁸⁸³.</strong></span> <span class='ocrx_word' id='word_1_264' title='bbox 3384 606 3555 676; x_wconf 82' lang='lat' dir='ltr'><strong>Hujus</strong></span> <span class='ocrx_word' id='word_1_265' title='bbox 3583 608 3740 679; x_wconf 88' lang='lat' dir='ltr'><strong>igitur</strong></span> <span class='ocrx_word' id='word_1_266' title='bbox 3760 626 3841 666; x_wconf 86' lang='lat' dir='ltr'><strong>ne-</strong></span> 
     </span>
    </p>
   </div>
   <div class='ocr_carea' id='block_1_38' title="bbox 2281 700 3842 773">
    <p class='ocr_par' dir='ltr' id='par_1_38' title="bbox 2281 700 3842 773">
     <span class='ocr_line' id='line_1_38' title="bbox 2281 700 3842 773; baseline 0.001 -17"><span class='ocrx_word' id='word_1_267' title='bbox 2281 702 2614 758; x_wconf 84' lang='lat' dir='ltr'><strong>fandissimae</strong></span> <span class='ocrx_word' id='word_1_268' title='bbox 2645 703 2820 773; x_wconf 87' lang='lat' dir='ltr'><strong>gentis</strong></span> <span class='ocrx_word' id='word_1_269' title='bbox 2849 700 3171 757; x_wconf 89' lang='lat' dir='ltr'><strong>crudelitate</strong></span> <span class='ocrx_word' id='word_1_270' title='bbox 3202 714 3310 755; x_wconf 89' lang='lat' dir='ltr'><strong>non</strong></span> <span class='ocrx_word' id='word_1_271' title='bbox 3342 700 3514 755; x_wconf 89' lang='lat' dir='ltr'><strong>solum</strong></span> <span class='ocrx_word' id='word_1_272' title='bbox 3550 712 3842 758; x_wconf 73' lang='lat' dir='ltr'><strong>memoratae</strong></span> 
     </span>
    </p>
   </div>
   <div class='ocr_carea' id='block_1_39' title="bbox 2279 790 3843 864">
    <p class='ocr_par' dir='ltr' id='par_1_39' title="bbox 2279 790 3843 864">
     <span class='ocr_line' id='line_1_39' title="bbox 2279 790 3843 864; baseline 0.001 -17"><span class='ocrx_word' id='word_1_273' title='bbox 2279 793 2556 864; x_wconf 86' lang='lat' dir='ltr'><strong>regiones,</strong></span> <span class='ocrx_word' id='word_1_274' title='bbox 2588 807 2776 847; x_wconf 91' lang='lat' dir='ltr'><strong>verum</strong></span> <span class='ocrx_word' id='word_1_275' title='bbox 2803 792 2967 846; x_wconf 87' lang='lat' dir='ltr'><strong>etiam</strong></span> <span class='ocrx_word' id='word_1_276' title='bbox 2993 790 3160 845; x_wconf 60' lang='lat' dir='ltr'><strong>Italiae</strong></span> <span class='ocrx_word' id='word_1_277' title='bbox 3187 805 3411 861; x_wconf 87' lang='lat' dir='ltr'><strong>regnum</strong></span> <span class='ocrx_word' id='word_1_278' title='bbox 3439 805 3502 845; x_wconf 75' lang='lat' dir='ltr'><strong>ex</strong></span> <span class='ocrx_word' id='word_1_279' title='bbox 3534 793 3843 862; x_wconf 80' lang='lat' dir='ltr'><strong>permaxima</strong></span> 
     </span>
    </p>
   </div>
   <div class='ocr_carea' id='block_1_40' title="bbox 2280 883 2940 951">
    <p class='ocr_par' dir='ltr' id='par_1_40' title="bbox 2280 883 2940 951">
     <span class='ocr_line' id='line_1_40' title="bbox 2280 883 2940 951; baseline 0 -15"><span class='ocrx_word' id='word_1_280' title='bbox 2280 891 2433 951; x_wconf 88' lang='lat' dir='ltr'><strong>parte</strong></span> <span class='ocrx_word' id='word_1_281' title='bbox 2465 883 2806 938; x_wconf 87' lang='lat' dir='ltr'><strong>devastatum</strong></span> <span class='ocrx_word' id='word_1_282' title='bbox 2837 890 2940 937; x_wconf 88' lang='lat' dir='ltr'><strong>est.</strong></span> 
     </span>
    </p>
   </div>
   <div class='ocr_carea' id='block_1_41' title="bbox 2352 970 3847 1030">
    <p class='ocr_par' dir='ltr' id='par_1_41' title="bbox 2352 970 3847 1030">
     <span class='ocr_line' id='line_1_41' title="bbox 2352 970 3847 1030; baseline 0.001 -2"><span class='ocrx_word' id='word_1_283' title='bbox 2352 973 2550 1029; x_wconf 83' lang='lat' dir='ltr'><strong>Eodem</strong></span> <span class='ocrx_word' id='word_1_284' title='bbox 2575 987 2718 1028; x_wconf 89' lang='lat' dir='ltr'><strong>anno</strong></span> <span class='ocrx_word' id='word_1_285' title='bbox 2752 972 3081 1029; x_wconf 85' lang='lat' dir='ltr'><strong>Nordmanni</strong></span> <span class='ocrx_word' id='word_1_286' title='bbox 3102 987 3131 1026; x_wconf 90' lang='lat' dir='ltr'><strong>a</strong></span> <span class='ocrx_word' id='word_1_287' title='bbox 3155 970 3421 1028; x_wconf 90' lang='lat' dir='ltr'><strong>Senonica</strong></span> <span class='ocrx_word' id='word_1_288' title='bbox 3449 973 3584 1028; x_wconf 87' lang='lat' dir='ltr'><strong>urbe</strong></span> <span class='ocrx_word' id='word_1_289' title='bbox 3609 973 3847 1030; x_wconf 86' lang='lat' dir='ltr'><strong>receden-</strong></span> 
     </span>
    </p>
   </div>
   <div class='ocr_carea' id='block_1_42' title="bbox 2283 1052 3843 1144">
    <p class='ocr_par' dir='ltr' id='par_1_42' title="bbox 2283 1052 3843 1144">
     <span class='ocr_line' id='line_1_42' title="bbox 2283 1052 3843 1144; baseline 0 -24"><span class='ocrx_word' id='word_1_290' title='bbox 2283 1073 2383 1130; x_wconf 86' lang='lat' dir='ltr'><strong>tes,</strong></span> <span class='ocrx_word' id='word_1_291' title='bbox 2415 1064 2592 1120; x_wconf 89' lang='lat' dir='ltr'><strong>denuo</strong></span> <span class='ocrx_word' id='word_1_292' title='bbox 2608 1065 2850 1121; x_wconf 87' lang='lat' dir='ltr'><strong>Parisius</strong></span> <span class='ocrx_word' id='word_1_293' title='bbox 2871 1080 2999 1120; x_wconf 87' lang='lat' dir='ltr'><strong>cum</strong></span> <span class='ocrx_word' id='word_1_294' title='bbox 3019 1065 3272 1144; x_wconf 75' lang='lat' dir='ltr'><strong>omnibus</strong></span> <span class='ocrx_word' id='word_1_295' title='bbox 3306 1052 3478 1135; x_wconf 84' lang='lat' dir='ltr'><strong>copiis</strong></span> <span class='ocrx_word' id='word_1_296' title='bbox 3509 1066 3843 1120; x_wconf 85' lang='lat' dir='ltr'><strong>devenerunt.</strong></span> 
     </span>
    </p>
   </div>
   <div class='ocr_carea' id='block_1_43' title="bbox 2282 1159 3847 1217">
    <p class='ocr_par' dir='ltr' id='par_1_43' title="bbox 2282 1159 3847 1217">
     <span class='ocr_line' id='line_1_43' title="bbox 2282 1159 3847 1217; baseline 0.002 -3"><span class='ocrx_word' id='word_1_297' title='bbox 2282 1159 2348 1214; x_wconf 88' lang='lat' dir='ltr'><strong>Et</strong></span> <span class='ocrx_word' id='word_1_298' title='bbox 2375 1175 2495 1214; x_wconf 90' lang='lat' dir='ltr'><strong>eum</strong></span> <span class='ocrx_word' id='word_1_299' title='bbox 2521 1160 2625 1214; x_wconf 90' lang='lat' dir='ltr'><strong>illis</strong></span> <span class='ocrx_word' id='word_1_300' title='bbox 2654 1160 3032 1216; x_wconf 56' lang='lat' dir='ltr'><strong>descensus”</strong></span> <span class='ocrx_word' id='word_1_301' title='bbox 3062 1159 3300 1216; x_wconf 80' lang='lat' dir='ltr'><strong>ﬂuminis</strong></span> <span class='ocrx_word' id='word_1_302' title='bbox 3325 1176 3357 1215; x_wconf 84' lang='lat' dir='ltr'><strong>a</strong></span> <span class='ocrx_word' id='word_1_303' title='bbox 3391 1161 3606 1217; x_wconf 71' lang='lat' dir='ltr'><strong>ciVibus</strong></span> <span class='ocrx_word' id='word_1_304' title='bbox 3651 1161 3847 1217; x_wconf 89' lang='lat' dir='ltr'><strong>omnino</strong></span> 
     </span>
    </p>
   </div>
   <div class='ocr_carea' id='block_1_44' title="bbox 2284 1249 3846 1321">
    <p class='ocr_par' dir='ltr' id='par_1_44' title="bbox 2284 1249 3846 1321">
     <span class='ocr_line' id='line_1_44' title="bbox 2284 1249 3846 1321; baseline 0.003 -17"><span class='ocrx_word' id='word_1_305' title='bbox 2284 1249 2638 1315; x_wconf 90' lang='lat' dir='ltr'><strong>inhiberetur,</strong></span> <span class='ocrx_word' id='word_1_306' title='bbox 2693 1267 2878 1307; x_wconf 90' lang='lat' dir='ltr'><strong>rursus</strong></span> <span class='ocrx_word' id='word_1_307' title='bbox 2920 1261 3097 1306; x_wconf 89' lang='lat' dir='ltr'><strong>castra</strong></span> <span class='ocrx_word' id='word_1_308' title='bbox 3147 1260 3372 1321; x_wconf 90' lang='lat' dir='ltr'><strong>ponunt,</strong></span> <span class='ocrx_word' id='word_1_309' title='bbox 3421 1253 3702 1308; x_wconf 75' lang='lat' dir='ltr'><strong>civitatem</strong></span> <span class='ocrx_word' id='word_1_310' title='bbox 3743 1254 3846 1309; x_wconf 88' lang='lat' dir='ltr'><strong>totis</strong></span> 
     </span>
    </p>
   </div>
   <div class='ocr_carea' id='block_1_45' title="bbox 2285 1340 3848 1414">
    <p class='ocr_par' dir='ltr' id='par_1_45' title="bbox 2285 1340 3848 1414">
     <span class='ocr_line' id='line_1_45' title="bbox 2285 1340 3848 1414; baseline 0.003 -21"><span class='ocrx_word' id='word_1_311' title='bbox 2285 1340 2488 1395; x_wconf 89' lang='lat' dir='ltr'><strong>viribus</strong></span> <span class='ocrx_word' id='word_1_312' title='bbox 2511 1341 2847 1410; x_wconf 84' lang='lat' dir='ltr'><strong>impugnant,</strong></span> <span class='ocrx_word' id='word_1_313' title='bbox 2872 1342 2965 1396; x_wconf 91' lang='lat' dir='ltr'><strong>sed</strong></span> <span class='ocrx_word' id='word_1_314' title='bbox 2989 1342 3121 1405; x_wconf 91' lang='lat' dir='ltr'><strong>Deo,</strong></span> <span class='ocrx_word' id='word_1_315' title='bbox 3143 1356 3299 1411; x_wconf 91' lang='lat' dir='ltr'><strong>opem</strong></span> <span class='ocrx_word' id='word_1_316' title='bbox 3319 1342 3547 1408; x_wconf 78' lang='lat' dir='ltr'><strong>ferente,</strong></span> <span class='ocrx_word' id='word_1_317' title='bbox 3584 1343 3712 1397; x_wconf 87' lang='lat' dir='ltr'><strong>nihil</strong></span> <span class='ocrx_word' id='word_1_318' title='bbox 3729 1359 3848 1414; x_wconf 75' lang='lat' dir='ltr'><strong>pra:-</strong></span> 
     </span>
    </p>
   </div>
   <div class='ocr_carea' id='block_1_46' title="bbox 2286 1434 3846 1506">
    <p class='ocr_par' dir='ltr' id='par_1_46' title="bbox 2286 1434 3846 1506">
     <span class='ocr_line' id='line_1_46' title="bbox 2286 1434 3846 1506; baseline 0.003 -20"><span class='ocrx_word' id='word_1_319' title='bbox 2286 1434 2483 1489; x_wconf 85' lang='lat' dir='ltr'><strong>valent.</strong></span> <span class='ocrx_word' id='word_1_320' title='bbox 2536 1434 2851 1490; x_wconf 88' lang='lat' dir='ltr'><strong>Transactis</strong></span> <span class='ocrx_word' id='word_1_321' title='bbox 2881 1435 3068 1505; x_wconf 90' lang='lat' dir='ltr'><strong>paucis</strong></span> <span class='ocrx_word' id='word_1_322' title='bbox 3095 1435 3305 1502; x_wconf 90' lang='lat' dir='ltr'><strong>diebus,</strong></span> <span class='ocrx_word' id='word_1_323' title='bbox 3345 1436 3542 1491; x_wconf 90' lang='lat' dir='ltr'><strong>iterum</strong></span> <span class='ocrx_word' id='word_1_324' title='bbox 3567 1435 3846 1506; x_wconf 80' lang='lat' dir='ltr'><strong>Sequanam</strong></span> 
     </span>
    </p>
   </div>
   <div class='ocr_carea' id='block_1_47' title="bbox 2283 1526 3848 1600">
    <p class='ocr_par' dir='ltr' id='par_1_47' title="bbox 2283 1526 3848 1600">
     <span class='ocr_line' id='line_1_47' title="bbox 2283 1526 3848 1600; baseline 0.002 -20"><span class='ocrx_word' id='word_1_325' title='bbox 2283 1541 2405 1580; x_wconf 91' lang='lat' dir='ltr'><strong>cum</strong></span> <span class='ocrx_word' id='word_1_326' title='bbox 2449 1526 2621 1582; x_wconf 87' lang='lat' dir='ltr'><strong>classe</strong></span> <span class='ocrx_word' id='word_1_327' title='bbox 2668 1527 2985 1593; x_wconf 88' lang='lat' dir='ltr'><strong>ascendunt,</strong></span> <span class='ocrx_word' id='word_1_328' title='bbox 3016 1535 3071 1583; x_wconf 91' lang='lat' dir='ltr'><strong>et</strong></span> <span class='ocrx_word' id='word_1_329' title='bbox 3100 1536 3402 1583; x_wconf 86' lang='lat' dir='ltr'><strong>matronam</strong></span> <span class='ocrx_word' id='word_1_330' title='bbox 3434 1527 3658 1583; x_wconf 81' lang='lat' dir='ltr'><strong>ﬂuvium</strong></span> <span class='ocrx_word' id='word_1_331' title='bbox 3697 1530 3848 1600; x_wconf 55' lang='lat' dir='ltr'><strong>ingre</strong></span> 
     </span>
    </p>
   </div>
   <div class='ocr_carea' id='block_1_48' title="bbox 2286 1617 3848 1690">
    <p class='ocr_par' dir='ltr' id='par_1_48' title="bbox 2286 1617 3848 1690">
     <span class='ocr_line' id='line_1_48' title="bbox 2286 1617 3848 1690; baseline 0.001 -17"><span class='ocrx_word' id='word_1_332' title='bbox 2286 1619 2516 1683; x_wconf 86' lang='lat' dir='ltr'><strong>dientes,</strong></span> <span class='ocrx_word' id='word_1_333' title='bbox 2542 1617 2742 1673; x_wconf 86' lang='lat' dir='ltr'><strong>Trecas</strong></span> <span class='ocrx_word' id='word_1_334' title='bbox 2765 1618 3038 1674; x_wconf 86' lang='lat' dir='ltr'><strong>civitatem</strong></span> <span class='ocrx_word' id='word_1_335' title='bbox 3069 1619 3317 1674; x_wconf 88' lang='lat' dir='ltr'><strong>incendio</strong></span> <span class='ocrx_word' id='word_1_336' title='bbox 3337 1630 3607 1686; x_wconf 90' lang='lat' dir='ltr'><strong>cremant,</strong></span> <span class='ocrx_word' id='word_1_337' title='bbox 3628 1629 3682 1675; x_wconf 90' lang='lat' dir='ltr'><strong>et</strong></span> <span class='ocrx_word' id='word_1_338' title='bbox 3702 1635 3848 1690; x_wconf 88' lang='lat' dir='ltr'><strong>usque</strong></span> 
     </span>
    </p>
   </div>
   <div class='ocr_carea' id='block_1_49' title="bbox 2292 1705 3847 1768">
    <p class='ocr_par' dir='ltr' id='par_1_49' title="bbox 2292 1705 3847 1768">
     <span class='ocr_line' id='line_1_49' title="bbox 2292 1705 3847 1768; baseline 0.002 -7"><span class='ocrx_word' id='word_1_339' title='bbox 2292 1705 2679 1762; x_wconf 83' lang='lat' dir='ltr'><strong>Virdunensem</strong></span> <span class='ocrx_word' id='word_1_340' title='bbox 2702 1707 2769 1740; x_wconf 76' lang='grc'><strong>’⁸⁷</strong></span> <span class='ocrx_word' id='word_1_341' title='bbox 2803 1723 2868 1764; x_wconf 88' lang='lat' dir='ltr'><strong>ac</strong></span> <span class='ocrx_word' id='word_1_342' title='bbox 2898 1707 3206 1764; x_wconf 84' lang='lat' dir='ltr'><strong>Tullensem</strong></span> <span class='ocrx_word' id='word_1_343' title='bbox 3229 1710 3392 1766; x_wconf 88' lang='lat' dir='ltr'><strong>urbes</strong></span> <span class='ocrx_word' id='word_1_344' title='bbox 3421 1721 3620 1766; x_wconf 88' lang='lat' dir='ltr'><strong>cuncta</strong></span> <span class='ocrx_word' id='word_1_345' title='bbox 3641 1711 3847 1768; x_wconf 83' lang='lat' dir='ltr'><strong>circum-</strong></span> 
     </span>
    </p>
   </div>
   <div class='ocr_carea' id='block_1_50' title="bbox 2286 1797 3027 1869">
    <p class='ocr_par' dir='ltr' id='par_1_50' title="bbox 2286 1797 3027 1869">
     <span class='ocr_line' id='line_1_50' title="bbox 2286 1797 3027 1869; baseline 0.004 -18"><span class='ocrx_word' id='word_1_346' title='bbox 2286 1813 2502 1868; x_wconf 81' lang='lat' dir='ltr'><strong>quaque</strong></span> <span class='ocrx_word' id='word_1_347' title='bbox 2524 1797 3027 1869; x_wconf 74' lang='lat' dir='ltr'><strong>depOpulantur’“.</strong></span> 
     </span>
    </p>
   </div>
   <div class='ocr_carea' id='block_1_51' title="bbox 2357 1886 3850 1964">
    <p class='ocr_par' dir='ltr' id='par_1_51' title="bbox 2357 1886 3850 1964">
     <span class='ocr_line' id='line_1_51' title="bbox 2357 1886 3850 1964; baseline 0.003 -23"><span class='ocrx_word' id='word_1_348' title='bbox 2357 1886 2454 1943; x_wconf 83' lang='lat' dir='ltr'><strong>His</strong></span> <span class='ocrx_word' id='word_1_349' title='bbox 2473 1887 2544 1922; x_wconf 75' lang='grc'><strong>⁸⁸⁸</strong></span> <span class='ocrx_word' id='word_1_350' title='bbox 2572 1889 2737 1944; x_wconf 84' lang='lat' dir='ltr'><strong>etiam</strong></span> <span class='ocrx_word' id='word_1_351' title='bbox 2767 1889 2960 1944; x_wconf 82' lang='lat' dir='ltr'><strong>diebus</strong></span> <span class='ocrx_word' id='word_1_352' title='bbox 3001 1889 3344 1962; x_wconf 86' lang='lat' dir='ltr'><strong>Liudpertus,</strong></span> <span class='ocrx_word' id='word_1_353' title='bbox 3392 1892 3682 1964; x_wconf 73' lang='lat' dir='ltr'><strong>Magontize</strong></span> <span class='ocrx_word' id='word_1_354' title='bbox 3721 1892 3850 1946; x_wconf 83' lang='lat' dir='ltr'><strong>urbis</strong></span> 
     </span>
    </p>
   </div>
   <div class='ocr_carea' id='block_1_52' title="bbox 2287 1979 3848 2054">
    <p class='ocr_par' dir='ltr' id='par_1_52' title="bbox 2287 1979 3848 2054">
     <span class='ocr_line' id='line_1_52' title="bbox 2287 1979 3848 2054; baseline 0.006 -23"><span class='ocrx_word' id='word_1_355' title='bbox 2287 1979 2504 2049; x_wconf 64' lang='lat' dir='ltr'><strong>praesul,</strong></span> <span class='ocrx_word' id='word_1_356' title='bbox 2543 1981 2706 2035; x_wconf 89' lang='lat' dir='ltr'><strong>rebus</strong></span> <span class='ocrx_word' id='word_1_357' title='bbox 2723 1981 2793 2015; x_wconf 80' lang='grc'><strong>⁹⁹⁰</strong></span> <span class='ocrx_word' id='word_1_358' title='bbox 2820 1982 3068 2037; x_wconf 87' lang='lat' dir='ltr'><strong>humanis</strong></span> <span class='ocrx_word' id='word_1_359' title='bbox 3095 1981 3339 2038; x_wconf 87' lang='lat' dir='ltr'><strong>sublatus</strong></span> <span class='ocrx_word' id='word_1_360' title='bbox 3361 1993 3464 2052; x_wconf 90' lang='lat' dir='ltr'><strong>est,</strong></span> <span class='ocrx_word' id='word_1_361' title='bbox 3497 1987 3552 2040; x_wconf 91' lang='lat' dir='ltr'><strong>in</strong></span> <span class='ocrx_word' id='word_1_362' title='bbox 3577 1985 3726 2054; x_wconf 86' lang='lat' dir='ltr'><strong>cujus</strong></span> <span class='ocrx_word' id='word_1_363' title='bbox 3751 1986 3848 2041; x_wconf 91' lang='lat' dir='ltr'><strong>loco</strong></span> 
     </span>
    </p>
   </div>
   <div class='ocr_carea' id='block_1_53' title="bbox 2285 2073 3845 2149">
    <p class='ocr_par' dir='ltr' id='par_1_53' title="bbox 2285 2073 3845 2149">
     <span class='ocr_line' id='line_1_53' title="bbox 2285 2073 3845 2149; baseline 0.003 -23"><span class='ocrx_word' id='word_1_364' title='bbox 2285 2073 2606 2144; x_wconf 86' lang='lat' dir='ltr'><strong>subrogatus</strong></span> <span class='ocrx_word' id='word_1_365' title='bbox 2633 2083 2716 2129; x_wconf 91' lang='lat' dir='ltr'><strong>est</strong></span> <span class='ocrx_word' id='word_1_366' title='bbox 2757 2073 2940 2128; x_wconf 80' lang='lat' dir='ltr'><strong>Sunzo</strong></span> <span class='ocrx_word' id='word_1_367' title='bbox 2970 2073 3062 2139; x_wconf 71' lang='lat'><strong>’9‘,</strong></span> <span class='ocrx_word' id='word_1_368' title='bbox 3087 2075 3172 2129; x_wconf 91' lang='lat' dir='ltr'><strong>vir</strong></span> <span class='ocrx_word' id='word_1_369' title='bbox 3194 2075 3479 2146; x_wconf 88' lang='lat' dir='ltr'><strong>religiosus</strong></span> <span class='ocrx_word' id='word_1_370' title='bbox 3520 2093 3585 2132; x_wconf 88' lang='lat' dir='ltr'><strong>ac</strong></span> <span class='ocrx_word' id='word_1_371' title='bbox 3622 2078 3845 2149; x_wconf 77' lang='lat' dir='ltr'><strong>simplex,</strong></span> 
     </span>
    </p>
   </div>
   <div class='ocr_carea' id='block_1_54' title="bbox 2286 2163 3846 2238">
    <p class='ocr_par' dir='ltr' id='par_1_54' title="bbox 2286 2163 3846 2238">
     <span class='ocr_line' id='line_1_54' title="bbox 2286 2163 3846 2238; baseline 0.005 -22"><span class='ocrx_word' id='word_1_372' title='bbox 2286 2163 2456 2218; x_wconf 83' lang='lat' dir='ltr'><strong>sacris</strong></span> <span class='ocrx_word' id='word_1_373' title='bbox 2479 2163 2672 2220; x_wconf 89' lang='lat' dir='ltr'><strong>litteris</strong></span> <span class='ocrx_word' id='word_1_374' title='bbox 2701 2164 3026 2221; x_wconf 83' lang='lat' dir='ltr'><strong>suilicienter</strong></span> <span class='ocrx_word' id='word_1_375' title='bbox 3049 2165 3286 2222; x_wconf 91' lang='lat' dir='ltr'><strong>imbutus</strong></span> <span class='ocrx_word' id='word_1_376' title='bbox 3305 2166 3394 2231; x_wconf 69' lang='grc' dir='ltr'><strong>ου,</strong></span> <span class='ocrx_word' id='word_1_377' title='bbox 3421 2169 3515 2238; x_wconf 92' lang='lat' dir='ltr'><strong>qui</strong></span> <span class='ocrx_word' id='word_1_378' title='bbox 3539 2170 3592 2224; x_wconf 91' lang='lat' dir='ltr'><strong>in</strong></span> <span class='ocrx_word' id='word_1_379' title='bbox 3615 2168 3772 2224; x_wconf 79' lang='lat' dir='ltr'><strong>Vulda</strong></span> <span class='ocrx_word' id='word_1_380' title='bbox 3789 2169 3846 2200; x_wconf 83' lang='lat'><strong>&#39;”</strong></span> 
     </span>
    </p>
   </div>
   <div class='ocr_carea' id='block_1_55' title="bbox 2287 2254 3847 2326">
    <p class='ocr_par' dir='ltr' id='par_1_55' title="bbox 2287 2254 3847 2326">
     <span class='ocr_line' id='line_1_55' title="bbox 2287 2254 3847 2326; baseline 0.006 -21"><span class='ocrx_word' id='word_1_381' title='bbox 2287 2254 2614 2310; x_wconf 88' lang='lat' dir='ltr'><strong>monasterio</strong></span> <span class='ocrx_word' id='word_1_382' title='bbox 2638 2257 2738 2310; x_wconf 92' lang='lat' dir='ltr'><strong>sub</strong></span> <span class='ocrx_word' id='word_1_383' title='bbox 2791 2256 3053 2326; x_wconf 88' lang='lat' dir='ltr'><strong>regimine</strong></span> <span class='ocrx_word' id='word_1_384' title='bbox 3094 2256 3304 2312; x_wconf 89' lang='lat' dir='ltr'><strong>abbatis</strong></span> <span class='ocrx_word' id='word_1_385' title='bbox 3345 2258 3414 2313; x_wconf 87' lang='lat' dir='ltr'><strong>ab</strong></span> <span class='ocrx_word' id='word_1_386' title='bbox 3452 2259 3674 2314; x_wconf 89' lang='lat' dir='ltr'><strong>ineunte</strong></span> <span class='ocrx_word' id='word_1_387' title='bbox 3711 2269 3847 2315; x_wconf 66' lang='lat' dir='ltr'><strong>aetate</strong></span> 
     </span>
    </p>
   </div>
   <div class='ocr_carea' id='block_1_56' title="bbox 2287 2346 3849 2423">
    <p class='ocr_par' dir='ltr' id='par_1_56' title="bbox 2287 2346 3849 2423">
     <span class='ocr_line' id='line_1_56' title="bbox 2287 2346 3849 2423; baseline 0.006 -26"><span class='ocrx_word' id='word_1_388' title='bbox 2287 2346 2522 2400; x_wconf 89' lang='lat' dir='ltr'><strong>nutritus</strong></span> <span class='ocrx_word' id='word_1_389' title='bbox 2553 2355 2608 2400; x_wconf 90' lang='lat' dir='ltr'><strong>et</strong></span> <span class='ocrx_word' id='word_1_390' title='bbox 2639 2356 2990 2403; x_wconf 85' lang='lat' dir='ltr'><strong>conversatus</strong></span> <span class='ocrx_word' id='word_1_391' title='bbox 3013 2346 3086 2382; x_wconf 64' lang='lat'><strong>9”</strong></span> <span class='ocrx_word' id='word_1_392' title='bbox 3117 2347 3324 2415; x_wconf 87' lang='lat' dir='ltr'><strong>fuerat,</strong></span> <span class='ocrx_word' id='word_1_393' title='bbox 3353 2350 3637 2406; x_wconf 88' lang='lat' dir='ltr'><strong>anniteute</strong></span> <span class='ocrx_word' id='word_1_394' title='bbox 3653 2351 3719 2386; x_wconf 81' lang='lat'><strong>&quot;&#39;</strong></span> <span class='ocrx_word' id='word_1_395' title='bbox 3741 2353 3849 2423; x_wconf 77' lang='lat' dir='ltr'><strong>Bap-</strong></span> 
     </span>
    </p>
   </div>
   <div class='ocr_carea' id='block_1_57' title="bbox 2288 2438 3843 2513">
    <p class='ocr_par' dir='ltr' id='par_1_57' title="bbox 2288 2438 3843 2513">
     <span class='ocr_line' id='line_1_57' title="bbox 2288 2438 3843 2513; baseline 0.002 -20"><span class='ocrx_word' id='word_1_396' title='bbox 2288 2455 2424 2509; x_wconf 86' lang='lat' dir='ltr'><strong>pone</strong></span> <span class='ocrx_word' id='word_1_397' title='bbox 2439 2439 2510 2470; x_wconf 66' lang='lat'><strong>9&quot;</strong></span> <span class='ocrx_word' id='word_1_398' title='bbox 2531 2438 2931 2512; x_wconf 89' lang='lat' dir='ltr'><strong>Thuringorum</strong></span> <span class='ocrx_word' id='word_1_399' title='bbox 2952 2440 3110 2506; x_wconf 89' lang='lat' dir='ltr'><strong>duce,</strong></span> <span class='ocrx_word' id='word_1_400' title='bbox 3126 2440 3411 2496; x_wconf 82' lang='lat' dir='ltr'><strong>etArnolfo</strong></span> <span class='ocrx_word' id='word_1_401' title='bbox 3439 2457 3570 2513; x_wconf 85' lang='lat' dir='ltr'><strong>rege</strong></span> <span class='ocrx_word' id='word_1_402' title='bbox 3585 2452 3843 2499; x_wconf 87' lang='lat' dir='ltr'><strong>annuente.</strong></span> 
     </span>
    </p>
   </div>
   <div class='ocr_carea' id='block_1_58' title="bbox 2935 2531 3222 2594">
    <p class='ocr_par' dir='ltr' id='par_1_58' title="bbox 2935 2531 3222 2594">
     <span class='ocr_line' id='line_1_58' title="bbox 2935 2531 3222 2594; baseline 0 -8"><span class='ocrx_word' id='word_1_403' title='bbox 2935 2531 3222 2594; x_wconf 83' lang='lat' dir='ltr'><strong>DCCCXC.</strong></span> 
     </span>
    </p>
   </div>
   <div class='ocr_carea' id='block_1_59' title="bbox 2359 2621 3843 2688">
    <p class='ocr_par' dir='ltr' id='par_1_59' title="bbox 2359 2621 3843 2688">
     <span class='ocr_line' id='line_1_59' title="bbox 2359 2621 3843 2688; baseline 0.001 -12"><span class='ocrx_word' id='word_1_404' title='bbox 2359 2623 2514 2676; x_wconf 81' lang='lat' dir='ltr'><strong>Anno</strong></span> <span class='ocrx_word' id='word_1_405' title='bbox 2536 2622 2829 2677; x_wconf 67' lang='lat' dir='ltr'><strong>Dominicm</strong></span> <span class='ocrx_word' id='word_1_406' title='bbox 2851 2621 3236 2676; x_wconf 86' lang='lat' dir='ltr'><strong>incarnationis</strong></span> <span class='ocrx_word' id='word_1_407' title='bbox 3263 2621 3366 2677; x_wconf 88' lang='lat'><strong>890</strong></span> <span class='ocrx_word' id='word_1_408' title='bbox 3380 2621 3474 2688; x_wconf 79' lang='lat'><strong>&quot;&quot;,</strong></span> <span class='ocrx_word' id='word_1_409' title='bbox 3498 2623 3750 2677; x_wconf 85' lang='lat' dir='ltr'><strong>Arnolqu</strong></span> <span class='ocrx_word' id='word_1_410' title='bbox 3770 2639 3843 2678; x_wconf 78' lang='lat' dir='ltr'><strong>rex</strong></span> 
     </span>
    </p>
   </div>
   <div class='ocr_carea' id='block_1_60' title="bbox 2291 2711 3843 2777">
    <p class='ocr_par' dir='ltr' id='par_1_60' title="bbox 2291 2711 3843 2777">
     <span class='ocr_line' id='line_1_60' title="bbox 2291 2711 3843 2777; baseline 0 -10"><span class='ocrx_word' id='word_1_411' title='bbox 2291 2713 2561 2768; x_wconf 90' lang='lat' dir='ltr'><strong>concessit</strong></span> <span class='ocrx_word' id='word_1_412' title='bbox 2603 2711 3076 2777; x_wconf 73' lang='lat' dir='ltr'><strong>Zuendiboldo&#39;”,</strong></span> <span class='ocrx_word' id='word_1_413' title='bbox 3109 2711 3508 2767; x_wconf 82' lang='lat' dir='ltr'><strong>Marahensium</strong></span> <span class='ocrx_word' id='word_1_414' title='bbox 3561 2712 3843 2770; x_wconf 88' lang='lat' dir='ltr'><strong>Sclavorum</strong></span> 
     </span>
    </p>
   </div>
   <div class='ocr_carea' id='block_1_61' title="bbox 2292 2801 3842 2874">
    <p class='ocr_par' dir='ltr' id='par_1_61' title="bbox 2292 2801 3842 2874">
     <span class='ocr_line' id='line_1_61' title="bbox 2292 2801 3842 2874; baseline -0.001 -16"><span class='ocrx_word' id='word_1_415' title='bbox 2292 2804 2428 2874; x_wconf 78' lang='lat' dir='ltr'><strong>regi,</strong></span> <span class='ocrx_word' id='word_1_416' title='bbox 2449 2803 2699 2858; x_wconf 76' lang='lat' dir='ltr'><strong>ducatum</strong></span> <span class='ocrx_word' id='word_1_417' title='bbox 2713 2801 3151 2865; x_wconf 89' lang='lat' dir='ltr'><strong>Behemensium,</strong></span> <span class='ocrx_word' id='word_1_418' title='bbox 3165 2801 3254 2870; x_wconf 89' lang='lat' dir='ltr'><strong>qui</strong></span> <span class='ocrx_word' id='word_1_419' title='bbox 3284 2802 3554 2858; x_wconf 88' lang='lat' dir='ltr'><strong>hactenus</strong></span> <span class='ocrx_word' id='word_1_420' title='bbox 3573 2803 3842 2874; x_wconf 88' lang='lat' dir='ltr'><strong>principem</strong></span> 
     </span>
    </p>
   </div>
   <div class='ocr_carea' id='block_1_62' title="bbox 2292 2893 3846 2963">
    <p class='ocr_par' dir='ltr' id='par_1_62' title="bbox 2292 2893 3846 2963">
     <span class='ocr_line' id='line_1_62' title="bbox 2292 2893 3846 2963; baseline -0.003 -15"><span class='ocrx_word' id='word_1_421' title='bbox 2292 2909 2400 2948; x_wconf 72' lang='lat' dir='ltr'><strong>suae</strong></span> <span class='ocrx_word' id='word_1_422' title='bbox 2428 2893 2764 2962; x_wconf 86' lang='lat' dir='ltr'><strong>cognationis</strong></span> <span class='ocrx_word' id='word_1_423' title='bbox 2791 2907 2856 2947; x_wconf 93' lang='lat' dir='ltr'><strong>ac</strong></span> <span class='ocrx_word' id='word_1_424' title='bbox 2876 2893 3054 2963; x_wconf 90' lang='lat' dir='ltr'><strong>gentis</strong></span> <span class='ocrx_word' id='word_1_425' title='bbox 3086 2906 3250 2960; x_wconf 87' lang='lat' dir='ltr'><strong>super</strong></span> <span class='ocrx_word' id='word_1_426' title='bbox 3277 2906 3334 2946; x_wconf 91' lang='lat' dir='ltr'><strong>se</strong></span> <span class='ocrx_word' id='word_1_427' title='bbox 3363 2893 3684 2958; x_wconf 88' lang='lat' dir='ltr'><strong>habuerant,</strong></span> <span class='ocrx_word' id='word_1_428' title='bbox 3707 2894 3846 2948; x_wconf 84' lang='lat' dir='ltr'><strong>Fran-</strong></span> 
     </span>
    </p>
   </div>
   <div class='ocr_carea' id='block_1_63' title="bbox 2293 2983 3847 3055">
    <p class='ocr_par' dir='ltr' id='par_1_63' title="bbox 2293 2983 3847 3055">
     <span class='ocr_line' id='line_1_63' title="bbox 2293 2983 3847 3055; baseline -0.001 -16"><span class='ocrx_word' id='word_1_429' title='bbox 2293 2999 2589 3054; x_wconf 89' lang='lat' dir='ltr'><strong>corumque</strong></span> <span class='ocrx_word' id='word_1_430' title='bbox 2633 2985 2852 3054; x_wconf 79' lang='lat' dir='ltr'><strong>regibus</strong></span> <span class='ocrx_word' id='word_1_431' title='bbox 2908 2983 3220 3038; x_wconf 84' lang='lat' dir='ltr'><strong>ﬁdelitatem</strong></span> <span class='ocrx_word' id='word_1_432' title='bbox 3251 2985 3574 3055; x_wconf 87' lang='lat' dir='ltr'><strong>promissam</strong></span> <span class='ocrx_word' id='word_1_433' title='bbox 3620 2985 3847 3041; x_wconf 89' lang='lat' dir='ltr'><strong>inviolato</strong></span> 
     </span>
    </p>
   </div>
   <div class='ocr_carea' id='block_1_64' title="bbox 2292 3073 3843 3146">
    <p class='ocr_par' dir='ltr' id='par_1_64' title="bbox 2292 3073 3843 3146">
     <span class='ocr_line' id='line_1_64' title="bbox 2292 3073 3843 3146; baseline -0.001 -18"><span class='ocrx_word' id='word_1_434' title='bbox 2292 3073 2495 3130; x_wconf 60' lang='lat' dir='ltr'><strong>foedere</strong></span> <span class='ocrx_word' id='word_1_435' title='bbox 2551 3073 3112 3139; x_wconf 79' lang='lat' dir='ltr'><strong>conservaverant&#39;”,</strong></span> <span class='ocrx_word' id='word_1_436' title='bbox 3153 3088 3217 3128; x_wconf 89' lang='lat' dir='ltr'><strong>eo</strong></span> <span class='ocrx_word' id='word_1_437' title='bbox 3269 3075 3411 3142; x_wconf 88' lang='lat' dir='ltr'><strong>quod</strong></span> <span class='ocrx_word' id='word_1_438' title='bbox 3448 3075 3545 3139; x_wconf 91' lang='lat' dir='ltr'><strong>illi,</strong></span> <span class='ocrx_word' id='word_1_439' title='bbox 3585 3085 3843 3146; x_wconf 84' lang='lat' dir='ltr'><strong>antequam</strong></span> 
     </span>
    </p>
   </div>
   <div class='ocr_carea' id='block_1_65' title="bbox 2294 3165 3846 3238">
    <p class='ocr_par' dir='ltr' id='par_1_65' title="bbox 2294 3165 3846 3238">
     <span class='ocr_line' id='line_1_65' title="bbox 2294 3165 3846 3238; baseline -0.001 -18"><span class='ocrx_word' id='word_1_440' title='bbox 2294 3167 2346 3221; x_wconf 92' lang='lat' dir='ltr'><strong>in</strong></span> <span class='ocrx_word' id='word_1_441' title='bbox 2382 3165 2531 3237; x_wconf 74' lang='lat' dir='ltr'><strong>regni</strong></span> <span class='ocrx_word' id='word_1_442' title='bbox 2580 3166 2797 3237; x_wconf 88' lang='lat' dir='ltr'><strong>fastigio</strong></span> <span class='ocrx_word' id='word_1_443' title='bbox 2825 3165 3231 3233; x_wconf 89' lang='lat' dir='ltr'><strong>sublimaretur,</strong></span> <span class='ocrx_word' id='word_1_444' title='bbox 3277 3166 3661 3223; x_wconf 87' lang='lat' dir='ltr'><strong>familiaritatis</strong></span> <span class='ocrx_word' id='word_1_445' title='bbox 3701 3166 3846 3238; x_wconf 86' lang='lat' dir='ltr'><strong>gratia</strong></span> 
     </span>
    </p>
   </div>
   <div class='ocr_carea' id='block_1_66' title="bbox 2294 3252 3846 3329">
    <p class='ocr_par' dir='ltr' id='par_1_66' title="bbox 2294 3252 3846 3329">
     <span class='ocr_line' id='line_1_66' title="bbox 2294 3252 3846 3329; baseline 0 -19"><span class='ocrx_word' id='word_1_446' title='bbox 2294 3255 2456 3313; x_wconf 88' lang='lat' dir='ltr'><strong>fuerit</strong></span> <span class='ocrx_word' id='word_1_447' title='bbox 2495 3252 2774 3314; x_wconf 79' lang='lat' dir='ltr'><strong>connexus</strong></span> <span class='ocrx_word' id='word_1_448' title='bbox 2803 3275 2818 3315; x_wconf 90' lang='lat'><strong>:</strong></span> <span class='ocrx_word' id='word_1_449' title='bbox 2845 3258 3078 3328; x_wconf 89' lang='lat' dir='ltr'><strong>denique</strong></span> <span class='ocrx_word' id='word_1_450' title='bbox 3109 3258 3276 3312; x_wconf 78' lang='lat' dir='ltr'><strong>tilium</strong></span> <span class='ocrx_word' id='word_1_451' title='bbox 3301 3257 3438 3328; x_wconf 84' lang='lat' dir='ltr'><strong>ejus,</strong></span> <span class='ocrx_word' id='word_1_452' title='bbox 3477 3275 3638 3329; x_wconf 91' lang='lat' dir='ltr'><strong>quem</strong></span> <span class='ocrx_word' id='word_1_453' title='bbox 3657 3277 3722 3315; x_wconf 73' lang='lat' dir='ltr'><strong>ex</strong></span> <span class='ocrx_word' id='word_1_454' title='bbox 3756 3257 3846 3328; x_wconf 82' lang='lat' dir='ltr'><strong>pel-</strong></span> 
     </span>
    </p>
   </div>
   <div class='ocr_carea' id='block_1_67' title="bbox 2296 3346 3846 3421">
    <p class='ocr_par' dir='ltr' id='par_1_67' title="bbox 2296 3346 3846 3421">
     <span class='ocr_line' id='line_1_67' title="bbox 2296 3346 3846 3421; baseline 0.001 -21"><span class='ocrx_word' id='word_1_455' title='bbox 2296 3346 2399 3404; x_wconf 91' lang='lat' dir='ltr'><strong>lice</strong></span> <span class='ocrx_word' id='word_1_456' title='bbox 2420 3359 2755 3419; x_wconf 82' lang='lat' dir='ltr'><strong>susceperat,</strong></span> <span class='ocrx_word' id='word_1_457' title='bbox 2781 3364 2811 3402; x_wconf 89' lang='lat' dir='ltr'><strong>a</strong></span> <span class='ocrx_word' id='word_1_458' title='bbox 2836 3364 2992 3404; x_wconf 89' lang='lat' dir='ltr'><strong>sacro</strong></span> <span class='ocrx_word' id='word_1_459' title='bbox 3017 3349 3162 3404; x_wconf 82' lang='lat' dir='ltr'><strong>fonte</strong></span> <span class='ocrx_word' id='word_1_460' title='bbox 3191 3348 3405 3413; x_wconf 90' lang='lat' dir='ltr'><strong>levavit,</strong></span> <span class='ocrx_word' id='word_1_461' title='bbox 3433 3365 3666 3421; x_wconf 89' lang='lat' dir='ltr'><strong>cumque</strong></span> <span class='ocrx_word' id='word_1_462' title='bbox 3686 3365 3746 3403; x_wconf 82' lang='lat' dir='ltr'><strong>ex</strong></span> <span class='ocrx_word' id='word_1_463' title='bbox 3772 3364 3846 3402; x_wconf 88' lang='lat' dir='ltr'><strong>no-</strong></span> 
     </span>
    </p>
   </div>
   <div class='ocr_carea' id='block_1_68' title="bbox 2299 3439 3844 3512">
    <p class='ocr_par' dir='ltr' id='par_1_68' title="bbox 2299 3439 3844 3512">
     <span class='ocr_line' id='line_1_68' title="bbox 2299 3439 3844 3512; baseline -0.001 -18"><span class='ocrx_word' id='word_1_464' title='bbox 2299 3440 2441 3495; x_wconf 89' lang='lat' dir='ltr'><strong>mine</strong></span> <span class='ocrx_word' id='word_1_465' title='bbox 2469 3456 2567 3496; x_wconf 92' lang='lat' dir='ltr'><strong>suo</strong></span> <span class='ocrx_word' id='word_1_466' title='bbox 2593 3441 2924 3498; x_wconf 84' lang='lat' dir='ltr'><strong>Zuendibold</strong></span> <span class='ocrx_word' id='word_1_467' title='bbox 2954 3441 3210 3512; x_wconf 86' lang='lat' dir='ltr'><strong>appellari</strong></span> <span class='ocrx_word' id='word_1_468' title='bbox 3252 3440 3397 3496; x_wconf 84' lang='lat' dir='ltr'><strong>fecit.</strong></span> <span class='ocrx_word' id='word_1_469' title='bbox 3431 3439 3584 3509; x_wconf 87' lang='lat' dir='ltr'><strong>Quae</strong></span> <span class='ocrx_word' id='word_1_470' title='bbox 3624 3459 3718 3504; x_wconf 77' lang='lat' dir='ltr'><strong>res</strong></span> <span class='ocrx_word' id='word_1_471' title='bbox 3761 3456 3844 3495; x_wconf 88' lang='lat' dir='ltr'><strong>non</strong></span> 
     </span>
    </p>
   </div>
   <div class='ocr_carea' id='block_1_69' title="bbox 2298 3532 3845 3605">
    <p class='ocr_par' dir='ltr' id='par_1_69' title="bbox 2298 3532 3845 3605">
     <span class='ocr_line' id='line_1_69' title="bbox 2298 3532 3845 3605; baseline -0.001 -19"><span class='ocrx_word' id='word_1_472' title='bbox 2298 3533 2567 3587; x_wconf 86' lang='lat' dir='ltr'><strong>modicum</strong></span> <span class='ocrx_word' id='word_1_473' title='bbox 2591 3534 2982 3591; x_wconf 88' lang='lat' dir='ltr'><strong>discordiarum</strong></span> <span class='ocrx_word' id='word_1_474' title='bbox 3013 3543 3069 3590; x_wconf 89' lang='lat' dir='ltr'><strong>et</strong></span> <span class='ocrx_word' id='word_1_475' title='bbox 3096 3532 3413 3590; x_wconf 88' lang='lat' dir='ltr'><strong>defectionis</strong></span> <span class='ocrx_word' id='word_1_476' title='bbox 3442 3535 3669 3605; x_wconf 82' lang='lat' dir='ltr'><strong>praebuit</strong></span> <span class='ocrx_word' id='word_1_477' title='bbox 3691 3535 3845 3588; x_wconf 81' lang='lat' dir='ltr'><strong>incita-</strong></span> 
     </span>
    </p>
   </div>
   <div class='ocr_carea' id='block_1_70' title="bbox 1821 3693 2488 3751">
    <p class='ocr_par' dir='ltr' id='par_1_70' title="bbox 1821 3693 2488 3751">
     <span class='ocr_line' id='line_1_70' title="bbox 1821 3693 2488 3751; baseline 0.003 -5"><span class='ocrx_word' id='word_1_478' title='bbox 1821 3693 2050 3749; x_wconf 76' lang='lat' dir='ltr'><strong>VARUE</strong></span> <span class='ocrx_word' id='word_1_479' title='bbox 2089 3693 2488 3751; x_wconf 84' lang='lat' dir='ltr'><strong>LECTIONES.</strong></span> 
     </span>
    </p>
   </div>
   <div class='ocr_carea' id='block_1_71' title="bbox 678 3829 1822 3906">
    <p class='ocr_par' dir='ltr' id='par_1_71' title="bbox 678 3829 1822 3906">
     <span class='ocr_line' id='line_1_71' title="bbox 678 3829 1822 3906; baseline -0.008 -14"><span class='ocrx_word' id='word_1_480' title='bbox 678 3837 750 3872; x_wconf 74' lang='grc'><strong>⁸⁷⁸</strong></span> <span class='ocrx_word' id='word_1_481' title='bbox 800 3835 1193 3906; x_wconf 85' lang='lat' dir='ltr'><strong>pannoniorum</strong></span> <span class='ocrx_word' id='word_1_482' title='bbox 1258 3841 1353 3906; x_wconf 89' lang='lat' dir='ltr'><strong>et_</strong></span> <span class='ocrx_word' id='word_1_483' title='bbox 1384 3834 1625 3906; x_wconf 65' lang='lat' dir='ltr'><strong>viarum_</strong></span> <span class='ocrx_word' id='word_1_484' title='bbox 1675 3847 1719 3886; x_wconf 92' lang='lat' dir='ltr'><strong>s.</strong></span> 
     </span>
    </p>
   </div>
   <div class='ocr_carea' id='block_1_72' title="bbox 607 3903 1654 3974">
    <p class='ocr_par' dir='ltr' id='par_1_72' title="bbox 607 3903 1654 3974">
     <span class='ocr_line' id='line_1_72' title="bbox 607 3903 1654 3974; baseline -0.009 -11"><span class='ocrx_word' id='word_1_485' title='bbox 607 3937 679 3947; x_wconf 88' lang='lat'><strong>——</strong></span> <span class='ocrx_word' id='word_1_486' title='bbox 707 3903 819 3962; x_wconf 45' lang='lat' dir='ltr'><strong>12f</strong></span> <span class='ocrx_word' id='word_1_487' title='bbox 892 3907 964 3941; x_wconf 72' lang='grc'><strong>⁸⁷⁸</strong></span> <span class='ocrx_word' id='word_1_488' title='bbox 1003 3905 1286 3974; x_wconf 78' lang='lat' dir='ltr'><strong>bulgarum</strong></span> <span class='ocrx_word' id='word_1_489' title='bbox 1328 3903 1382 3956; x_wconf 72' lang='grc'><strong>4.</strong></span> <span class='ocrx_word' id='word_1_490' title='bbox 1434 3903 1487 3958; x_wconf 82' lang='grc'><strong>5.</strong></span> <span class='ocrx_word' id='word_1_491' title='bbox 1516 3903 1569 3956; x_wconf 87' lang='lat'><strong>7.</strong></span> <span class='ocrx_word' id='word_1_492' title='bbox 1603 3903 1654 3955; x_wconf 90' lang='lat'><strong>8.</strong></span> 
     </span>
    </p>
   </div>
   <div class='ocr_carea' id='block_1_73' title="bbox 1944 3830 2840 3887">
    <p class='ocr_par' dir='ltr' id='par_1_73' title="bbox 1944 3830 2840 3887">
     <span class='ocr_line' id='line_1_73' title="bbox 1944 3830 2840 3887; baseline 0.006 -6"><span class='ocrx_word' id='word_1_493' title='bbox 1944 3830 2012 3863; x_wconf 69' lang='lat'><strong>9&quot;</strong></span> <span class='ocrx_word' id='word_1_494' title='bbox 2065 3845 2349 3884; x_wconf 86' lang='lat' dir='ltr'><strong>avarorum</strong></span> <span class='ocrx_word' id='word_1_495' title='bbox 2407 3830 2750 3886; x_wconf 87' lang='lat' dir='ltr'><strong>solitudinem</strong></span> <span class='ocrx_word' id='word_1_496' title='bbox 2790 3833 2840 3887; x_wconf 92' lang='lat'><strong>7.</strong></span> 
     </span>
    </p>
   </div>
   <div class='ocr_carea' id='block_1_74' title="bbox 1758 3899 2314 3971">
    <p class='ocr_par' dir='ltr' id='par_1_74' title="bbox 1758 3899 2314 3971">
     <span class='ocr_line' id='line_1_74' title="bbox 1758 3899 2314 3971; baseline -0.002 -16"><span class='ocrx_word' id='word_1_497' title='bbox 1758 3899 1831 3930; x_wconf 74' lang='grc' dir='ltr'><strong>’⁸ο</strong></span> <span class='ocrx_word' id='word_1_498' title='bbox 1860 3911 2101 3971; x_wconf 87' lang='lat' dir='ltr'><strong>pugnant</strong></span> <span class='ocrx_word' id='word_1_499' title='bbox 2142 3911 2233 3954; x_wconf 85' lang='lat' dir='ltr'><strong>aut</strong></span> <span class='ocrx_word' id='word_1_500' title='bbox 2260 3900 2314 3954; x_wconf 98' lang='lat'><strong>2.</strong></span> 
     </span>
    </p>
   </div>
   <div class='ocr_carea' id='block_1_75' title="bbox 2977 3834 3844 3907">
    <p class='ocr_par' dir='ltr' id='par_1_75' title="bbox 2977 3834 3844 3907">
     <span class='ocr_line' id='line_1_75' title="bbox 2977 3834 3844 3907; baseline -0.014 -10"><span class='ocrx_word' id='word_1_501' title='bbox 2977 3835 3048 3907; x_wconf 65' lang='grc' dir='ltr'><strong>⁹Ϊ⁸</strong></span> <span class='ocrx_word' id='word_1_502' title='bbox 3095 3851 3159 3890; x_wconf 84' lang='lat' dir='ltr'><strong>ac</strong></span> <span class='ocrx_word' id='word_1_503' title='bbox 3205 3837 3459 3907; x_wconf 89' lang='lat' dir='ltr'><strong>spacione</strong></span> <span class='ocrx_word' id='word_1_504' title='bbox 3518 3840 3573 3894; x_wconf 90' lang='lat'><strong>2.</strong></span> <span class='ocrx_word' id='word_1_505' title='bbox 3621 3840 3702 3893; x_wconf 81' lang='lat' dir='ltr'><strong>5a.</strong></span> <span class='ocrx_word' id='word_1_506' title='bbox 3752 3834 3844 3907; x_wconf 77' lang='grc'><strong>(1.9</strong></span> 
     </span>
    </p>
   </div>
   <div class='ocr_carea' id='block_1_76' title="bbox 2406 3902 3842 3978">
    <p class='ocr_par' dir='ltr' id='par_1_76' title="bbox 2406 3902 3842 3978">
     <span class='ocr_line' id='line_1_76' title="bbox 2406 3902 3842 3978; baseline 0.005 -26"><span class='ocrx_word' id='word_1_507' title='bbox 2406 3902 2473 3935; x_wconf 76' lang='grc'><strong>⁹⁸¹</strong></span> <span class='ocrx_word' id='word_1_508' title='bbox 2510 3902 2874 3978; x_wconf 69' lang='lat' dir='ltr'><strong>inusitatior?)</strong></span> <span class='ocrx_word' id='word_1_509' title='bbox 2902 3936 2974 3946; x_wconf 90' lang='lat'><strong>-——</strong></span> <span class='ocrx_word' id='word_1_510' title='bbox 2997 3905 3048 3960; x_wconf 85' lang='lat'><strong>6.</strong></span> <span class='ocrx_word' id='word_1_511' title='bbox 3149 3902 3517 3978; x_wconf 51' lang='lat' dir='ltr'><strong>“&#39;ﬁquidem</strong></span> <span class='ocrx_word' id='word_1_512' title='bbox 3550 3911 3686 3964; x_wconf 89' lang='lat' dir='ltr'><strong>deest</strong></span> <span class='ocrx_word' id='word_1_513' title='bbox 3728 3908 3776 3961; x_wconf 93' lang='lat'><strong>2.</strong></span> <span class='ocrx_word' id='word_1_514' title='bbox 3801 3906 3842 3959; x_wconf 83' lang='lat'><strong>5.</strong></span> 
     </span>
    </p>
   </div>
   <div class='ocr_carea' id='block_1_77' title="bbox 609 3970 3845 4046">
    <p class='ocr_par' dir='ltr' id='par_1_77' title="bbox 609 3970 3845 4046">
     <span class='ocr_line' id='line_1_77' title="bbox 609 3970 3845 4046; baseline -0.002 -13"><span class='ocrx_word' id='word_1_515' title='bbox 609 3977 682 4008; x_wconf 78' lang='grc'><strong>’⁸³</strong></span> <span class='ocrx_word' id='word_1_516' title='bbox 711 3977 876 4046; x_wconf 88' lang='lat' dir='ltr'><strong>Equis</strong></span> <span class='ocrx_word' id='word_1_517' title='bbox 931 3970 1383 4042; x_wconf 52' lang='lat' dir='ltr'><strong>omni&#39;tempore</strong></span> <span class='ocrx_word' id='word_1_518' title='bbox 1451 3981 1734 4046; x_wconf 80' lang='lat' dir='ltr'><strong>vectantur</strong></span> <span class='ocrx_word' id='word_1_519' title='bbox 1767 3977 1908 4046; x_wconf 74' lang='lat' dir='ltr'><strong>deest</strong></span> <span class='ocrx_word' id='word_1_520' title='bbox 1943 3970 2027 4046; x_wconf 38' lang='lat' dir='ltr'><strong>;in</strong></span> <span class='ocrx_word' id='word_1_521' title='bbox 2081 3970 2343 4046; x_wconf 68' lang='lat' dir='ltr'><strong>codicibus</strong></span> <span class='ocrx_word' id='word_1_522' title='bbox 2406 3989 2554 4046; x_wconf 64' lang='lat' dir='ltr'><strong>irque</strong></span> <span class='ocrx_word' id='word_1_523' title='bbox 2605 3990 2666 4026; x_wconf 88' lang='lat' dir='ltr'><strong>ac</strong></span> <span class='ocrx_word' id='word_1_524' title='bbox 2723 3974 3036 4030; x_wconf 86' lang='lat' dir='ltr'><strong>editionibus</strong></span> <span class='ocrx_word' id='word_1_525' title='bbox 3087 3970 3368 4044; x_wconf 67' lang='lat' dir='ltr'><strong>omnibus;</strong></span> <span class='ocrx_word' id='word_1_526' title='bbox 3413 3982 3579 4035; x_wconf 72' lang='lat' dir='ltr'><strong>codex</strong></span> <span class='ocrx_word' id='word_1_527' title='bbox 3634 3983 3682 4034; x_wconf 85' lang='grc'><strong>1.</strong></span> <span class='ocrx_word' id='word_1_528' title='bbox 3721 3977 3845 4030; x_wconf 82' lang='lat' dir='ltr'><strong>habet</strong></span> 
     </span>
    </p>
   </div>
   <div class='ocr_carea' id='block_1_78' title="bbox 608 4040 3843 4120">
    <p class='ocr_par' dir='ltr' id='par_1_78' title="bbox 608 4040 3843 4120">
     <span class='ocr_line' id='line_1_78' title="bbox 608 4040 3843 4120; baseline 0.001 -19"><span class='ocrx_word' id='word_1_529' title='bbox 608 4040 860 4120; x_wconf 76' lang='lat' dir='ltr'><strong>capillum</strong></span> <span class='ocrx_word' id='word_1_530' title='bbox 904 4060 1076 4115; x_wconf 87' lang='lat' dir='ltr'><strong>usque</strong></span> <span class='ocrx_word' id='word_1_531' title='bbox 1115 4040 1402 4120; x_wconf 69' lang='lat' dir='ltr'><strong>atlcutem</strong></span> <span class='ocrx_word' id='word_1_532' title='bbox 1452 4043 1586 4120; x_wconf 85' lang='lat' dir='ltr'><strong>tari_</strong></span> <span class='ocrx_word' id='word_1_533' title='bbox 1613 4057 1675 4095; x_wconf 89' lang='lat' dir='ltr'><strong>ac</strong></span> <span class='ocrx_word' id='word_1_534' title='bbox 1704 4040 1957 4120; x_wconf 37' lang='lat' dir='ltr'><strong>Icolloqui</strong></span> <span class='ocrx_word' id='word_1_535' title='bbox 2017 4040 2260 4120; x_wconf 30' lang='lat' dir='ltr'><strong>splenia“</strong></span> <span class='ocrx_word' id='word_1_536' title='bbox 2288 4040 2342 4093; x_wconf 92' lang='lat'><strong>2.</strong></span> <span class='ocrx_word' id='word_1_537' title='bbox 2401 4040 2861 4120; x_wconf 71' lang='lat' dir='ltr'><strong>capillumusque</strong></span> <span class='ocrx_word' id='word_1_538' title='bbox 2909 4047 2976 4120; x_wconf 69' lang='lat' dir='ltr'><strong>ad</strong></span> <span class='ocrx_word' id='word_1_539' title='bbox 3024 4040 3357 4120; x_wconf 23' lang='lat' dir='ltr'><strong>kvitcmtari&#39;</strong></span> <span class='ocrx_word' id='word_1_540' title='bbox 3386 4066 3450 4103; x_wconf 91' lang='lat' dir='ltr'><strong>ac</strong></span> <span class='ocrx_word' id='word_1_541' title='bbox 3503 4051 3762 4120; x_wconf 85' lang='lat' dir='ltr'><strong>colloqui;</strong></span> <span class='ocrx_word' id='word_1_542' title='bbox 3802 4046 3843 4099; x_wconf 78' lang='grc' dir='ltr'><strong>5ο</strong></span> 
     </span>
    </p>
   </div>
   <div class='ocr_carea' id='block_1_79' title="bbox 608 4109 3843 4192">
    <p class='ocr_par' dir='ltr' id='par_1_79' title="bbox 608 4109 3843 4192">
     <span class='ocr_line' id='line_1_79' title="bbox 608 4109 3843 4192; baseline -0.002 -19"><span class='ocrx_word' id='word_1_543' title='bbox 608 4109 849 4174; x_wconf 76' lang='lat' dir='ltr'><strong>caballos</strong></span> <span class='ocrx_word' id='word_1_544' title='bbox 904 4109 1312 4192; x_wconf 36' lang='lat' dir='ltr'><strong>sup-rantnodum</strong></span> <span class='ocrx_word' id='word_1_545' title='bbox 1361 4113 1587 4192; x_wconf 73' lang='lat' dir='ltr'><strong>tempari</strong></span> <span class='ocrx_word' id='word_1_546' title='bbox 1638 4111 1857 4192; x_wconf 49' lang='lat' dir='ltr'><strong>scienti</strong></span> <span class='ocrx_word' id='word_1_547' title='bbox 1906 4110 1970 4164; x_wconf 87' lang='lat' dir='ltr'><strong>de</strong></span> <span class='ocrx_word' id='word_1_548' title='bbox 2027 4111 2080 4163; x_wconf 86' lang='lat'><strong>6.</strong></span> <span class='ocrx_word' id='word_1_549' title='bbox 2115 4109 2260 4192; x_wconf 48' lang='lat' dir='ltr'><strong>.niltii</strong></span> <span class='ocrx_word' id='word_1_550' title='bbox 2300 4112 2567 4192; x_wconf 63' lang='lat' dir='ltr'><strong>prolatum</strong></span> <span class='ocrx_word' id='word_1_551' title='bbox 2628 4113 2743 4192; x_wconf 71' lang='lat' dir='ltr'><strong>ideo</strong></span> <span class='ocrx_word' id='word_1_552' title='bbox 2776 4109 2908 4169; x_wconf 63' lang='lat' dir='ltr'><strong>cum</strong></span> <span class='ocrx_word' id='word_1_553' title='bbox 2935 4116 2998 4192; x_wconf 37' lang='grc' dir='ltr'><strong>5..Δ</strong></span> <span class='ocrx_word' id='word_1_554' title='bbox 3023 4117 3073 4171; x_wconf 88' lang='lat'><strong>7.</strong></span> <span class='ocrx_word' id='word_1_555' title='bbox 3095 4117 3158 4192; x_wconf 86' lang='lat'><strong>_9.</strong></span> <span class='ocrx_word' id='word_1_556' title='bbox 3195 4119 3283 4173; x_wconf 80' lang='grc'><strong>10.</strong></span> <span class='ocrx_word' id='word_1_557' title='bbox 3313 4121 3403 4192; x_wconf 77' lang='grc'><strong>11.</strong></span> <span class='ocrx_word' id='word_1_558' title='bbox 3442 4121 3530 4175; x_wconf 75' lang='lat' dir='ltr'><strong>i2.</strong></span> <span class='ocrx_word' id='word_1_559' title='bbox 3563 4109 3843 4192; x_wconf 40' lang='lat' dir='ltr'><strong>tegeaeum:</strong></span> 
     </span>
    </p>
   </div>
   <div class='ocr_carea' id='block_1_80' title="bbox 607 4181 3843 4256">
    <p class='ocr_par' dir='ltr' id='par_1_80' title="bbox 607 4181 3843 4256">
     <span class='ocr_line' id='line_1_80' title="bbox 607 4181 3843 4256; baseline -0.002 -14"><span class='ocrx_word' id='word_1_560' title='bbox 607 4192 798 4244; x_wconf 85' lang='lat' dir='ltr'><strong>sendus</strong></span> <span class='ocrx_word' id='word_1_561' title='bbox 834 4198 907 4242; x_wconf 88' lang='lat' dir='ltr'><strong>est</strong></span> <span class='ocrx_word' id='word_1_562' title='bbox 957 4181 1209 4256; x_wconf 79' lang='lat' dir='ltr'><strong>capillum</strong></span> <span class='ocrx_word' id='word_1_563' title='bbox 1264 4200 1438 4254; x_wconf 87' lang='lat' dir='ltr'><strong>neque</strong></span> <span class='ocrx_word' id='word_1_564' title='bbox 1474 4181 1794 4256; x_wconf 30' lang='lat' dir='ltr'><strong>&#39;ad_cntemh</strong></span> <span class='ocrx_word' id='word_1_565' title='bbox 1835 4181 1977 4235; x_wconf 88' lang='lat' dir='ltr'><strong>ferro</strong></span> <span class='ocrx_word' id='word_1_566' title='bbox 2017 4181 2258 4256; x_wconf 59' lang='lat' dir='ltr'><strong>credunt,</strong></span> <span class='ocrx_word' id='word_1_567' title='bbox 2308 4195 2473 4256; x_wconf 71' lang='lat' dir='ltr'><strong>super</strong></span> <span class='ocrx_word' id='word_1_568' title='bbox 2516 4181 2632 4256; x_wconf 86' lang='lat' dir='ltr'><strong>illos</strong></span> <span class='ocrx_word' id='word_1_569' title='bbox 2701 4185 2802 4249; x_wconf 90' lang='lat' dir='ltr'><strong>ire,</strong></span> <span class='ocrx_word' id='word_1_570' title='bbox 2858 4187 3130 4252; x_wconf 87' lang='lat' dir='ltr'><strong>meditari,</strong></span> <span class='ocrx_word' id='word_1_571' title='bbox 3177 4190 3473 4245; x_wconf 87' lang='lat' dir='ltr'><strong>consistere</strong></span> <span class='ocrx_word' id='word_1_572' title='bbox 3526 4181 3843 4254; x_wconf 60' lang='lat' dir='ltr'><strong>ac&#39;colloqui</strong></span> 
     </span>
    </p>
   </div>
   <div class='ocr_carea' id='block_1_81' title="bbox 615 4251 3841 4332">
    <p class='ocr_par' dir='ltr' id='par_1_81' title="bbox 615 4251 3841 4332">
     <span class='ocr_line' id='line_1_81' title="bbox 615 4251 3841 4332; baseline -0.003 -14"><span class='ocrx_word' id='word_1_573' title='bbox 615 4262 828 4323; x_wconf 84' lang='lat' dir='ltr'><strong>solent;</strong></span> <span class='ocrx_word' id='word_1_574' title='bbox 859 4259 891 4311; x_wconf 75' lang='grc'><strong>4</strong></span> <span class='ocrx_word' id='word_1_575' title='bbox 921 4251 1144 4332; x_wconf 74' lang='lat' dir='ltr'><strong>capillos</strong></span> <span class='ocrx_word' id='word_1_576' title='bbox 1170 4251 1433 4324; x_wconf 75' lang='lat' dir='ltr'><strong>usquead</strong></span> <span class='ocrx_word' id='word_1_577' title='bbox 1463 4253 1718 4332; x_wconf 79' lang='lat' dir='ltr'><strong>verticem</strong></span> <span class='ocrx_word' id='word_1_578' title='bbox 1770 4251 1913 4332; x_wconf 61' lang='lat' dir='ltr'><strong>ferro</strong></span> <span class='ocrx_word' id='word_1_579' title='bbox 1943 4252 2174 4332; x_wconf 60' lang='lat' dir='ltr'><strong>caedunt.</strong></span> <span class='ocrx_word' id='word_1_580' title='bbox 2206 4251 2387 4332; x_wconf 71' lang='lat' dir='ltr'><strong>Super</strong></span> <span class='ocrx_word' id='word_1_581' title='bbox 2422 4252 2541 4307; x_wconf 89' lang='lat' dir='ltr'><strong>illos</strong></span> <span class='ocrx_word' id='word_1_582' title='bbox 2583 4254 2681 4319; x_wconf 90' lang='lat' dir='ltr'><strong>ire,</strong></span> <span class='ocrx_word' id='word_1_583' title='bbox 2707 4257 3022 4332; x_wconf 69' lang='lat' dir='ltr'><strong>consistere,</strong></span> <span class='ocrx_word' id='word_1_584' title='bbox 3055 4251 3248 4313; x_wconf 88' lang='lat' dir='ltr'><strong>metari</strong></span> <span class='ocrx_word' id='word_1_585' title='bbox 3302 4276 3366 4332; x_wconf 78' lang='lat' dir='ltr'><strong>ac</strong></span> <span class='ocrx_word' id='word_1_586' title='bbox 3393 4261 3624 4332; x_wconf 88' lang='lat' dir='ltr'><strong>colloqui</strong></span> <span class='ocrx_word' id='word_1_587' title='bbox 3658 4251 3841 4332; x_wconf 62' lang='lat' dir='ltr'><strong>solent;</strong></span> 
     </span>
    </p>
   </div>
   <div class='ocr_carea' id='block_1_82' title="bbox 609 4321 3842 4400">
    <p class='ocr_par' dir='ltr' id='par_1_82' title="bbox 609 4321 3842 4400">
     <span class='ocr_line' id='line_1_82' title="bbox 609 4321 3842 4400; baseline -0.002 -14"><span class='ocrx_word' id='word_1_588' title='bbox 609 4337 663 4389; x_wconf 92' lang='lat'><strong>8.</strong></span> <span class='ocrx_word' id='word_1_589' title='bbox 718 4321 927 4400; x_wconf 81' lang='lat' dir='ltr'><strong>demum</strong></span> <span class='ocrx_word' id='word_1_590' title='bbox 956 4321 1208 4400; x_wconf 78' lang='lat' dir='ltr'><strong>capillum</strong></span> <span class='ocrx_word' id='word_1_591' title='bbox 1252 4321 1431 4400; x_wconf 75' lang='lat' dir='ltr'><strong>usque</strong></span> <span class='ocrx_word' id='word_1_592' title='bbox 1487 4324 1552 4400; x_wconf 75' lang='lat' dir='ltr'><strong>ad</strong></span> <span class='ocrx_word' id='word_1_593' title='bbox 1591 4333 1781 4400; x_wconf 71' lang='lat' dir='ltr'><strong>cutem</strong></span> <span class='ocrx_word' id='word_1_594' title='bbox 1831 4322 1974 4375; x_wconf 89' lang='lat' dir='ltr'><strong>ferro</strong></span> <span class='ocrx_word' id='word_1_595' title='bbox 2020 4321 2260 4400; x_wconf 54' lang='lat' dir='ltr'><strong>cadunt,</strong></span> <span class='ocrx_word' id='word_1_596' title='bbox 2295 4337 2456 4392; x_wconf 91' lang='lat' dir='ltr'><strong>super</strong></span> <span class='ocrx_word' id='word_1_597' title='bbox 2484 4337 2654 4400; x_wconf 69' lang='lat' dir='ltr'><strong>equos</strong></span> <span class='ocrx_word' id='word_1_598' title='bbox 2705 4324 2816 4400; x_wconf 86' lang='lat' dir='ltr'><strong>ire,</strong></span> <span class='ocrx_word' id='word_1_599' title='bbox 2872 4329 3198 4400; x_wconf 83' lang='lat' dir='ltr'><strong>consistere,</strong></span> <span class='ocrx_word' id='word_1_600' title='bbox 3255 4330 3488 4400; x_wconf 89' lang='lat' dir='ltr'><strong>colloqui</strong></span> <span class='ocrx_word' id='word_1_601' title='bbox 3529 4321 3584 4385; x_wconf 68' lang='lat' dir='ltr'><strong>et</strong></span> <span class='ocrx_word' id='word_1_602' title='bbox 3629 4324 3842 4400; x_wconf 85' lang='lat' dir='ltr'><strong>meditari</strong></span> 
     </span>
    </p>
   </div>
   <div class='ocr_carea' id='block_1_83' title="bbox 611 4390 3842 4471">
    <p class='ocr_par' dir='ltr' id='par_1_83' title="bbox 611 4390 3842 4471">
     <span class='ocr_line' id='line_1_83' title="bbox 611 4390 3842 4471; baseline -0.004 -13"><span class='ocrx_word' id='word_1_603' title='bbox 611 4403 806 4471; x_wconf 83' lang='lat' dir='ltr'><strong>solent.</strong></span> <span class='ocrx_word' id='word_1_604' title='bbox 830 4398 1002 4471; x_wconf 78' lang='lat' dir='ltr'><strong>Quam</strong></span> <span class='ocrx_word' id='word_1_605' title='bbox 1024 4390 1556 4471; x_wconf 50' lang='lat' dir='ltr'><strong>annalistteﬁaamnis</strong></span> <span class='ocrx_word' id='word_1_606' title='bbox 1585 4392 1875 4471; x_wconf 65' lang='lat' dir='ltr'><strong>lectionem,</strong></span> <span class='ocrx_word' id='word_1_607' title='bbox 1903 4390 2309 4471; x_wconf 78' lang='lat' dir='ltr'><strong>quw_l_evissima</strong></span> <span class='ocrx_word' id='word_1_608' title='bbox 2334 4390 2620 4471; x_wconf 68' lang='lat' dir='ltr'><strong>mutatione</strong></span> <span class='ocrx_word' id='word_1_609' title='bbox 2648 4399 2813 4471; x_wconf 72' lang='lat' dir='ltr'><strong>textui</strong></span> <span class='ocrx_word' id='word_1_610' title='bbox 2835 4397 3088 4471; x_wconf 82' lang='lat' dir='ltr'><strong>medelam</strong></span> <span class='ocrx_word' id='word_1_611' title='bbox 3114 4390 3322 4467; x_wconf 78' lang='lat' dir='ltr'><strong>adferre</strong></span> <span class='ocrx_word' id='word_1_612' title='bbox 3346 4390 3568 4463; x_wconf 79' lang='lat' dir='ltr'><strong>videtur,</strong></span> <span class='ocrx_word' id='word_1_613' title='bbox 3599 4399 3842 4471; x_wconf 78' lang='lat' dir='ltr'><strong>quominus</strong></span> 
     </span>
    </p>
   </div>
   <div class='ocr_carea' id='block_1_84' title="bbox 612 4461 3844 4540">
    <p class='ocr_par' dir='ltr' id='par_1_84' title="bbox 612 4461 3844 4540">
     <span class='ocr_line' id='line_1_84' title="bbox 612 4461 3844 4540; baseline -0.002 -15"><span class='ocrx_word' id='word_1_614' title='bbox 612 4461 879 4540; x_wconf 75' lang='lat' dir='ltr'><strong>recipiam,</strong></span> <span class='ocrx_word' id='word_1_615' title='bbox 911 4467 1099 4540; x_wconf 71' lang='lat' dir='ltr'><strong>obstat,</strong></span> <span class='ocrx_word' id='word_1_616' title='bbox 1132 4465 1271 4540; x_wconf 79' lang='lat' dir='ltr'><strong>quod</strong></span> <span class='ocrx_word' id='word_1_617' title='bbox 1296 4463 1575 4540; x_wconf 70' lang='lat' dir='ltr'><strong>Reginonis</strong></span> <span class='ocrx_word' id='word_1_618' title='bbox 1602 4463 1755 4540; x_wconf 66' lang='lat' dir='ltr'><strong>verba</strong></span> <span class='ocrx_word' id='word_1_619' title='bbox 1784 4461 1849 4513; x_wconf 87' lang='lat' dir='ltr'><strong>ab</strong></span> <span class='ocrx_word' id='word_1_620' title='bbox 1881 4461 2270 4540; x_wconf 61' lang='lat' dir='ltr'><strong>annalistanon</strong></span> <span class='ocrx_word' id='word_1_621' title='bbox 2293 4463 2366 4514; x_wconf 90' lang='lat' dir='ltr'><strong>ita</strong></span> <span class='ocrx_word' id='word_1_622' title='bbox 2397 4463 2600 4540; x_wconf 77' lang='lat' dir='ltr'><strong>sincera</strong></span> <span class='ocrx_word' id='word_1_623' title='bbox 2626 4468 2868 4540; x_wconf 75' lang='lat' dir='ltr'><strong>exscribi,</strong></span> <span class='ocrx_word' id='word_1_624' title='bbox 2899 4468 2989 4520; x_wconf 86' lang='lat' dir='ltr'><strong>sed</strong></span> <span class='ocrx_word' id='word_1_625' title='bbox 3019 4461 3320 4540; x_wconf 77' lang='lat' dir='ltr'><strong>plerumque</strong></span> <span class='ocrx_word' id='word_1_626' title='bbox 3348 4461 3588 4526; x_wconf 71' lang='lat' dir='ltr'><strong>contrahi</strong></span> <span class='ocrx_word' id='word_1_627' title='bbox 3612 4461 3844 4524; x_wconf 57' lang='lat' dir='ltr'><strong>&#39;immuta-</strong></span> 
     </span>
    </p>
   </div>
   <div class='ocr_carea' id='block_1_85' title="bbox 612 4531 3842 4607">
    <p class='ocr_par' dir='ltr' id='par_1_85' title="bbox 612 4531 3842 4607">
     <span class='ocr_line' id='line_1_85' title="bbox 612 4531 3842 4607; baseline -0.002 -12"><span class='ocrx_word' id='word_1_628' title='bbox 612 4531 961 4607; x_wconf 50' lang='lat' dir='ltr'><strong>rive&#39;soleant.</strong></span> <span class='ocrx_word' id='word_1_629' title='bbox 984 4533 1115 4607; x_wconf 82' lang='lat' dir='ltr'><strong>Cum</strong></span> <span class='ocrx_word' id='word_1_630' title='bbox 1135 4531 1486 4607; x_wconf 43' lang='lat' dir='ltr'><strong>igituret&#39;vox</strong></span> <span class='ocrx_word' id='word_1_631' title='bbox 1514 4533 1633 4607; x_wconf 83' lang='lat' dir='ltr'><strong>illos</strong></span> <span class='ocrx_word' id='word_1_632' title='bbox 1651 4531 1938 4607; x_wconf 65' lang='lat' dir='ltr'><strong>inintegra</strong></span> <span class='ocrx_word' id='word_1_633' title='bbox 1959 4531 2159 4607; x_wconf 78' lang='lat' dir='ltr'><strong>Justini</strong></span> <span class='ocrx_word' id='word_1_634' title='bbox 2198 4533 2792 4607; x_wconf 63' lang='lat' dir='ltr'><strong>sententiafepetjatur,</strong></span> <span class='ocrx_word' id='word_1_635' title='bbox 2828 4555 2889 4590; x_wconf 87' lang='lat' dir='ltr'><strong>ac</strong></span> <span class='ocrx_word' id='word_1_636' title='bbox 2918 4531 3029 4592; x_wconf 71' lang='lat' dir='ltr'><strong>non</strong></span> <span class='ocrx_word' id='word_1_637' title='bbox 3056 4531 3554 4596; x_wconf 56' lang='lat' dir='ltr'><strong>unum&#39;vocabulum</strong></span> <span class='ocrx_word' id='word_1_638' title='bbox 3575 4548 3842 4607; x_wconf 87' lang='lat' dir='ltr'><strong>corruptum</strong></span> 
     </span>
    </p>
   </div>
   <div class='ocr_carea' id='block_1_86' title="bbox 609 4600 3845 4690">
    <p class='ocr_par' dir='ltr' id='par_1_86' title="bbox 609 4600 3845 4690">
     <span class='ocr_line' id='line_1_86' title="bbox 609 4600 3845 4690; baseline -0.001 -28"><span class='ocrx_word' id='word_1_639' title='bbox 609 4611 701 4666; x_wconf 83' lang='lat' dir='ltr'><strong>sed</strong></span> <span class='ocrx_word' id='word_1_640' title='bbox 729 4607 882 4690; x_wconf 75' lang='lat' dir='ltr'><strong>plura</strong></span> <span class='ocrx_word' id='word_1_641' title='bbox 910 4606 1006 4658; x_wconf 83' lang='lat' dir='ltr'><strong>hoc</strong></span> <span class='ocrx_word' id='word_1_642' title='bbox 1026 4605 1137 4690; x_wconf 69' lang='lat' dir='ltr'><strong>loco</strong></span> <span class='ocrx_word' id='word_1_643' title='bbox 1155 4600 1406 4690; x_wconf 48' lang='lat' dir='ltr'><strong>ercidisse</strong></span> <span class='ocrx_word' id='word_1_644' title='bbox 1432 4603 1672 4690; x_wconf 61' lang='lat' dir='ltr'><strong>codicum</strong></span> <span class='ocrx_word' id='word_1_645' title='bbox 1701 4600 2050 4690; x_wconf 70' lang='lat' dir='ltr'><strong>discrepantia</strong></span> <span class='ocrx_word' id='word_1_646' title='bbox 2077 4601 2335 4690; x_wconf 75' lang='lat' dir='ltr'><strong>ostendat,</strong></span> <span class='ocrx_word' id='word_1_647' title='bbox 2375 4617 2440 4656; x_wconf 78' lang='lat' dir='ltr'><strong>ea;</strong></span> <span class='ocrx_word' id='word_1_648' title='bbox 2459 4600 2569 4690; x_wconf 67' lang='lat' dir='ltr'><strong>ipso</strong></span> <span class='ocrx_word' id='word_1_649' title='bbox 2589 4603 2812 4686; x_wconf 38' lang='lat' dir='ltr'><strong>olustitto</strong></span> <span class='ocrx_word' id='word_1_650' title='bbox 2852 4608 3132 4690; x_wconf 73' lang='lat' dir='ltr'><strong>remedium</strong></span> <span class='ocrx_word' id='word_1_651' title='bbox 3154 4610 3296 4690; x_wconf 61' lang='lat' dir='ltr'><strong>petii.</strong></span> <span class='ocrx_word' id='word_1_652' title='bbox 3327 4609 3439 4664; x_wconf 85' lang='lat' dir='ltr'><strong>Nec</strong></span> <span class='ocrx_word' id='word_1_653' title='bbox 3469 4622 3662 4674; x_wconf 83' lang='lat' dir='ltr'><strong>tamen,</strong></span> <span class='ocrx_word' id='word_1_654' title='bbox 3687 4600 3845 4685; x_wconf 73' lang='lat' dir='ltr'><strong>Regio-</strong></span> 
     </span>
    </p>
   </div>
   <div class='ocr_carea' id='block_1_87' title="bbox 612 4669 3843 4753">
    <p class='ocr_par' dir='ltr' id='par_1_87' title="bbox 612 4669 3843 4753">
     <span class='ocr_line' id='line_1_87' title="bbox 612 4669 3843 4753; baseline -0.003 -18"><span class='ocrx_word' id='word_1_655' title='bbox 612 4684 693 4736; x_wconf 91' lang='lat' dir='ltr'><strong>nis</strong></span> <span class='ocrx_word' id='word_1_656' title='bbox 726 4669 778 4731; x_wconf 81' lang='lat' dir='ltr'><strong>in</strong></span> <span class='ocrx_word' id='word_1_657' title='bbox 813 4675 1128 4753; x_wconf 63' lang='lat' dir='ltr'><strong>adoptandis</strong></span> <span class='ocrx_word' id='word_1_658' title='bbox 1153 4674 1378 4752; x_wconf 65' lang='lat' dir='ltr'><strong>aliorum</strong></span> <span class='ocrx_word' id='word_1_659' title='bbox 1400 4673 1565 4726; x_wconf 81' lang='lat' dir='ltr'><strong>verbis</strong></span> <span class='ocrx_word' id='word_1_660' title='bbox 1590 4669 1865 4725; x_wconf 77' lang='lat' dir='ltr'><strong>consilium</strong></span> <span class='ocrx_word' id='word_1_661' title='bbox 1894 4680 2150 4751; x_wconf 72' lang='lat' dir='ltr'><strong>spectans,</strong></span> <span class='ocrx_word' id='word_1_662' title='bbox 2179 4669 2656 4753; x_wconf 49' lang='lat' dir='ltr'><strong>integrantdustini</strong></span> <span class='ocrx_word' id='word_1_663' title='bbox 2682 4679 2989 4731; x_wconf 85' lang='lat' dir='ltr'><strong>sententiam</strong></span> <span class='ocrx_word' id='word_1_664' title='bbox 3018 4669 3367 4749; x_wconf 75' lang='lat' dir='ltr'><strong>recipiendam</strong></span> <span class='ocrx_word' id='word_1_665' title='bbox 3393 4669 3714 4753; x_wconf 76' lang='lat' dir='ltr'><strong>censui,quw</strong></span> <span class='ocrx_word' id='word_1_666' title='bbox 3729 4669 3843 4753; x_wconf 49' lang='lat' dir='ltr'><strong>enirn</strong></span> 
     </span>
    </p>
   </div>
   <div class='ocr_carea' id='block_1_88' title="bbox 611 4741 3844 4821">
    <p class='ocr_par' dir='ltr' id='par_1_88' title="bbox 611 4741 3844 4821">
     <span class='ocr_line' id='line_1_88' title="bbox 611 4741 3844 4821; baseline -0.002 -17"><span class='ocrx_word' id='word_1_667' title='bbox 611 4767 777 4805; x_wconf 76' lang='lat' dir='ltr'><strong>nuces.</strong></span> <span class='ocrx_word' id='word_1_668' title='bbox 812 4767 829 4798; x_wconf 73' lang='grc' dir='ltr'><strong><em>ι</em></strong></span> <span class='ocrx_word' id='word_1_669' title='bbox 861 4741 1026 4821; x_wconf 64' lang='lat' dir='ltr'><strong>Erluis</strong></span> <span class='ocrx_word' id='word_1_670' title='bbox 1062 4743 1208 4821; x_wconf 66' lang='lat' dir='ltr'><strong>omni</strong></span> <span class='ocrx_word' id='word_1_671' title='bbox 1254 4752 1493 4813; x_wconf 88' lang='lat' dir='ltr'><strong>tempore</strong></span> <span class='ocrx_word' id='word_1_672' title='bbox 1521 4751 1805 4821; x_wconf 82' lang='lat' dir='ltr'><strong>vectantur</strong></span> <span class='ocrx_word' id='word_1_673' title='bbox 1831 4741 2119 4821; x_wconf 71' lang='lat' dir='ltr'><strong>«excipiunt</strong></span> <span class='ocrx_word' id='word_1_674' title='bbox 2159 4767 2172 4792; x_wconf 74' lang='grc' dir='ltr'><strong><em>ι</em></strong></span> <span class='ocrx_word' id='word_1_675' title='bbox 2356 4742 2516 4821; x_wconf 75' lang='lat' dir='ltr'><strong>bella,</strong></span> <span class='ocrx_word' id='word_1_676' title='bbox 2543 4742 2647 4821; x_wconf 66' lang='lat' dir='ltr'><strong>illis</strong></span> <span class='ocrx_word' id='word_1_677' title='bbox 2681 4749 2948 4821; x_wconf 84' lang='lat' dir='ltr'><strong>convivia,</strong></span> <span class='ocrx_word' id='word_1_678' title='bbox 2975 4748 3080 4821; x_wconf 80' lang='lat' dir='ltr'><strong>illis</strong></span> <span class='ocrx_word' id='word_1_679' title='bbox 3104 4741 3315 4821; x_wconf 82' lang='lat' dir='ltr'><strong>publica</strong></span> <span class='ocrx_word' id='word_1_680' title='bbox 3354 4767 3418 4807; x_wconf 79' lang='lat' dir='ltr'><strong>ac</strong></span> <span class='ocrx_word' id='word_1_681' title='bbox 3449 4741 3658 4821; x_wconf 56' lang='lat' dir='ltr'><strong>priviu&#39;a</strong></span> <span class='ocrx_word' id='word_1_682' title='bbox 3699 4746 3844 4821; x_wconf 69' lang='lat' dir='ltr'><strong>cilicia</strong></span> 
     </span>
    </p>
   </div>
   <div class='ocr_carea' id='block_1_89' title="bbox 611 4810 3842 4883">
    <p class='ocr_par' dir='ltr' id='par_1_89' title="bbox 611 4810 3842 4883">
     <span class='ocr_line' id='line_1_89' title="bbox 611 4810 3842 4883; baseline 0.002 -18"><span class='ocrx_word' id='word_1_683' title='bbox 611 4822 857 4875; x_wconf 62' lang='lat' dir='ltr'><strong>01mm“</strong></span> <span class='ocrx_word' id='word_1_684' title='bbox 897 4810 965 4868; x_wconf 76' lang='grc' dir='ltr'><strong>(ίη</strong></span> <span class='ocrx_word' id='word_1_685' title='bbox 995 4816 1048 4866; x_wconf 87' lang='lat' dir='ltr'><strong>in</strong></span> <span class='ocrx_word' id='word_1_686' title='bbox 1100 4811 1340 4882; x_wconf 83' lang='lat' dir='ltr'><strong>Ungaros</strong></span> <span class='ocrx_word' id='word_1_687' title='bbox 1365 4810 1584 4883; x_wconf 46' lang='lat' dir='ltr'><strong>&#39;quoque</strong></span> <span class='ocrx_word' id='word_1_688' title='bbox 1621 4813 1960 4883; x_wconf 64' lang='lat' dir='ltr'><strong>quadrarenl,</strong></span> <span class='ocrx_word' id='word_1_689' title='bbox 1999 4810 2149 4864; x_wconf 79' lang='lat' dir='ltr'><strong>valde</strong></span> <span class='ocrx_word' id='word_1_690' title='bbox 2195 4812 2519 4867; x_wconf 84' lang='lat' dir='ltr'><strong>dubitabam.</strong></span> <span class='ocrx_word' id='word_1_691' title='bbox 2559 4813 2818 4870; x_wconf 70' lang='lat' dir='ltr'><strong>Caeterum</strong></span> <span class='ocrx_word' id='word_1_692' title='bbox 2861 4810 3065 4874; x_wconf 73' lang='lat' dir='ltr'><strong>Justini</strong></span> <span class='ocrx_word' id='word_1_693' title='bbox 3092 4810 3344 4876; x_wconf 71' lang='lat' dir='ltr'><strong>editiones</strong></span> <span class='ocrx_word' id='word_1_694' title='bbox 3375 4810 3477 4877; x_wconf 75' lang='lat' dir='ltr'><strong>non</strong></span> <span class='ocrx_word' id='word_1_695' title='bbox 3510 4819 3745 4878; x_wconf 85' lang='lat' dir='ltr'><strong>meditari</strong></span> <span class='ocrx_word' id='word_1_696' title='bbox 3771 4815 3842 4867; x_wconf 69' lang='lat' dir='ltr'><strong>sed</strong></span> 
     </span>
    </p>
   </div>
   <div class='ocr_carea' id='block_1_90' title="bbox 613 4880 3844 4962">
    <p class='ocr_par' dir='ltr' id='par_1_90' title="bbox 613 4880 3844 4962">
     <span class='ocr_line' id='line_1_90' title="bbox 613 4880 3844 4962; baseline -0.002 -16"><span class='ocrx_word' id='word_1_697' title='bbox 613 4885 1088 4962; x_wconf 35' lang='lat' dir='ltr'><strong>niercarimltalfent,</strong></span> <span class='ocrx_word' id='word_1_698' title='bbox 1111 4880 1200 4962; x_wconf 80' lang='lat' dir='ltr'><strong>cui</strong></span> <span class='ocrx_word' id='word_1_699' title='bbox 1222 4880 1424 4962; x_wconf 67' lang='lat' dir='ltr'><strong>codicis</strong></span> <span class='ocrx_word' id='word_1_700' title='bbox 1458 4880 1512 4936; x_wconf 69' lang='lat' dir='ltr'><strong>4i</strong></span> <span class='ocrx_word' id='word_1_701' title='bbox 1539 4880 1698 4962; x_wconf 71' lang='lat' dir='ltr'><strong>(Ann.</strong></span> <span class='ocrx_word' id='word_1_702' title='bbox 1731 4880 2085 4962; x_wconf 71' lang='lat' dir='ltr'><strong>Mettensium)</strong></span> <span class='ocrx_word' id='word_1_703' title='bbox 2120 4883 2308 4936; x_wconf 86' lang='lat' dir='ltr'><strong>metari</strong></span> <span class='ocrx_word' id='word_1_704' title='bbox 2334 4885 2571 4962; x_wconf 76' lang='lat' dir='ltr'><strong>proxime</strong></span> <span class='ocrx_word' id='word_1_705' title='bbox 2616 4888 2814 4962; x_wconf 79' lang='lat' dir='ltr'><strong>accedit</strong></span> <span class='ocrx_word' id='word_1_706' title='bbox 2845 4902 2862 4939; x_wconf 91' lang='lat'><em>:</em></span> <span class='ocrx_word' id='word_1_707' title='bbox 2890 4888 3141 4962; x_wconf 73' lang='lat' dir='ltr'><strong>meditari</strong></span> <span class='ocrx_word' id='word_1_708' title='bbox 3181 4901 3351 4944; x_wconf 89' lang='lat' dir='ltr'><strong>autem</strong></span> <span class='ocrx_word' id='word_1_709' title='bbox 3386 4895 3663 4962; x_wconf 86' lang='lat' dir='ltr'><strong>genuinam</strong></span> <span class='ocrx_word' id='word_1_710' title='bbox 3690 4883 3844 4962; x_wconf 37' lang='lat' dir='ltr'><strong>etin-</strong></span> 
     </span>
    </p>
   </div>
   <div class='ocr_carea' id='block_1_91' title="bbox 610 4951 3839 5029">
    <p class='ocr_par' dir='ltr' id='par_1_91' title="bbox 610 4951 3839 5029">
     <span class='ocr_line' id='line_1_91' title="bbox 610 4951 3839 5029; baseline -0.003 -13"><span class='ocrx_word' id='word_1_711' title='bbox 610 4963 734 5017; x_wconf 87' lang='lat' dir='ltr'><strong>stini</strong></span> <span class='ocrx_word' id='word_1_712' title='bbox 760 4971 807 5013; x_wconf 86' lang='lat' dir='ltr'><strong>et</strong></span> <span class='ocrx_word' id='word_1_713' title='bbox 839 4956 1119 5029; x_wconf 68' lang='lat' dir='ltr'><strong>Reginonis</strong></span> <span class='ocrx_word' id='word_1_714' title='bbox 1140 4953 1406 5029; x_wconf 61' lang='lat' dir='ltr'><strong>lectionem</strong></span> <span class='ocrx_word' id='word_1_715' title='bbox 1435 4951 1579 5029; x_wconf 78' lang='lat' dir='ltr'><strong>esse,</strong></span> <span class='ocrx_word' id='word_1_716' title='bbox 1609 4951 2106 5029; x_wconf 60' lang='lat' dir='ltr'><strong>ipse_sent§nt_iarum</strong></span> <span class='ocrx_word' id='word_1_717' title='bbox 2129 4969 2290 5029; x_wconf 72' lang='lat' dir='ltr'><strong>nexus</strong></span> <span class='ocrx_word' id='word_1_718' title='bbox 2314 4951 2440 5008; x_wconf 86' lang='lat' dir='ltr'><strong>satis</strong></span> <span class='ocrx_word' id='word_1_719' title='bbox 2463 4971 2715 5029; x_wconf 71' lang='lat' dir='ltr'><strong>superque</strong></span> <span class='ocrx_word' id='word_1_720' title='bbox 2735 4959 2940 5012; x_wconf 86' lang='lat' dir='ltr'><strong>evincit.</strong></span> <span class='ocrx_word' id='word_1_721' title='bbox 3015 4959 3086 4994; x_wconf 68' lang='grc'><strong>³⁸⁸</strong></span> <span class='ocrx_word' id='word_1_722' title='bbox 3115 4962 3360 5029; x_wconf 78' lang='lat' dir='ltr'><strong>equitare</strong></span> <span class='ocrx_word' id='word_1_723' title='bbox 3383 4951 3446 5017; x_wconf 65' lang='lat' dir='ltr'><strong>5c</strong></span> <span class='ocrx_word' id='word_1_724' title='bbox 3479 4965 3632 5018; x_wconf 77' lang='lat'><strong>1—5,</strong></span> <span class='ocrx_word' id='word_1_725' title='bbox 3653 4962 3704 5015; x_wconf 84' lang='lat'><strong>5.</strong></span> <span class='ocrx_word' id='word_1_726' title='bbox 3728 4955 3784 5012; x_wconf 81' lang='lat'><strong>6?</strong></span> <span class='ocrx_word' id='word_1_727' title='bbox 3800 4955 3839 5029; x_wconf 69' lang='lat'><strong>7.</strong></span> 
     </span>
    </p>
   </div>
   <div class='ocr_carea' id='block_1_92' title="bbox 611 5021 3837 5103">
    <p class='ocr_par' dir='ltr' id='par_1_92' title="bbox 611 5021 3837 5103">
     <span class='ocr_line' id='line_1_92' title="bbox 611 5021 3837 5103; baseline -0.001 -21"><span class='ocrx_word' id='word_1_728' title='bbox 611 5033 681 5103; x_wconf 59' lang='grc' dir='ltr'><strong>³κρ</strong></span> <span class='ocrx_word' id='word_1_729' title='bbox 704 5021 985 5103; x_wconf 68' lang='lat' dir='ltr'><strong>proniores</strong></span> <span class='ocrx_word' id='word_1_730' title='bbox 1088 5024 1142 5078; x_wconf 81' lang='grc'><strong>5.</strong></span> <span class='ocrx_word' id='word_1_731' title='bbox 1175 5023 1242 5078; x_wconf 84' lang='lat'><strong>6?</strong></span> <span class='ocrx_word' id='word_1_732' title='bbox 1294 5024 1386 5103; x_wconf 72' lang='lat'><strong>_&#39;“</strong></span> <span class='ocrx_word' id='word_1_733' title='bbox 1435 5021 1890 5103; x_wconf 47' lang='lat' dir='ltr'><strong>decursusl—zi‘.</strong></span> <span class='ocrx_word' id='word_1_734' title='bbox 1916 5021 1968 5075; x_wconf 84' lang='lat'><strong>5.</strong></span> <span class='ocrx_word' id='word_1_735' title='bbox 2018 5024 2108 5103; x_wconf 74' lang='lat'><strong>_&#39;&quot;</strong></span> <span class='ocrx_word' id='word_1_736' title='bbox 2137 5021 2534 5103; x_wconf 45' lang='lat' dir='ltr'><strong>verti-ensetnb.</strong></span> <span class='ocrx_word' id='word_1_737' title='bbox 2556 5021 2931 5103; x_wconf 68' lang='lat' dir='ltr'><strong>virdenense&#39;m</strong></span> <span class='ocrx_word' id='word_1_738' title='bbox 2962 5029 3015 5084; x_wconf 88' lang='lat'><strong>2.</strong></span> <span class='ocrx_word' id='word_1_739' title='bbox 3041 5021 3571 5103; x_wconf 56' lang='lat' dir='ltr'><strong>_’§8&#39;(lepopulantes</strong></span> <span class='ocrx_word' id='word_1_740' title='bbox 3595 5033 3645 5086; x_wconf 77' lang='lat'><strong>2.</strong></span> <span class='ocrx_word' id='word_1_741' title='bbox 3670 5029 3719 5084; x_wconf 88' lang='lat'><strong>5.</strong></span> 
     </span>
    </p>
   </div>
   <div class='ocr_carea' id='block_1_93' title="bbox 612 5090 3841 5162">
    <p class='ocr_par' dir='ltr' id='par_1_93' title="bbox 612 5090 3841 5162">
     <span class='ocr_line' id='line_1_93' title="bbox 612 5090 3841 5162; baseline 0 -8"><span class='ocrx_word' id='word_1_742' title='bbox 612 5090 895 5157; x_wconf 64' lang='lat' dir='ltr'><strong>His&#39;etiam</strong></span> <span class='ocrx_word' id='word_1_743' title='bbox 922 5097 1111 5150; x_wconf 83' lang='lat' dir='ltr'><strong>diebus</strong></span> <span class='ocrx_word' id='word_1_744' title='bbox 1139 5103 1236 5147; x_wconf 84' lang='lat' dir='ltr'><strong>etc.</strong></span> <span class='ocrx_word' id='word_1_745' title='bbox 1270 5093 1406 5148; x_wconf 81' lang='lat' dir='ltr'><strong>deest</strong></span> <span class='ocrx_word' id='word_1_746' title='bbox 1437 5095 1490 5147; x_wconf 74' lang='grc'><strong>4.</strong></span> <span class='ocrx_word' id='word_1_747' title='bbox 1567 5094 1637 5130; x_wconf 69' lang='lat'><strong>99°</strong></span> <span class='ocrx_word' id='word_1_748' title='bbox 1661 5091 1874 5162; x_wconf 89' lang='lat' dir='ltr'><strong>pracsul</strong></span> <span class='ocrx_word' id='word_1_749' title='bbox 1897 5107 1927 5144; x_wconf 87' lang='lat' dir='ltr'><strong>e</strong></span> <span class='ocrx_word' id='word_1_750' title='bbox 1958 5092 2114 5146; x_wconf 88' lang='lat' dir='ltr'><strong>rebus</strong></span> <span class='ocrx_word' id='word_1_751' title='bbox 2145 5093 2300 5146; x_wconf 75' lang='grc'><strong>1-5,</strong></span> <span class='ocrx_word' id='word_1_752' title='bbox 2325 5094 2379 5149; x_wconf 85' lang='grc'><strong>5.</strong></span> <span class='ocrx_word' id='word_1_753' title='bbox 2455 5095 2524 5134; x_wconf 76' lang='grc'><strong>⁸⁸⁸</strong></span> <span class='ocrx_word' id='word_1_754' title='bbox 2555 5095 2708 5152; x_wconf 81' lang='lat' dir='ltr'><strong>sinzo</strong></span> <span class='ocrx_word' id='word_1_755' title='bbox 2740 5097 2791 5152; x_wconf 92' lang='lat'><strong>7.</strong></span> <span class='ocrx_word' id='word_1_756' title='bbox 2867 5101 2937 5138; x_wconf 66' lang='grc' dir='ltr'><strong>’θ’</strong></span> <span class='ocrx_word' id='word_1_757' title='bbox 2966 5096 3086 5155; x_wconf 74' lang='lat' dir='ltr'><strong>suﬂ‘.</strong></span> <span class='ocrx_word' id='word_1_758' title='bbox 3115 5090 3413 5158; x_wconf 59' lang='lat' dir='ltr'><strong>instruc&#39;tus</strong></span> <span class='ocrx_word' id='word_1_759' title='bbox 3439 5105 3555 5156; x_wconf 90' lang='grc'><strong>1-</strong></span> <span class='ocrx_word' id='word_1_760' title='bbox 3574 5104 3626 5158; x_wconf 78' lang='lat'><strong>3.</strong></span> <span class='ocrx_word' id='word_1_761' title='bbox 3673 5103 3723 5156; x_wconf 87' lang='lat'><strong>5.</strong></span> <span class='ocrx_word' id='word_1_762' title='bbox 3783 5090 3841 5162; x_wconf 53' lang='grc' dir='ltr'><strong>’ξ’</strong></span> 
     </span>
    </p>
   </div>
   <div class='ocr_carea' id='block_1_94' title="bbox 612 5160 3836 5244">
    <p class='ocr_par' dir='ltr' id='par_1_94' title="bbox 612 5160 3836 5244">
     <span class='ocr_line' id='line_1_94' title="bbox 612 5160 3836 5244; baseline -0.004 -16"><span class='ocrx_word' id='word_1_763' title='bbox 612 5174 664 5228; x_wconf 91' lang='lat' dir='ltr'><strong>in</strong></span> <span class='ocrx_word' id='word_1_764' title='bbox 684 5171 843 5244; x_wconf 15' lang='lat' dir='ltr'><strong>rfulda</strong></span> <span class='ocrx_word' id='word_1_765' title='bbox 868 5169 918 5244; x_wconf 76' lang='lat' dir='ltr'><strong>i_.</strong></span> <span class='ocrx_word' id='word_1_766' title='bbox 941 5167 995 5221; x_wconf 80' lang='grc'><strong>5.</strong></span> <span class='ocrx_word' id='word_1_767' title='bbox 1018 5167 1070 5220; x_wconf 84' lang='grc'><strong>5.</strong></span> <span class='ocrx_word' id='word_1_768' title='bbox 1095 5163 1312 5244; x_wconf 60' lang='lat' dir='ltr'><strong>8—_i2.</strong></span> <span class='ocrx_word' id='word_1_769' title='bbox 1369 5167 1458 5244; x_wconf 62' lang='lat' dir='ltr'><strong>f”</strong></span> <span class='ocrx_word' id='word_1_770' title='bbox 1480 5160 1826 5244; x_wconf 57' lang='lat' dir='ltr'><strong>conversatus</strong></span> <span class='ocrx_word' id='word_1_771' title='bbox 1847 5171 1931 5216; x_wconf 90' lang='lat' dir='ltr'><strong>est</strong></span> <span class='ocrx_word' id='word_1_772' title='bbox 1954 5161 2020 5244; x_wconf 43' lang='lat'><strong>5:.</strong></span> <span class='ocrx_word' id='word_1_773' title='bbox 2068 5168 2156 5244; x_wconf 21' lang='lat' dir='ltr'><strong>n9.&quot;</strong></span> <span class='ocrx_word' id='word_1_774' title='bbox 2201 5163 2851 5244; x_wconf 41' lang='lat' dir='ltr'><strong>funeratannitenntehdeest</strong></span> <span class='ocrx_word' id='word_1_775' title='bbox 2876 5169 2900 5222; x_wconf 84' lang='grc'><strong>1</strong></span> <span class='ocrx_word' id='word_1_776' title='bbox 2927 5171 3050 5225; x_wconf 75' lang='grc'><strong>-5,</strong></span> <span class='ocrx_word' id='word_1_777' title='bbox 3079 5169 3133 5224; x_wconf 85' lang='lat'><strong>5.</strong></span> <span class='ocrx_word' id='word_1_778' title='bbox 3162 5173 3372 5244; x_wconf 48' lang='grc' dir='ltr'><strong>δέη,</strong></span> <span class='ocrx_word' id='word_1_779' title='bbox 3414 5243 3421 5244; x_wconf 14' lang='lat'><em>7</em></span> <span class='ocrx_word' id='word_1_780' title='bbox 3449 5176 3520 5208; x_wconf 74' lang='grc' dir='ltr'><strong>οη</strong></span> <span class='ocrx_word' id='word_1_781' title='bbox 3548 5175 3775 5244; x_wconf 59' lang='grc' dir='ltr'><strong>δουρομβ</strong></span> <span class='ocrx_word' id='word_1_782' title='bbox 3793 5160 3836 5215; x_wconf 80' lang='lat'><strong>2-</strong></span> 
     </span>
    </p>
   </div>
   <div class='ocr_carea' id='block_1_95' title="bbox 613 5233 3836 5310">
    <p class='ocr_par' dir='ltr' id='par_1_95' title="bbox 613 5233 3836 5310">
     <span class='ocr_line' id='line_1_95' title="bbox 613 5233 3836 5310; baseline -0.003 -12"><span class='ocrx_word' id='word_1_783' title='bbox 613 5243 858 5310; x_wconf 89' lang='lat' dir='ltr'><strong>bobpone</strong></span> <span class='ocrx_word' id='word_1_784' title='bbox 884 5239 934 5292; x_wconf 89' lang='grc'><strong>1.</strong></span> <span class='ocrx_word' id='word_1_785' title='bbox 964 5250 1174 5310; x_wconf 74' lang='lat' dir='ltr'><strong>popoue</strong></span> <span class='ocrx_word' id='word_1_786' title='bbox 1200 5235 1347 5310; x_wconf 82' lang='lat'><strong>5_._6._</strong></span> <span class='ocrx_word' id='word_1_787' title='bbox 1369 5235 1616 5310; x_wconf 85' lang='lat' dir='ltr'><strong>b0ppon_e</strong></span> <span class='ocrx_word' id='word_1_788' title='bbox 1637 5233 1690 5310; x_wconf 61' lang='grc' dir='ltr'><strong>ἶ.</strong></span> <span class='ocrx_word' id='word_1_789' title='bbox 1713 5233 2188 5310; x_wconf 77' lang='lat' dir='ltr'><strong>p0pp0ne_5._8_——</strong></span> <span class='ocrx_word' id='word_1_790' title='bbox 2207 5233 2293 5287; x_wconf 79' lang='lat' dir='ltr'><strong>i2.</strong></span> <span class='ocrx_word' id='word_1_791' title='bbox 2321 5305 2334 5310; x_wconf 87' lang='lat'><strong>_</strong></span> <span class='ocrx_word' id='word_1_792' title='bbox 2369 5237 2456 5310; x_wconf 33' lang='lat'><strong>3°7‘</strong></span> <span class='ocrx_word' id='word_1_793' title='bbox 2476 5234 2742 5310; x_wconf 62' lang='grc' dir='ltr'><strong>βιςβχι.</strong></span> <span class='ocrx_word' id='word_1_794' title='bbox 2776 5238 2829 5293; x_wconf 86' lang='grc'><strong>7.</strong></span> <span class='ocrx_word' id='word_1_795' title='bbox 2903 5245 2974 5310; x_wconf 57' lang='grc' dir='ltr'><strong>οιξ</strong></span> <span class='ocrx_word' id='word_1_796' title='bbox 3001 5242 3360 5298; x_wconf 86' lang='lat' dir='ltr'><strong>zuendibolch</strong></span> <span class='ocrx_word' id='word_1_797' title='bbox 3406 5243 3457 5297; x_wconf 92' lang='grc'><strong>1.</strong></span> <span class='ocrx_word' id='word_1_798' title='bbox 3485 5233 3836 5310; x_wconf 64' lang='grc' dir='ltr'><strong>ῑιιιιίίεῖωιόυξ.</strong></span> 
     </span>
    </p>
   </div>
   <div class='ocr_carea' id='block_1_96' title="bbox 613 5302 3839 5374">
    <p class='ocr_par' dir='ltr' id='par_1_96' title="bbox 613 5302 3839 5374">
     <span class='ocr_line' id='line_1_96' title="bbox 613 5302 3839 5374; baseline -0.002 -8"><span class='ocrx_word' id='word_1_799' title='bbox 613 5302 1302 5370; x_wconf 69' lang='grc' dir='ltr'><strong>ῑυιιίἰίὺοιοιι,’ῑιῐιιόὶὺοιιιε</strong></span> <span class='ocrx_word' id='word_1_800' title='bbox 1320 5304 1374 5357; x_wconf 92' lang='lat'><strong>2.</strong></span> <span class='ocrx_word' id='word_1_801' title='bbox 1407 5302 1690 5374; x_wconf 81' lang='lat' dir='ltr'><strong>cendebolt</strong></span> <span class='ocrx_word' id='word_1_802' title='bbox 1713 5303 1764 5356; x_wconf 76' lang='grc' dir='ltr'><strong>ὅ.</strong></span> <span class='ocrx_word' id='word_1_803' title='bbox 1795 5302 2150 5374; x_wconf 56' lang='grc' dir='ltr'><strong>ζυιιςιθὺριοιι,</strong></span> <span class='ocrx_word' id='word_1_804' title='bbox 2195 5303 2562 5360; x_wconf 88' lang='lat' dir='ltr'><strong>zundeboldus</strong></span> <span class='ocrx_word' id='word_1_805' title='bbox 2591 5307 2644 5360; x_wconf 86' lang='lat'><strong>5.</strong></span> <span class='ocrx_word' id='word_1_806' title='bbox 2679 5308 3090 5374; x_wconf 87' lang='lat' dir='ltr'><strong>zuendiboldus,</strong></span> <span class='ocrx_word' id='word_1_807' title='bbox 3141 5313 3530 5369; x_wconf 86' lang='lat' dir='ltr'><strong>zuendibolche</strong></span> <span class='ocrx_word' id='word_1_808' title='bbox 3575 5316 3626 5369; x_wconf 86' lang='grc'><strong>’1.</strong></span> <span class='ocrx_word' id='word_1_809' title='bbox 3670 5303 3839 5366; x_wconf 80' lang='lat' dir='ltr'><strong>zuenti-</strong></span> 
     </span>
    </p>
   </div>
   <div class='ocr_carea' id='block_1_97' title="bbox 613 5372 3835 5502">
    <p class='ocr_par' dir='ltr' id='par_1_97' title="bbox 613 5372 3835 5502">
     <span class='ocr_line' id='line_1_97' title="bbox 613 5372 3835 5502; baseline -0 -66"><span class='ocrx_word' id='word_1_810' title='bbox 613 5382 760 5443; x_wconf 87' lang='lat' dir='ltr'><strong>bolh,</strong></span> <span class='ocrx_word' id='word_1_811' title='bbox 785 5377 1155 5502; x_wconf 48' lang='lat' dir='ltr'><strong>zuergtibéilcus</strong></span> <span class='ocrx_word' id='word_1_812' title='bbox 1180 5373 1606 5438; x_wconf 50' lang='lat' dir='ltr'><strong>4..zuendibolh,</strong></span> <span class='ocrx_word' id='word_1_813' title='bbox 1633 5372 1952 5428; x_wconf 74' lang='lat' dir='ltr'><strong>zuentliboic</strong></span> <span class='ocrx_word' id='word_1_814' title='bbox 1993 5373 2047 5427; x_wconf 89' lang='lat'><strong>8.</strong></span> <span class='ocrx_word' id='word_1_815' title='bbox 2081 5373 2430 5438; x_wconf 87' lang='lat' dir='ltr'><strong>zendebolch,</strong></span> <span class='ocrx_word' id='word_1_816' title='bbox 2458 5378 2800 5445; x_wconf 87' lang='lat' dir='ltr'><strong>zendibolch,</strong></span> <span class='ocrx_word' id='word_1_817' title='bbox 2849 5372 3206 5438; x_wconf 88' lang='lat' dir='ltr'><strong>zuendibolch</strong></span> <span class='ocrx_word' id='word_1_818' title='bbox 3237 5383 3270 5439; x_wconf 92' lang='lat'><strong>9</strong></span> <span class='ocrx_word' id='word_1_819' title='bbox 3291 5384 3461 5438; x_wconf 78' lang='lat' dir='ltr'><strong>-—l2.</strong></span> <span class='ocrx_word' id='word_1_820' title='bbox 3535 5388 3603 5422; x_wconf 67' lang='grc' dir='ltr'><strong>’θ’</strong></span> <span class='ocrx_word' id='word_1_821' title='bbox 3649 5389 3835 5436; x_wconf 74' lang='lat' dir='ltr'><strong>conser-</strong></span> 
     </span>
     <span class='ocr_line' id='line_1_98' title="bbox 614 5465 1044 5502; baseline -0.005 0"><span class='ocrx_word' id='word_1_822' title='bbox 614 5466 854 5502; x_wconf 80' lang='lat' dir='ltr'><strong>vaverun</strong></span> <span class='ocrx_word' id='word_1_823' title='bbox 937 5465 968 5502; x_wconf 87' lang='lat' dir='ltr'><strong>a</strong></span> <span class='ocrx_word' id='word_1_824' title='bbox 1029 5485 1044 5500; x_wconf 78' lang='grc' dir='ltr'><strong><em>ο</em></strong></span> 
     </span>
    </p>
   </div>
   <div class='ocr_carea' id='block_1_98' title="bbox 614 5459 1044 5505">
    <p class='ocr_par' dir='ltr' id='par_1_98' title="bbox 614 5459 1044 5505">
     <span class='ocr_line' id='line_1_99' title="bbox 614 5459 1044 5505; baseline -0.009 0"><span class='ocrx_word' id='word_1_825' title='bbox 614 5459 881 5505; x_wconf 85' lang='lat' dir='ltr'><strong>vaverunt</strong></span> <span class='ocrx_word' id='word_1_826' title='bbox 902 5459 968 5502; x_wconf 73' lang='lat'>53</span> <span class='ocrx_word' id='word_1_827' title='bbox 991 5459 1044 5502; x_wconf 77' lang='grc' dir='ltr'><strong>(Ι.</strong></span> 
     </span>
    </p>
   </div>
   <div class='ocr_carea' id='block_1_99' title="bbox 2111 5556 2343 5614">
    <p class='ocr_par' dir='ltr' id='par_1_99' title="bbox 2111 5556 2343 5614">
     <span class='ocr_line' id='line_1_100' title="bbox 2111 5556 2343 5614; baseline 0.017 -4"><span class='ocrx_word' id='word_1_828' title='bbox 2111 5556 2319 5613; x_wconf 64' lang='lat' dir='ltr'><strong>NOTAE.</strong></span> <span class='ocrx_word' id='word_1_829' title='bbox 2330 5601 2343 5614; x_wconf 94' lang='lat'><strong>.</strong></span> 
     </span>
    </p>
   </div>
   <div class='ocr_carea' id='block_1_100' title="bbox 637 5646 2196 5740">
    <p class='ocr_par' dir='ltr' id='par_1_100' title="bbox 637 5646 2196 5740">
     <span class='ocr_line' id='line_1_101' title="bbox 637 5646 2196 5740; baseline -0.003 -28"><span class='ocrx_word' id='word_1_830' title='bbox 637 5655 833 5740; x_wconf 40' lang='lat' dir='ltr'><strong>._(i01)</strong></span> <span class='ocrx_word' id='word_1_831' title='bbox 873 5653 1123 5740; x_wconf 56' lang='lat' dir='ltr'><strong>Cominus</strong></span> <span class='ocrx_word' id='word_1_832' title='bbox 1181 5669 1352 5724; x_wconf 89' lang='lat' dir='ltr'><strong>usque</strong></span> <span class='ocrx_word' id='word_1_833' title='bbox 1408 5654 1731 5708; x_wconf 81' lang='lat' dir='ltr'><strong>subeundum</strong></span> <span class='ocrx_word' id='word_1_834' title='bbox 1766 5646 1850 5715; x_wconf 62' lang='lat' dir='ltr'><strong>sit,</strong></span> <span class='ocrx_word' id='word_1_835' title='bbox 1896 5668 1961 5707; x_wconf 78' lang='lat' dir='ltr'><strong>ex</strong></span> <span class='ocrx_word' id='word_1_836' title='bbox 1997 5651 2196 5707; x_wconf 85' lang='lat' dir='ltr'><strong>Justini</strong></span> 
     </span>
    </p>
   </div>
   <div class='ocr_carea' id='block_1_101' title="bbox 615 5726 2192 5868">
    <p class='ocr_par' dir='ltr' id='par_1_101' title="bbox 615 5726 2192 5868">
     <span class='ocr_line' id='line_1_102' title="bbox 615 5726 2192 5868; baseline 0.003 -25"><span class='ocrx_word' id='word_1_837' title='bbox 615 5726 1034 5868; x_wconf 58' lang='grc' dir='ltr'><strong>ίὼξηιόἒῖ</strong></span> <span class='ocrx_word' id='word_1_838' title='bbox 1067 5809 1234 5863; x_wconf 87' lang='lat' dir='ltr'><strong>usque</strong></span> <span class='ocrx_word' id='word_1_839' title='bbox 1259 5794 1446 5868; x_wconf 74' lang='lat' dir='ltr'><strong>solent,</strong></span> <span class='ocrx_word' id='word_1_840' title='bbox 1470 5793 1754 5868; x_wconf 9' lang='lat' dir='ltr'><strong>exgdustini</strong></span> <span class='ocrx_word' id='word_1_841' title='bbox 1787 5793 1878 5868; x_wconf 82' lang='lat' dir='ltr'><strong>lib.</strong></span> <span class='ocrx_word' id='word_1_842' title='bbox 1914 5809 2032 5859; x_wconf 80' lang='lat' dir='ltr'><strong>xu,</strong></span> <span class='ocrx_word' id='word_1_843' title='bbox 2064 5809 2110 5848; x_wconf 93' lang='lat' dir='ltr'><strong>c.</strong></span> <span class='ocrx_word' id='word_1_844' title='bbox 2140 5795 2192 5850; x_wconf 78' lang='lat'><strong>3.</strong></span> 
     </span>
    </p>
   </div>
   <div class='ocr_carea' id='block_1_102' title="bbox 688 5863 1891 5939">
    <p class='ocr_par' dir='ltr' id='par_1_102' title="bbox 688 5863 1891 5939">
     <span class='ocr_line' id='line_1_103' title="bbox 688 5863 1891 5939; baseline -0.004 -18"><span class='ocrx_word' id='word_1_845' title='bbox 688 5863 835 5939; x_wconf 62' lang='grc'><strong>(105⁷)</strong></span> <span class='ocrx_word' id='word_1_846' title='bbox 862 5863 1072 5921; x_wconf 81' lang='lat' dir='ltr'><strong>Liberos</strong></span> <span class='ocrx_word' id='word_1_847' title='bbox 1105 5879 1273 5934; x_wconf 88' lang='lat' dir='ltr'><strong>usque</strong></span> <span class='ocrx_word' id='word_1_848' title='bbox 1301 5864 1504 5931; x_wconf 82' lang='lat' dir='ltr'><strong>docent,</strong></span> <span class='ocrx_word' id='word_1_849' title='bbox 1539 5864 1664 5919; x_wconf 88' lang='lat' dir='ltr'><strong>ibid.</strong></span> <span class='ocrx_word' id='word_1_850' title='bbox 1689 5878 1807 5932; x_wconf 85' lang='lat' dir='ltr'><strong>cap.</strong></span> <span class='ocrx_word' id='word_1_851' title='bbox 1839 5863 1891 5916; x_wconf 85' lang='lat'><strong>2.</strong></span> 
     </span>
    </p>
   </div>
   <div class='ocr_carea' id='block_1_103' title="bbox 2373 5656 3835 5739">
    <p class='ocr_par' dir='ltr' id='par_1_103' title="bbox 2373 5656 3835 5739">
     <span class='ocr_line' id='line_1_104' title="bbox 2373 5656 3835 5739; baseline -0.004 -23"><span class='ocrx_word' id='word_1_852' title='bbox 2373 5658 2522 5739; x_wconf 45' lang='lat'><strong>(103)</strong></span> <span class='ocrx_word' id='word_1_853' title='bbox 2549 5658 2771 5739; x_wconf 76' lang='lat' dir='ltr'><strong>Ingenia</strong></span> <span class='ocrx_word' id='word_1_854' title='bbox 2818 5679 2988 5739; x_wconf 79' lang='lat' dir='ltr'><strong>usque</strong></span> <span class='ocrx_word' id='word_1_855' title='bbox 3031 5665 3306 5739; x_wconf 67' lang='lat' dir='ltr'><strong>dicendum</strong></span> <span class='ocrx_word' id='word_1_856' title='bbox 3352 5678 3705 5739; x_wconf 70' lang='lat' dir='ltr'><strong>promptiores,</strong></span> <span class='ocrx_word' id='word_1_857' title='bbox 3731 5656 3835 5739; x_wconf 79' lang='lat' dir='ltr'><strong>ibid.</strong></span> 
     </span>
    </p>
   </div>
   <div class='ocr_carea' id='block_1_104' title="bbox 2304 5731 3837 5807">
    <p class='ocr_par' dir='ltr' id='par_1_104' title="bbox 2304 5731 3837 5807">
     <span class='ocr_line' id='line_1_105' title="bbox 2304 5731 3837 5807; baseline 0.005 -23"><span class='ocrx_word' id='word_1_858' title='bbox 2304 5744 2422 5799; x_wconf 85' lang='lat' dir='ltr'><strong>cap.</strong></span> <span class='ocrx_word' id='word_1_859' title='bbox 2464 5731 2520 5796; x_wconf 79' lang='lat'><strong>5,</strong></span> <span class='ocrx_word' id='word_1_860' title='bbox 2550 5731 2639 5807; x_wconf 78' lang='lat' dir='ltr'><strong>ubi</strong></span> <span class='ocrx_word' id='word_1_861' title='bbox 2673 5743 2850 5788; x_wconf 87' lang='lat' dir='ltr'><strong>tamen</strong></span> <span class='ocrx_word' id='word_1_862' title='bbox 2886 5731 3082 5807; x_wconf 72' lang='lat' dir='ltr'><strong>legitur</strong></span> <span class='ocrx_word' id='word_1_863' title='bbox 3111 5752 3124 5789; x_wconf 88' lang='lat'><strong>:</strong></span> <span class='ocrx_word' id='word_1_864' title='bbox 3152 5731 3362 5807; x_wconf 75' lang='lat' dir='ltr'><strong>Quippe</strong></span> <span class='ocrx_word' id='word_1_865' title='bbox 3391 5731 3682 5794; x_wconf 71' lang='lat' dir='ltr'><strong>violentiam</strong></span> <span class='ocrx_word' id='word_1_866' title='bbox 3717 5731 3837 5791; x_wconf 60' lang='lat' dir='ltr'><strong>viris,</strong></span> 
     </span>
    </p>
   </div>
   <div class='ocr_carea' id='block_1_105' title="bbox 2305 5804 3415 5877">
    <p class='ocr_par' dir='ltr' id='par_1_105' title="bbox 2305 5804 3415 5877">
     <span class='ocr_line' id='line_1_106' title="bbox 2305 5804 3415 5877; baseline 0.007 -25"><span class='ocrx_word' id='word_1_867' title='bbox 2305 5804 2752 5858; x_wconf 84' lang='lat' dir='ltr'><strong>mansuetudinem</strong></span> <span class='ocrx_word' id='word_1_868' title='bbox 2785 5804 3092 5859; x_wconf 72' lang='lat' dir='ltr'><strong>mulieribus</strong></span> <span class='ocrx_word' id='word_1_869' title='bbox 3114 5804 3415 5877; x_wconf 77' lang='lat' dir='ltr'><strong>adsignant.</strong></span> 
     </span>
    </p>
   </div>
  </div>
