4010 6414
201 413 310 470 153

1404 405 1816 465 CHRONICON.
1859 439 1929 448 —-
1965 407 2078 464 AN.
2119 409 2244 465 891.

3390 409 3492 464 151

199 535 470 584 mentum.
493 521 628 578 Nam
660 531 713 578 et
733 513 952 579 Behemi
975 522 1063 554 ¹⁰⁰⁰
1095 538 1124 577 a
1159 521 1414 577 ﬁdelitate
1455 521 1654 576 diutius
1695 537 1790 574 cn-
1823 527 1870 586 Α
1897 531 2044 580 ctato
2077 523 2248 578 Alano
2273 537 2395 578 cum
2418 522 2598 588 sociis,
2628 522 2870 593 przelium
2904 525 3162 590 conserit,
3195 511 3366 578 multa
3387 528 3491 582 mi-

199 621 406 676 stodita
429 623 791 682 recesserunt,
807 627 862 670 et
879 613 1212 670 Zuendibold
1235 629 1300 668 ex
1323 613 1626 684 adjectione
1653 613 1790 667 alte-

203 714 322 768 rius
345 711 500 782 regni
531 709 676 764 vires
699 723 804 762 non
839 721 1034 778 parvas
1056 707 1158 760 sibi
1191 705 1487 760 accessisse
1513 705 1752 759 sentiens
1777 744 1790 766 ,

191 801 347 857 fastu
391 799 656 870 superbia:
681 797 896 852 inﬂatus
921 838 936 862 ,
966 805 1154 852 contra
1179 794 1464 852 Arnoll‘um
1491 794 1792 851 rebellavit.

193 895 360 964 Quod
389 909 514 950 cum
545 894 890 964 cognovisset
939 890 1218 956 Arnoll‘us,
1265 905 1387 944 cum
1410 888 1652 943 exercitu
1703 902 1792 942 re-

197 1003 370 1059 gnum
423 984 824 1041 Marahensium
881 983 1176 1054 ingressus,
1210 987 1404 1036 cuncta
1451 993 1591 1050 quae
1641 987 1792 1034 extra

197 1079 372 1134 urbes
397 1076 619 1146 reperit,
666 1080 942 1130 sotmenus
967 1081 1256 1128 demontus
1295 1081 1399 1126 est.
1427 1070 1508 1124 Ad
1543 1069 1790 1123 ultimum

195 1169 436 1224 curn“NH
471 1177 524 1224 et
558 1175 768 1222 ca-tera:
803 1165 1098 1221 fructifera:
1127 1165 1350 1220 arbores
1389 1163 1654 1218 radicitus
1699 1177 1792 1217 cx-

194 1260 515 1316 ciderentur
541 1299 557 1325 ,
588 1256 922 1312 Zuendibold
946 1271 1132 1328 pacem
1161 1255 1406 1328 poposcit
1446 1255 1564 1320 ¹⁰⁰¹,
1605 1263 1661 1309 et
1699 1255 1793 1309 da-

193 1357 254 1404 to
283 1350 398 1404 tilio
423 1349 634 1412 obside,
658 1349 798 1403 hanc
817 1347 909 1380 ¹⁰⁰³
933 1363 1056 1404 sero
1091 1346 1408 1417 promeruit.

267 1442 376 1495 Per
403 1440 548 1495 idem
563 1439 657 1470 ¹⁰⁰⁵
682 1447 894 1508 tempus
921 1437 1257 1492 Nordmanni
1289 1451 1318 1490 a
1347 1436 1590 1490 Matrona
1625 1433 1788 1489 ﬂuvio

189 1543 500 1599 exeuntes,
544 1531 790 1586 Parisius
833 1527 1218 1594 revertuntur,
1272 1537 1328 1583 et
1352 1527 1477 1596 quia
1524 1527 1790 1581 omnimo-

189 1627 278 1682 dis
295 1625 390 1656 ‘“'
415 1626 710 1680 descensus
731 1621 970 1676 ﬂuminis
991 1635 1085 1692 per
1105 1627 1323 1690 pontem
1349 1619 1442 1650 ¹⁰⁰⁶
1471 1617 1792 1689 prohibeba-

187 1730 306 1787 tur,
337 1718 501 1774 tertio
531 1725 711 1772 castra
739 1715 940 1780 locant,
966 1723 1022 1769 et
1045 1715 1239 1769 iterato
1261 1713 1558 1768 certamine
1594 1713 1780 1782 praedi-

183 1819 338 1866 ctam
365 1812 554 1866 urbem
581 1811 920 1880 impugnant.
955 1807 1062 1863 Sed
1090 1807 1316 1874 civibus,
1369 1807 1460 1877 qui
1512 1807 1784 1862 continuis

1902 617 1972 670 lia
1999 617 2234 672 hostium
2263 615 2441 680 caedit,
2477 615 2712 686 reliquos
2738 616 2790 670 in
2821 615 3094 684 quentlum
3131 615 3308 670 vicum
3337 617 3490 688 l'ugc-

1898 723 1956 764 re
1987 708 2265 779 compulit.
2289 707 2434 775 Quos
2463 721 2585 762 etnn
2617 707 2755 760 ultra
2781 723 2942 777 quam
2986 715 3260 777 oporteret
3289 707 3490 779 impro-

1895 803 2020 856 vide
2043 809 2484 872 persequeretur,
2510 800 2576 854 ab
2603 799 2735 869 ipsis
2755 799 3107 870 extinguitur,
3139 815 3339 869 gnarus
3359 801 3484 868 quia

1895 892 2113 946 vincere
2137 891 2230 928 ¹⁰¹⁹
2283 891 2482 945 bonum
2509 890 2601 922 ¹⁰¹⁰
2649 899 2767 952 est,
2811 892 3192 960 supervincere
3233 905 3338 944 non
3371 899 3482 956 est;

1895 982 2200 1052 periculosa
2248 992 2332 1037 est
2379 983 2522 1036 enim
2557 981 2886 1051 desperatio.
2939 979 3068 1035 Post
3117 981 3230 1036 haec
3255 981 3482 1046 Alanus,

1895 1075 2193 1130 coadunata
2221 1075 2366 1129 omni
2397 1073 2701 1143 Britannia,
2760 1073 2868 1128 tale
2907 1085 3092 1128 vomm
3121 1073 3290 1136 vovit,
3347 1082 3406 1126 ut
3437 1075 3482 1128 si

1894 1166 2236 1221 adversarios
2282 1180 2380 1236 per
2425 1165 2660 1220 divinam
2707 1165 2961 1220 virtutem
2991 1172 3177 1234 posset
3203 1179 3480 1234 superare,

1894 1259 2158 1313 decimam
2201 1267 2410 1326 partem
2439 1257 2680 1312 omnium
2732 1257 2999 1312 bonorum
3037 1271 3254 1316 suarum
3289 1257 3398 1310 Deo
3428 1265 3484 1310 et

1891 1359 2080 1407 sancto
2135 1351 2296 1405 Petro
2348 1349 2572 1404 Romam
2617 1350 2934 1404 destinaret.
2985 1348 3258 1404 Omnibus
3301 1358 3482 1404 autem

1891 1443 2230 1500 Brittonibus
2259 1444 2400 1500 idem
2445 1453 2628 1498 votum
2669 1445 3083 1516 spondentibus,
3123 1445 3190 1499 ad
3244 1439 3502 1516 pugnam

1891 1537 2178 1608 procedit,
2211 1547 2267 1592 et
2311 1537 2606 1592 commisso
2653 1538 2840 1607 praalio
2883 1546 3033 1592 tanta
3081 1545 3267 1608 strage
3297 1538 3483 1593 hostes

1889 1628 2152 1692 fudit‘m,
2179 1639 2236 1683 ut
2265 1629 2351 1682 vix
2379 1629 2756 1700 quadringenti
2789 1631 2889 1684 viri
2923 1645 2990 1684 ex
3030 1630 3336 1700 quindecim
3387 1630 3481 1678 1⁸³³

1891 1719 2111 1774 milibus
2133 1718 2200 1774 ad
2229 1719 2458 1774 classem
2493 1720 2836 1790 repedarent.

1959 1811 2073 1868 Hac
2093 1813 2188 1846 ¹⁰¹³
2209 1821 2527 1882 tempestate
2543 1812 2890 1868 sanctissimo
2919 1821 2972 1868 ct
2995 1812 3048 1866 in
3074 1810 3269 1867 divinis
3293 1812 3482 1866 huma-

179 1903 522 1974 operumum
549 1917 613 1957 ac
637 1901 945 1972 vigiliarum
991 1899 1267 1956 laboribus
1301 1901 1678 1966 induruerant,
1727 1897 1858 1955 etB
1887 1903 2078 1974 nisque
2141 1903 2304 1960 rebus
2379 1904 2802 1974 prudentissimo
2855 1903 3160 1959 Williberto
3226 1905 3480 1974 episcopo

187 1994 430 2048 assiduis
455 1993 718 2048 bellormn
732 1989 1074 2048 conflictibus
1093 1991 1383 2047 exercitati
1401 1999 1584 2056 erant,
1611 1989 1780 2044 auda-

181 2085 330 2138 citer
353 2083 448 2116 ¹⁶⁰⁸
469 2082 881 2148 reluctantibus,
903 2079 1259 2148 Nordmanui,
1281 2081 1580 2152 desperatis
1601 2079 1779 2142 rebus,

183 2189 358 2228 naves
377 2187 474 2245 per
497 2181 696 2229 terram
714 2187 837 2227 cum
861 2187 1055 2243 magno
1075 2171 1272 2227 sudore
1296 2166 1538 2237 trahunt,
1553 2181 1608 2228 et
1621 2171 1699 2228 sic
1713 2171 1764 2225 al

187 2280 352 2319 veutn
377 2273 702 2336 repetentes,
715 2264 1008 2318 Britanniae
1025 2263 1220 2319 ﬁnibus
1237 2263 1462 2318 classem
1480 2263 1776 2334 trajiciunt.

183 2354 474 2422 Quoddam
491 2355 776 2411 castellum
797 2355 848 2410 in
876 2354 1277 2411 Constantiensi
1295 2353 1383 2390 ¹⁶⁰⁹
1407 2355 1554 2427 (105)
1569 2357 1783 2412 territo-

185 2447 296 2509 rio,
311 2446 456 2516 quod
484 2447 552 2501 ad
579 2455 822 2502 sanctum
845 2445 982 2500 Loth
1006 2445 1150 2518 (106)
1182 2446 1477 2512 dicebatur,
1511 2447 1778 2510 obsident,

187 2545 246 2591 et
263 2551 544 2592 accessum
568 2536 635 2592 ad
667 2536 866 2592 l'ontem
884 2551 1034 2606 aquae
1058 2552 1122 2592 ex
1157 2544 1268 2592 toto
1297 2537 1668 2608 prohibentes,
1685 2551 1781 2606 op-

189 2628 408 2698 pidanis
435 2627 521 2682 siti
545 2629 938 2695 arescentibus,
969 2627 1028 2682 ﬁt
1056 2627 1278 2694 deditio,
1304 2643 1368 2682 eo
1395 2636 1553 2698 pacto
1570 2635 1646 2693 ut,
1669 2627 1778 2682 vita

195 2729 404 2774 tantum
427 2734 706 2786 concessa,
730 2729 924 2776 caetera
965 2720 1234 2776 tollerent.
1258 2721 1364 2775 Illis
1408 2737 1438 2776 a
1483 2720 1778 2776 munitione

191 2815 518 2884 progressis,
543 2830 674 2886 gens
699 2813 902 2885 pertida
937 2813 1096 2868 ﬁdem
1121 2821 1175 2868 et
1205 2813 1469 2884 promissa
1501 2813 1626 2868 data
1653 2829 1778 2882 pro-

191 2907 399 2975 phanat
417 2906 528 2973 ‘°‘°,
557 2923 854 2979 omnesque
875 2910 1077 2980 absque
1101 2919 1346 2979 respectu
1366 2908 1606 2980 jugulat;
1636 2909 1778 2964 inter

191 3013 331 3068 quos
359 3000 668 3072 episcopum
695 3001 1121 3057 Constantiensis
1149 3002 1390 3058 ecclesia:
1437 3001 1773 3056 interimunt.

265 3091 400 3146 Erat
428 3103 553 3149 tunc
579 3095 836 3165 temporis
861 3095 1001 3150 inter
1027 3095 1256 3150 Alanum
1297 3103 1350 3150 et
1381 3093 1658 3157 lndicbcil,
1685 3095 1774 3149 dn-

191 3199 286 3240 ces
308 3184 402 3215 ¹⁶¹⁸
429 3184 756 3252 Brittonum,
779 3201 885 3242 non
915 3201 1076 3257 parva
1101 3187 1166 3242 de
1185 3187 1477 3258 partitione
1491 3186 1637 3256 regni
1661 3185 1773 3240 dis-

1886 1997 1954 2052 ab
2005 1997 2107 2052 hac
2151 1996 2270 2052 luce
2322 1997 2624 2060 subtracto,
2675 1997 3035 2052 llerimannus
3082 1997 3196 2064 ‘m,
3248 2012 3479 2052 venera-

1883 2085 2008 2142 bilis
2037 2086 2151 2150 vir,
2196 2103 2296 2157 per
2340 2086 2657 2143 electionem
2710 2086 2840 2142 cleri
2904 2101 2968 2142 ac
3018 2087 3112 2120 ⁸⁸⁸⁵
3163 2085 3334 2156 plebis
3390 2101 3480 2142 ec-
3527 2070 3530 2074 ’

1882 2177 2063 2235 clesite
2110 2177 2419 2234 Coloniensi
2473 2178 2784 2249 prmlicitur.
2836 2176 2994 2233 Circa
3035 2178 3154 2232 ham
3193 2178 3358 2233 etiam
3383 2176 3478 2210 ³⁸⁸⁸

1883 2279 2130 2342 tempora
2159 2269 2417 2325 Salomon
2467 2269 2583 2336 1'",
2609 2269 3042 2325 Constantiensis
3061 2261 3313 2324 ecclesia:
3338 2267 3480 2324 anti-

1881 2369 2018 2428 stes,
2050 2361 2276 2417 recessit
2303 2376 2333 2414 a
2360 2359 2572 2424 seculo;
2617 2361 2670 2413 in
2703 2360 2860 2429 cujus
2889 2358 3008 2414 loco
3038 2359 3304 2414 successit
3327 2357 3478 2413 Salo-

1881 2467 2033 2518 mon,
2078 2451 2171 2521 qui
2219 2451 2322 2504 hac
2360 2459 2521 2505 aetate
2553 2449 2826 2502 abbatiam
2857 2450 3030 2504 sancti
3064 2448 3202 2503 Galli
3235 2449 3474 2512 tenebat,

1879 2545 1966 2600 vir
1993 2559 2097 2599 non
2143 2543 2315 2598 solum
2363 2541 2662 2605 nobilitate,
2713 2556 2908 2596 verum
2955 2542 3122 2596 etiam
3171 2538 3476 2611 prudentiae

1879 2651 1946 2691 ac
1969 2635 2244 2706 sapientiai
2267 2634 2580 2700 virtutibus,
2605 2633 2916 2704 insignitus,
2947 2634 3037 2703 qui
3061 2631 3300 2704 praefata:
3321 2630 3476 2686 urbis

1883 2729 2072 2785 tertius
2097 2725 2214 2798 ejus
2235 2727 2330 2762 ¹⁰³⁶
2367 2724 2606 2780 nominis
2635 2719 2970 2795 dignoscitur
2995 2737 3114 2780 esse
3135 2721 3399 2792 pontifex.

2507 2813 2800 2870 DCCCXCI
2811 2854 2824 2867 .

1948 2907 2102 2962 Anno
2133 2905 2429 2962 Dominicae
2456 2905 2846 2961 incarnationis
2873 2905 2970 2961 891
2997 2903 3111 2969 ⁸⁸³⁵,
3139 2901 3474 2958 Nordmanni

1879 2999 2090 3055 duobus
2122 2999 2394 3055 continuis
2421 2997 2626 3069 prmliis
2657 2998 2708 3051 in
2733 2996 3013 3050 Britannia
3045 2995 3284 3066 graviter
3315 2994 3471 3048 attri-

1879 3093 1939 3156 ti,
1979 3091 2032 3146 in
2065 3106 2290 3162 regnum
2343 3087 2608 3146 Hlotharii
2643 3088 2875 3144 classem
2907 3086 3266 3152 transferunt,
3295 3093 3352 3140 et
3381 3101 3474 3140 ea-

1878 3183 2006 3238 stris
2035 3179 2385 3248 metatis“"°,
2425 3181 2635 3252 praedas
2671 3189 2950 3235 exercent.
2985 3177 3185 3248 Contra
3213 3191 3349 3246 quos
3370 3175 3472 3230 Ar-

189 3275 504 3332 sensionum
539 3279 928 3334 controversia.
973 3277 1029 3332 In
1067 3279 1173 3333 hoc
1201 3293 1330 3350 ergo
1369 3278 1664 3333 schismate
1681 3277 1773 3309 ¹⁰¹²
1803 3258 1847 3320 Ο
1879 3269 2057 3328 nolqu
2080 3286 2174 3325 rex
2203 3273 2505 3328 exercitum
2540 3271 2742 3341 dirigit,
2769 3268 3032 3340 jubetqne
3074 3283 3238 3338 super
3265 3267 3470 3324 Mosam

189 3377 248 3422 et
291 3367 574 3434 divisione,
619 3383 726 3423 non
754 3377 957 3423 tantum
1001 3379 1268 3424 terrarum
1317 3378 1578 3440 quantum
1627 3383 1770 3423 men-

191 3458 326 3510 tium
345 3457 458 3523 ¹⁸¹³,
491 3459 680 3530 pagani
711 3459 984 3514 Brittones
1015 3459 1368 3529 reperientes,
1398 3473 1559 3529 super
1583 3473 1675 3514 eos
1707 3458 1772 3512 ti-

190 3547 737 3604 ducialiterirruunt.
786 3549 862 3604 llli
917 3549 1042 3604 dum
1093 3551 1362 3620 privatum
1416 3550 1772 3621 singulorum,

189 3653 300 3692 non
353 3654 639 3695 commune
690 3640 1175 3696 universorum'°“
1201 3640 1401 3696 bellum
1443 3643 1679 3704 ducunt,
1720 3651 1776 3696 et

188 3730 454 3785 auxilium
497 3731 640 3788 ferre
678 3733 817 3788 alter
843 3733 1002 3789 alteri
1045 3741 1292 3800 recusat,
1340 3733 1494 3804 quasi
1543 3733 1774 3788 victoria

187 3822 350 3876 unius
375 3837 482 3878 non
506 3825 746 3879 omnium
771 3825 928 3892 foret,
958 3826 1196 3898 graviter
1217 3827 1284 3882 ab
1299 3827 1453 3881 hoste
1471 3825 1768 3891 laaduntur;

185 3911 472 3967 caeduntur
497 3915 726 3984 passim;
760 3923 816 3970 et
841 3931 1010 3986 usque
1059 3915 1126 3971 ab
1169 3915 1452 3970 Blavittam
1493 3915 1586 3948 ¹⁰¹⁵
1625 3917 1772 3988 (107)

183 4003 414 4064 ﬂuvium
447 4007 623 4061 omnis
643 4021 830 4062 eorum
871 4007 1141 4078 possessio
1164 4009 1434 4078 diripitur.
1474 4007 1626 4062 Tunc
1664 4009 1777 4078 pri-

186 4117 334 4156 mum
361 4099 742 4170 intelligentes,
771 4109 1028 4168 quantam
1066 4099 1166 4154 sibi
1199 4100 1516 4170 perniciem,
1542 4111 1774 4169 quantas

185 4192 521 4248 adversariis
541 4192 686 4247 vires
705 4191 971 4247 discordia
989 4191 1386 4247 administraret
1415 4193 1539 4258 ¹⁰¹⁶;
1573 4207 1670 4262 per
1693 4192 1773 4245 in—

183 4283 494 4340 ternuntios
517 4297 576 4338 se
615 4283 842 4338 invicem
872 4283 1216 4348 conﬁrmant,
1249 4292 1457 4352 tempus
1495 4293 1550 4336 et
1593 4283 1770 4338 locum

177 4376 350 4431 eundi
387 4375 768 4440 indicunt‘°'7,
805 4373 1111 4443 bellumque
1151 4372 1528 4427 communibus
1568 4371 1772 4426 viribus

179 4472 532 4521 construunt.
581 4463 766 4534 Itaque
798 4461 1064 4518 Judicheil
1091 4463 1182 4531 qui
1210 4471 1330 4517 erat
1355 4461 1769 4528 adolescentior,

177 4557 412 4627 cupiens
440 4555 665 4627 gloriam
699 4555 936 4610 nominis
963 4553 1157 4609 sui‘m
1181 4553 1446 4621 exaltare,
1479 4569 1585 4609 non
1609 4568 1770 4624 expe-

1879 3366 2114 3420 tentoria
2143 3367 2327 3435 ﬁgere,
2361 3365 2761 3434 transitumque
2783 3361 3024 3417 ﬂuminis
3052 3360 3302 3416 hostibus
3345 3373 3475 3429 pro-

1877 3457 2085 3511 bibere.
2114 3455 2220 3511 Sed
2244 3464 2532 3525 antequam
2553 3454 2826 3510 exercitus
2851 3453 2903 3507 in
2930 3467 3096 3506 unum
3126 3449 3472 3519 colligeretur

1877 3549 1942 3604 ad
1967 3549 2271 3604 condictum
2289 3547 2464 3602 locum
2483 3547 2636 3616 juxta
2663 3555 2901 3602 castrum
2924 3543 3279 3612 Trajeetense
3297 3537 3468 3612 (108),

1877 3637 2208 3694 Nordmanni
2243 3637 2524 3708 superiora
2577 3644 2844 3701 tenentes,
2876 3635 3021 3689 circa
3062 3632 3322 3687 Lcodium
3351 3630 3470 3684 Mo-

1876 3743 1990 3784 sam
2023 3730 2397 3792 transierunt,
2438 3739 2493 3782 et
2535 3727 2790 3782 hostilem
2819 3725 3217 3796 expeditionem
3248 3737 3276 3777 a
3319 3730 3471 3792 tergo

1877 3821 2268 3890 relinquentes,
2321 3822 2373 3875 in
2425 3820 2594 3892 sylvis
2639 3829 2695 3874 et
2735 3819 3021 3890 paludibus
3051 3817 3220 3887 Aquis
3267 3816 3470 3887 palatio

1875 3913 2143 3982 contiguis
2193 3913 2609 3984 disperguntur;
2657 3911 2844 3966 obvios
2894 3923 3138 3980 quosque
3171 3908 3466 3978 perimunt,

1876 4005 2110 4074 plurima
2137 4005 2228 4042 ¹⁰³¹
2259 4005 2498 4074 plaustra
2527 4011 2578 4058 et
2600 4003 2869 4066 vehicula,
2897 4003 2949 4057 in
2981 4001 3177 4072 quibus
3209 4001 3466 4058 alimenta

1874 4095 2134 4150 exercitui
2166 4095 2568 4159 deferebantur,
2595 4094 2836 4162 capiunt.
2889 4093 3020 4160 Quae
3051 4093 3191 4145 fama
3231 4107 3352 4145 cum
3400 4091 3465 4142 ad

1874 4185 2171 4240 exercitum
2204 4184 2558 4252 pervenisset,
2589 4183 2808 4251 quijam
2861 4183 2979 4252 ipso
3029 4181 3116 4234 die
3169 4179 3468 4236 nativitatis

1876 4277 2046 4331 sancti
2073 4275 2334 4329 Johannis
2363 4274 2610 4342 baptista:
2641 4287 2777 4341 pene
2797 4272 2888 4306 ¹⁰⁸²
2916 4273 2967 4324 in
2999 4285 3166 4324 unum
3195 4282 3466 4323 convene-

1875 4375 1960 4420 rat
1979 4365 2094 4430 ¹⁰³³,
2132 4380 2238 4420 non
2279 4373 2388 4416 tam
2425 4372 2629 4417 tremor
2653 4377 2815 4432 quam
2860 4369 3048 4432 stupor
3095 4366 3309 4413 mentes
3347 4373 3464 4412 om-

1873 4459 2022 4512 nium
2052 4454 2352 4525 occupavit.
2385 4453 2664 4523 Principes
2691 4465 2822 4506 vero
2845 4450 2938 4487 m‘
2965 4449 3223 4505 concione
3264 4462 3466 4501 convo—

1873 4557 2014 4612 cata,
2039 4562 2146 4601 non
2191 4554 2300 4600 tam
2338 4545 2406 4600 de
2428 4543 2669 4615 periculo
2696 4556 2859 4612 quam
2903 4541 3046 4596 dere
3084 4538 3246 4593 dubia
3264 4552 3461 4592 consu-

1507 4685 1743 4742 VAPJIE
1777 4681 2181 4740 LECTIONES.

179 4827 278 4865 ³⁸⁸⁸
341 4823 558 4880 behemi
609 4823 663 4879 4.
709 4825 764 4879 4.
801 4823 836 4878 7
865 4855 936 4865 -
983 4825 1072 4879 12.
1117 4823 1351 4879 beheimi
1402 4823 1456 4876 2.
1511 4820 1796 4878 behemani
1838 4819 1892 4872 5.
1942 4817 2158 4872 bohemi
2217 4815 2269 4870 5.
2329 4815 2506 4870 liuenti
2558 4815 2591 4868 8
2625 4843 2696 4852 —-
2745 4811 2831 4866 12.

2949 4811 3036 4842 ¹⁰⁰¹
3101 4809 3349 4863 ultimum
3395 4827 3462 4866 ne

179 4907 383 4952 cetera:
437 4895 491 4951 5.
525 4894 769 4949 ultimum
824 4901 880 4950 et
921 4902 1113 4949 ceterae
1153 4895 1205 4948 1.
1237 4892 1293 4947 2.
1345 4892 1380 4948 9
1425 4923 1495 4932 ——
1517 4893 1602 4945 12.
1655 4891 1900 4946 ultimum
1956 4897 2083 4943 tunc
2107 4897 2162 4942 et
2192 4902 2240 4940 c.
2267 4887 2318 4939 7.
2343 4886 2590 4939 ultimum
2621 4893 2676 4937 ct
2704 4899 2752 4936 c.
2783 4882 2825 4935 f.
2857 4897 2908 4935 a.
2955 4897 3076 4934 cum
3110 4881 3366 4952 radicitus
3406 4883 3456 4952 ti.

185 4951 282 5000 in.
317 4981 507 5037 pacem
531 4965 776 5036 ροεοίιδ,
849 4965 949 5037 too:
976 4965 1114 5037 hanc
1138 4977 1326 5034 pacem
1349 4963 1410 5037 5.
1481 4962 1661 5037 ητις-Μ
1702 4962 1755 5037 5.
1833 4960 1923 4996 ¹⁰⁰⁵
1956 4957 2433 5037 omnimodushtll.
2472 4955 2525 5037 3.
2558 4952 2906 5037 5._...‘°°'_per
2947 4961 3190 5037 pontem.
3217 4951 3356 5037 deest

185 5037 278 5070 m’
317 5019 586 5100 ‘civibus',
616 5019 892 5092 continuis
939 5036 1084 5090 enim
1131 5019 1351 5104 operum
1381 5034 1433 5088 5.
1513 5027 2180 5104 ‘f°'__audacter_7—7l2.
2259 5026 2348 5104 “’_°-‘
2375 5019 2874 5104 constantine‘nsilu
2921 5019 3454 5104 constauntincnsilfn?‘

181 5109 218 5164 9
247 5109 426 5161 -12.
503 5106 596 5139 ¹¹⁵¹⁰
623 5107 787 5162 violat
815 5105 1036 5159 7—12.
1115 5101 1204 5136 ‘°“
1254 5105 1481 5158 ducibus
1524 5103 1579 5157 2.
1622 5101 1707 5156 5a.
1742 5101 1795 5155 d.

183 5163 485 5234 coinmune
510 5177 748 5232 omnium
779 5178 832 5232 d.
871 5177 924 5232 b.
957 5175 1006 5228 7.
1038 5175 1071 5230 9
1099 5205 1169 5216 —-—
1189 5176 1276 5230 12.
1355 5173 1450 5243 ""i
1482 5188 1650 5243 usque
1679 5169 1958 5243 hlavillant
1977 5171 2036 5243 1.
2061 5165 2493 5243 blavitant_
2535 5163 2832 5243 blavertam
2857 5164 2909 5217 7.

1419 5242 1512 5276 ¹⁰¹⁸
1550 5229 1630 5296 sui
1663 5242 1897 5296 nominis
1928 5241 1979 5294 7.
2011 5240 2135 5295 9—
2159 5237 2223 5290 12
2299 5237 2393 5306 ¹⁰¹Ῡ
2425 5240 2644 5306 ignarus
2664 5235 2753 5290 cui
2775 5235 2992 5288 vincere
3021 5229 3073 5284 5.
3151 5229 3243 5306 ‘1'“
3268 5243 3458 5306 snper-

184 5261 344 5304 retur
366 5248 454 5303 5a.
487 5247 542 5300 d.
619 5247 710 5280 ¹⁰¹τ
740 5246 981 5302 locumei
1015 5245 1257 5300 indicunt
1283 5244 1335 5298 5.

1873 5099 1967 5136 ¹⁰¹²
1988 5099 2247 5154 scismate
2286 5095 2337 5149 7.
2381 5095 2588 5150 9-12,
2665 5094 2760 5130 ¹⁰¹³
2786 5091 3049 5147 montium
3096 5089 3182 5144 5c.
3233 5105 3286 5143 e.
3364 5089 3455 5122 ¹⁰¹ι

2991 5162 3083 5194 ¹⁰¹⁶
3113 5159 3459 5212 administra-

183 5296 655 5374 vincerewbonum
703 5296 1358 5373 nonEt-iﬁimed‘uditd.
1392 5313 1445 5367 5.
1525 5313 1618 5349 ²⁰¹²
1647 5328 1712 5366 ex
1743 5311 1856 5365 XII.
1889 5311 1943 5365 5.
1981 5310 2034 5363 7.
2059 5307 2268 5364 9-12,
2349 5296 2570 5361 ¹⁰²³”Ιιειο
2602 5312 2987 5376 tempestate...
3019 5296 3260 5376 pontifex
3292 5296 3455 5376 deest.

183 5389 240 5444 4.
325 5389 419 5420 ³³³⁵
439 5388 770 5442 hermannus
791 5389 840 5442 1.
860 5387 913 5440 5.
993 5380 1084 5418 ¹⁰²⁸
1105 5387 1230 5441 cleri
1255 5402 1319 5440 ac
1343 5385 1484 5437 deest
1517 5384 1567 5436 7.

1667 5383 1760 5416 ¹⁰⁹⁶
1783 5382 1946 5436 etiam
1971 5381 2109 5435 deest
2135 5379 2186 5433 5.
2268 5377 2358 5416 ¹⁰¹τ
2381 5378 2620 5432 salemon
2645 5367 2727 5432 5.’
2774 5375 2866 5407 ¹⁰²⁸
2889 5367 3128 5439 ejusdem
3153 5369 3206 5432 7,
3231 5367 3455 5439 9-12,

185 5438 349 5529 hujus
367 5438 992 5529 2.-5-ίί--ίδῖδ-ῧῖἒῖέΕ-Χβ.
1015 5455 1069 5508 '2.
1095 5438 1146 5510 9.
1167 5438 1265 5509 ⁷11.
1297 5438 1382 5509 l2.
1443 5453 1564 5529 _‘°’f_
1585 5463 1760 5529 castra
1792 5452 2063 5529 metatiuii.
2083 5450 2136 5503 6.
2165 5451 2218 5504 7.
2247 5447 2462 5529 0-1ᾷ.
2487 5519 2518 5529 Α
2541 5447 2632 5478 ¹⁰⁵¹
2683 5438 2926 5516 plurima
2970 5441 3112 5494 deest
3141 5439 3198 5493 4.
3231 5438 3286 5493 5.
3363 5438 3458 5477 “Si

185 5528 328 5602 pene
359 5530 500 5582 deest
523 5528 576 5584 6.
609 5530 744 5584 bene
774 5530 827 5582 7.

907 5528 998 5560 ¹⁰³³
1041 5533 1406 5582 convenerant
1436 5525 1484 5578 l.
1533 5524 1586 5580 5.
1623 5525 1673 5578 7.
1699 5522 1812 5578 9-
1833 5521 1901 5577 12
1975 5523 2068 5554 ¹⁰³⁸
2090 5536 2218 5575 vero
2245 5520 2385 5574 άεεδι
2409 5520 2460 5571 1·
2486 5519 2544 5572 9-

1735 5633 1968 5692 ΝΟΤᾸΕ.

259 5760 409 5829 (105)
435 5758 738 5829 Coutanees.

260 5827 412 5898 (‘106l
441 5827 717 5886 Saint-Lé.

1974 5744 2097 5810 107)
2127 5743 2331 5806 Blavet,
2355 5741 2408 5795 in
2433 5741 2588 5811 cujus
2610 5738 2753 5794 ostio
2797 5734 3111 5792 Part-Louis
3141 5743 3196 5790 et
3221 5731 3456 5790 Lor-ient.

1974 5747 2097 5810 107)
2127 5747 2331 5806 Blavet,
2355 5747 2405 5795 in

1949 5747 2095 5888 £108)
2129 5813 2405 5868 Mastricht
