4010 6416
281 427 380 486 ιιι

904 533 1242 592 DCCCXCV.

355 635 514 692 Anno
537 629 836 688 Dominicze
855 628 1246 686 incarnationis
1281 625 1386 684 895
1411 628 1648 700 synodus
1677 637 1870 696 magna

275 728 556 786 celebrata
585 733 670 782 est
705 724 848 796 apud
899 720 1186 778 Triburias
1217 728 1408 776 contra
1441 717 1730 792 plerosque
1781 729 1868 770 se-

273 823 508 885 culares.
561 819 657 891 qui
711 819 1090 874 auctoritatem
1135 813 1498 887 episcopalem
1549 811 1872 868 imminuere

275 914 596 978 tentabant;
624 911 716 966 ubi
747 909 938 982 viginti
985 925 1079 964 sex
1107 907 1200 940 ⁸³⁵⁵³
1227 905 1468 978 episcopi
1499 919 1624 960 cum
1663 903 1872 974 abbati-

267 1005 378 1064 bus
405 1003 860 1060 monasteriorum
899 1000 1218 1066 residentes,
1264 997 1510 1070 plurima
1530 997 1754 1052 decreta
1783 1009 1874 1052 su-

269 1113 378 1170 per
403 1106 606 1154 statum
633 1104 834 1154 sanctae
867 1093 1113 1150 ecclesiae
1143 1091 1348 1162 scripto
1365 1089 1782 1146 roboraverunt.

343 1189 482 1248 Post
507 1189 626 1246 haec
645 1185 910 1244 Arnolfus
935 1183 1294 1242 Wormatiam
1327 1181 1498 1248 venit,
1527 1181 1709 1252 ibique
1733 1180 1873 1250 opti-

265 1281 518 1338 matibus
543 1295 614 1338 ex
647 1279 902 1338 omnibus
928 1278 1114 1352 regnis
1149 1291 1262 1332 suae
1285 1275 1379 1308 “”
1399 1271 1594 1330 ditioni
1641 1271 1872 1328 subditis

267 1375 385 1432 sibi
413 1371 852 1438 occurrentibus,
883 1377 1212 1428 conventum
1235 1366 1512 1440 publicum
1541 1363 1870 1430 celebravit,

265 1465 326 1522 in
361 1481 474 1536 quo
519 1475 788 1522 conventu
819 1465 1069 1522 omnibus
1102 1460 1530 1520 assentientibus
1557 1469 1722 1530 atque
1757 1458 1870 1515 eol-

263 1555 624 1614 laudantibus
652 1554 990 1612 Zuendibold
1027 1553 1200 1610 ﬁlium
1225 1567 1395 1626 regno
1433 1549 1705 1610 Hlotharii
1735 1565 1869 1624 pra:-

263 1644 424 1704 fecit.

337 1741 404 1796 In
433 1741 626 1798 eodem
663 1739 866 1810 placito
892 1739 1010 1796 Odo
1033 1739 1128 1774 ³¹⁶⁰
1157 1754 1252 1798 rex
1280 1753 1406 1798 cum
1439 1738 1651 1812 magnis
1677 1752 1870 1796 mune-

261 1835 426 1889 ribus
453 1833 522 1888 ad
546 1831 833 1888 Arnolfum
861 1832 1032 1900 venit,
1061 1849 1092 1888 a
1111 1848 1220 1904 quo
1251 1831 1554 1900 honoriﬁce
1581 1839 1870 1904 susceptus

1531 409 1946 474 CHRONICON.
1989 441 2058 454 -——
2096 411 2208 468 AN.
2251 413 2505 471 895-897.

1905 541 1944 594 Α
1981 529 2178 578 tantum
2213 525 2330 592 fuit,
2361 531 2590 596 excepto
2617 525 2759 595 quod
2805 523 2946 581 Galli
2973 523 3220 582 Senones
3249 541 3372 582 cum
3409 527 3582 586 Bren-

3473 417 3578 474 M2

1977 632 2117 674 none
2147 619 2286 673 duce
2331 616 2500 673 multo
2549 625 2676 672 ante
2705 616 3045 672 nativitatem
3077 617 3278 673 Christi
3332 628 3579 692 tempore

1975 709 2144 766 semel
2175 709 2442 766 iecerunt.
2473 707 2644 764 Mater
2677 709 2992 778 Lantberti,
3020 727 3140 784 qua:
3167 711 3232 766 ad
3265 715 3576 784 praesidium

1973 821 2004 860 a
2033 804 2254 862 ﬁlio“"'
2301 805 2490 862 relicta
2523 803 2728 872 fuerat,
2777 821 2900 862 cum
2930 807 3044 864 suis
3089 805 3320 862 latenter
3346 809 3574 882 aufugit.

1971 895 2229 954 Arnoli‘us
2253 899 2531 954 civitatem
2557 897 2854 970 ingressus,
2885 914 2918 952 a
2949 897 3232 964 Formoso,
3263 903 3574 972 apostolica:

1973 991 2114 1048 sedis
2140 991 2393 1064 praesule,
2425 1009 2548 1052 cum
2605 993 2905 1068 magnom‘
2937 995 3142 1052 honore
3187 997 3579 1070 susceptus'm

1971 1095 2076 1152 est,
2106 1095 2162 1142 et
2189 1095 2317 1142 ante
2342 1087 2738 1148 confessionem
2760 1091 2934 1148 sancti
2963 1089 3108 1148 Petri
3135 1103 3448 1162 coronatus,
3475 1093 3577 1150 im-

1973 1187 2192 1250 perator
2217 1193 2454 1238 creatur.
2483 1183 2577 1226 "7'

2043 1273 2170 1329 lnde
2199 1287 2478 1330 revertens
2508 1276 2730 1346 paralisi
2760 1277 2952 1332 morbo
2975 1287 3251 1350 gravatur,
3269 1295 3334 1340 ex
3362 1296 3470 1352 qua
3493 1281 3574 1340 in-
3597 1345 3610 1356 ,
3629 1343 3642 1356 ,

1973 1363 2230 1422 ﬁrmitate
2277 1367 2368 1422 diu
2415 1367 2736 1440 languescit.
2791 1369 2993 1426 Eodem
3019 1370 3113 1408 “7°
3139 1385 3283 1428 anno
3315 1369 3577 1431 Lamber-

1974 1463 2076 1522 tus,
2107 1457 2248 1514 ﬁlius
2277 1439 2547 1526 Widonis,
2597 1461 2664 1518 de
2693 1477 2800 1532 quo
2833 1462 3082 1534 superius
3108 1463 3267 1534 paulo
3291 1464 3386 1498 ιη’
3425 1481 3576 1523 men-
3601 1439 3620 1454 ~

1973 1550 2176 1608 tionem
2201 1549 2462 1618 fecimus,
2501 1553 2610 1610 vita
2649 1553 2903 1622 decedit,
2935 1563 2990 1612 et
3015 1553 3396 1624 Hludowicus,
3431 1557 3577 1616 ﬁlius

1969 1639 2220 1706 Bosonis,
2253 1657 2282 1698 a
2323 1641 2688 1714 Langobardis
2713 1643 2998 1714 invitatus,
3025 1661 3056 1702 a
3087 1646 3368 1718 provincia
3391 1663 3576 1722 egres-

1971 1749 2066 1796 sus
2092 1736 2302 1794 Italiam
2333 1738 2516 1796 intrat.

2043 1827 2148 1886 Per
2181 1830 2324 1888 idem
2358 1842 2568 1906 tempus
2593 1834 2744 1892 circa
2771 1833 3122 1893 festivitatem
3145 1838 3320 1894 sancti
3343 1837 3576 1896 Andreae

259 1933 372 1992 est,
425 1923 784 1995 omnibusque
841 1923 1154 1994 impetratis
1199 1939 1301 1996 pro
1359 1925 1556 1996 quibus
1619 1933 1868 1990 venerat,
1903 1919 1946 1980 Β
1973 1921 2258 1982 Albericus
2281 1925 2376 1958 ¹³⁷⁸
2413 1942 2618 1994 comes,
2657 1928 2751 2000 qui
2795 1926 3207 2002 Megingaudum
3233 1928 3326 1964 ¹¹¹¹⁹
3357 1931 3575 1990 occide-

259 2033 396 2074 cum
435 2019 490 2072 in
531 2031 756 2090 regnum
785 2025 1176 2084 reverteretur,
1215 2015 1508 2074 Folconem
1533 2017 1626 2050 ““
1656 2017 1872 2088 episco-

257 2121 398 2178 pum
461 2116 516 2164 et
559 2105 900 2179 Adalongum
933 2105 1030 2140 ““
1070 2107 1330 2164 comitem
1375 2109 1460 2164 sui
1507 2109 1872 2164 mansionarii

259 2199 422 2272 (118)
457 2201 528 2256 ad
571 2201 858 2259 Arnolfum
881 2215 1004 2257 cum
1035 2201 1250 2258 exeniis
1271 2199 1367 2236 ¹¹⁶³
1411 2217 1440 2255 a
1469 2201 1663 2257 Carolo
1691 2202 1874 2257 missis

259 2295 553 2352 venientes
581 2294 635 2350 in
664 2293 840 2350 media
869 2293 960 2350 via
981 2292 1343 2358 otl'enderunt,
1389 2309 1554 2366 super
1581 2309 1718 2364 quos
1747 2309 1872 2350 cum

257 2387 512 2448 clamore
557 2388 820 2460 impetum
877 2387 1106 2445 faciunt.
1167 2385 1467 2458 Episcopus
1523 2385 1646 2457 fuga
1682 2385 1872 2440 dilabi-

263 2491 352 2536 tur
379 2477 500 2548 ἠδ,
515 2481 826 2552 Adalongus
846 2477 1060 2536 mortali
1079 2479 1304 2536 vulnere
1327 2479 1624 2545 sauciatur,
1641 2477 1870 2534 sarcinae

259 2573 604 2644 diripiuntur
636 2591 650 2628 :
682 2573 974 2643 praedictus
1013 2583 1197 2627 comes
1235 2571 1290 2626 in
1319 2568 1572 2642 Trigorio
1599 2567 1696 2602 ¹¹⁸⁸
1719 2567 1868 2642 (119)

257 2671 316 2726 in
349 2667 485 2724 villa
513 2685 634 2742 quae
663 2669 862 2726 dicitur
892 2665 1208 2723 Belthomus
1233 2663 1352 2734 “",
1383 2665 1661 2737 sepelitur.

335 2759 548 2816 Eodem
587 2775 734 2816 anno
771 2755 1130 2824 Zuendibold,
1159 2755 1395 2814 collecto
1429 2755 1680 2813 inmenso
1707 2769 1866 2812 exer-

257 2851 402 2914 citu,
435 2847 1026 2921 cupiensampliﬁcare
1067 2847 1336 2906 terminos
1363 2847 1520 2921 regni
1567 2845 1672 2916 sui,
1711 2847 1866 2918 quasi

259 2939 468 2998 Carolo
507 2941 770 2998 adversus
799 2940 1044 2998 Odonem
1083 2937 1344 3016 auxilium
1389 2937 1620 3006 laturus,
1653 2938 1867 3012 Lugdu-

260 3033 402 3090 num
449 3027 740 3090 Clavatum
769 3031 862 3068 “"
907 3030 1058 3088 venit
1077 3069 1096 3098 ,
1145 3038 1206 3088 et
1252 3029 1530 3088 civitatem
1581 3029 1868 3090 obsidione

259 3125 480 3192 cinxit;
535 3124 632 3181 sed
691 3123 914 3180 minime
962 3137 1086 3180 eam
1129 3135 1324 3194 capere
1370 3121 1568 3192 potuit,
1613 3121 1866 3193 quamvis

261 3216 458 3274 multis
488 3215 679 3272 diebus
725 3215 976 3288 summis,
999 3213 1210 3272 viribus
1245 3214 1498 3272 certatim
1543 3212 1860 3272 dimicatum

1975 2025 2082 2084 rat,
2111 2033 2144 2072 a
2179 2017 2478 2090 Stephano,
2515 2017 2684 2075 fratre
2713 2018 2978 2086 Walonis,
3017 2021 3363 2078 interﬁcitur.

2589 2109 2976 2170 DCCCXGVII.

2044 2199 2202 2256 Anno
2231 2200 2524 2256 Dominicae
2550 2201 2940 2258 incarnationis
2970 2200 3074 2257 897
3101 2199 3192 2236 “3°
3225 2203 3572 2275 Stephanus,
3658 2267 3670 2274 _

1973 2293 2184 2349 Odaear
2211 2292 2300 2327 ¹¹⁸²
2323 2335 2338 2362 ,
2373 2293 2648 2352 Gerardus
2669 2293 2761 2327 ²¹⁸¹
2791 2305 2846 2352 et
2883 2294 3170 2354 Matt‘ridus
3217 2299 3442 2356 comites
3473 2300 3572 2358 ho-

1973 2399 2134 2444 nores
2178 2395 2234 2444 et
2283 2387 2576 2458 dignitates
2623 2402 2762 2458 quas
2797 2402 2829 2442 a
2861 2401 2988 2460 rege
3019 2389 3184 2462 (121)
3215 2403 3568 2462 acceperant,

1971 2478 2222 2548 perdunt.
2253 2478 2584 2536 Zuendibold
2609 2477 2863 2540 Treveris
2885 2496 3012 2540 eum
3033 2482 3278 2540 exercitu
3299 2483 3570 2556 venitm',

1975 2575 2176 2624 terram
2199 2567 2296 2604 “3‘
2321 2585 2484 2642 quam
2514 2570 2724 2640 praefati
2757 2581 3066 2638 tenuerant,
3101 2573 3242 2630 inter
3273 2589 3402 2632 suos
3428 2575 3570 2632 divi-

1970 2659 2050 2716 dit
2070 2659 2186 2728 Μ’,
2233 2661 2620 2726 monasterium
2665 2663 2732 2724 ad
2763 2661 2970 2722 Hor-rea
3011 2663 3163 2738 (122)
3211 2675 3267 2722 et
3295 2677 3572 2726 monaste-

1973 2751 2112 2808 rium
2139 2753 2314 2812 sancti
2339 2751 2510 2822 Petri,
2537 2754 2684 2830 quod
2711 2753 2892 2814 Mettis
2915 2756 3082 2822 situm
3111 2767 3219 2826 est,
3245 2759 3348 2818 sibi
3391 2775 3571 2820 reser-

1973 2857 2124 2900 νειηε.

2041 2933 2169 2994 Post
2197 2937 2312 2996 haec
2339 2946 2550 3012 patrem
2597 2955 2759 3016 super
2791 2953 2961 3024 uxore
2983 2955 3149 3024 quam
3181 2943 3428 3014 accipere
3477 2945 3570 3004 de-

1969 3027 2261 3094 siderabat,
2309 3044 2407 3102 per
2451 3029 2656 3102 legatos
2681 3021 2936 3090 consulit.
2981 3021 3114 3104 Ejus
3144 3031 3473 3090 hortatu1m
3499 3037 3568 3092 ad

1969 3122 2222 3180 Ottonem
2267 3123 2522 3186 comitem
2556 3125 2731 3200 (125)
2777 3125 3006 3186 missum
3034 3125 3257 3200 dirigit,
3303 3127 3458 3200 cujus
3500 3129 3570 3184 li-

1969 3213 2230 3282 liamm',
2264 3217 2483 3278 nomine
2509 3215 2704 3284 Odam,
2747 3218 2800 3276 in
2829 3217 3144 3292 conjugium
3168 3222 3436 3292 exposcit.
3474 3221 3572 3280 llle

261 3317 438 3366 esset.
471 3307 716 3364 Audiens
743 3315 924 3364 autem
973 3303 1217 3364 Odonem
1260 3319 1384 3360 cum
1413 3305 1660 3362 exercitu
1702 3306 1866 3360 adve-
1895 3294 1938 3357 C
1971 3308 2320 3380 petitionibus
2366 3307 2484 3380 ejus
2525 3311 2914 3381 gratanter‘m
2960 3325 3244 3370 assensum
3299 3313 3568 3382 praebuit,

263 3401 414 3466 nire,
441 3399 538 3470 qui
581 3413 646 3454 ea
695 3404 1019 3468 tempestate
1079 3395 1136 3454 in
1185 3395 1480 3466 Aquitania
1533 3397 1868 3464 morabatur,

263 3509 402 3550 cum
431 3491 688 3549 omnibus
741 3491 914 3561 copiis
953 3489 1204 3556 recessit,
1243 3497 1300 3546 et
1337 3489 1393 3544 in
1435 3489 1658 3560 proprio
1701 3505 1870 3562 regno

265 3587 364 3620 ἠδ
393 3601 458 3642 se
487 3585 712 3656 recepit.
745 3584 822 3640 Ea
849 3591 1174 3656 tempestate
1195 3581 1490 3640 Ludelmus
1519 3582 1612 3616 “°’
1643 3597 1870 3640 venera-

261 3683 398 3738 bilis
455 3681 578 3746 vir,
647 3680 700 3734 in
775 3677 1014 3736 Tullensi
1069 3676 1306 3738 ecclesia
1363 3693 1394 3734 a
1451 3676 1870 3747 metropolitano

263 3771 562 3829 Rathbedo
603 3771 696 3804 ⁸³⁷⁸
725 3769 876 3842 (120)
920 3783 985 3826 ae
1023 3769 1138 3828 suis
1177 3766 1538 3839 suifraganeis
1579 3767 1867 3840 episcopus

263 3871 648 3924 consecratur.

895 3951 1258 4012 DCCCXCVI.

333 4047 502 4104 Anno
511 4045 806 4104 Dominieae
816 4044 1206 4102 incarnationis
1219 4043 1326 4102 896
1337 4044 1506 4102 Arno!
1513 4043 1615 4112 fus,
1633 4043 1870 4102 secundo

263 4143 486 4202 laliam
535 4145 830 4216 ingressus,
863 4141 1092 4200 Romam
1135 4141 1318 4210 venit,
1345 4151 1402 4200 et
1441 4142 1630 4200 urbem
1673 4141 1870 4198 Roma-

267 4255 398 4294 nam
449 4253 576 4294 cum
622 4251 890 4293 consensu
933 4235 1134 4294 summi
1183 4233 1456 4306 pontiﬁcis
1503 4234 1670 4292 armis
1697 4233 1860 4302 cepit.

267 4329 428 4398 Quod
459 4339 606 4388 retro
631 4337 760 4386 ante
777 4329 866 4362 “7’
895 4327 1092 4386 seculis
1119 4326 1240 4384 ideo
1265 4326 1588 4393 inauditum,
1609 4326 1738 4396 quia
1761 4339 1870 4380 non

1973 3399 2130 3470 eique
2161 3399 2324 3456 ﬁliam
2375 3399 2614 3467 tradidit,
2659 3415 2823 3472 quam
2853 3407 2977 3472 post
3025 3399 3224 3472 pascha
3276 3400 3568 3460 celebratis

1973 3492 2177 3564 nuptiis
2223 3493 2325 3548 sibi
2373 3493 2429 3548 in
2474 3493 2884 3552 matrimonium
2914 3495 3164 3552 sociavit.
3193 3494 3397 3552 Eodem
3425 3512 3570 3558 anno

1972 3583 2229 3642 Arnolfus
2261 3583 2624 3644 Wormatiam
2657 3587 2824 3652 venit,
2873 3585 3055 3658 ibique
3083 3587 3340 3660 placitum
3373 3590 3566 3658 tenuit,

1975 3679 2063 3734 ubi
2094 3679 2164 3735 ad
2213 3677 2328 3750 ejus
2357 3678 2682 3750 colloquium
2713 3677 3050 3736 Zuendibold
3079 3679 3358 3748 occurrit,
3408 3691 3464 3738 et
3487 3681 3572 3738 in-

1975 3779 2222 3826 terventu
2269 3771 2612 3842 imperatoris
2652 3769 2984 3842 Stephanus,
3013 3771 3328 3830 Gerbardus
3353 3783 3408 3830 et
3435 3771 3570 3832 llat-

1973 3860 2144 3918 fridus
2171 3877 2292 3918 cmn
2323 3861 2434 3920 ﬁlio
2461 3861 2906 3926 reconciliantur.

2041 3951 2118 4007 Ea
2155 3953 2246 3996 “80
2299 3963 2622 4028 tempestate
2669 3953 2813 4012 inter
2873 3951 3192 4020 Rodull'um,
3251 3955 3568 4026 episcopum

1975 4043 2472 4118 Wirziburgensem
2503 4087 2518 4114 ,
2565 4055 2620 4102 et
2645 4045 2787 4106 ﬁlios
2815 4041 3056 4102 Heinrici
3085 4045 3240 4100 ducis
3259 4086 3272 4112 ,
3303 4045 3567 4102 Adalbcr-

1973 4137 2214 4206 tuni“°°,
2255 4137 2620 4202 Adalbardum
2649 4149 2702 4194 et
2737 4135 3080 4204 Heinricum,
3123 4153 3320 4210 magna
3349 4138 3562 4194 discor-

1977 4229 2186 4284 diarum
2234 4227 2300 4282 lis
2343 4237 2397 4282 et
2435 4227 2792 4300 implacabilis
2817 4229 3064 4286 odiorum
3097 4229 3472 4284 controversia
3496 4245 3568 4285 ex

1983 4321 2164 4390 parvis
2180 4319 2272 4352 “’1
2305 4319 2652 4392 minimisque
2677 4319 2840 4378 rebus
2868 4321 3068 4388 oritur,
3101 4332 3156 4378 et
3183 4319 3334 4378 velut
3353 4337 3422 4380 ex
3443 4313 3570 4396 per-

1563 4435 1802 4493 VARUE
1829 4431 2234 4491 LECTIONES.

343 4536 446 4570 ³⁸⁵⁸
495 4537 688 4608 viginti
723 4542 836 4608 tres
860 4535 894 4591 9
913 4517 1096 4608 τῇ.

273 4609 369 4642 ιη’
407 4606 732 4676 ειάειΙιιίιειιῐη
758 4606 812 4660 5.

273 4681 372 4712 ¹¹⁶⁶
401 4673 728 4735 belthonnus
756 4677 808 4731 5.
849 4677 1118 4732 beltonius
1143 4677 1198 4732 5.
1231 4675 1516 4729 belthonus
1546 4674 1601 4728 2.
1631 4673 1916 4728 beltolmus
1939 4673 1990 4727 8.

1213 4745 1305 4784 ¹ι⁶⁹
1347 4745 1610 4800 ludetinus
1635 4743 1688 4800 5.
1747 4745 1996 4798 ludamus
2045 4741 2093 4795 7.
2129 4741 2425 4798 ludewicus
2459 4742 2544 4798 11.
2574 4741 2660 4798 12.
2705 4741 3007 4800 ludbelmus
3030 4744 3084 4800 5.

271 4753 392 4820 [tria
419 4765 588 4822 regna
619 4751 667 4822 1.
697 4747 1022 4822 _5._d_eest.

273 4819 362 4876 ita.
397 4837 446 4876 c.
477 4819 526 4874 ἑ.
557 4819 814 4874 rodbaldo
839 4819 928 4874 5d.

277 4893 374 4928 ³³⁷³
431 4899 716 4963 susceptus
755 4897 896 4963 ante
935 4887 1019 4963 5e.
1049 4903 1115 4963 ε.

275 4966 370 5032 “ff
399 4963 560 5032 paulo
593 4959 858 5032 superius
887 4961 938 5014 7.
977 4959 1128 5032 9-12.

279 5029 372 5066 ¹¹⁸⁶
400 5029 840 5088 ΌΟΟΟΟΧΟἮΙ.
869 5033 918 5084 7.
1004 5029 1092 5066 ¹⁸⁸¹
1132 5030 1333 5086 odocar
1357 5031 1410 5085 5.
1509 5029 1600 5062 ¹³⁸²

1209 4531 1301 4604 ιω
1324 4547 1436 4589 suae
1481 4533 1664 4604 regnis
1680 4529 1754 4604 k7.
1793 4531 1828 4586 9
1851 4560 1920 4572 -

928 4605 1020 4636 ¹¹⁶³
1059 4604 1236 4660 xeniis
1281 4603 1382 4658 1--
1419 4604 1474 4659 5.
1515 4599 1783 4658 arnolfum
1831 4599 2006 4657 xeniis
2045 4599 2098 4654 5.

1040 4819 1134 4852 ““
1173 4825 1298 4872 ante
1347 4833 1508 4887 usque
1551 4824 1678 4871 ante
1727 4816 1870 4870 deest
1905 4815 1962 4868 2.

1065 4903 1115 4938 e.
1215 4887 1309 4920 “"
1365 4895 1579 4938 creatus
1624 4895 1706 4938 est
1757 4887 1841 4938 5c.
1883 4901 1934 4938 e.

1365 4895 1579 4940 creatus
1624 4895 1706 4940 est
1757 4895 1841 4940 50.
1883 4901 1934 4940 e.

1225 4903 1309 4920 ινα
1365 4903 1579 4942 creatus
1624 4903 1706 4940 ρει
1757 4903 1841 4942 nc.
1883 4903 1934 4940 e.
2037 4903 2128 4919 ἠπ
2186 4903 2390 4940 nouem
2447 4903 2608 4954 usque
2665 4903 2892 4942 watoms
2935 4903 3264 4942 tnterncuur
3315 4903 3454 4942 ueest
3509 4903 3562 4942 4.

1225 4959 1317 4994 ¹¹⁷⁸
1359 4959 1595 5014 albricus
1639 4959 1688 5012 1.
1738 4957 1790 5011 5.
1847 4957 2082 5025 alpricus
2108 4953 2162 5008 2.
2241 4955 2333 4988 “7°
2390 4956 2806 5025 megingandum
2855 4955 2908 5010 5.
2957 4957 3368 5028 meginhardum
3413 4958 3563 5012 9-12.

1225 5047 1333 5083 tear
1357 5031 1410 5083 5.
1509 5029 1600 5062 ¹¹⁸²
1639 5029 1938 5083 Herbardus
1967 5027 2020 5080 ὅ.
2067 5027 2119 5082 8.
2221 5025 2315 5060 ⁸³⁸³
2351 5027 2575 5082 veniens
2617 5027 2669 5082 3.
2705 5027 2760 5082 5.
2797 5029 2848 5083 8.
2950 5029 3046 5066 ωδ
3083 5029 3229 5082 venit
3259 5037 3563 5083 terrauume

1639 5043 1938 5099 get-naritus
1967 5047 2020 5080 ι).
2057 5043 2119 5099 is.

2143 4527 2236 4558 “8°
2285 4527 2390 4584 udo
2437 4529 2490 4582 7.
2605 4529 2696 4564 “5'
2741 4529 3010 4588 falconem
3062 4531 3113 4588 1.
3169 4530 3440 4592 falcouem
3473 4533 3568 4592 5d.

2213 4597 2306 4672 1f“
2345 4598 2577 4672 elabitur
2629 4599 2719 4656 5d.
2750 4601 2850 4672 (8).
2969 4599 3063 4639 ³⁸⁸⁵
3099 4601 3156 4657 in
3203 4604 3476 4660 territorio
3509 4605 3565 4660 ὅ.

2099 4667 2191 4704 ³⁸⁸⁷
2235 4667 2528 4741 lugdunum
2577 4667 2944 4742 depraedatum
2983 4674 3134 4728 venit
3159 4673 3213 4728 5.
3315 4675 3410 4708 ¹¹⁶³
3447 4693 3570 4745 prc-

2129 4741 2425 4798 ludewicus
2459 4742 2544 4798 11.
2574 4742 2658 4798 12.
2705 4741 3007 4800 ludbelmus
3030 4744 3084 4800 5.
3182 4745 3276 4786 “7°
3315 4748 3567 4802 ratboldo

2065 4763 2093 4795 l.
2129 4763 2425 4798 IUUCWICUS
2459 4763 2544 4798 ιι.
2574 4763 2658 4798 ιιι.
2705 4763 3007 4800 ιυυιιθιιηυε
3030 4763 3084 4800 ο.
3184 4763 3276 4786 “7"
3315 4763 3567 4803 ramento

2065 4813 2156 4845 “7’
2211 4828 2332 4882 qua:
2379 4829 2412 4868 a
2463 4813 2712 4882 prmsidio
2754 4813 2847 4868 ﬁlii
2891 4813 2945 4868 7.
3059 4814 3152 4856 “7’
3192 4815 3334 4874 deest
3381 4819 3466 4872 5c.
3515 4833 3564 4870 e.

2035 4885 2131 4954 “"f
2186 4882 2390 4940 Eodem
2447 4895 2608 4954 usque
2665 4883 2892 4942 walonis
2935 4885 3264 4942 interﬁcitur
3315 4891 3454 4942 deest
3509 4891 3562 4942 4.

2221 5025 2315 5060 ⁸³⁸³
2351 5027 2575 5082 veniens
2617 5027 2669 5082 3.
2705 5027 2760 5082 5.
2797 5029 2848 5084 8.
2950 5025 3229 5082 “'Vvenit
3259 5037 3567 5096 teri-auulue

277 5103 496 5174 quam'l.
527 5103 672 5161 9-12.
749 5102 842 5136 ¹¹⁸⁵
871 5117 998 5174 suos
1027 5101 1168 5174 ﬁlios
1184 5101 1396 5174 _dividit
1443 5101 1494 5154 7.
1524 5095 1672 5156 9-12'.
1753 5100 1854 5174 “"_
1883 5097 2116 5154 consulit
2143 5095 2300 5174 cujus
2341 5098 2565 5174 hortatu
2578 5100 2638 5174 _1_.
2670 5099 2727 5174 5.
2763 5097 2819 5174 ᾗ.
2847 5099 2900 5154 5.
2981 5098 3072 5174 1³⁸7
3100 5095 3564 5174 ejus__tilia_n_i__1’-5.

279 5173 374 5210 ‘1“
409 5174 528 5248 ejus
556 5175 792 5248 graviter
815 5175 872 5231 4.
899 5173 956 5230 5.

277 5247 470 5317 paucis
495 5245 686 5305 exorti.
721 5245 780 5303 5.

1054 5173 1148 5208 “3’
1183 5172 1261 5230 Ea
1291 5179 1612 5244 tempestate
1633 5187 1796 5243 usque
1825 5171 2174 5226 devastantur
2201 5169 2342 5224 deest
2367 5168 2422 5224 4.

2529 5169 2623 5202 ³³⁸⁸
2662 5169 3004 5228 adalbertum
3029 5171 3170 5226 deest
3207 5167 3264 5224 5.
3366 5169 3458 5239 _““
3499 5185 3568 5226 cx

1797 5311 2026 5370 ΝΟΤιΕ.

349 5405 502 5479 (118)
527 5407 630 5478 Qui
657 5408 986 5464 mansionem
1013 5405 1244 5478 principi
1252 5405 1562 5533 agarabant.
1585 5403 1672 5463 Cf.
1700 5403 1866 5460 Hinc-

349 5495 495 5533 arum
533 5479 600 5533 de
635 5477 840 5533 Ordine
867 5479 1076 5533 palatii.
1100 5493 1221 5533 can.
1331 5519 1342 5531 .

279 5477 495 5534 marum
533 5477 600 5534 de
635 5477 840 5536 Ordine
867 5477 1076 5548 palatii,
1100 5477 1221 5548 cap.
1252 5477 1342 5533 2‘5.

351 5549 502 5622 (119)
531 5549 626 5622 Est
653 5559 822 5622 pagus
847 5545 1250 5622 Trecbirgovve,
1293 5549 1357 5622 ad
1381 5547 1658 5622 sinistram
1687 5545 1862 5622 Rheni

351 5567 502 5622 tua)
531 5567 626 5606 inSt
691 5567 822 5620 agus
847 5567 1250 5622 'i'recutrgowe,
1293 5567 1658 5604 ausmlsu'am
1689 5567 1859 5600 nnem

281 5621 454 5692 ripam
485 5635 516 5674 a
544 5567 860 5692 Baciiaraco
889 5635 1064 5692 usque
1107 5621 1174 5676 ad
1203 5618 1572 5692 conﬂuentes.
1615 5617 1859 5692 D_elinea-

287 5689 486 5747 tienem
525 5689 640 5761 ejus
689 5693 744 5748 in
777 5691 842 5745 V.
877 5689 1417 5748 leGuntbcriCod.
1466 5689 1595 5761 dipl.
1645 5689 1862 5761 Rbcno-

286 5759 600 5830 Mosellano,
659 5763 724 5818 T.
773 5761 834 5818 11.
887 5763 1074 5828 babes,
1133 5761 1226 5817 ubi
1269 5769 1446 5830 tamen
1487 5759 1682 5816 ﬁnibus
1715 5759 1861 5828 justo

285 5829 612 5894 arctioribus
633 5833 1108 5904 circumcluditur;
1141 5849 1268 5892 nam
1295 5829 1420 5890 villa
1453 5830 1762 5890 Beltbomus
1786 5831 1860 5889 ibi

1975 5402 2197 5476 omissa,
2249 5413 2333 5459 est
2367 5404 2690 5476 hodiernum
2732 5403 2953 5470 Beltem,
2979 5421 3009 5461 e
3051 5413 3426 5476 septentrione
3457 5409 3564 5466 vici

1972 5471 2281 5529 Castellaun
2325 5475 2583 5544 positum.

2071 5545 2194 5616 120)
2222 5545 2642 5616 archiepisc0po
2669 5545 3014 5616 Treverensi.

2071 5613 2194 5684 121)
2225 5613 2281 5670 ld
2305 5625 2389 5670 est
2411 5613 2655 5672 Arnolto.
2687 5615 2772 5672 Cf.
2807 5629 2896 5672 an.
2938 5617 3062 5675 890.

2067 5685 2492 5889 ἓξὲξ-ἓξὲξ.
2537 5756 2834 5822 Saxonem,
2885 5757 3122 5816 Heinrici
3173 5763 3320 5834 regis
3353 5771 3566 5832 patrem

2067 5843 2123 5889 Β.
2279 5829 2396 5888 ard.
2425 5826 2622 5886 Franc.
2651 5825 2862 5889 Orient.
2895 5829 2962 5889 11.
2990 5847 3046 5889 ι).
3073 5833 3179 5889 ’175
3197 5874 3210 5889 .
3257 5835 3566 5889 contendit.

1968 5825 2123 5902 esse,
2168 5825 2396 5889 Eecard.
2425 5826 2622 5886 Franc.
2651 5825 2862 5890 Orient.
2895 5829 2962 5901 11,
2989 5847 3046 5904 p.
3073 5833 3179 5890 ’175
3197 5874 3210 5900 ,
3237 5825 3566 5894 "contendit.
