3958 5480
295 437 398 496 145

292 649 416 720 pria
445 646 626 704 rediit.
647 647 740 680 ηδ*

365 741 442 796 Ea
495 739 594 773 ³³³⁵
633 747 954 812 tempestate
999 741 1320 798 Odilbaldus
1366 741 1460 776 ⁸³⁸⁸
1509 749 1734 798 sanctus
1777 741 1884 807 vir,

292 832 665 904 Trajectensis
705 835 950 890 ecclesim
977 837 1196 906 praesul,
1229 851 1261 891 e
1299 835 1464 892 rebus
1508 835 1600 868 ¹²³⁷
1635 834 1888 891 humanis

291 927 560 994 sublatus,
591 927 658 984 ad
683 928 906 984 caeleste
932 942 1162 1000 regnum
1196 928 1469 994 transivit,
1506 929 1561 982 in
1589 925 1745 996 cujus
1769 925 1888 982 loco

289 1019 618 1092 subrogatus
641 1029 726 1076 est
757 1019 1036 1076 Ratbodus
1065 1019 1180 1085 ωε,
1205 1019 1534 1076 venerabilis
1563 1020 1812 1076 antistes.

363 1112 522 1168 Circa
569 1111 808 1170 confinia
850 1113 1167 1168 memoratri
1217 1112 1345 1168 anui
1393 1110 1652 1168 Arnolqu
1719 1112 1888 1182 impe-

289 1213 442 1260 rator
485 1204 738 1276 migravit
798 1219 831 1258 a
879 1202 1066 1259 seculo
1115 1201 1208 1238 ω’
1241 1217 1302 1258 ιιι
1357 1201 1477 1258 Kal.
1535 1202 1883 1270 Decembris,

289 1297 640 1369 sepultusque
669 1307 757 1355 est
799 1297 1100 1354 honorifice
1145 1299 1204 1353 in
1229 1295 1468 1368 0dingas
1494 1296 1588 1329 ¹¹⁴⁰
1621 1296 1700 1370 [in
1727 1297 1887 1352 Radi-

287 1405 462 1460 spona
487 1389 580 1424 ¹³⁸¹
612 1391 666 1446 in
696 1389 923 1447 basilica
956 1391 1130 1447 sancti
1157 1391 1582 1446 Hemmerammi
1613 1389 1708 1422 ³³⁸³
1735 1405 1885 1445 mar-

289 1484 446 1556 tyris,
465 1499 626 1556 quem
651 1484 770 1555 ipse
792 1483 922 1540 dum
948 1485 1084 1540 vixit
1113 1485 1342 1539 multum
1363 1493 1659 1540 veneratus
1679 1492 1764 1540 est
1789 1483 1882 1516 '“3

285 1574 466 1648 9-12],
493 1576 586 1633 ubi
615 1585 672 1632 et
697 1585 852 1648 pater
879 1577 999 1650 ejus
1031 1578 1329 1635 tumulatus
1353 1576 1504 1648 jacet
1535 1577 1656 1634 i'“.

964 1671 1204 1729 DCCCC.

355 1760 513 1817 Anno
556 1760 652 1794 ¹¹⁵³
687 1761 986 1818 Βοιιιῖιιίοω
1035 1763 1435 1820 incarnationis
1482 1763 1588 1820 900
1627 1777 1884 1836 proceres

287 1861 338 1907 et
364 1853 674 1924 optimates,
712 1855 804 1924 qui
830 1855 930 1910 sub
951 1853 1155 1910 ditione
1187 1852 1280 1886 ³²⁴⁶
1307 1853 1518 1911 Arnolfi
1547 1853 1785 1922 fuerant,
1813 1855 1880 1910 ad

1437 435 1849 496 CIIRONICON.
1890 467 1960 480 ---
1996 433 2108 492 AN.
2149 435 2402 496 900-905.

293 557 489 622 utitur,
513 562 572 612 et
599 555 678 610 sic
723 553 896 610 soluta
933 553 1214 612 obsidione
1261 553 1728 626 unusquisqueiad
1757 568 1886 626 pro-
1915 555 1970 616 Α

3479 441 3586 500 146

2659 551 2920 612 DCCCCI.

2073 645 2224 704 Anno
2253 645 2549 702 Dominicae
2579 646 2974 704 incarnationis
3003 645 3102 704 901
3139 646 3233 680 “”
3261 647 3411 720 (129)
3449 662 3590 721 gens

1993 740 2373 818 llquarorum
2431 743 2528 774 “"
2575 743 3052 816 Langobardorum
3103 746 3240 804 fines
3288 747 3534 820 ingressa
3561 767 3594 816 ,-

1991 832 2251 900 οωᾱὶὺιιε,
2285 833 2549 890 incendiis
2594 851 2658 890 ac
2693 835 2896 906 rapinis
2927 837 3218 894 crudeliter
3253 849 3450 896 cuncta
3488 843 3590 894 de-

1990 933 2189 980 vastat.
2221 924 2388 998 Cujus
2413 926 2683 982 violentiae
2713 942 2776 984 ac
2807 928 3044 986 belluino
3072 930 3242 988 furori
3269 947 3392 986 cum
3422 941 3588 988 terra:

1991 1017 2181 1074 incola}
2213 1018 2264 1074 in
2285 1034 2451 1074 unum
2474 1034 2666 1092 agmen
2699 1022 3004 1094 conglobati
3033 1025 3290 1080 resistere
3317 1041 3588 1082 conaren-

1991 1121 2098 1180 tur,
2139 1113 2551 1170 innumerabilis
2589 1114 2878 1170 multitudo
2907 1115 3101 1170 ictibus
3135 1117 3452 1188 sagittarum
3481 1133 3584 1189 pe-

1991 1203 2113 1270 riit;
2181 1205 2567 1276 quamplurimi
2629 1206 2870 1277 episc0pi
2921 1213 2978 1262 et
3031 1209 3260 1262 comites
3323 1207 3586 1264 trucidati

1989 1306 2116 1354 sunt
2149 1296 2266 1350 “3'.
2309 1295 2666 1352 Liudwardus
2705 1297 2836 1370 ,"7,
2891 1297 3176 1368 episcopus
3217 1296 3587 1358 Vercellcnsis

1989 1389 2230 1446 ecclesiae
2260 1431 2275 1456 ,
2306 1389 2486 1446 Caroli
2513 1389 2788 1460 quondam
2822 1391 3168 1460 imperatoris
3215 1389 3584 1449 familiarissi-

1988 1499 2109 1540 mus
2137 1493 2192 1540 et
2212 1483 2556 1540 consiliarius
2583 1497 2614 1538 a
2647 1491 2860 1539 secreto
2895 1483 3016 1556 πω,
3061 1483 3354 1552 assumptis
3394 1498 3585 1542 secum

1986 1576 2181 1647 Opibus
2242 1585 2405 1646 atque
2453 1575 2974 1648 incomparabilibus
3021 1576 3330 1642 thesauris,
3381 1577 3584 1647 quibus

1987 1665 2128 1722 ultra
2178 1683 2342 1738 quant
2393 1667 2652 1723 aestimari
2704 1676 2882 1737 potest
2933 1667 3028 1738 ,⁸⁸³
3073 1667 3402 1736 abundabat,
3453 1683 3582 1723 cum

1989 1757 2226 1830 effugere
2249 1775 2437 1816 eorum
2468 1768 2756 1816 cruentam
2787 1759 3128 1817 ferocitatem
3155 1760 3408 1816 omnibus
3441 1759 3583 1816 votis

1985 1853 2310 1919 elaboraret,
2341 1868 2504 1924 super
2545 1867 2639 1907 eos
2663 1852 2867 1908 inscius
2899 1851 3105 1917 incidit,
3159 1868 3222 1906 ac
3253 1867 3376 1906 mox
3411 1851 3584 1906 inter-

285 1940 608 1998 Foracheim
660 1944 755 1984 1'"
788 1945 840 1998 in
886 1959 1055 1998 unum
1103 1946 1440 2017 congregati,
1476 1943 1878 2010 Hludowicum,
1909 1953 1958 2016 Β
1987 1947 2197 2014 ficitur;
2231 1961 2360 2018 opes
2381 1961 2501 2018 quae
2531 1961 2714 2003 secum
2747 1947 3082 2012 ferebantur,
3117 1947 3466 2018 diripiuntur.

283 2033 456 2089 tilium
481 2035 692 2105 pmfati
717 2035 1002 2108 principis,
1028 2051 1190 2108 quem
1212 2051 1280 2092 ex
1321 2035 1564 2108 legitimo
1589 2035 1873 2092 matrimo-

279 2123 376 2180 nio
404 2135 740 2198 susceperat,
783 2141 968 2199 regem
999 2141 1162 2197 super
1187 2143 1248 2183 se
1277 2135 1467 2183 creant
1493 2125 1664 2200 (128),
1703 2137 1759 2182 et
1787 2143 1878 2182 co-

2055 2039 2257 2095 Eodem
2291 2039 2386 2079 ’1“
2411 2053 2556 2093 anno
2578 2037 2887 2110 Stephanus
2914 2053 3120 2104 comes,
3143 2037 3312 2093 frater
3335 2037 3583 2094 Walonis

1985 2131 2215 2198 "ﬁt-"‘3,
2233 2146 2354 2186 cum
2372 2132 2426 2186 in
2440 2147 2659 2188 secessu
2677 2131 2920 2188 residens
2931 2129 3212 2186 nocturnis
3239 2131 3386 2184 horis
3400 2129 3584 2186 alvum

279 2224 534 2272 rouatum
575 2217 846 2290 regiisque
888 2219 1230 2275 ornamentis
1263 2219 1512 2277 indutum
1563 2219 1618 2275 in
1660 2219 1878 2292 fastigio
1979 2235 2260 2298 purgaret,
2292 2241 2322 2280 a
2362 2226 2598 2296 quodam
2637 2241 2736 2296 per
2783 2225 3079 2280 fenestram
3109 2223 3342 2280 cubiculi
3368 2225 3583 2292 sagitta:

278 2311 434 2382 regni
461 2311 778 2367 sublimant.

355 2399 494 2456 Dum
523 2403 639 2456 haec
665 2403 720 2455 in
747 2401 1048 2458 Germania
1082 2413 1342 2472 aguntur,
1377 2403 1522 2460 inter
1551 2403 1877 2460 Zuendibol-

279 2495 413 2549 dum
453 2501 510 2548 et
543 2493 815 2564 primores
848 2493 942 2526 ηδε
979 2496 1130 2566 regni
1163 2495 1510 2566 inexpiabilis
1550 2497 1729 2552 oritur
1771 2497 1878 2552 dis-

279 2585 470 2642 sensio
515 2594 734 2656 propter
787 2587 1036 2644 assiduas
1091 2587 1526 2659 depraedationes
1570 2598 1626 2646 et
1657 2591 1881 2662 rapinas

278 2690 404 2746 quae
455 2675 512 2730 in
554 2692 724 2746 regno
759 2677 998 2744 fiebant,
1039 2687 1094 2734 et
1132 2679 1260 2750 quia
1299 2695 1422 2736 cum
1469 2681 1789 2736 mulieribus
1823 2691 1879 2737 et

279 2765 698 2835 ignobilioribus
717 2767 870 2838 regni
894 2769 1110 2840 negotia
1138 2769 1448 2840 disponens,
1467 2771 1807 2826 honestiores
1820 2781 1876 2827 et

279 2855 582 2936 nobiliores
606 2871 850 2928 quosque
884 2859 1174 2926 deiciebat,
1201 2869 1258 2916 et
1282 2861 1579 2918 honoribus
1619 2871 1674 2917 et
1697 2862 1874 2934 digni-

279 2947 482 3002 tatibus
513 2948 870 3020 exspoliabat.
907 2949 1013 3006 Pro
1067 2951 1438 3021 hujuscemodi
1468 2937 1660 3025 itaque
1711 2971 1874 3012 causa

274 3040 535 3097 omnibus
565 3041 786 3098 odiosus
832 3040 1081 3100 efﬁcitur.
1130 3045 1393 3102 Certatim
1445 3049 1612 3120 igitur
1642 3051 1710 3105 ad
1737 3049 1872 3105 Illu-

277 3133 552 3191 dowicum
595 3145 912 3205 transeunt,
965 3152 1200 3210 eumque
1253 3141 1310 3196 in
1351 3157 1577 3214 regnum
1637 3143 1874 3200 introdu-

282 3235 438 3292 cunt,
471 3237 527 3283 et
553 3227 608 3288 in
631 3227 942 3286 Theodonis
975 3229 1066 3271 ¹¹⁸⁹
1091 3231 1241 3298 villa,
1277 3235 1528 3290 manibus
1557 3233 1722 3303 datis,
1753 3235 1871 3306 ejus

1983 2317 2238 2373 toxicata:
2287 2317 2396 2372 ictu
2431 2317 2674 2386 graviter
2707 2317 3050 2386 vulneratur,
3087 2333 3154 2374 ex
3201 2331 3310 2388 quo
3353 2316 3584 2372 vulnere

1983 2414 2173 2470 eadem
2219 2421 2381 2468 nocte
2425 2413 2778 2482 extinguitur.

2639 2501 2925 2560 DCCCC“.

2051 2599 2206 2654 Anno
2255 2595 2549 2654 Dominica:
2586 2596 2976 2653 incarnationis
3022 2595 3130 2652 902
3175 2597 3271 2636 ηαδ
3319 2595 3582 2654 Adalber-

1982 2701 2070 2748 tus
2120 2707 2244 2746 cum
2297 2689 2562 2744 fratribus
2609 2689 2918 2744 Adalhardo
2957 2697 3013 2746 et
3048 2689 3324 2755 Heinrico,
3349 2690 3580 2746 collecta

1979 2782 2154 2836 valida
2185 2797 2374 2846 manu,
2407 2781 2668 2835 adversus
2699 2780 3073 2836 Eberhardum
3102 2789 3158 2836 et
3196 2781 3586 2838 Gcbehardum

1981 2879 2076 2917 1'“
2115 2887 2169 2934 et
2203 2877 2498 2934 Rodulfum
2555 2876 2774 2942 fratres,
2805 2877 2872 2932 de
2908 2877 3106 2948 quibus
3143 2877 3302 2948 paulo
3331 2877 3584 2950 superius

1980 2971 2311 3026 mentionem
2337 2969 2587 3034 fecimus,
2618 2985 2686 3025 ex
2711 2976 2894 3026 castro
2922 2969 3064 3039 quod
3093 2969 3450 3040 Babenbcrgk
3483 2969 3584 3008 ³³1⁸⁵

1978 3064 2181 3119 dicitur
2231 3062 2538 3133 prosiliens,
2587 3061 2655 3116 ad
2699 3077 2937 3134 pugnam
2965 3063 3231 3132 processit
3267 3061 3382 3116 "6‘.
3413 3061 3586 3130 Cujus

1979 3155 2238 3225 impetum
2283 3153 2358 3208 illi
2402 3154 2495 3188 "5"
2523 3152 2755 3209 viriliter
2801 3154 3154 3224 excipientes,
3205 3154 3353 3209 ferro
3405 3154 3584 3210 aciem

1981 3248 2309 3320 irrumpunt,
2350 3247 2538 3304 obvios
2577 3262 2823 3318 quosque
2865 3256 3025 3302 terrae
3069 3256 3436 3320 prosternunt,
3479 3261 3582 3304 nec

275 3315 636 3373 dominationi
666 3333 726 3374 se
746 3318 1057 3390 subjiciunt.
1098 3321 1412 3380 Hludowico
1443 3335 1595 3382 trans
1623 3327 1875 3383 Rheam
1905 3329 1950 3392 (Γ.
1981 3348 2109 3394 ante
2148 3315 2436 3405 desistunt,
2467 3315 2632 3408 quam
2676 3315 3114 3394 adversariorum
3159 3353 3352 3410 agmen
3391 3336 3580 3408 fugam

278 3419 464 3477 eunte,
515 3411 889 3482 Zuendibold,
939 3415 1259 3473 coadunatis
1307 3433 1656 3491 quoscunque
1702 3421 1878 3492 potuit

277 3503 398 3572 “8°,
427 3504 674 3561 civitates
699 3507 853 3578 regni
881 3507 1074 3564 circuit
1101 3509 1212 3576 ¹³⁵¹,
1253 3511 1516 3570 incendiis
1560 3529 1625 3569 ac
1671 3517 1876 3585 rapinis

275 3605 478 3652 cuncta
506 3597 777 3666 devastat,
823 3600 1140 3666 arbitratus,
1188 3601 1492 3660 defectores
1530 3606 1622 3676 qui
1649 3605 1874 3678 pro'pter

277 3687 399 3758 ejus
432 3687 776 3744 insolentiam
805 3700 860 3745 et
901 3690 1198 3747 immanem
1229 3693 1490 3750 malitiam
1520 3696 1588 3750 ab
1622 3712 1689 3752 eo
1731 3698 1877 3756 defe-

277 3787 491 3846 cerant,
521 3779 841 3837 immaniora
867 3791 921 3838 et
951 3783 1136 3855 pejora
1167 3783 1373 3841 faciens
1411 3787 1480 3842 ad
1509 3803 1568 3844 se
1610 3805 1872 3848 revocare

275 3885 461 3942 posse.
491 3871 839 3930 Hludowicus
869 3876 924 3930 in
945 3891 1172 3948 regnum
1197 3893 1386 3937 rursus
1419 3883 1740 3952 accersitur,
1767 3893 1824 3940 et
1844 3900 1876 3941 a

277 3966 568 4024 comitibus
594 3967 894 4041 Stephano,
925 3971 1171 4029 Gerardo
1211 3973 1305 4013 “5'
1335 3985 1392 4031 et
1432 3975 1688 4034 Matfrido
1721 3980 1874 4037 circa

278 4061 490 4118 Mosam
546 4063 716 4119 isdem
771 4065 1102 4124 Zuendibold
1152 4067 1210 4124 in
1259 4071 1448 4138 prmlio
1505 4072 1872 4144 interficitur,

273 4153 464 4211 Idibus
494 4155 726 4226 Augusti
764 4159 880 4215 ηδ’.
921 4160 1126 4216 Eodem
1168 4177 1312 4218 anno
1358 4165 1633 4225 Gerardus
1685 4184 1874 4226 comes

277 4243 476 4314 Odam,
509 4263 738 4304 uxorem
775 4250 1019 4321 ejusdem
1057 4251 1412 4310 Zuendiboldi
1457 4259 1618 4328 regis,
1666 4259 1768 4316 sibi
1817 4261 1873 4316 in

275 4338 686 4398 matrimonium
709 4341 949 4414 c0pulat.

1981 3429 2120 3484 inire
2147 3427 2474 3500 compellant
2499 3445 2515 3496 ;
2543 3429 2596 3483 in
2623 3445 2735 3499 quo
2762 3431 3060 3486 certamine
3090 3429 3378 3487 Heinricus
3407 3429 3580 3485 inter-

1978 3524 2154 3580 fectus
2187 3524 2303 3592 ⁸⁸⁸⁸,
2351 3534 2407 3579 et
2451 3523 2792 3579 Adalhardus
2853 3531 3041 3594 captus
3072 3524 3188 3588 ηδ’,
3217 3532 3273 3578 et
3335 3507 3586 3594 postmo-°

1979 3615 2107 3670 dum
2140 3615 2233 3646 “7°
2249 3614 2406 3684 jussu
2431 3612 2737 3669 Gebehardi
2765 3613 3064 3670 decollatus
3085 3622 3188 3670 est.
3226 3613 3581 3670 Eberhardus

1978 3709 2146 3764 etiam
2179 3707 2364 3762 multis
2390 3706 2705 3762 vulneribus
2735 3705 3021 3762 confossus
3042 3706 3094 3760 in
3125 3704 3312 3776 praelio
3343 3705 3564 3772 cecidit,

1981 3801 2074 3858 ubi
2105 3801 2258 3857 finito
2283 3800 2536 3857 conflictu
2563 3801 2706 3856 inter
2751 3801 3014 3856 cadavera
3061 3800 3368 3857 occisorum
3403 3815 3434 3854 a
3461 3799 3578 3857 suis

1981 3893 2257 3960 inventus,
2314 3895 2532 3948 domum
2581 3901 2889 3963 reportatur
2933 3893 3050 3960 “7‘,
3083 3900 3137 3950 et
3179 3893 3364 3964 paucis
3409 3893 3578 3950 inter-

1979 3987 2174 4060 positis
2197 3985 2390 4042 diebus
2417 3995 2473 4040 et
2503 3985 2616 4055 ipse
2645 3987 2894 4042 moritur.

2625 4078 2908 4134 DCCCClll
2920 4120 2932 4132 .

2047 4176 2204 4232 Anno
2249 4173 2544 4230 Dominicae
2583 4171 2973 4228 incarnationis
2999 4170 3105 4227 905
3131 4172 3221 4204 ""
3246 4170 3576 4228 Adalbertus

1985 4267 2272 4322 Rodulfum
2313 4266 2628 4336 episc0pum
2667 4265 2734 4318 de
2773 4262 3174 4332 Wiziburgensi
3220 4262 3450 4318 ecclesia
3489 4263 3577 4320 fu-

1982 4367 2075 4430 gat
2101 4357 2219 4426 “",
2251 4367 2304 4414 et
2327 4371 2415 4414 res
2441 4363 2496 4412 et
2515 4355 2886 4426 possessiones
2911 4355 3150 4426 praefatae
3179 4355 3423 4413 ecclesiae
3452 4371 3572 4412 cru-

1568 4465 1802 4522 VARUE
1844 4467 2248 4528 LECTIONES.

351 4559 446 4596 ”“
473 4559 616 4616 redit
635 4561 688 4617 7.
717 4559 912 4616 9—12.

275 4632 376 4670 ὐτ
405 4631 602 4702 praesul
641 4633 805 4688 rebus
843 4633 896 4688 5.
975 4633 1070 4671 ¹²³⁸
1097 4631 1444 4688 τεᾱοιίίιιεᾜ.

271 4774 474 4830 rammi
505 4773 557 4830 9.
589 4774 676 4830 10.

1023 4560 1570 4634 9"Eagtempestate
1599 4579 1766 4634 usque
1802 4566 2032 4621 antistes
2070 4565 2212 4621 deest
2253 4565 2308 4620 4.

1539 4634 1788 4691 ratbotus
1822 4637 1898 4692 2..

275 4703 332 4758 1.
373 4704 429 4757 2.
460 4703 534 4778 31:
575 4703 662 4778 5a.
703 4703 757 4758 d.
792 4702 1192 4778 _6_._h_uodingas
1229 4703 1282 4778 8_.
1325 4704 1536 4778 odingis
1575 4707 1632 4778 5.
1667 4706 1846 4778 5c._e.
1887 4708 2138 4778 otdingas
2165 4702 2217 4763 7.

788 4775 882 4806 “"3
911 4773 1044 4829 Haec
1071 4773 1367 4849 uérbajem
1415 4773 1479 4849 iri
1516 4776 1692 4849 codice
1735 4773 2086 4849 Frisingemi,
2139 4779 2278 4834 unde
2319 4779 2473 4833 codd.
2512 4773 2704 4834 9—12.
2732 4779 3022 4849 ﬂuxerunt,
3048 4777 3218 4849 deleta
3247 4793 3432 4849 eo_r_um_
3457 4777 3574 4831 loco

3227 4635 3322 4666 ³¹⁵⁰
3347 4636 3574 4706 odingas

1975 4635 2069 4668 “3°
2099 4637 2352 4710 migravit
2389 4638 2456 4692 ad
2495 4636 2782 4692 Dominum
2811 4635 2896 4691 Ill.
2921 4635 3042 4690 Kal.
3068 4635 3123 4690 7.
3227 4635 3322 4666 ³¹⁵⁰

1975 4708 2134 4738 Hanno
2165 4709 2196 4738 ’⁵1
2325 4708 2416 4738 HM
2465 4709 2748 4738 νηιιεσηιιηη
2796 4707 3016 4738 ηἷενῖοηιη
3049 4707 3114 4738 In
3248 4707 3340 4738 nu

3369 4722 3576 4762 emme-
3619 4721 3624 4756 '.

2325 4708 2416 4741 "5‘
2465 4709 2750 4776 radispona
2795 4707 3016 4761 civitate
3049 4707 3134 4760 10.

274 4845 430 4902 lectio
470 4845 680 4928 vuLgata
717 4855 942 4928 recepta,
992 4853 1040 4928 ςξ
1075 4847 1303 4928 margini
1357 4847 1680 4928 adscriptum
1719 4857 1794 4928 est
1840 4865 1858 4899 ι
1895 4845 2089 4928 perdes
2125 4850 2452 4928 onmes__qui_
2494 4845 2794 4928 loquuntur
2827 4848 3182 4928 mendatium.
3221 4869 3240 4902 ι
3289 4847 3575 4928 Marianas

273 4933 484 4986 quoque
531 4913 717 4970 Scotus
745 4924 793 4970 et
825 4913 945 4970 Otto
989 4913 1226 4986 Frising'.
1253 4917 1306 4971 in
1353 4913 1592 4988 Odingas
1635 4913 1908 4987 sepultum'
1943 4920 2196 4973 scribunt.
2303 4913 2396 4951 "‘1
2435 4913 2598 4989 jacet.
2647 4919 2763 4986 ipse
2821 4919 3129 4974 construxit
3179 4917 3550 4974 monasteriun

276 4988 454 5058 sancti
483 4987 871 5058 iemmﬁerammi
900 4985 1154 5058 martyris
1187 4987 1239 5058 in
1275 4988 1554 5058 ratispona
1583 4989 1636 5043 8.
1738 4989 1833 5021 ³³⁸⁵
1864 4989 2048 5058 folium
2097 5007 2258 5045 una»:
2307 5007 2425 5044 cum
2469 4992 2622 5046 annis
2667 4988 2860 5044 900-—
2880 4989 2986 5046 902
3013 4990 3206 5044 excidit
3235 4985 3550 5058 ingeﬁqgliceﬂ

276 4985 454 5058 saneti
483 4987 871 5058 iemmﬁerammi
900 4985 1154 5058 martyris
1181 4985 1239 5058 in
1275 4985 1554 5058 ratispona
1583 4989 1636 5043 8.

277 5057 375 5094 ³⁸⁸⁸
413 5057 515 5114 sub
551 5057 816 5113 seditione
853 5057 922 5110 1?
949 5057 984 5112 5
1049 5057 1159 5111 'sub
1209 5057 1481 5113 deditione
1503 5060 1558 5114 6.
1637 5059 1730 5091 “"7
1771 5057 2066 5114 forachaim
2098 5061 2150 5114 1.
2226 5061 2507 5116 foracltem

274 5130 430 5190 ribus
453 5129 542 5183 5a.
611 5130 822 5198 priores
860 5127 946 5182 5c.
977 5143 1030 5183 e.
1087 5127 1417 5194 primoribus
1442 5129 1530 5184 5d.
1611 5129 1702 5162 “"9
1734 5129 2084 5185 introducunt
2120 5141 2254 5186 eunt
2287 5133 2569 5188 theodonis
2604 5131 2692 5186 5a.
2741 5130 2795 5182 d.
2877 5130 2971 5164 ¹²⁵⁰

275 5207 332 5262 7.
437 5200 530 5232 ⁸η*
557 5199 886 5270 circuivitj.
1001 5198 1096 5232 'm
1122 5199 1388 5270 gerltardo
1430 5239 1444 5253 .
1489 5240 1503 5255 .
1544 5200 1846 5270 gerhardus
1876 5201 1930 5255 5.
2028 5201 2121 5232 ¹²⁸³
2152 5202 2334 5257 idibus
2376 5203 2588 5270 augusti
2639 5202 2777 5254 deest
2817 5202 2873 5256 9.
2922 5201 2971 5254 11

275 5207 332 5262 7.
437 5199 808 5256 “‘“circuivit
833 5199 886 5252 5.
1001 5198 1096 5232 'm

275 5207 332 5262 7.
437 5200 530 5232 “5‘
557 5199 808 5256 circuivit
833 5199 886 5252 5.
1001 5199 1096 5232 'm
1123 5199 1388 5267 gerbardo
1430 5239 1444 5253 .

274 5273 361 5335 10.
465 5270 564 5305 1’“
611 5267 914 5336 DCCCC",
956 5270 1012 5326 5.
1117 5269 1212 5300 ¹¹³³
1260 5269 1444 5336 hunga:

1117 5269 1212 5300 ¹¹³³
1260 5269 1578 5341 hungaritun
1627 5271 1714 5325 5a.

265 5426 350 5456 pun!

1823 5272 2107 5342 ungarium
2141 5272 2190 5324 7.

270 5346 368 5386 ωδ
398 5341 744 5439 trucidantur
766 5337 821 5392 4.
858 5339 912 5393 5.
1009 5341 1104 5373 ηδτ
1131 5337 1446 5420 ludmardus
1471 5339 1525 5393 5.
1599 5337 1923 5418 liutwardus
1947 5343 1999 5397 5.
2028 5342 2078 5396 8.

2303 4917 2396 4951 ’ἐι
2435 4917 2598 4989 jacet.
2647 4919 2763 4989 ipse
2821 4919 3129 4974 construxit
3179 4917 3574 4989 monasterium

2677 5059 3072 5137 forcheimuu.
3113 5059 3198 5112 12.
3297 5055 3394 5137 “"_“
3421 5056 3576 5137 prio:

3015 5143 3269 5198 quasque;
3295 5125 3472 5198 potuit
3515 5125 3574 5198 5.

2028 5201 2334 5274 ""3jdibus
2376 5203 2588 5274 augusti
2639 5202 2777 5274 deest
2922 5194 3188 5274 11.'12._'
3221 5196 3339 5250 idus
3363 5194 3466 5274 ᾔει.
3515 5197 3574 5274 _d_.

2275 5263 2662 5344 hunga‘riorum
2707 5271 2761 5324 4.
2815 5271 2906 5326 5d.
2940 5263 3484 5344 _un_gariprtttir_§—
3507 5266 3579 5320 12

2155 5343 2273 5417 Διιιιει
2304 5334 2664 5426 emisiliarius
2695 5334 3080 5436 secr‘etoo9zyi1'.
3115 5337 3228 5430 εξ.
3254 5334 3579 5461 “2:21:91?

2410 4565 2505 4598 ¹²³⁶
2533 4564 2847 4621 odalbaldus
2875 4563 2928 4618 7.
2951 4563 3150 4620 9—12.
3229 4561 3517 4620 odibaldus
3537 4565 3572 4621 5
3615 4609 3623 4626 ι
