3958 5530
410 493 510 551 147

1495 500 1862 561 REGINONIS
1903 501 2319 561 PRUMIENSIS
2348 502 2641 559 ABBATIS

3584 501 3686 560 148

408 606 687 665 delissime
709 608 1080 683 depOpulatur,
1113 612 1249 668 tilios
1283 614 1448 671 etiam
1488 615 1787 674 Eberhardi
1828 616 1988 674 simul
2022 622 2066 682 Λ
2099 615 2459 685 improvidum
2490 615 2665 670 virum
2692 614 2815 671 dolo
2845 614 3008 687 cepit,
3040 621 3095 672 et
3128 622 3344 686 captum
3389 614 3687 675 luminibus

359 696 365 705 ’
407 714 533 758 cum
573 707 747 756 matre
780 717 810 758 a
854 704 1090 777 propriis
1140 704 1548 765 hzereditatibus
1597 718 1652 764 et
1699 710 1995 767 honoribus

406 795 560 868 regio
607 810 829 852 munere
870 799 1148 855 concessis
1208 798 1358 856 exire
1410 801 1739 872 compellens
1769 844 1785 868 ,
1821 800 1991 863 ‘ultra

360 964 367 969 _
407 883 802 960 Spehtheshart
836 881 934 922 ¹¹⁴¹⁸
960 888 1109 963 (150)
1138 892 1390 949 secedere
1421 894 1583 967 cogit.

477 976 636 1035 Circa
672 980 789 1037 haec
818 989 1059 1054 tempora
1085 982 1235 1057 (151)
1260 984 1438 1052 Folco,
1478 986 1770 1047 Remorum
1808 994 1989 1049 archi-

358 1062 365 1069 ’
402 1070 686 1146 cpiscopus
710 1071 840 1141 ιω,
867 1090 898 1130 a
939 1074 1174 1147 quodam
1218 1074 1535 1135 Winemaro
1587 1082 1703 1149 ηπ,
1758 1084 1991 1140 satellite

403 1162 650 1222 Balduini
694 1165 787 1201 """
822 1169 1039 1225 comitis
1078 1168 1257 1243 (132),
1304 1172 1621 1232 interfectus
1667 1186 1769 1233 est.
1815 1176 1991 1237 Causa

402 1264 582 1312 autem
624 1257 784 1327 hujus
814 1257 1212 1319 interfectionis
1252 1261 1369 1320 haec
1416 1263 1586 1322 fuisse
1634 1281 1987 1327 memoratur.

400 1344 703 1406 Pmdictus
723 1348 1016 1408 Balduinus
1042 1353 1321 1412 Atrabatis
1366 1356 1462 1428 ι¹⁷⁸
1505 1368 1767 1426 castrum,
1796 1361 1982 1418 videli-

370 1512 371 1515 η
401 1442 488 1495 cet
524 1438 798 1497 abbatiam
846 1443 1020 1499 sancti
1053 1443 1288 1512 Vedasti,
1331 1446 1477 1504 nullo
1507 1447 1612 1505 sibi
1658 1450 1987 1509 concedente

400 1529 697 1597 invaserat,
737 1547 901 1604 quam
941 1534 1170 1593 Carolus
1205 1552 1301 1593 rex
1340 1539 1388 1595 ei
1436 1538 1714 1609 auferens,
1765 1541 1987 1600 Folconi

398 1622 655 1698 episcopo
692 1628 921 1684 eandem
959 1628 1015 1685 in
1053 1627 1376 1689 beneﬁcium
1425 1632 1650 1706 largitus
1684 1645 1788 1692 est.
1831 1636 1987 1705 Quod

399 1713 696 1772 Balduinus
720 1732 862 1791 aegre
892 1718 1090 1789 ferens,
1124 1721 1272 1778 misit
1321 1725 1389 1779 ad
1423 1721 1746 1796 jamdictum
1776 1728 1986 1799 episco—

395 1822 528 1880 pum
553 1807 955 1882 Winemarum,
1003 1814 1317 1884 obsecrans,
1340 1833 1408 1873 ne
1447 1817 1680 1876 honores
1719 1835 1855 1892 quos
1883 1821 1982 1876 ha-

398 1909 591 1959 ctenus
629 1910 879 1962 tenuerat
918 1915 1081 1979 atque
1112 1908 1455 1980 possederat,
1508 1911 1624 1983 ipse
1685 1912 1981 1983 cupiditate

397 1998 589 2054 ductus
616 1997 717 2053 sibi
758 2009 1076 2072 usurparet;
1119 2000 1342 2076 insuper
1391 2002 1558 2059 etiam
1603 2003 1843 2074 ingentia
1888 2007 1986 2061 do—
2020 1984 2065 2045 Β

395 2104 466 2145 na
501 2088 593 2123 ""
627 2091 899 2164 pollicitus
921 2104 1022 2161 est,
1054 2094 1100 2152 si
1129 2094 1246 2166 ejus
1265 2112 1367 2169 ope
1392 2107 1447 2154 et
1471 2098 1776 2154 interventu
1796 2097 1989 2169 praefa-

394 2185 508 2237 tam
532 2183 931 2253 possessionem
960 2182 1206 2242 obtinere
1232 2196 1437 2259 posset.
1467 2184 1575 2244 Sed
1620 2203 1742 2247 cum
1777 2189 1989 2259 episco-

394 2287 498 2344 pus
525 2273 749 2331 minime
778 2291 1061 2333 assensum
1086 2279 1377 2349 praeberet,
1405 2288 1480 2347 et,
1518 2280 1702 2336 nescio
1742 2279 1833 2315 “0°
1861 2280 1987 2352 quid

395 2364 586 2423 durius
610 2368 666 2424 et
692 2366 931 2426 amarius
957 2386 1120 2442 quam
1151 2374 1454 2446 oportebat,
1480 2374 1847 2449 responderet,
1876 2373 1985 2444 ille,

395 2459 615 2518 diabolo
656 2462 967 2535 instigante,
1006 2464 1191 2522 furore
1242 2466 1408 2523 nimio
1442 2482 1759 2536 succensus,
1800 2467 1869 2525 ab
1921 2483 1986 2525 eo

395 2551 636 2621 divertit,
669 2563 724 2612 et
750 2555 1024 2627 quandam
1060 2556 1268 2631 sylvam
1299 2575 1421 2615 cum
1466 2561 1630 2618 sociis
1678 2563 1983 2634 ingressus.

394 2655 519 2699 cum
545 2642 685 2700 idem
714 2643 881 2701 Folco
904 2662 935 2702 a
964 2645 1294 2721 Compendio
1337 2646 1537 2719 palatio
1582 2666 1613 2704 a
1644 2665 1769 2725 rege
1806 2668 1986 2709 rever-

397 2738 628 2802 teretur,
665 2751 828 2809 super
852 2751 977 2792 eum
1007 2738 1188 2807 irruit,
1218 2747 1273 2795 et
1303 2754 1426 2794 eum
1453 2740 1659 2812 absque
1690 2757 1839 2798 mora
1870 2750 1985 2799 tru-

397 2824 617 2881 cidavit.
645 2825 708 2881 In
747 2826 1045 2884 Remorum
1086 2831 1343 2887 cathedra
1378 2830 1644 2889 Heriveus
1688 2833 1778 2867 ¹¹⁸¹
1820 2835 1987 2891 subli-

396 2923 575 2972 matus
619 2924 723 2983 est,
766 2917 857 2989 qui
913 2919 1143 2977 eundem
1196 2913 1567 2980 Winemarum
1619 2941 1741 2982 cum
1802 2927 1985 2985 multis

395 3003 519 3062 aliis
548 3006 816 3080 episcopis
839 3012 1350 3082 excommunicavit,
1391 3024 1447 3073 et
1480 3032 1577 3089 pro
1609 3027 1718 3073 tam
1745 3019 1985 3078 inaudito

393 3098 601 3158 scelere
625 3095 887 3174 perpetuo
919 3104 1264 3163 anathemate
1293 3109 1673 3168 condemnavit
1705 3112 1823 3169 ηδ’.

1059 3196 1342 3258 DCCCCV.

465 3285 624 3343 Anno
643 3286 940 3348 Dominicae
970 3292 1360 3352 incarnationis
1393 3294 1500 3352 905
1527 3296 1621 3329 ²²⁸³
1647 3295 1794 3372 (153)
1846 3294 1979 3359 Hlu-

395 3376 657 3448 dowicus,
710 3379 851 3439 illius
902 3381 1150 3455 Bosonis,
1209 3401 1368 3463 quem
1423 3402 1585 3460 supra
1639 3390 1984 3450 meminimus

395 3467 745 3540 imperatoris
790 3487 985 3532 nomen
1028 3489 1149 3533 esse
1192 3477 1467 3546 sortitum,
1500 3478 1885 3554 Berengarium
1918 3482 1984 3541 de

393 3556 545 3616 Italia
569 3561 794 3635 expulit,
819 3576 981 3639 atque
1001 3559 1321 3626 omne’illud
1372 3586 1596 3644 regnum
1645 3588 1755 3630 sua:
1790 3572 1982 3631 ditioni

395 3651 628 3725 subegit.
656 3655 896 3713 Cernens
917 3669 1097 3716 autem
1126 3659 1330 3717 nullum
1364 3662 1459 3695 "3‘
1487 3665 1587 3721 sibi
1614 3665 1868 3723 resistere
1889 3676 1984 3723 aut

393 3758 556 3816 posse
603 3756 694 3802 aut
725 3750 946 3817 audere,
996 3751 1138 3806 ultra
1168 3768 1330 3823 quam
1359 3757 1646 3825 oportebat
1683 3757 1749 3812 de
1776 3757 1985 3814 securi-

386 3846 509 3895 tate
536 3854 891 3910 praesumens,
917 3859 981 3900 ea
1007 3861 1128 3917 quae
1164 3847 1314 3920 pacis
1336 3855 1391 3903 et
1421 3849 1619 3920 quietis
1649 3860 1775 3907 sunt
1816 3852 1982 3925 coepit

397 3931 654 4000 cogitare.
686 3932 954 3990 Absoluto
991 3934 1175 4008 itaque
1223 3940 1462 3994 exercitu
1484 3982 1498 4004 ,
1536 3956 1658 3998 cum
1693 3943 1985 4016 perpaucis

398 4016 671 4076 Veronam
716 4023 992 4095 ingressus
1029 4035 1133 4094 est,
1167 4027 1488 4086 adhortante
1525 4031 1837 4090 Adalhardo
1888 4035 1984 4070 “"5

395 4112 637 4183 praefatae
664 4116 816 4187 urbis
844 4118 1117 4191 episcOpo.
1149 4121 1306 4179 Cives
1335 4133 1515 4181 autem
1542 4125 1644 4182 hoc
1659 4127 1986 4202 Berengario

398 4218 611 4263 summa
657 4223 781 4266 cum
817 4208 1165 4272 festinatione
1215 4224 1399 4299 notum
1455 4217 1739 4289 fecerunt,
1781 4221 1872 4295 qui
1921 4240 1986 4285 eo

398 4305 644 4371 tempore
664 4304 720 4359 in
754 4303 1003 4378 Bajoaria
1033 4310 1307 4368 exulabat.
1340 4312 1433 4369 Ille
1464 4314 1537 4370 nil
1570 4323 1833 4383 moratus,
1858 4333 1984 4375 con-

401 4392 595 4448 tractis
622 4393 716 4433 ¹¹⁸ο
744 4396 983 4468 undique
1013 4401 1183 4472 copiis
1220 4402 1488 4461 Veronam
1519 4408 1789 4476 pervenit,
1822 4416 1986 4480 atque

2094 706 2346 777 privavit.
2381 706 2658 777 Siquidem
2685 706 2834 762 cives
2873 721 2968 778 qut
2990 706 3241 778 partibus
3267 705 3385 774 ejus
3405 705 3682 774 favebant,

2093 806 2279 870 portas
2300 796 2538 854 civitatis
2560 798 2607 853 ci
2633 797 2962 870 aperientes,
2994 813 3116 854 eum
3144 808 3410 855 nocturno
3438 808 3688 871 tempore

2096 890 2236 945 intra
2264 905 2447 946 muros
2479 900 2823 961 receperunt,
2846 900 2899 945 et
2928 891 3008 946 sic
3038 889 3317 961 insperate
3344 897 3438 931 ⁸³⁸⁷
3467 901 3523 947 et
3556 892 3693 947 abs-

2093 996 2199 1051 que
2225 979 2687 1052 praemeditatione
2724 978 3071 1037 Illutlowicus
3121 997 3228 1037 non
3267 979 3441 1037 solum
3492 998 3685 1055 regno,

2094 1070 2189 1127 sed
2224 1072 2391 1128 etiam
2432 1071 2605 1128 oculis
2633 1072 2879 1143 privatus
2923 1080 3030 1129 est.
3064 1070 3307 1128 Tandem
3358 1073 3543 1144 itaque
3583 1073 3689 1129 Bc-

2095 1165 2380 1238 rengarius
2408 1181 2633 1238 regnum
2654 1164 2823 1222 Italiae
2849 1165 3035 1225 multis
3055 1166 3295 1223 caedibus
3316 1175 3685 1228 cruentatum,

2092 1256 2345 1314 infaustis
2388 1257 2850 1333 infurtunatisque
2894 1260 3102 1331 proeliis
3132 1261 3224 1317 diu
3252 1260 3539 1331 qumsilum
3571 1260 3688 1323 “‘3,

2091 1366 2212 1411 cum
2241 1350 2615 1421 hujuscemodi
2658 1353 2934 1425 triumpho
2980 1352 3237 1410 obtinuit.
3288 1351 3491 1408 Eodem
3543 1368 3691 1406 {litim

2090 1442 2146 1500 in
2170 1459 2354 1500 mense
2392 1442 2533 1500 Maio
2575 1453 2799 1502 cometae
2840 1446 2931 1487 ίίιο
2988 1444 3143 1500 stella
3191 1444 3475 1516 apparuit,
3523 1452 3579 1498 et
3638 1442 3691 1496 in

2090 1552 2275 1594 mense
2298 1534 2540 1610 Augusto
2558 1536 2673 1594 htec
2701 1536 2933 1594 mutatio
2967 1536 3118 1611 regni
3142 1534 3288 1593 facta
3325 1545 3431 1591 est.

2742 1626 3049 1686 DCCCCVI.

2157 1721 2314 1776 Anno
2340 1719 2633 1777 Dominicze
2661 1720 3052 1777 incarnationis
3071 1720 3177 1778 906
3206 1721 3302 1762 “’0
3324 1720 3689 1779 Chuonradus

2089 1828 2270 1870 comes
2304 1813 2473 1871 filium
2510 1829 2668 1871 suum
2699 1812 3087 1873 Chuonradum
3112 1813 3262 1870 misit
3300 1829 3425 1871 cum
3457 1822 3693 1872 armato-

2093 1924 2211 1964 rum
2238 1923 2344 1965 non
2369 1906 2576 1965 modica
2603 1923 2791 1977 manu,
2822 1918 2883 1963 ut
2908 1908 3181 1965 irruerent
3202 1921 3365 1979 super
3385 1905 3691 1963 Gerardum

2092 2009 2146 2056 et
2171 1998 2392 2055 fratrem
2423 1996 2542 2071 ejus
2569 1994 2903 2065 Matfridum,
2938 2013 3004 2054 eo
3029 1998 3172 2069 quod
3214 1997 3452 2054 honores
3482 2011 3611 2053 suos
3637 2004 3692 2050 et

2091 2092 2398 2151 Gebehardi
2438 2089 2623 2149 fratris
2664 2089 2783 2163 ejus
2825 2086 2953 2157 ﬂ“,
3001 2089 3255 2149 videlicet
3287 2090 3690 2162 possessionem

2091 2188 2262 2244 sancti
2291 2184 2569 2243 Maximini
2601 2196 2657 2243 et
2681 2195 2882 2245 sanctae
2910 2183 3091 2241 Mariae
3129 2184 3197 2249 ad
3223 2182 3455 2250 Horrea,
3488 2182 3693 2239 violen-

2091 2290 2176 2338 ter
2206 2279 2570 2347 invasissent;
2606 2278 2801 2349 quibus
2826 2277 3102 2334 exercitus
3131 2291 3199 2332 ex
3225 2291 3393 2348 regno
3424 2273 3689 2333 lllotharii

2090 2372 2328 2429 sociatus
2353 2380 2457 2429 est.
2491 2369 2861 2433 Perveneram
2899 2378 3083 2431 autem
3109 2382 3283 2439 usque
3314 2367 3368 2424 in
3396 2382 3539 2439 pago
3568 2364 3688 2421 Bie-

2090 2465 2236 2521 siaco
2270 2465 2362 2503 ¹¹⁹ί
2392 2461 2565 2536 (158),
2604 2460 2809 2533 rapinis
2842 2470 2897 2517 et
2937 2460 3202 2518 incendiis
3235 2458 3608 2514 haereditatem
3634 2465 3691 2513 et

2088 2557 2492 2629 possessionem
2532 2554 2966 2627 supradictorum
3015 2553 3243 2608 fratrum
3285 2565 3351 2607 ac
3395 2550 3689 2608 satellitum

2089 2665 2280 2706 eorum
2310 2646 2716 2721 depopulantes.
2744 2645 2916 2702 Porro
2944 2643 3222 2702 Gerardus
3252 2652 3307 2700 et
3346 2638 3634 2699 Mattrtdus
3656 2656 3685 2696 ι

2089 2750 2295 2808 castro,
2333 2741 2389 2797 in
2429 2755 2537 2812 quo
2567 2755 2625 2797 se
2668 2738 3005 2806 munierant,
3049 2736 3372 2809 legationem
3413 2734 3691 2790 mittentes

2088 2846 2277 2904 pacem
2324 2831 2628 2904 petierunt;
2670 2846 2775 2905 qua
2820 2844 3110 2896 concessa,
3162 2826 3303 2885 datis
3349 2841 3413 2882 ex
3461 2836 3689 2896 utraque

2088 2936 2243 2999 parte
2288 2924 2687 2997 sacramentis,
2738 2939 2909 2996 usque
2955 2923 3009 2980 in
3058 2929 3250 2979 octava
3302 2918 3397 2956 ¹¹⁹³
3438 2918 3686 2983 (δείδοικε,

2088 3018 2361 3075 exercitus
2387 3019 2451 3072 ad
2480 3016 2697 3089 propria
2725 3015 2993 3075 discessit.

2160 3111 2295 3167 Dum
2331 3111 2445 3167 haec
2474 3111 2526 3165 in
2558 3125 2725 3181 regno
2755 3107 3020 3167 Illotharii
3053 3113 3307 3180 aguntur,
3333 3101 3689 3160 Chuonradus

2088 3202 2270 3260 senior
2314 3202 2368 3257 in
2416 3200 2604 3257 Hessia
2663 3198 2795 3266 ωδ,
2845 3200 2898 3255 in
2945 3198 3064 3256 loco
3093 3195 3185 3270 qui
3223 3194 3421 3251 dicitur
3465 3191 3683 3248 Friede-

2088 3295 2197 3354 slar
2226 3292 2341 3363 ³³³⁸,
2372 3310 2493 3352 cum
2533 3293 2700 3353 multa
2731 3292 2884 3350 turba
2922 3291 3163 3364 peditum
3193 3299 3247 3347 et
3271 3286 3518 3360 equitum
3561 3284 3691 3341 resi-

2012 3356 2056 3421 C
2093 3390 2293 3455 debat,
2324 3356 2544 3444 crebras
2584 3356 3238 3447 incursionesAdalberti
3265 3356 3548 3451 suspectas
3594 3379 3688 3434 ba-

2092 3482 2254 3548 bens;
2304 3479 2474 3537 frater
2518 3495 2649 3536 vero
2690 3479 2808 3551 ejus
2854 3477 3203 3536 Gebehardus
3254 3473 3346 3509 ⁸⁸³⁸
3392 3471 3449 3529 in
3494 3470 3691 3535 Weds-

2093 3572 2241 3629 reiba
2293 3570 2580 3644 “"(lSS)
2627 3585 2749 3627 cum
2788 3569 3039 3631 omnibus
3078 3582 3213 3641 quos
3257 3564 3360 3623 sibi
3411 3562 3693 3619 adsociare

2088 3673 2324 3740 poterat,
2350 3663 2590 3735 ejusdem
2614 3664 2891 3723 Adalberti
2913 3662 3326 3737 praestolabatur
3352 3659 3692 3731 repentinam

2092 3760 2478 3833 inruptionem.
2514 3759 2622 3817 Nec
2648 3773 2743 3817 eos
2766 3758 2953 3815 fefellit
2980 3772 3077 3831 per
3105 3756 3288 3814 omnia
3315 3770 3499 3813 rerum
3526 3768 3690 3810 even—

2093 3860 2213 3918 tus;
2247 3851 2513 3922 siquidem
2540 3851 2863 3909 Adalbertus
2890 3850 3032 3907 vires
3077 3846 3517 3905 adversariorum
3546 3855 3694 3902 crte.

2092 3951 2284 4002 nuatas
2310 3960 2430 4001 esse
2461 3944 2699 4001 sentiens
2740 3943 2854 4011 “°“,
2886 3957 2952 4000 eo
2976 3942 3120 4014 quod
3154 3941 3207 3997 in
3235 3939 3410 3997 tribus
3444 3939 3692 4011 partibus

2095 4044 2277 4093 essent
2307 4034 2497 4102 divisi,
2541 4043 2863 4107 oportunum
2897 4040 2954 4089 et
2998 4032 3087 4088 diu
3129 4038 3441 4102 exoptatum
3482 4038 3694 4101 tempus

2096 4128 2379 4186 advenisse
2421 4127 2694 4200 gaudens,
2739 4124 3076 4201 congregatis
3117 4124 3317 4189 sociis,
3366 4138 3495 4179 mox
3539 4138 3690 4177 arma

2097 4221 2350 4293 corripit;
2381 4228 2436 4275 et
2473 4220 2648 4291 primo
2675 4217 2891 4290 quidem
2933 4216 3173 4285 simulat,
3207 4229 3266 4271 se
3298 4224 3489 4271 contra
3520 4214 3696 4270 Gebe-

2098 4315 2326 4371 hardum
2357 4313 2449 4352 ¹¹⁶⁹
2480 4313 2663 4384 copias
2690 4311 2986 4369 transferre
3013 4310 3172 4378 velle,
3200 4318 3260 4366 ut
3286 4318 3341 4366 et
3373 4308 3521 4364 illum
3558 4307 3692 4363 tollo

2095 4414 2442 4477 perterreret,
2473 4414 2527 4460 et
2555 4404 2775 4460 fratrem
2802 4394 3130 4459 sccuridrem
3162 4401 3444 4465 redderet;
3477 4399 3688 4464 deinde,

1690 4542 1925 4600 ἾΑΒΙᾹΞ
1960 4540 2358 4599 LECTIONES.

475 4645 573 4688 “7‘
634 4646 981 4719 spetheshart
1024 4659 1076 4711 1.
1126 4651 1182 4707 3.

402 4782 601 4846 91.42.
695 4790 788 4826 “7"
819 4790 1094 4848 halduvini
1135 4795 1188 4849 7.
1223 4782 1542 4851 constanter:

401 4930 497 4964 ¹²⁸¹
520 4934 922 4988 condemnavit.

402 5001 462 5056 in
491 5002 671 5058 codice
711 5004 762 5058 1.
805 5007 1163 5106 lm’mantanu
1202 5001 1532 5065 DCCCCllll.
1566 5001 1841 5065 recentiori
1883 5027 2001 5064 vero
2047 5009 2418 5064 παραγ-Ξ.
2465 5010 2518 5063 5.
2633 5006 2921 5063 DCCCCIV
2952 5024 2966 5073 ;
3002 5007 3068 5060 de
3119 5004 3295 5058 codice
3325 5002 3559 5104 6.“;nt'lzi
3589 5015 3686 5094 non

404 5083 626 5128 constat.
733 5076 800 5107 “3
858 5075 1060 5132 nullum
1085 5094 1204 5135 esse
1227 5090 1313 5133 aut
1344 5097 1503 5135 nosse
1530 5096 1726 5135 nocere
1750 5083 1889 5135 ultra
1930 5082 1980 5135 5.
2077 5082 2170 5115 ³⁸³⁸⁸
2193 5080 2447 5135 adelardo
2471 5082 2521 5135 1.
2564 5078 2855 5133 adelhardo
2880 5078 2931 5131 5.
2971 5075 3225 5131 adalardo
3249 5074 3301 5128 7.
3507 5076 3687 5125 tractis

404 5083 626 5151 gonstat.
733 5075 825 5151 "ﬁ"
858 5075 1204 5151 nullumesse
1227 5090 1313 5133 aut
1344 5097 1503 5151 posse
1530 5096 1726 5137 nocere
1750 5083 1889 5136 ultra
1930 5082 1980 5136 5.

400 5140 725 5223 QLundique
750 5145 891 5223 deest
1056 5149 1147 5182 ¹²⁸⁷
1193 5140 1463 5220 insperato
1507 5151 1591 5207 5c.
1637 5169 1686 5207 e.
1766 5152 2208 5223 inSpiratel—S.
2287 5151 2491 5194 ἰκκιιίιι
2520 5151 2779 5188 ηιιωοιθ--ί

403 5212 505 5293 L21
525 5212 763 5293 (ἔθηίθὲθε
788 5218 883 5293 8η,
919 5218 1013 5293 ¹²⁹Ῐ¹
1041 5235 1184 5293 anno
1210 5212 1452 5293 ut'supra
1506 5223 1657 5278 1-3,
1744 5212 1884 5279 annii
1919 5224 1949 5254 ιι
2007 5224 2018 5248 ε

403 5281 624 5335 Frisinn
665 5287 730 5336 de
768 5290 943 5342 radice
971 5290 1017 5336 ϐ.
1063 5292 1207 5345 nobis
1238 5281 1461 5336 ηιμ-’ρον

339 4701 351 4725 ἱ
475 4652 573 4725 ¹¹¹¹ζ⁵
597 4719 611 4725 _
634 4652 981 4725 spetheshart
1004 4659 1093 4725 1σῇ
1126 4652 1190 4725 ξ’).Δ
1227 4723 1240 4725 _
1314 4652 1697 4725 spebtesharth
1725 4655 1781 4711 2.
1826 4654 2221 4725 ,spectheshart
2266 4655 2318 4709 ὅ.

400 4716 822 4789 specbthesliart
863 4716 917 4775 4.
1000 4722 1095 4805 ’δ”
1119 4721 1297 4780 folcho
1345 4716 1786 4796 archiepiscopus
1811 4716 2009 4810 θξ-ιε,
2084 4724 2228 4781 fulco
2250 4726 2306 4781 2.

352 4820 357 4823 -
402 4789 601 4846 9—12.
695 4790 788 4826 ³³⁷⁷
819 4790 1094 4848 halduvrni
1135 4795 1188 4849 7.
1223 4805 1542 4851 constanter.
1641 4797 1737 4830 ¹²⁷⁸
1775 4798 2035 4853 atrebatts
2077 4797 2128 4853 '5.
2234 4798 2300 4835 “7

403 4811 601 4846 a—u.
695 4811 784 4826 ----
819 4811 1094 4848 natuuvmt
1137 4811 1188 4849 'I.
1223 4811 1542 4851 constanter.
1642 4811 1737 4830 ηπ
1775 4811 2035 4853 atrenatts
2077 4811 2128 4853 τ).
2235 4811 2326 4835 "7'
2352 4811 2589 4867 ingenua
2632 4811 2769 4850 nona
2800 4811 2887 4849 ou.
2992 4811 3082 4825 --ν
3112 4811 3380 4861 ντὶευεῐθι
3423 4811 3608 4843 nesuu

403 4860 773 4940 ἣθῐηζίευε
802 4860 1052 4940 ηὸειθ.
1118 4865 1387 4940 herineus
1425 4865 1512 4921 5a.
1558 4869 1613 4924 d.
1691 4867 2004 4924 heinbertns
2053 4867 2105 4923 9.
2161 4868 2527 4940 Aheimhertus
2566 4867 2655 4940 11).
2680 4938 2704 4940 _
2730 4865 3046 4940 hembertus
3078 4865 3118 4940 l_
3112 4863 3161 4915 1.
3362 4860 3616 4940 hirenens

951 4932 1082 5002 Qua:
1106 4934 1232 4992 hinc
1257 4939 1380 4991 inde
1414 4948 1722 5007 sequuntur,
1747 4940 1924 4994 omnia
1944 4940 2130 4994 desunt
2151 4938 2206 4992 in
2232 4940 2407 4993 codice
2426 4940 2480 4993 «1.
2562 4937 2657 4971 ³⁸³
2679 4933 2966 5007 DCCCCV.
3003 4935 3057 4990 ὅ.
3087 4933 3279 5007 7--12.
3303 4942 3353 5007 et
3375 4929 3685 5007 cod.__I'_'ris.;

2432 4653 2737 4722 speteshart
2789 4649 3061 4722 10-12.
3092 4720 3113 4722 η
3174 4647 3582 4722 spelitheshart
3634 4645 3685 4701 8.

2404 4719 2497 4757 ""°
2541 4724 2829 4778 winimaro
2853 4733 2954 4777 etc.
3001 4721 3055 4776 3.
3086 4720 3138 4776 5.
3174 4719 3224 4774 7.
3268 4720 3321 4775 8.
3408 4719 3689 4771 Winimale

2234 4796 2327 4835 “7'
2352 4796 2589 4867 ingentia
2631 4796 2769 4850 bona
2800 4794 2887 4867 5d.
2990 4790 3608 4867 "'°_|_)r:eberet_neseio

2193 4854 2527 4923 heintherttts
2566 4867 2655 4921 ll).
2730 4865 3046 4921 hembertus
3078 4854 3161 4916 11.
3196 4861 3283 4915 12.
3362 4860 3619 4915 hirenens
3636 4854 3683 4911 8.

2633 5006 2921 5063 DCCCCIV
2952 5024 2966 5073 ;
3002 5007 3068 5060 de
3119 5004 3295 5058 codice
3325 5003 3376 5057 6.
3431 5002 3559 5073 mihi
3589 5015 3686 5073 non

3009 5147 3039 5161 “’
3142 5147 3232 5176 ’³⁸³
3259 5151 3471 5195 murteta
3506 5142 3557 5195 7.
3586 5142 3686 5232 9-:-

2085 5223 2165 5244 π...
