4010 6422
522 431 622 490 I67

1240 420 1733 480 CONTINUATOR
1768 415 2094 476 CIIIIONICI

2231 412 2523 472 GINONIS.
2563 443 2634 454 —
2668 378 2782 468 AN.
2821 410 3090 469 962-965.

3722 408 3830 466 168

528 547 734 606 bertus.
763 555 830 596 ex
875 539 1160 597 cmnobitis
1189 536 1362 596 sancti
1391 538 1692 604 Maximini,
1719 535 2118 592 machinatione
2147 537 2196 597 Α
2227 541 2404 586 tamen
2437 529 2764 584 munitiones
2791 544 2913 582 cum
2953 527 3066 581 suis
3092 524 3416 596 sequacibus
3443 523 3618 580 adhuc
3646 524 3831 595 possl'

527 648 586 695 et
629 635 854 693 consilio
882 634 1194 690 Willihelmi
1237 633 1671 704 archiepiscopi,
1718 631 1845 687 licet
1891 629 2112 686 meliora

530 730 586 786 in
613 745 737 786 eum
765 726 1000 784 conﬁsus
1029 727 1119 764 ¹⁶⁸⁷
1145 726 1309 782 fuerit
1352 728 1446 766 ιω
1473 767 1489 793 ,
1534 735 1591 781 et
1627 723 1763 780 nihil
1793 737 2028 793 unquam
2059 719 2115 775 in

530 838 654 878 eum
702 820 1027 892 deliquerit,
1072 835 1299 892 peregre
1338 817 1633 875 mittendus
1675 817 1730 872 in
1776 813 2118 873 ordinatione

531 912 811 970 successit.
855 911 1026 980 Quem
1071 912 1346 984 piissimus
1387 923 1504 976 rex,
1555 908 1713 966 solita
1766 908 1868 964 sibi
1907 904 2120 962 miseri-

530 1005 716 1063 cordia
779 1005 1032 1061 omnibns
1104 1004 1300 1075 quibus
1352 1002 1625 1072 indigebat
1677 1000 1847 1072 copiis
1918 999 2121 1055 instru-

529 1109 678 1155 ctum
721 1100 836 1166 ‘m,
868 1098 1015 1172 genti
1040 1097 1316 1169 Rugorum
1344 1097 1641 1154 honoriﬁce
1669 1095 1982 1152 destinavit.
2005 1095 2119 1150 Rex

529 1193 584 1247 in
616 1192 823 1248 Italiam
857 1191 938 1247 ire
972 1191 1286 1263 disponens,
1315 1191 1608 1246 maximam
1635 1205 1856 1246 suorum
1880 1188 2120 1244 ﬁdelium

529 1283 930 1339 multitudinem
978 1281 1291 1338 Wormatiae
1334 1281 1676 1346 coadunavit,
1710 1280 1803 1336 ubi
1855 1295 2122 1336 consensu

529 1385 585 1430 et
630 1375 990 1431 unanimitate
1053 1375 1206 1446 regni
1272 1389 1560 1447 procerum
1618 1374 1892 1444 totiusque
1937 1373 2122 1444 populi

531 1468 674 1523 ﬁlius
706 1465 842 1536 gejus
875 1465 1002 1524 Otto
1036 1482 1156 1522 rex.
1182 1466 1420 1540 eligitur.
1470 1466 1705 1536 Indeque
1751 1464 2119 1537 progrediens,

530 1557 909 1615 convenientia
936 1573 1150 1628 quoque
1178 1558 1512 1615 etelectione
1536 1557 1784 1614 omnium
1800 1555 2126 1612 Lotharien-

530 1651 672 1705 sium
719 1650 891 1721 Aquis
930 1666 1025 1706 rex
1064 1650 1368 1709 ordinatur.
1400 1649 1663 1706 Ordinato
1711 1663 1842 1705 vero
1867 1648 1978 1702 ﬁlio
2005 1648 2122 1714 ηδο,

530 1753 687 1814 pater
733 1743 787 1798 in
819 1742 1114 1799 Saxoniam
1161 1743 1400 1810 rediens,
1450 1740 1738 1812 dispositis
1785 1739 1937 1811 regni
1964 1753 2122 1811 nego-

535 1833 622 1888 tiis
653 1874 666 1899 ,
725 1832 894 1887 ﬁlium
939 1832 1271 1889 Willihelmo
1318 1832 1725 1903 archiepiscopo
1763 1830 2019 1886 tuendum
2070 1837 2126 1885 et

532 1925 878 1981 nutriendum
915 1925 1257 1991 commisit,
1327 1925 1515 1995 sicque
1576 1937 1674 1994 per
1736 1922 2020 1978 Bavariam
2070 1931 2124 1976 et

535 2017 814 2074 Trientum
875 2019 967 2058 ίσιι
1040 2017 1095 2072 in
1141 2017 1349 2071 Italiam
1395 2031 1455 2072 se
1498 2015 1737 2071 admisit.
1788 2014 1891 2072 Ubi
1937 2029 2126 2070 onmcs

532 2125 672 2180 pene
718 2110 886 2166 Italiae
924 2110 1149 2165 comites
1201 2118 1257 2165 et
1313 2109 1597 2179 episcopos
1655 2109 1842 2166 obvios
1895 2107 2122 2175 habuit,

535 2214 608 2266 et,
661 2210 720 2256 ut
764 2201 986 2267 decuit,
1043 2200 1112 2256 ab
1147 2201 1230 2256 eis
1282 2200 1582 2256 honoriﬁce
1629 2190 1934 2271 susceptus,
1973 2183 2126 2270 pote-

535 2291 732 2348 stative
793 2303 849 2348 et
907 2293 1112 2363 absque
1174 2293 1282 2348 ulla
1351 2293 1658 2348 resistentia
1745 2292 1964 2363 Papiam
2043 2293 2126 2346 in-

537 2386 720 2451 travit,
757 2394 814 2440 et
840 2385 1098 2455 palatium
1148 2401 1179 2439 a
1219 2384 1545 2456 Berengario
1576 2385 1910 2441 destructum
1939 2383 2128 2439 reazdi-

537 2478 700 2532 Iicare
765 2478 1042 2548 praecepit.
1105 2476 1466 2548 Berengarius
1533 2493 1664 2534 vero
1704 2478 1798 2520 ‘6“
1843 2487 1900 2534 et
1969 2475 2127 2534 Willa

538 2568 741 2639 ﬁliique
803 2583 991 2625 eorum
1038 2569 1234 2639 quibus
1283 2578 1535 2639 poterant
1604 2568 1993 2626 munitionibus
2035 2575 2129 2622 aut

535 2658 772 2713 castellis
845 2658 1256 2714 includebantur
1288 2698 1305 2726 ,
1377 2668 1432 2714 et
1499 2675 1765 2730 nusquam
1827 2659 2128 2716 forinsecus

536 2758 728 2802 contra
777 2763 960 2819 regem
1009 2749 1137 2818 quid
1178 2748 1441 2805 audentes
1487 2752 1584 2793 ηδε
1624 2751 2126 2822 progrediebantur.

537 2841 740 2897 Eodem
773 2856 905 2896 vero
934 2857 1076 2897 anno
1117 2839 1450 2908 Gotefridus,
1501 2841 1775 2913 Spirensis
1820 2843 2127 2914 episcopus,

537 2932 712 2997 obiit,
741 2931 829 2986 cui
879 2932 1110 3002 Otgerus
1140 2939 1236 2972 HM
1267 2933 1550 2988 successit.
1605 2933 1832 3005 Eclipsis
1871 2935 2000 2992 solis
2038 2950 2130 2991 xvt

538 3023 656 3079 Kal.
701 3023 868 3079 Junii.
915 3024 1034 3080 Rex
1097 3025 1410 3092 Ilattonem,
1457 3024 1778 3082 Fuldensem
1829 3027 2082 3083 abbatem
2110 3067 2129 3097 ,

539 3117 608 3174 ad
637 3121 1003 3176 construenda
1043 3120 1146 3177 sibi
1184 3119 1492 3177 habitacula
1517 3120 1749 3177 Romam
1776 3119 2053 3192 praamisit.

1127 3210 1511 3268 DCCCCLX".

610 3301 679 3358 A.
734 3303 796 3359 D.
849 3303 890 3358 Ι.
946 3302 1051 3359 962
1075 3319 1171 3360 rex
1209 3304 1443 3360 natalem
1474 3305 1686 3360 Domini
1715 3305 1893 3376 Papiae
1926 3306 2018 3346 ’διδ
2046 3321 2136 3363 ce-

539 3392 790 3461 lebravit,
846 3394 1080 3466 indeque
1128 3396 1479 3466 progrediens
1525 3395 1710 3452 Romae
1764 3395 2132 3453 favorabiliter

539 3494 843 3556 susceptus,
901 3485 1290 3542 acclamatione
1342 3488 1509 3544 totius
1564 3489 1794 3544 Romani
1843 3490 2024 3560 populi
2077 3499 2133 3546 et

539 3575 669 3631 cleri
699 3577 768 3632 ab
795 3577 1090 3649 apostolico
1116 3578 1381 3647 Iohanne,
1417 3580 1528 3636 ﬁlio
1548 3580 1807 3648 Alberici,
1839 3582 2135 3652 imperator

539 3676 594 3722 et
613 3667 888 3738 Augustus
907 3680 1134 3726 vocatur
1157 3681 1212 3726 et
1233 3673 1537 3726 ordinatur.
1557 3672 1702 3742 Papa
1729 3689 1943 3745 quoque
1965 3675 2134 3730 multa

541 3760 691 3815 illum
743 3778 926 3818 secum
977 3765 1206 3820 caritate
1251 3765 1504 3833 detinuit,
1544 3776 1600 3823 et
1639 3766 1826 3823 diebus
1861 3768 1986 3823 vitae
2023 3785 2135 3824 suae

541 3868 817 3922 nunquam
848 3868 908 3910 se
934 3855 1002 3910 ab
1021 3856 1099 3912 'eo
1133 3857 1467 3912 defecturum
1497 3859 1764 3928 promisit,
1792 3876 1912 3930 qua:
1952 3869 2132 3915 tamen

541 3944 828 4013 promissio
854 3944 1012 4017 longe
1039 3947 1356 4003 dissimilem
1386 3965 1547 4020 quam
1576 3951 2012 4021 praetendebatur
2042 3952 2134 3984 ’⁸⁸⁸

542 4034 794 4090 eﬁectum
832 4037 1082 4094 obtinuit.
1129 4039 1459 4109 Imperatore
1485 4040 1730 4114 Augusto
1760 4041 1828 4096 ab
1866 4044 2000 4099 urbe
2027 4043 2137 4100 Ro-

542 4141 701 4181 mana
731 4127 823 4161 “‘7
850 4128 1108 4184 redeunte
1135 4137 1191 4184 et
1230 4128 1411 4201 Papiae
1439 4131 1636 4200 pascha
1676 4131 2003 4200 celebrante,
2031 4133 2134 4190 Be-

542 4221 826 4291 rengarius
851 4221 906 4277 in
936 4221 1171 4293 quodam
1196 4233 1400 4291 monte,
1431 4224 1754 4297 quigdicitur
1782 4226 1850 4280 ad
1875 4226 2136 4284 Sanctum

543 4309 777 4366 Leonem
811 4313 984 4386 (I80),
1015 4313 1261 4384 plurimis
1285 4315 1523 4386 undique
1544 4331 1728 4372 secum
1763 4317 1934 4388 copiis
1969 4326 2138 4375 attra-

545 4404 670 4470 ctis,
697 4418 757 4460 se
783 4405 1032 4472 munivit,
1052 4415 1106 4462 et
1132 4406 1293 4462 Willa
1321 4407 1374 4462 in
1403 4407 1523 4463 lacu
1548 4407 1749 4478 Majore
1770 4408 1864 4441 ¹⁶⁴⁸
1889 4411 2058 4483 (181),
2081 4411 2137 4466 in

546 4497 776 4564 quadam
809 4497 979 4552 insula
1006 4484 1125 4568 quae
1153 4499 1351 4554 dicitur
1386 4501 1454 4555 ad
1485 4500 1744 4556 Sanctum
1792 4502 1884 4535 ηδ’
1913 4502 2134 4572 Iulium,

547 4603 604 4642 se
635 4587 872 4644 inclusit.
919 4589 1040 4645 Filii
1063 4606 1192 4646 vero
1228 4607 1416 4646 eorum
1444 4591 1562 4660 “'°,
1603 4592 1926 4650 Adalbertus
1953 4593 2046 4629 ¹⁶⁸⁸
2085 4604 2141 4652 et

549 4679 710 4740 Wido
734 4683 846 4753 ηδ’,
875 4685 981 4742 huc
1009 4685 1244 4759 illucque
1264 4687 1456 4744 incerti
1496 4689 1848 4759 vagabantur,
1878 4693 2138 4762 quasdam

2222 624 2440 690 debant,
2465 624 2567 678 hoc
2609 631 2693 677 est
2719 620 2900 676 Garda
2931 619 3025 660 1⁸⁵³
3050 617 3224 691 (181¹)
3253 617 3560 684 castellum,
3591 626 3645 673 et
3689 618 3834 673 Tn-

2219 718 2436 775 vallium
2459 717 2652 790 (48F),
2674 727 2730 772 et
2758 715 2986 771 insulam
3019 711 3114 746 ““
3137 713 3192 768 in
3216 711 3335 768 lacu
3357 710 3598 767 Cumano
3622 711 3829 783 (181³).

2221 812 2374 868 Tunc
2415 810 2579 866 Willa
2624 810 2890 881 imprimis
2932 807 3202 865 hostiliter
3240 806 3440 872 aditur,
3473 815 3529 860 et
3569 806 3834 876 adempto

2221 906 2370 962 omni
2419 907 2486 961 de
2530 904 2651 960 lacu
2687 903 2854 969 exitu,
2884 900 3198 959 cottidianis
3238 898 3729 956 fundibulariorum
3769 910 3835 954 et.

2222 996 2626 1069 sagittariorum
2657 995 2996 1065 aliorumque
3025 992 3150 1049 belli
3191 992 3675 1047 instrumentorum
3725 991 3834 1046 im-

2222 1087 2647 1160 pugnationibus
2673 1084 2954 1156 fatigatur,
2977 1092 3032 1140 et
3062 1099 3168 1139 non
3196 1081 3370 1153 plenis
3393 1080 3598 1138 duobus
3627 1081 3838 1137 mensi-

2224 1179 2326 1234 bus
2355 1178 2576 1234 obsessa
2605 1176 2842 1246 capitur,
2872 1183 2929 1228 et
2961 1175 3029 1228 ad
3055 1173 3299 1228 ultimum
3332 1172 3618 1228 clementia
3654 1172 3836 1242 impe-

2225 1271 2423 1328 ratoris
2451 1271 2697 1338 dimissa,
2725 1285 2833 1340 quo
2861 1269 2956 1304 ¹⁶⁸⁸
2985 1269 3148 1324 vellet
3178 1269 3258 1323 ire
3295 1268 3645 1339 permittitur.
3693 1268 3832 1335 Quae

2225 1371 2422 1432 quanta
2454 1362 2632 1432 potuit
2658 1359 2945 1416 velocitate
2973 1359 3356 1430 Berengarium
3398 1358 3550 1425 adiit,
3577 1367 3632 1414 ct
3670 1374 3740 1412 ne
3770 1374 3838 1413 se

2226 1455 2540 1526 imperatori
2566 1455 2788 1510 dederet
2812 1451 2906 1484 ‘m
2927 1451 3255 1508 omnimodis
3280 1450 3370 1482 “'7
3400 1450 3693 1520 persuasit.
3724 1450 3838 1505 Ευ-

2227 1546 2348 1601 dem
2394 1561 2537 1600 anno
2586 1544 2935 1611 Adalbertus,
2980 1543 3148 1614 Rngis
3194 1542 3476 1599 ordinatus
3517 1541 3832 1613 episcopus.

2227 1639 2360 1694 nihil
2386 1639 2441 1694 in
2466 1639 2551 1694 his
2577 1649 2800 1710 propter
2830 1653 2952 1708 quae
2981 1638 3179 1693 missus
3211 1635 3389 1692 fuerat
3415 1635 3684 1722 proﬁcere
3733 1650 3836 1689 va-

2225 1734 2360 1799 lens,
2393 1745 2449 1790 et
2471 1735 2708 1790 inaniter
2741 1751 2799 1791 se
2845 1733 3128 1804 fatigatum
3162 1731 3372 1799 videns,
3404 1732 3737 1796 revertitur;
3777 1741 3841 1786 et

2227 1826 2553 1897 quibusdam
2573 1842 2641 1882 ex
2667 1826 2780 1882 suis
2807 1825 2862 1880 in
2886 1825 3168 1880 redeundo
3195 1824 3410 1890 occisis,
3435 1824 3548 1894 ipse
3567 1838 3695 1878 cum
3719 1838 3842 1876 ma-

2230 1937 2335 1992 gno
2367 1920 2551 1976 labore
2578 1920 2665 1974 vix
2696 1919 2891 1984 evasit,
2913 1926 2966 1973 et
2989 1918 3055 1972 ad
3086 1933 3270 1988 regem
3295 1915 3517 1972 veniens
3544 1915 3840 1970 caritative

2229 2012 2538 2083 suscipitur,
2560 2019 2615 2066 et
2637 2027 2666 2065 a
2687 2009 2799 2066 Deo
2828 2008 3048 2064 amabili
3066 2006 3400 2063 Willihelmo
3421 2005 3842 2076 archiepiscopo

2227 2122 2326 2176 pro
2374 2106 2728 2161 retributione
2758 2113 2868 2160 tam
2904 2103 3259 2160 incommodae
3293 2103 3361 2157 ab
3397 2117 3463 2158 eo
3493 2101 3595 2157 sibi
3623 2100 3847 2155 machi-

2228 2208 2368 2255 nata:
2414 2197 2862 2270 peregrinationis
2901 2196 3057 2251 bonis
3103 2193 3354 2251 omnibus
3399 2204 3455 2248 et
3507 2190 3841 2258 commodis,

2227 2291 2382 2362 quasi
2411 2289 2581 2345 frater
2612 2305 2642 2343 a
2679 2288 2847 2344 fratre
2875 2288 2990 2356 ⁸⁸⁵⁸,
3021 2286 3363 2358 amplectitur
3390 2294 3445 2341 et
3470 2293 3839 2349 sustentatur,

2231 2383 2592 2455 Reginbertus
2620 2382 2817 2453 (181⁸),
2863 2380 2959 2437 Dei
3000 2394 3210 2446 servus,
3233 2379 3398 2445 obiit;
3434 2377 3630 2432 missis
3669 2377 3842 2432 etiam

2226 2490 2327 2547 pro
2353 2490 2420 2531 eo
2447 2477 2514 2530 ad
2537 2476 2918 2545 imperatorem
2948 2473 3167 2539 litteris,
3191 2471 3423 2528 reditum
3456 2470 3628 2541 ipsius
3661 2469 3718 2523 in
3743 2484 3840 2540 pa-

2229 2569 2360 2624 latio
2395 2568 2600 2640 operiri
2637 2567 2880 2637 jubetur.
2911 2566 3114 2622 Eodem
3146 2581 3290 2620 anno
3319 2563 3590 2619 Adalbero
3621 2560 3715 2594 ¹⁶⁸⁹
3742 2576 3842 2615 νεα

2234 2664 2502 2721 nerabilis
2531 2661 2633 2728 vir,
2667 2661 2945 2719 Mettensis
2973 2662 3277 2733 episcopus,
3320 2659 3474 2716 obiit.

2833 2753 3233 2811 DCCCCLXIII.

2299 2848 2369 2906 A.
2393 2849 2458 2906 D.
2488 2848 2528 2904 I.
2555 2842 2672 2904 965‘
2693 2863 2788 2904 rex
2820 2847 3018 2903 iterum
3051 2846 3232 2916 Papia:
3259 2843 3505 2901 Natalem
3537 2843 3755 2902 Domini
3783 2851 3842 2898 et

2229 2942 2438 2999 Pascha
2474 2940 2789 2998 celebravit.
2831 2939 3054 2994 Interim
3091 2938 3416 2994 Adalbertus
3458 2938 3565 2992 huc
3602 2935 3842 3005 illucque

2231 3034 2547 3092 discursans
2596 3030 2712 3100 “‘°,
2759 3045 3128 3102 quoscumque
3177 3038 3391 3101 poterat
3441 3028 3544 3084 sibi
3594 3027 3840 3096 undique

2231 3128 2486 3193 adtraxit,
2523 3125 2618 3182 sed
2653 3133 2712 3180 et
2752 3123 3055 3191 Corsicam,
3100 3123 3175 3179 ibi
3211 3122 3300 3156 ““
3335 3137 3396 3178 se
3439 3120 3581 3176 tueri
3630 3120 3839 3185 nitens,

2233 3219 2476 3274 intravit.
2526 3217 2832 3273 Romanum
2885 3217 3052 3273 etiam
3099 3216 3410 3287 pontiﬁcem
3463 3213 3841 3284 multipliciter

2237 3313 2290 3368 in
2347 3329 2504 3370 suum
2550 3311 2880 3382 adiutorium
2927 3311 3257 3368 sollicitavit.
3306 3311 3444 3366 Dum
3499 3311 3617 3366 haec
3674 3310 3842 3380 igitur

2235 3413 2484 3477 aguntur,
2518 3404 2815 3475 imperator
2853 3418 2884 3458 a
2915 3403 3083 3474 Papia
3129 3417 3354 3459 movens
3399 3403 3518 3469 iter,
3558 3401 3841 3472 Berenga-

2232 3498 2372 3553 rium
2402 3495 2492 3528 ¹⁶⁶¹
2523 3496 2577 3550 in
2607 3504 2790 3551 monte
2837 3494 3013 3551 sancti
3055 3494 3252 3550 Leonis
3286 3494 3519 3558 obsedit,
3552 3501 3841 3562 totamque

2234 3588 2306 3643 ibi
2349 3596 2596 3643 aestatem
2635 3588 2849 3656 sedens,
2885 3604 3026 3660 saepe
3057 3596 3295 3646 montem
3325 3588 3562 3658 undique
3601 3588 3845 3643 circum-

2233 3680 2398 3745 dedit,
2427 3688 2486 3736 et
2510 3695 2578 3736 ne
2607 3679 2948 3752 aliquatenus
2983 3689 3196 3753 pateret
3240 3681 3421 3738 exitus
3449 3681 3534 3736 vel
3578 3679 3844 3735 introitus

2233 3771 2530 3841 prohibuit.
2561 3773 2785 3828 Interim
2811 3772 3088 3829 Johannes
3126 3788 3284 3844 papa,
3315 3772 3709 3844 promissiones
3737 3771 3842 3824 im-

2235 3863 2475 3932 peratori
2518 3862 2694 3920 factas
2723 3862 2980 3920 oblivioni
3022 3865 3260 3930 tradens,
3300 3865 3370 3920 ab
3397 3879 3462 3920 eo
3492 3861 3693 3918 defecit
3720 3860 3841 3925 ²⁶ε³,

2235 3968 2291 4010 et
2324 3955 2635 4028 Berengarii
2676 3971 2770 4013 seu
2810 3956 3089 4012 Adalberti
3135 3956 3382 4028 partibus
3425 3955 3636 4020 favens,
3670 3953 3843 4009 Adal-

2234 4049 2449 4104 berlum
2500 4049 2728 4104 Romam
2782 4051 3116 4107 intromittit.
3180 4051 3329 4119 Quas
3370 4049 3680 4106 dolositatis
3727 4049 3844 4119 ejus

2236 4141 2453 4198 fraudes
2499 4143 2795 4213 imperator
2842 4144 3099 4212 audiens,
3156 4144 3346 4200 relicta
3398 4144 3544 4200 circa
3599 4152 3841 4198 montem

2237 4235 2540 4302 obsidione,
2570 4233 2802 4291 Romam
2845 4251 3039 4293 versus
3077 4251 3200 4292 cum
3244 4236 3403 4293 hoste
3437 4236 3647 4307 pergit;
3691 4235 3842 4305 cujus

2237 4325 2338 4396 ipsi
2370 4335 2673 4382 metuentes
2695 4326 3010 4394 adventum,
3039 4327 3331 4398 plurimum
3362 4328 3686 4382 thesaurum
3718 4341 3834 4381 san-

2237 4419 2310 4474 cti
2347 4419 2492 4476 Petri
2520 4420 2813 4492 rapientes,
2853 4420 2993 4492 fugae
3030 4420 3272 4477 subsidia
3303 4428 3514 4490 petunt.
3545 4416 3704 4474 Tunc
3739 4418 3842 4473 Ro-

2240 4515 2384 4568 mani
2419 4514 2471 4567 in
2503 4513 2653 4584 plura
2684 4514 2842 4570 divisi
2875 4513 2988 4579 ““,
3021 4514 3218 4584 partim
3249 4512 3567 4585 imperatori
3599 4512 3840 4567 faventes

2237 4635 2304 4646 ——
2345 4604 2526 4661 multis
2558 4606 2703 4661 enim
2751 4605 2844 4638 ³⁸⁸⁵
2876 4621 2905 4660 a
2941 4606 3199 4678 praedicto
3231 4620 3367 4677 papa
3407 4602 3623 4673 injuriis
3658 4619 3720 4658 se
3755 4617 3824 4671 op

2253 4697 2416 4766 primi
2444 4698 2915 4768 conquerebantur
2935 4727 3005 4738 ——
3027 4699 3225 4768 partim
3247 4689 3543 4767 apostolico
3569 4695 3844 4752 blandien.

1803 4807 2080 4870 νΑΒιιΕ
2123 4809 2589 4872 LECTIONES.

625 4903 719 4976 f0"
761 4905 816 4962 in
846 4921 969 4962 eum
1025 4907 1154 4964 ﬁsus
1202 4907 1288 4964 I0.
1332 4910 1384 4966 in
1427 4926 1566 4976 eum.
1597 4910 1747 4967 visus
1793 4911 1848 4967 9.
1898 4912 1983 4966 11.
2017 4913 2104 4968 12.

2219 4915 2312 4948 ³⁸⁸⁸
2351 4907 2528 4969 fuerat
2554 4914 2646 4970 5d.

2757 4915 2853 4952 “'9
2906 4914 3183 4984 indigebat
3228 4930 3426 4986 corpus
3466 4911 3844 4986 instructum"

553 4974 648 5013 ²⁸⁸⁰
685 4978 937 5055 9rdinato
959 4988 1136 5055 autem
1161 4980 1270 5055 filio
1429 4982 1520 5055 ff“
1555 4974 1789 5055 trentum
1815 4984 1868 5038 7.
1898 4985 1952 5055 9.
1979 4985 2065 5038 II.
2097 4984 2184 5039 12.
2214 4993 2512 5041 torrentum
2534 4985 2587 5040 ὅ.
2667 4983 2759 5018 ⁵⁸⁸⁸
2783 4999 2911 5044 Vero
2945 4974 3084 5042 deest
3108 4987 3161 5041 5.
3187 4987 3220 5042 9
3243 4974 3436 5028 -ἿΜ
3455 4985 3602 5055 quod
3625 4985 3848 5040 audien-

550 5057 636 5122 tes
681 5047 716 5100 9
751 5050 909 5104 -12
985 5047 1079 5122 1⁸⁸⁸
1108 5052 1388 5122 othgerius
1419 5049 1507 5107 I0.
1588 5053 1681 5086 1⁸⁸⁵

549 5119 704 5191 linea:
735 5121 1161 5191 superscriplum.

550 5189 693 5261 citur
734 5189 1066 5248 sanctum'7.
1145 5193 1238 5225 ‘m
1258 5189 1386 5251 vero
1411 5194 1527 5261 ejus
1549 5194 1604 5249 5.

550 5260 750 5316 vallum
793 5263 1024 5319 insulam
1073 5265 1152 5318 II.
1185 5267 1269 5321 12.

553 5332 692 5387 deest
727 5334 782 5390 5.
816 5335 868 5389 7.

553 5403 764 5473 garium
783 5405 898 5464 ι10.

1703 5197 1794 5229 ¹⁶⁵¹
1829 5196 2066 5266 alpertus
2093 5198 2144 5251 7.

1364 5267 1456 5338 is"
1483 5268 1798 5324 dimissus...
1832 5270 1922 5338 qui
1968 5269 2052 5324 50.
2087 5285 2137 5324 e.
2217 5269 2310 5300 ¹⁶⁸⁶
2333 5267 2489 5324 daret
2508 5270 2560 5324 7.

967 5334 1333 5408 “I’gadalpero
1369 5337 1423 5392 7.
1501 5338 1592 5369 ¹⁶⁶⁰
1617 5334 1927 5395 discurrens
1965 5339 2020 5394 5.
2053 5339 2142 5372 ¹⁶⁶¹
2175 5342 2440 5396 corsicam
2482 5341 2705 5398 veniens
2743 5342 2815 5398 ibi
2863 5343 2918 5399 9.
2964 5342 3051 5397 II.
3099 5341 3188 5397 12.

993 5407 1087 5439 ¹⁶⁶³
1117 5407 1297 5464 deﬁcit
1457 5408 1551 5442 ¹⁶⁶⁸
1573 5425 1794 5467 roma...
1832 5411 2003 5467 divisa
2028 5411 2081 5467 5.
2168 5412 2262 5444 “3"
2294 5413 2449 5469 multi
2483 5413 2628 5469 enim
2653 5413 2708 5468 5.
2865 5425 2869 5428 ‘

1717 5055 1899 5128 papim
1917 5054 2058 5128 deest
2083 5056 2136 5111 5.
2167 5057 2223 5109 7.
2253 5057 2445 5128 9—42.
2479 5057 2706 5128 spatium
2737 5065 2909 5128 tamen
2939 5068 3087 5114 vacat
3118 5057 3171 5111 in
3197 5057 3229 5111 7
3257 5068 3320 5128 et_
3340 5057 3395 5110 in
3423 5054 3848 5128 II._tvocaI:_uluut

1242 5123 1334 5155 ¹⁶¹⁸⁶
1365 5123 1729 5196 praetendebat
1758 5123 1811 5179 τ.
1889 5125 1982 5158 ¹⁶³⁷
2006 5142 2228 5182 romana
2263 5127 2401 5182 deest
2564 5127 2654 5160 ³⁸⁵⁸
2680 5127 2880 5184 \villam
2919 5131 2974 5183 in
3016 5129 3190 5184 lacum
3219 5126 3480 5196 majorem
3511 5126 3566 5180 7.

3649 5124 3744 5159 1639
3768 5126 3848 5164 Αἰ.

2726 5128 2880 5184 illam
2919 5131 2974 5183 in
3016 5129 3190 5184 lacum
3219 5128 3480 5196 majorem
3511 5128 3566 5180 7.
3649 5128 3744 5159 “‘9
3768 5128 3847 5179 dio

2726 5198 2820 5271 ξ⁶⁸³
2851 5201 2982 5271 grad
3034 5201 3088 5254 5.
3133 5200 3282 5271 gard,
3310 5197 3578 5271 9_—oI2.___
3613 5193 3717 5271 “‘f
3745 5207 3847 5250 tra-

2656 5269 2748 5302 ¹⁶⁸⁷
2773 5267 3025 5326 omnibus
3051 5267 3225 5326 modis
3255 5269 3308 5325 5.
3335 5269 3388 5323 7.
3486 5268 3582 5300 "‘3
3611 5283 3644 5322 a
3684 5267 3848 5322 fratre

2656 5357 2705 5396 IS
2743 5342 2815 5396 ibi
2863 5343 2918 5396 9.
2964 5342 3051 5396 II.
3099 5341 3188 5396 12.
3291 5339 3384 5372 “°'
3411 5339 3614 5396 iterum
3644 5338 3846 5396 bereu-

3411 5352 3614 5396 iterum
3644 5352 3682 5396 υ
3693 5352 3846 5395 ereu-

2249 5197 2337 5270 ΡΨ
2387 5199 2548 5270 guido
2576 5198 2629 5254 5.

2077 5523 2310 5582 NOTA'].

627 5613 774 5698 (I_80)
803 5615 860 5673 S.
898 5615 1008 5676 Leo
1035 5621 1088 5677 in
1120 5620 1411 5695 Legatione
1458 5619 1831 5692 Urbinatensl,
1877 5636 2046 5694 prope
2083 5621 2142 5678 S.

556 5684 844 5744 Marinum.

630 5758 779 5833 (I8I)
808 5758 868 5818 S.
897 5761 1027 5821 Julii
1062 5763 1236 5821 insula
1265 5781 1372 5822 non
1418 5766 1472 5822 in
1515 5765 1636 5822 lacu
1667 5766 1940 5832 Verbano,
1971 5765 2067 5824 sed
2094 5763 2150 5823 in

559 5829 682 5889 lacu
711 5829 927 5891 Ortensi
965 5837 1033 5893 ad
1060 5837 1397 5892 occidentem
1430 5837 1665 5896 Verbani
1695 5838 1802 5894 sita
1831 5829 1934 5894 est.

631 5905 750 5980 (181
763 5904 806 5977 ⁸)
839 5905 1037 5977 Garda,
1071 5907 1125 5964 in
1155 5907 1334 5966 littore
1357 5907 1575 5965 Benaci.

2320 5621 2492 5693 (181³)
2547 5619 2871 5678 Muratorius
2928 5616 3112 5693 Valle“
3134 5616 3418 5693 Travagb'a
3445 5618 3503 5676 in
3549 5617 3849 5686 montibus,

2249 5690 2558 5764 Verlianum
2584 5707 2813 5764 versus,
2826 5707 2948 5749 esse
2973 5690 3216 5764 coniicit.

2323 5761 2500 5906 (181⁸)
2517 5763 2660 5834 Lago
2693 5764 2748 5817 di
2777 5763 2959 5820 Coma.

2353 5833 2477 5888 I8I‘
2549 5834 2831 5906 Annalista
2866 5835 2959 5890 Sat

2353 5832 2500 5914 ‘_I8I‘)
2549 5832 2840 5914 Annalista
2866 5835 3012 5914 Saxo
3050 5836 3200 5914 addit
3231 5849 3247 5893 :
3277 5833 3390 5895 Iste
3441 5832 3847 5893 construebat».

2257 5907 2453 5962 batiam
2478 5905 2645 5961 Sancti
2672 5905 2840 5963 Bla'sii
2871 5907 2922 5962 in
2949 5907 3163 5965 Suevia.
