4010 6418
321 395 420 456 1³7ῗῖ
505 395 508 400 ’

1095 405 1584 465 CDNTINUATOB
1625 406 1944 463 CIIRONICI
1985 399 2367 464 REGINONIS.
2393 438 2455 448 —
2494 407 2604 462 AN.
2636 407 2758 463 967.

3475 415 3576 468 ΓΗ

319 519 631 584 aelebravit,
663 527 964 588 cunctaque
991 519 1064 574 ibi
1089 519 1458 576 Lothariensis
1485 521 1630 591 regni
1659 523 1890 590 negotia,
1928 534 1968 588 Α
1999 522 2330 587 cxpnlsroms
2376 523 2468 553 ¹⁷⁶³
2507 521 2687 575 domui
2747 521 2970 576 Jonnnis
3023 538 3174 591 put-ue
3237 513 3574 592 videbantur,

317 622 479 681 prout
507 614 608 668 sibi
649 613 948 676 videbatur,
980 614 1264 682 disposuit.
1293 613 1728 678 Erclianbertus,
1761 611 1899 666 Wit-

321 703 706 773 eenburgensis
735 700 827 732 ‘7"
855 701 1084 756 ccenobii
1112 703 1300 768 abbas,
1331 703 1492 766 obiit,
1525 711 1579 758 et
1607 703 1902 771 imperator

323 793 586 850 electione
630 794 1016 848 monachorum
1061 791 1441 856 Adalbertum,
1473 791 1641 862 Rugis
1685 791 1902 846 ordina-

317 903 435 940 runt
483 887 829 956 episcopum,
871 884 1046 940 eidem
1082 884 1410 939 monasterio
1443 883 1700 953 praefecit.
1751 883 1900 937 Star-

323 979 564 1034 shandus
591 979 706 1044 ‘7'“,
735 977 1108 1032 Rubiloceusis
1135 975 1228 1012 ‘7"
1245 975 1413 1046 (182⁵)
1436 976 1676 1032 ecclesiae
1698 976 1902 1044 episco-

317 1088 442 1142 pus,
475 1071 640 1134 obiit,
669 1069 754 1124 cui
786 1069 1115 1139 chinoldus
1162 1070 1428 1124 successit.
1472 1069 1522 1122 in
1570 1068 1898 1137 episcopatu.

326 1163 442 1218 Udo
471 1177 679 1228 comes,
719 1161 1149 1230 coniurationem
1199 1177 1320 1216 cum
1371 1160 1658 1216 Adalberto
1703 1159 1903 1216 Beren-

321 1255 458 1325 garii
507 1253 614 1309 ﬁlio
665 1254 899 1317 habens,
943 1261 998 1305 et
1051 1253 1102 1304 in
1151 1251 1360 1305 Italiam
1413 1252 1478 1306 ad
1524 1251 1903 1306 excmcandum

325 1348 676 1414 Waldonem,
711 1347 1010 1402 Cumanum
1051 1345 1400 1416 episc0pum,
1453 1347 1532 1400 ire
1580 1345 1900 1415 disponens,

323 1441 685 1510 imperatoria:
726 1437 1028 1509 majestatis
1087 1453 1212 1492 reus
1263 1451 1380 1492 esse
1425 1435 1800 1502 convincitur,
1851 1445 1904 1490 et

321 1541 688 1596 sacramento,
719 1547 788 1584 ne
821 1531 1165 1599 aliquatenus
1209 1529 1344 1583 ullas
1378 1537 1558 1598 partes
1591 1528 1738 1597 regni
1765 1543 1904 1596 prce-

323 1634 502 1680 sumat
535 1623 762 1695 ingredi,
795 1637 960 1694 regno
987 1621 1294 1692 expellitur.
1323 1619 1600 1675 Witkerus
1632 1619 1742 1684 1"”,
1777 1617 1908 1672 Tre-

325 1717 566 1773 vercnsis
597 1715 828 1771 carnobii
857 1715 1044 1776 abbas,
1074 1713 1226 1774 obiit,
1253 1712 1340 1766 cui
1369 1710 1584 1766 Asolfus
1611 1710 1662 1763 in
1692 1708 1906 1762 abbatia

325 1809 604 1865 successit.
627 1807 938 1876 Imperator,
965 1805 1157 1858 iterum
1181 1805 1236 1856 in
1257 1801 1462 1856 Italiam
1494 1801 1572 1854 ire
1594 1800 1904 1868 disponens,

2002 613 2292 682 suspendio
2321 614 2541 667 interire
2567 613 2747 682 jussit.
2791 613 2916 667 Inde
2945 616 3296 684 progrediens
3325 633 3421 686 per
3447 618 3582 691 Spo-

2002 702 2187 766 Ictum,
2218 701 2530 756 Ravennam
2557 702 2709 766 adiit,
2743 702 2924 772 ibique
2949 703 3155 758 Pascha
3177 705 3458 763 celebrans
3489 709 3584 742 i'“

2002 809 2126 848 cum
2152 794 2348 850 domno
2394 793 2600 850 Joanne
2641 809 2810 865 papa,
2843 793 3101 864 plurimos
3143 796 3214 850 ibi
3245 812 3310 850 ex
3345 799 3494 852 Italia
3529 809 3583 856 et

2003 889 2266 960 Romania
2313 889 2596 961 episcopos
2645 889 2994 954 coadunavit,
3026 895 3082 943 et.
3127 889 3308 945 habita
3355 895 3578 962 synodo.

2005 981 2174 1035 multa
2216 982 2282 1036 ad
2333 981 2618 1035 utilitatem
2653 988 2854 1034 sanctae
2903 979 3154 1034 Ecclesiae
3197 981 3494 1049 adinvenit,
3525 993 3583 1038 et

2005 1074 2300 1142 apostolico
2328 1073 2558 1128 Johanni
2589 1073 2778 1128 urbem
2818 1081 2872 1126 et
2915 1081 3112 1126 terram
3153 1071 3584 1130 Ravenuantium

2010 1167 2103 1198 ίτ⁶³
2163 1165 2375 1236 ιιὶί.ι‹μιρ
2433 1164 2750 1233 complura,
2815 1161 2996 1216 multis
3053 1170 3198 1217 retro
3257 1165 3585 1232 temporibus

2007 1257 2266 1312 Romanis
2291 1255 2634 1326 pontiﬁcibus
2661 1254 2858 1318 ablata,
2894 1253 3144 1316 reddidit,
3183 1266 3414 1323 eumque
3459 1255 3586 1310 inde

2008 1347 2236 1404 Romam
2278 1357 2624 1417 cummagna
2673 1345 2860 1400 laetitia
2912 1345 3147 1408 remisit;
3201 1344 3317 1414 ipse
3359 1361 3486 1400 vero
3531 1347 3586 1401 in

2007 1449 2190 1512 partes
2216 1439 2426 1495 Tusciae
2455 1439 2781 1495 et‘Lucanire
2821 1436 2910 1469 ⁸⁷⁸⁸
2937 1437 3180 1491 secessit.
3205 1436 3426 1492 Interim
3451 1453 3590 1507 papa

2005 1531 2278 1588 Iohannes
2299 1541 2354 1586 et
2379 1532 2672 1601 imperator
2695 1529 2808 1601 regi
2835 1529 3014 1587 Ottoni
3048 1530 3136 1562 ‘7"
3166 1530 3378 1586 litteras
3404 1531 3594 1586 invita-

2011 1623 2180 1678 torias
2209 1623 2474 1677 miserunt
2501 1621 2612 1687 "5",
2638 1629 2724 1686 et,
2749 1632 2810 1676 ut
2835 1637 2957 1676 cum
2988 1622 3119 1692 ipsis
3151 1622 3240 1654 ’⁷⁸³
3269 1624 3334 1677 ad
3358 1623 3592 1679 natalem

2011 1715 2223 1770 Domini
2280 1712 2464 1768 Romae
2513 1713 2894 1768 celebrandum
2945 1713 3226 1770 festinaret
3261 1715 3377 1780 ""°,
3418 1713 3596 1784 jusse-

2013 1815 2157 1861 runt.
2187 1806 2336 1860 Tunc
2366 1821 2462 1860 rex
2493 1820 2590 1874 pro
2625 1805 2976 1876 disponendis
3011 1807 3161 1877 regni
3201 1807 3432 1878 negotiis
3469 1817 3595 1862 ante

325 1901 760 1969 Assumptionem
791 1903 990 1952 sancta:
1017 1895 1198 1948 Maria:
1221 1894 1308 1924 ¹⁷⁵¹
1341 1891 1650 1948 Wormatim
1669 1889 1910 1944 celebra-
1945 1891 1988 1950 Β
2017 1909 2174 1950 suum
2216 1894 2270 1948 in
2311 1893 2516 1948 Italiam
2565 1895 2671 1950 iter
2693 1893 3258 1962 \Vormatiam-‘wenit,
3309 1897 3491 1966 ibique
3541 1897 3596 1953 in

326 1997 434 2060 vit,
471 1995 652 2062 ibique
703 1991 888 2045 habito
939 2005 1060 2044 cum
1111 1987 1361 2042 omnibus
1416 1985 1562 2056 regni
1614 1977 1912 2052 majoribus

319 2087 560 2142 concilio
615 2085 726 2151 ³⁷³³,
773 2084 898 2138 inde
941 2097 1036 2152 per
1085 2080 1342 2134 Alsatiam
1397 2087 1450 2133 et
1489 2077 1708 2133 Curiam
1751 2075 1912 2146 Alpes

321 2175 716 2232 mmscendeus
743 2174 864 2238 ⁸⁷⁵³,
895 2172 1103 2226 Italiam
1141 2169 1393 2232 intravit,
1421 2175 1475 2221 et
1501 2165 1762 2236 Sigolfum
1791 2162 1906 2226 ωδ,

323 2269 696 2324 Placentinum
743 2266 1078 2336 episcopum,
1118 2262 1485 2334 quosdamque
1529 2275 1596 2314 ex
1629 2257 1913 2314 comitibus

321 2361 526 2417 Italicis
569 2369 792 2431 propter
820 2357 1168 2412 Adalbertum
1213 2354 1382 2424 priori
1431 2367 1574 2407 anno
1617 2367 1647 2403 a
1689 2365 1746 2404 se
1777 2350 1910 2404 deti-

321 2457 551 2518 cientes,
569 2455 624 2508 in
656 2452 1017 2522 transalpinas
1037 2459 1221 2520 partes
1251 2449 1492 2504 Francia:
1521 2449 1606 2502 vel
1638 2448 1909 2512 Saxoniaz,

321 2545 710 2602 custodiendos
769 2543 983 2598 direxit.
1041 2541 1192 2596 Tunc
1245 2539 1512 2604 Romani,
1573 2539 1912 2608 imperatoris

321 2647 634 2694 metuentes
663 2638 954 2714 adventum
977 2677 992 2702 ,
1021 2635 1282 2692 Rotfredo
1329 2637 1420 2666 ‘7“
1461 2636 1574 2706 jam
1617 2643 1849 2700 n'iortuo,
1879 2649 1912 2688 a

321 2732 571 2788 custodia
601 2747 706 2802 qua
757 2733 1043 2786 tenebatur
1085 2729 1384 2786 Iohannem
1432 2731 1783 2801 apostolicum
1813 2732 1913 2786 ab-

322 2823 578 2890 solvunt,
611 2831 664 2878 et
693 2823 907 2878 veniam
956 2837 1054 2890 pro
1111 2822 1267 2876 malis
1313 2837 1433 2891 qua:
1478 2822 1528 2875 ei
1578 2821 1914 2892 ingesserant

317 2927 614 2987 poscentes
637 2913 758 2980 1"“,
784 2914 838 2966 in
881 2913 1060 2968 locum
1087 2921 1144 2966 et
1181 2913 1364 2968 sedem
1393 2927 1546 2966 suam
1578 2911 1726 2964 illum
1759 2909 1912 2964 resti-

321 3015 504 3061 tuunt.
533 3005 734 3061 Eodem
761 3019 904 3058 anno
933 3017 1116 3058 cernes
1151 3003 1499 3058 Eberhardus
1523 3003 1676 3058 obiit.
1710 3003 1910 3057 Eodem

317 3115 472 3154 anno
519 3098 612 3136 1'"
655 3096 1042 3166 Berengarius,
1087 3094 1356 3165 quondam
1407 3095 1570 3149 Italiae
1616 3110 1740 3158 rex,
1790 3094 1911 3148 exrrl

321 3189 582 3254 moritur,
613 3196 667 3244 et
709 3189 764 3242 in
806 3187 898 3218 ³⁷⁵⁸
929 3185 1245 3257 Babenberg
1275 3187 1365 3219 “'9
1399 3186 1544 3256 regio
1584 3201 1732 3242 more
1759 3199 1912 3256 sepe-

2013 1987 2188 2056 primo
2235 2001 2334 2040 suo
2380 1985 2610 2054 placito,
2656 1985 2770 2040 Deo
2812 1987 3065 2056 propitio,
3115 1989 3347 2058 plurima
3399 1989 3597 2044 futurae

2014 2075 2310 2148 prudent-ia:
2351 2075 2512 2130 simul
2543 2085 2597 2132 et
2627 2077 2925 2134 clementia:
2949 2093 3058 2134 sua:
3101 2079 3192 2110 "7‘
3233 2077 3426 2134 indicia
3455 2095 3595 2150 pra:-

2015 2167 2356 2222 monstravit.
2387 2165 2588 2235 Sicque
2616 2167 2896 2222 nativitate
2926 2167 3287 2224 Praecursoris
3303 2179 3362 2223 et
3387 2179 3598 2239 aposto-

2015 2259 2186 2314 lorum
2221 2259 2510 2313 festivitate
2537 2258 2942 2314 Francono‘t‘urd
2971 2259 3241 2315 celebrata
3260 2299 3274 2324 ,
3309 2259 3410 2314 iter
3439 2275 3595 2314 suum

2011 2349 2413 2406 acceleraturus
2441 2350 2496 2404 in
2533 2349 2825 2404 Sasoniam
2865 2351 3146 2406 remeavit.
3173 2351 3246 2404 Ea
3279 2361 3596 2421 tempestate

2012 2439 2253 2506 Asulfus,
2286 2440 2636 2495 Treverensis
2681 2442 2870 2504 abbas,
2915 2441 3168 2509 praesenti
3213 2442 3338 2495 vitte
3386 2441 3600 2495 subtra-

2013 2532 2180 2596 hitur,
2213 2531 2297 2584 cui
2321 2529 2655 2584 Thietl‘ridus
2682 2543 2968 2584 successor
2995 2528 3230 2598 eligitur.
3256 2527 3410 2583 Tunc
3434 2529 3598 2584 etiam

2014 2613 2243 2676 doninus
2279 2621 2719 2690 archiepiscopus
2751 2617 3112 2673 Wirlihelmus
3153 2618 3486 2688 aliquantula
3516 2619 3600 2674 in-

2013 2711 2272 2767 ﬁrmitate
2299 2713 2564 2775 detentus,
2597 2711 2649 2764 in
2689 2710 2872 2778 brevi,
2905 2710 3016 2766 Deo
3059 2711 3374 2775 miserante,
3404 2725 3602 2766 conva-

2013 2802 2132 2857 luit.
2163 2803 2370 2858 Itomno
2396 2805 2724 2874 imperatore
2749 2803 2806 2858 in
2827 2802 2982 2858 Italia
3002 2812 3398 2868 eommoraute,
3435 2802 3599 2874 legati

2013 2895 2293 2951 Nichol‘ori
2327 2897 2441 2963 ⁸⁷⁷⁸,
2469 2897 2780 2952 Grrecorum
2825 2897 3196 2967 imperatoris,
3227 2895 3498 2952 Ravennae
3534 2898 3600 2952 ad

2013 3004 2136 3044 eum
2161 2999 2422 3046 venerunt
2447 2991 2560 3056 "7’,
2585 2979 2880 3046 honoriﬁca
2907 3005 3088 3046 secum
3111 3005 3336 3044 munera
3369 2987 3604 3046 ferentes

2013 3091 2068 3134 et
2117 3098 2304 3150 pacem
2347 3083 2416 3135 ab
2459 3097 2526 3136 eo
2571 3082 2656 3136 vel
2705 3081 3003 3136 amicitiam
3055 3088 3367 3150 poscentes;
3407 3079 3606 3149 quibus

2017 3171 2406 3226 honorabiliter
2451 3173 2716 3242 susceptis
2747 3173 3110 3241 decenterque
3141 3171 3416 3235 remissis,
3446 3169 3604 3226 dom-

321 3281 490 3347 Iitur;
519 3281 674 3351 cujus
711 3280 872 3336 vidua
901 3278 1084 3344 Willa,
1113 3287 1403 3347 antequam
1455 3277 1798 3348 sepeliretur,
1823 3291 1913 3332 ve-
1941 3257 1984 3319 C
2017 3278 2119 3316 nus
2159 3261 2456 3331 imperator
2483 3262 2729 3314 nuntium
2757 3277 2914 3316 suum
2948 3262 3122 3315 eidem
3151 3260 3460 3316 Graecorum
3495 3259 3598 3314 im-

320 3369 440 3424 qul
488 3370 588 3425 sibi
629 3369 722 3402 ιη’
763 3370 1172 3426 sanctimoniale
1209 3370 1521 3441 assumpsit.
1557 3369 1671 3424 Udo
1708 3381 1910 3433 comes,

323 3464 658 3519 sacramenti
706 3463 928 3530 oblitus,
959 3463 1244 3520 Franciam
1273 3465 1593 3536 ingreditur,
1635 3465 1778 3520 unde
1805 3465 1910 3520 ite-

323 3569 452 3610 rum
477 3555 684 3625 absque
709 3555 858 3610 omni
880 3554 1114 3610 utilitate
1141 3555 1450 3610 revertitur.

917 3683 1341 3740 DCCCCLXVII.

402 3796 466 3848 A.
491 3795 552 3850 D.
584 3797 623 3852 I.
649 3797 752 3852 967
781 3797 1074 3865 imperator
1097 3798 1280 3852 Roma:
1311 3797 1543 3852 natalem
1579 3799 1790 3854 Domini
1824 3813 1912 3854 ce-

321 3886 562 3940 :ebravit
595 3887 704 3952 ‘7“,
734 3897 790 3942 et
817 3897 1043 3957 excepto
1073 3887 1328 3957 praefecto
1357 3888 1517 3945 Urbis
1559 3891 1652 3960 qui
1685 3889 1910 3962 aufuge—

321 3985 440 4043 rat,
471 3977 540 4032 I3
571 3993 636 4034 ex
671 3979 764 4011 ¹⁷⁶²
791 3973 1086 4034 ma'oribus
1125 3979 1518 4048 Romanorum,
1541 3983 1634 4052 qui
1664 3993 1913 4038 auctores

2016 3353 2251 3423 peratori
2278 3369 2378 3423 pro
2403 3352 2777 3424 coniungenda
2805 3352 2858 3406 in
2897 3351 3304 3406 matrimonium
3343 3365 3444 3404 suo
3469 3347 3604 3414 ﬁlio,

2019 3445 2132 3516 regi
2165 3446 2346 3499 Ottoni
2367 3485 2382 3510 ,
2413 3445 2658 3515 privigne
2698 3444 2868 3514 ipsius
2906 3441 3182 3496 Nichofori
3215 3437 3330 3508 im,
3363 3441 3472 3496 ﬁlia
3501 3442 3607 3496 sci-

2017 3533 2143 3590 licet
2171 3535 2400 3590 Romani
2449 3534 2810 3604 imperatoris,
2847 3531 3372 3603 Constantinopolim
3402 3531 3603 3601 dirigit.

1993 3609 2121 3692 'Qui
2177 3627 2374 3682 iterum
2413 3625 2604 3681 eodem
2652 3625 2746 3658 ⁸⁷⁷⁵
2777 3641 2920 3680 anno
2964 3635 3090 3680 ante
3126 3623 3361 3680 natalem
3389 3623 3608 3680 Domini

2021 3718 2087 3771 ad
2125 3717 2504 3787 imperatorem
2553 3717 2862 3772 revertitur.
2903 3716 3104 3772 Eodem
3137 3729 3316 3780 anno,
3367 3715 3605 3770 intrante

2019 3805 2322 3878 Septembri
2353 3807 2447 3839 "’7‘
2475 3821 2690 3873 mense,
2733 3806 2859 3863 Otto
2886 3822 2983 3861 rex
3019 3805 3247 3860 Romam
3279 3806 3454 3860 iturus
3485 3804 3600 3867 "",

2021 3901 2230 3955 decenti
2260 3916 2319 3956 se
2357 3901 2618 3956 comitatu
2651 3915 2900 3970 egressus
2922 3941 2936 3962 ,
2963 3899 3280 3955 memoriam
3310 3899 3403 3931 ’τη
3437 3897 3604 3952 sancti

2023 3991 2300 4048 Michaelis
2329 3994 2383 4048 in
2412 3993 2652 4064 Augusta
2673 3993 2894 4047 civitate
2911 3991 3226 4047 celebravit.

1607 4135 1840 4192 νΑῆιῶ
1879 4137 2284 4199 LECTIONES.

406 4269 982 4340 {ii'rwirziburgensis
1023 4267 1077 4340 7.
1129 4275 1233 4320 etc.

327 4338 429 4372 ⁸⁷⁸⁸
457 4339 710 4409 wilgerus
739 4335 825 4394 II'.
855 4339 939 4392 I2.
971 4339 1209 4409 wikel'l's
1231 4336 1286 4409 5'
1319 4335 1368 4409 7f

263 4407 282 4420 “
327 4405 662 4465 descendens
689 4411 740 4462 7.
837 4409 932 4442 ³⁷⁵⁸
959 4407 1208 4478 sigell‘um
1239 4407 1292 4461 7.
1323 4405 1573 4478 sigalfum
1603 4409 1654 4463 8.

325 4480 420 4534 ὕει.
519 4479 612 4511 ⁸⁷⁸⁷
641 4495 782 4535 anno
809 4496 970 4550 usque
999 4477 1142 4534 anno
1165 4479 1306 4532 deest
1345 4479 1432 4532 II.
1466 4477 1550 4550 12.

326 4551 508 4604 velum
535 4551 623 4603 5c.
656 4565 705 4604 e.
816 4547 906 4584 ‘7“
935 4549 1238 4605 celebratur
1262 4550 1314 4603 7.
1419 4547 1512 4580 1""
1543 4549 1610 4603 14
1659 4563 1724 4604 ex
1770 4551 1821 4604 7.

327 4620 465 4674 tium
491 4621 546 4675 5.
578 4619 772 4675 9—I2.
851 4621 943 4653 ³⁷⁸⁸
973 4631 1027 4675 et
1050 4619 1273 4676 lucanize
1295 4619 1434 4672 deest
1459 4619 1512 4674 5.

1349 4265 1443 4297 "i3
1499 4267 1860 4322 stanchardns
1912 4268 1964 4324 7.
2021 4271 2346 4328 star-kandus
2397 4273 2451 4328 5.

1475 4337 1566 4415 3""
1597 4339 1953 4415 sanctissimae
1993 4343 2177 4415 marite
2229 4343 2455 4415 virginis
2509 4344 2561 4398 5.

1772 4407 1866 4442 "‘5
1905 4409 2148 4468 rutfredo
2177 4415 2265 4468 II.
2311 4407 2584 4470 Fovtl'redo
2623 4413 2678 4467 9.
2723 4411 3000 4467 rothl'redo
3047 4411 3136 4466 I0.

1652 4479 1746 4510 ³⁷⁸⁸
1797 4481 1936 4536 deest
1977 4483 2068 4537 5d.

1939 4551 2031 4625 "i’
2063 4555 2375 4625 expulsionu
2385 4573 2434 4609 m
2468 4555 2520 4608 7.

1593 4620 1683 4694 '_"‘"
1715 4623 1906 4694 othoni
1951 4620 2260 4694 aliquoiiens
2281 4625 2335 4682 5.
2411 4627 2510 4660 ³⁸³⁸⁸
2547 4625 2818 4681 miserunt
2855 4634 2914 4679 ut
2955 4639 3078 4680 eum
3103 4621 3190 4678 I0.
3266 4622 3359 4658 ⁸⁷⁸⁸
3383 4631 3438 4678 et
3481 4635 3606 4694 cum

2566 4273 2658 4305 ιη’
2702 4269 3074 4326 ruboloce‘nsis
3127 4265 3464 4332 ruolocensis
3515 4267 3602 4324 I0.

2680 4337 2771 4374 ³⁷⁵³
2823 4341 3048 4396 consilio
3103 4339 3194 4394 5d.
3299 4339 3394 4370 ””
3457 4337 3607 4408 alpes

3235 4409 3330 4477 im
3358 4417 3607 4491 PP.‘."“ii‘-§

2193 4484 2286 4518 ⁸⁷⁵⁸
2329 4483 2672 4540 babenberch
2719 4484 2772 4539 9.
2817 4482 3124 4538 babenberc
3161 4479 3247 4537 I0.
3363 4479 3465 4512 ιτθο
3503 4479 3608 4536 sibi

2193 4555 2434 4608 tlsionum
2468 4555 2520 4608 7.
2615 4553 2710 4586 ‘1“
2743 4553 3036 4608 celebravit
3063 4553 3116 4606 7.
3217 4549 3311 4584 ³⁷⁸⁵
3343 4565 3608 4606 τανεηιιειο

2743 4567 3036 4609 celebrant
3064 4567 3116 4606 il.
3217 4567 3311 4584 “‘"’
3343 4567 3608 4606 ravenna»

325 4691 544 4776 i_p_sis_
622 4691 722 4776 “:7:
741 4691 998 4776 festinare
1018 4692 1105 4776 7.”
1151 4691 1381 4776 “Pisum
1405 4690 1548 4776 deest
1711 4690 2110 4776 "flriicephori
2145 4697 2201 4751 5.
2236 4697 2521 4776 nicephori
2544 4696 2640 4776 _I_I_.
2674 4695 2763 4752 I2.
2839 4695 3097 4776 "_"_eunm
3137 4699 3507 4776 pgnvenerunt
3548 4691 3603 4746 9.

327 4761 418 4816 II.
449 4761 536 4816 I2.
633 4762 728 4796 *7"
755 4762 1032 4830 nicephori
1071 4761 1126 4816 5.
1153 4761 1436 4831 nicephori
1470 4761 1553 4815 II.
1589 4761 1676 4816 I2.

1755 4763 1851 4795 ¹⁷⁷⁶
1882 4763 1974 4834 qui
2005 4766 2166 4834 igitur
2196 4763 2386 4824 eodem
2412 4769 2466 4822 7.

2543 4766 2636 4800 ""
2671 4765 3000 4837 septembrio
3021 4764 3220 4822 9-12.
3311 4763 3403 4800 ""
3433 4763 3604 4817 iturus

325 4831 470 4886 deest
495 4831 690 4888 9-12.
767 4833 862 4866 ’⁷η
888 4831 1102 4888 decenti
1127 4841 1212 4888 est
1233 4832 1490 4887 comitatu
1513 4846 1766 4901 egressus
1786 4831 2212 4906 memoriamque
2234 4839 2266 4891 Ἰ

1885 4971 2116 5030 NOTAE.

335 5073 342 5078 ’
395 5081 576 5158 (182⁸)
607 5085 1028 5144 Eichstadensis.
