3944 6396
539 414 639 470 187
1231 378 1239 383 ’
1592 403 1962 461 uEGINouts
2001 402 2415 460 rauumusns
2452 402 2740 458 ABBATIS
3695 408 3775 465 ns

537 544 694 600 Porro
724 523 968 607 ,(Ξαρέίυὲἔι
1000 521 1287 607 ῌέῖκηίαη,
1311 519 1493 607 “ﬁdem
1522 532 1643 607 ﬁtfit!
1675 523 1900 607 cunt/iis
1925 539 2063 607 nque:
2106 523 2350 592 leguntur
2375 524 2431 576 in
2466 522 2815 607 Inquisitioue
2853 523 2978 576 ista.
3012 516 3202 587 Itaque
3245 518 3317 607 uel
3377 516 3572 607 Regina
3586 527 3770 607 [accepit

536 588 601 655 ἔα
628 614 693 653 ea:
718 588 973 666 Capitulis
1013 591 1287 646 Hincmari
1309 590 1671 666 uberioribus,
1701 593 1890 666 quibus
1917 588 2173 666 hactenus
2195 610 2476 666 caremus;
2496 588 2934 666 autﬂincmarus
2960 588 3277 666 sua-accepit
3305 605 3371 642 ea:
3402 590 3555 666 ueteri
3581 588 3768 660 formula

493 674 496 677 λ
538 685 605 723 ea:
634 686 739 739 qua
766 657 812 739 et
850 665 1042 739 Regina
1073 674 1249 739 postea
1284 661 1591 734 descripsit;
1634 657 1775 734 quod
1817 663 2030 733 propius
2062 681 2178 718 vero
2222 663 2554 718 crediderim.
2585 662 2643 717 Si
2691 664 2776 716 cui
2809 672 2984 718 tamen
3026 657 3375 712 alitervisum
3410 657 3591 727 fuerit,
3613 676 3693 730 per
3712 680 3772 718 me

539 731 661 793 licet
695 746 750 793 ut
785 738 829 791 is
847 731 1052 807 judicio
1083 750 1178 787 suo
1212 731 1442 803 fruatur.

540 1020 776 1066 INCIPIT
819 1017 1164 1071 INQUISITIO
1211 1017 1289 1083 QE
1329 1016 1429 1058 HIS
1460 1016 1605 1069 ρυλε
1637 1011 1976 1056 Ειηεοορυε
2006 1011 2097 1054 γε]

2304 992 2391 1045 17.
2436 990 2493 1047 Si
2544 992 2876 1064 suspiciosus
2939 994 3007 1049 de
3058 993 3238 1066 aliqua
3300 996 3504 1051 femina
3552 998 3653 1064 sit,
3704 1012 3775 1056 aut

617 1100 768 1143 laws
799 1098 1087 1141 MINISTRI
1130 1096 1195 1138 υτ
1244 1096 1363 1139 suo
1396 1094 1724 1139 DISTRICTU
1754 1092 1872 1137 ver.
1899 1092 2123 1134 TERRI-
2231 1084 2284 1138 in
2342 1097 2439 1137 sua
2492 1084 2652 1139 domo
2682 1084 2920 1155 aliquam
2969 1085 3443 1142 subintroductam
3474 1088 3658 1144 habeat
3682 1106 3773 1145 mu-

620 1179 813 1223 TOBIO
836 1178 1189 1231 INQUIREBE
1226 1176 1517 1218 DEBEANT
1546 1176 1665 1218 PER
1692 1172 1890 1227 VICOS,
1908 1170 2122 1225 PAGOS,

882 1178 1189 1231 ερυιιιιῖιιιῑ
1226 1176 1517 1218 DEBEANT
1546 1176 1665 1218 PER
1692 1172 1890 1227 VICOS,
1908 1170 2122 1225 PAGOS,
2228 1177 2439 1233 ﬁerem.

618 1260 829 1313 ATQUE
859 1255 1248 1300 “meum”
1278 1255 1413 1299 50E
1448 1252 1843 1298 DIOECESEOS‘
2301 1273 2388 1328 18.
2432 1273 2487 1327 Si
2531 1274 2713 1328 visitet
2752 1273 3019 1339 inﬁrmos,
3057 1275 3102 1329 si
3138 1290 3232 1330 eos
3260 1274 3593 1339 reconciliet,
3633 1275 3671 1329 si
3703 1292 3776 1332 eos

606 1364 878 1433 Inprimis
910 1362 1288 1432 inquirendum
1319 1370 1402 1417 est
1433 1361 1484 1416 in
1517 1361 1670 1429 cujus
1705 1358 1880 1415 sancti
1919 1358 2126 1412 honore
2234 1373 2401 1435 ungat
2431 1365 2551 1420 oleo
2582 1374 2770 1421 sancto
2810 1363 2965 1435 juxta
3009 1366 3354 1437 Apostolum,
3392 1367 3437 1419 si
3468 1382 3559 1421 eos
3599 1370 3774 1438 propria

538 1466 854 1512 consecrata
879 1456 949 1511 sit
980 1456 1226 1521 basilica,
1272 1454 1357 1510 vel
1404 1470 1433 1508 a
1457 1469 1566 1525 quo
1595 1454 1759 1509 fuerit
1786 1460 2119 1507 consecrata.
2228 1471 2389 1510 manu
2422 1458 2805 1522 communicet,
2830 1468 2886 1513 et
2917 1451 3023 1514 non
3058 1474 3155 1530 per
3182 1458 3486 1530 quemlibet
3512 1460 3708 1514 laicum.
3732 1459 3774 1515 Si

538 1547 668 1603 Post
718 1548 833 1602 haec
863 1547 973 1617 ipsa
1003 1546 1229 1601 ecclesia
1259 1546 1745 1617 circumspiciatur,
1791 1542 1835 1598 si
1892 1542 2027 1597 bene
2056 1540 2126 1593 sit
2228 1547 2408 1601 tradat
2433 1548 2879 1603 communionem
2912 1549 3051 1605 laico
3075 1559 3171 1604 aut
3200 1549 3421 1604 femina:
3447 1551 3513 1604 ad
3558 1549 3774 1606 deleren-

537 1650 791 1710 cooperta
815 1649 977 1708 atque
1003 1646 1297 1703 camerata,
1330 1646 1386 1693 et
1412 1652 1478 1692 ne
1514 1636 1587 1692 ibi
1618 1633 1877 1692 columba:
1906 1631 1989 1687 vel
2017 1632 2125 1702 22
2227 1639 2353 1692 dum
2384 1637 2637 1694 inﬁrmo;
2670 1639 2811 1709 quod
2843 1638 2993 1694 nefas
3019 1648 3124 1695 (εει,

535 1729 654 1784 alim
675 1746 802 1785 aves
840 1729 1118 1784 nidiﬁcent
1144 1738 1366 1800 propter
1422 1727 1815 1782 immunditiam
1866 1722 2127 1780 stercoris
2302 1730 2390 1785 i9.
2436 1729 2492 1784 Si
2532 1747 2626 1802 pro
2656 1720 3338 1802 baptizan‘disinramibns,
3365 1731 3689 1788 animm-mis
3713 1749 3778 1787 ι-ρ.

537 1821 650 1874 sive
676 1819 1099 1890 importunitatis
1136 1817 1589 1889 inquietudinem.
1734 1840 1739 1849 ι
2228 1806 2604 1885 conciliandis,
2632 1822 2719 1878 vel
2744 1824 2972 1879 mortuis
3008 1822 3360 1893 ‘sepeliendis,
3392 1824 3671 1894 praemium
3716 1825 3776 1879 vel

606 1913 659 1967 2.
702 1911 821 1980 Quo
848 1911 1060 1966 metallo
1080 1912 1189 1967 sint
1207 1911 1357 1981 signa
1383 1910 1550 1979 ipsius
1575 1907 1840 1964 ecclesiae.
2227 1927 2425 1966 nmnus
2455 1913 2658 1982 exigat.
2701 1955 2706 1960 .

615 2006 669 2059 5.
713 2003 768 2058 Si
802 2002 1003 2061 fenum.
1048 2017 1284 2067 annona,
1313 2011 1407 2055 aut
1441 2000 1548 2056 tale
1587 1998 1789 2070 aliquid
1817 1998 1870 2053 in
1896 1997 2125 2054 ecclesia
2300 2002 2388 2057 20.
2431 2003 2569 2059 Illud
2607 2020 2769 2076 super
2797 2006 2976 2061 omnia
3007 2008 3487 2077 pet-scrutandum,
3521 2008 3564 2063 si
3590 2009 3689 2062 sine
3706 2009 3777 2062 ba-

538 2096 847 2151 mittantur.
1889 2135 1900 2143 .
2048 2136 2051 2141 ‹
2229 2093 2429 2163 ptismo
2458 2109 2554 2164 per
2596 2095 2977 2166 negligentiam
3006 2096 3311 2168 presbyteri
3344 2096 3539 2168 aliquis
3560 2096 3712 2153 infans
3734 2099 3772 2151 in

605 2188 659 2242 4.
705 2187 910 2241 Deinde
935 2186 1002 2240 ad
1034 2185 1205 2241 altare
1232 2185 1494 2241 accedere
1538 2191 1774 2253 oportet,
1802 2190 1859 2237 et
1885 2188 2127 2237 contem-
2229 2185 2505 2254 paruechia
2529 2195 2775 2243 mortuus
2799 2199 2900 2242 est.

532 2282 670 2352 plari
697 2280 876 2350 qualia
905 2280 1015 2333 sint
1044 2279 1353 2333 indumenta
1387 2277 1524 2347 ejus,
1556 2284 1691 2346 quot
1721 2288 1883 2338 nova,
1911 2280 1966 2327 et
1994 2280 2126 2342 quot
2300 2279 2389 2333 2|.
2434 2280 2489 2333 Si
2542 2296 2639 2353 per
2688 2281 2877 2337 domos
2912 2290 3069 2337 extra
3097 2281 3388 2339 ecclesiam
3442 2282 3651 2338 missam
3676 2296 3774 2336 can-

534 2384 773 2439 vetusta,
798 2383 852 2427 et
888 2371 1122 2442 qualiter
1147 2371 1338 2425 nitida.
2154 2383 2203 2443 Β
2231 2375 2326 2424 tet.

606 2465 660 2520 5.
702 2465 820 2530 Quo
851 2461 1068 2516 metallo
1088 2460 1197 2516 sint
1224 2475 1400 2529 capsa:
1420 2467 1474 2514 et
1496 2475 1686 2515 cruces
1712 2470 2007 2529 coopertae,
2035 2467 2131 2514 aut
2301 2459 2393 2513 22.
2438 2460 2493 2515 Si
2526 2462 2593 2516 sit
2622 2463 2875 2518 ebriosus
2904 2464 2986 2519 vel
3010 2463 3298 2536 litigiosus.

535 2557 580 2610 si
607 2555 895 2625 diligenter
921 2552 1214 2606 recondita:
1249 2557 1376 2605 sunt
1404 2547 1648 2619 reliquize
1672 2548 1728 2603 in
1752 2550 1936 2615 altari,
1968 2557 2062 2603 aut
2083 2549 2129 2603 si
2300 2553 2410 2625 24
2442 2554 2531 2608 25.
2576 2553 2632 2609 Si
2664 2571 2813 2609 arma
2839 2554 2977 2610 ferat
3003 2555 3054 2610 in
3086 2557 3374 2613 seditione.

535 2650 665 2718 ipse
688 2663 863 2717 capsae
888 2646 1026 2701 seris
1045 2654 1101 2699 et
1130 2645 1297 2701 clavis
1326 2644 1546 2698 munitae
1566 2651 1717 2698 sunt.
2299 2643 2390 2698 21.
2434 2644 2489 2699 Si
2523 2661 2720 2699 cauum
2748 2654 2842 2700 aut
2873 2646 3054 2700 avium
3069 2645 3212 2715 jocis
3240 2647 3536 2703 deserviat.

478 2806 485 2809 _
607 2741 661 2795 6.
704 2740 821 2806 Quo
870 2738 1085 2794 metallo
1119 2738 1185 2792 sit
1208 2726 1350 2794 cali'x
1379 2747 1434 2791 et
1460 2745 1678 2806 patena,
1705 2745 1760 2793 et
1814 2737 1858 2791 si
1893 2737 2129 2792 mundus
2300 2738 2388 2793 25.
2431 2738 2486 2791 Si
2523 2738 2573 2790 in
2609 2738 2847 2792 tabernis
2879 2739 3051 2793 bibat.

538 2832 611 2887 sit
646 2834 714 2885 ab
744 2831 890 2886 omni
922 2832 1102 2895 sorde,
1133 2839 1227 2886 aut
1254 2830 1342 2884 ubi
1368 2838 1677 2899 reponatur.
2300 2830 2391 2886 26.
2435 2829 2491 2885 Si
2542 2827 2797 2885 clericum
2852 2831 3050 2885 habeat
3093 2831 3183 2901 qui
3233 2831 3384 2902 legat
3410 2829 3681 2902 Epistolan
3707 2827 3769 2883 vel

609 2925 661 2976 7.
701 2923 757 2977 Si
784 2921 1063 2992 corporale
1083 2937 1151 2977 ex
1176 2919 1531 2975 mundissimo
1545 2928 1599 2975 et
1620 2919 2130 2976 nitidissimolintco
2230 2923 2512 2978 lectionem
2540 2931 2593 2977 ct
2618 2923 2711 2994 qui
2741 2923 2810 2977 ad
2836 2924 3056 2979 missam
3104 2924 3455 2993 respondeat,
3514 2932 3563 2979 ct
3598 2938 3700 2979 cum
3722 2936 3770 2977 eo

536 3015 628 3079 sit,
654 3022 709 3069 et
736 3014 822 3070 ubi
850 3015 1192 3069 recondatur.
2227 3014 2468 3086 psalmos
2494 3022 2697 3069 cantet.

608 3111 662 3163 8.
705 3108 761 3163 Si
788 3108 937 3163 locus
957 3110 1029 3163 sit
1055 3109 1108 3163 in
1125 3108 1420 3164 secretario
1439 3117 1531 3162 aut
1549 3107 1700 3178 iuxta
1727 3107 1899 3163 altare
1920 3123 2128 3178 praepa-
2297 3105 2385 3160 27.
2413 3103 2469 3160 Si
2494 3104 2772 3160 nocturnis
2796 3105 2944 3161 horis
2975 3105 3042 3160 ad
3068 3105 3371 3163 matutinas
3397 3105 3578 3162 laudes
3604 3100 3769 3175 persol-

535 3207 687 3254 ratus
717 3199 805 3253 ubi
838 3214 976 3269 aqua
1005 3197 1204 3254 effundi
1237 3200 1405 3268 possit
1427 3200 1642 3269 quando
1675 3200 1789 3255 haec
1812 3200 2126 3265 abluuntur,
2229 3198 2433 3252 vendas
2453 3196 2600 3251 omni
2628 3205 2783 3252 nocte
2805 3204 3010 3266 surgat.
3616 3222 3619 3227 ·

538 3301 595 3347 et
651 3292 695 3347 si
748 3309 847 3349 vas
903 3293 975 3348 ibi
1008 3293 1306 3365 dependeat
1338 3293 1427 3348 ubi
1468 3292 1722 3351 sacerdos
1768 3309 1959 3350 manus
1983 3294 2127 3350 lavet
2297 3288 2388 3343 28.
2432 3286 2488 3343 Si
2541 3288 2770 3358 primam
2799 3306 2827 3351 .‘
2867 3288 3101 3351 tertiam.
3158 3295 3399 3355 sextam,
3433 3303 3618 3345 nonam
3653 3292 3767 3341 certo

537 3394 663 3455 post
682 3386 1084 3456 perceptionem
1124 3386 1368 3454 corporis
1393 3393 1449 3439 et
1475 3386 1753 3457 sanguinis
1783 3386 2018 3452 Domini,
2072 3395 2128 3442 et
2231 3388 2471 3452 tempore
2494 3379 2647 3451 signo
2664 3379 2909 3436 ecclesia:
2931 3379 3233 3447 denuntiet,
3260 3390 3319 3437 et
3342 3395 3558 3437 cursum
3578 3378 3767 3435 debitum

535 3475 842 3548 presbyter,
869 3476 1149 3541 diaconus,
1182 3484 1275 3530 aut
1300 3475 1663 3531 subdiaconus
1690 3476 1762 3531 ibi
1802 3477 1978 3546 primo
2006 3492 2131 3532 eor-
2229 3482 2432 3529 cantet.

539 3564 724 3632 porale
752 3565 914 3619 lavet.
2294 3563 2384 3618 29.
2426 3562 2481 3618 Si
2513 3563 2800 3619 missarum
2823 3563 3082 3619 solemnia
3101 3579 3208 3620 non
3239 3575 3368 3620 ante
3391 3566 3571 3621 horam
3599 3560 3766 3619 tertiam

608 3658 663 3712 9.
701 3658 1085 3728 lnquirendum
1116 3658 1161 3711 si
1208 3658 1365 3729 pyxis
1400 3672 1613 3726 semper
1638 3656 1708 3711 sit
1750 3673 1913 3727 super
1953 3656 2124 3713 altare
2229 3655 2593 3713 celebrentur.

540 3764 664 3803 cum
696 3764 848 3802 sacra
878 3748 1151 3802 oblatione
1175 3749 1243 3803 ad
1269 3749 1522 3804 viaticum
1554 3748 1801 3803 inﬁrmis.
2154 3745 2199 3808 C
2300 3748 2391 3803 50.
2434 3748 2489 3803 Si
2531 3749 2832 3820 presbyter,
2881 3750 3024 3821 quod
3084 3750 3246 3817 absit,
3305 3759 3582 3822 postquam
3624 3745 3785 3801 cibum,

614 3840 699 3893 10.
739 3838 797 3895 Si
821 3839 1087 3894 Missalem
1112 3840 1408 3911 plenarium
1443 3839 1630 3914 [Forte
1690 3840 2034 3903 Psalterium,
2069 3852 2126 3895 ut
2233 3849 2326 3893 aut
2383 3849 2569 3909 potum
2629 3842 2955 3912 sumpserit,
3006 3842 3227 3897 missam
3277 3842 3550 3897 celebrare
3598 3848 3763 3909 prtesu‘

533 3935 592 3991 in
621 3933 880 4002 Capitulis
907 3933 1152 3988 Walterii
1206 3933 1476 3988 Aurelian.
1508 3949 1554 3987 ε.
1603 3932 1680 4006 ⁸7].
1725 3933 2125 3989 Lectionarium
2230 3940 2361 3985 mat.
2704 3942 2717 3953 ‘

533 4031 590 4077 et
611 4021 1060 4092 Antiphonarium
1116 4023 1330 4078 habeat.
1369 4022 1505 4077 Nam
1534 4022 1652 4078 sine
1678 4024 1761 4080 bis
1813 4023 1976 4078 missa
2005 4038 2127 4093 per-
2297 4022 2385 4075 51.
2430 4020 2484 4076 Si
2512 4019 2843 4077 thuribulum
2864 4021 3088 4089 habeat,
3118 4032 3173 4078 et
3202 4023 3488 4079 incensum
3531 4021 3578 4075 in
3599 4012 3761 4074 sacriﬁ-

536 4115 677 4173 tecte
703 4130 808 4169 non
830 4114 1158 4169 celebratur.
2227 4111 2313 4165 cio
2343 4112 2551 4166 Domini
2587 4112 2798 4167 oil'erat.

604 4209 690 4264 11.
735 4206 1035 4263 Videndum
1059 4208 1222 4261 etiam
1260 4215 1390 4277 quot
1417 4207 1507 4262 alii
1536 4206 1656 4261 libri
1682 4206 1755 4261 ibi
1786 4207 1914 4272 sint,
1946 4215 2003 4261 et
2049 4221 2119 4261 ait
2298 4203 2387 4257 52.
2429 4202 2484 4259 Si
2512 4203 2735 4257 verbum
2766 4203 2978 4258 Domini
3002 4205 3196 4275 populo
3226 4205 3525 4260 annuntiet.

532 4302 671 4357 bene
723 4301 831 4355 sint
861 4299 1047 4354 retiati
1091 4298 1295 4373 [Editio
1326 4297 1675 4354 .Helmwstad.
1735 4308 1781 4352 et
1814 4296 2118 4362 Ilincmar.,
2293 4293 2381 4349 55.
2422 4292 2479 4348 Si
2536 4305 2776 4363 tempore
2824 4303 3045 4355 statuto,
3084 4296 3135 4349 id
3164 4304 3247 4351 est
3270 4297 3416 4351 circa
3467 4295 3637 4349 horam
3678 4295 3760 4339 ler-

533 4342 671 4357 ..νην
723 4342 831 4355 ......
865 4342 1047 4354 .........
1093 4342 1293 4373 μνη..-
1326 4342 1675 4354 ---.....--......
1735 4342 1781 4352 ν.
1814 4342 2118 4362 --...-.......,
2295 4342 2380 4349 ν--
2424 4342 2479 4348 η-
2537 4342 2774 4363 Mur---
2824 4342 3045 4355 ___-----,
3168 4342 3246 4351 τ--
3274 4342 3416 4351 νην*
3467 4342 3633 4349 -.-μή

533 4389 796 4463 recitati],
828 4399 959 4461 quot
982 4398 1035 4445 et
1083 4391 1256 4460 qualia
1284 4392 1604 4447 vestimenta
1638 4392 1992 4447 sacerdotalia
2048 4392 2122 4447 ibi
2223 4384 2353 4443 tiam
2395 4385 2540 4450 diei.
2598 4387 2828 4441 missam
2885 4387 3152 4451 θειῡὺτει,
3210 4396 3267 4441 0t
3320 4396 3444 4457 post
3477 4386 3583 4440 him
3625 4390 3757 4447 “S‘lue
3886 4342 3887 4421 ι

531 4484 661 4544 sint,
702 4491 755 4535 et
782 4483 824 4536 si
855 4482 966 4535 sint
989 4482 1155 4535 nitida
1194 4491 1287 4535 aut
1322 4483 1374 4536 in
1406 4483 1578 4537 nitido
1607 4482 1723 4538 loco
1767 4483 2116 4539 collocentur.
2224 4479 2290 4533 ad
2320 4478 2552 4532 medium
2599 4477 2741 4533 diem
2788 4479 3017 4549 jejunet,
3051 4490 3111 4534 ut
3139 4481 3441 4551 hospitibus
3469 4488 3616 4547 atque
3635 4483 3755 4543 perc-

602 4575 688 4627 12.
732 4573 1137 4643 Requirendum
1167 4575 1232 4630 de
1258 4575 1623 4630 luminaribus
1650 4576 1819 4646 ipsius
1848 4576 2123 4647 ecclesiae,

2221 4583 2316 4639 grc
2359 4568 2741 4635 venientibus,
2790 4569 2836 4625 si
2895 4585 3118 4626 necesse
3159 4569 3359 4636 fuerit,
3384 4568 3546 4637 possit
3572 4564 3751 4619 missam

529 4672 583 4718 et
608 4671 737 4733 quot
764 4664 1003 4718 cerarios
1026 4665 1244 4722 habeat.
2225 4670 2466 4716 cantare.

600 4753 706 4824 23
749 4754 833 4807 ιδ.
876 4754 1315 4825 lnvestigandum
1362 4755 1407 4810 si
1469 4755 1666 4811 habeat
1724 4757 1839 4829 ipsa
1884 4758 2121 4819 ecclesia
2290 4751 2380 4805 54-
2423 4750 2479 4807 Si
2500 4768 2683 4807 curam
2699 4765 2995 4823 pauperum
3011 4767 3075 4808 ac
3096 4753 3504 4824 peregrinorum
3530 4743 3754 4816 οιοτριιίι·

523 4861 777 4899 mansum
811 4845 1095 4901 habentem
1127 4843 1386 4901 honvaria
1410 4846 1715 4912 duodecim,
1745 4857 1946 4917 pr:eter
1968 4850 2117 4903 cimi-
2219 4862 2410 4901 norum
2441 4846 2656 4911 haheat,
2690 4863 2889 4915 eosque
2924 4846 3078 4916 juxta
3100 4846 3510 4917 possibilitatem
3539 4854 3670 4897 suam
3701 4831 3750 4887 ειιΙ

526 4938 745 5003 terium,
792 4947 845 4992 et
867 4949 1073 4993 curtem
1120 4940 1208 4994 ubi
1235 4940 1464 4995 ecclesia
1496 4950 1552 4997 et
1579 4942 1769 4997 domus
1815 4943 2119 5014 presbyteri
2217 4953 2373 4994 suum
2407 4939 2687 5007 prandium
2713 4939 2924 4995 invitet.

523 5026 853 5090 continetur,
888 5029 1014 5083 etsi
1062 5028 1257 5083 habeat
1308 5030 1576 5095 mancipia
1603 5041 1859 5100 quatuor.
2287 5029 2376 5084 55.
2436 5029 2490 5083 Si
2544 5045 2744 5100 aquam
2800 5029 3138 5085 hencdictam
3200 5030 3348 5085 omni
3403 5029 3487 5083 die
3542 5015 3745 5080 Domini-

599 5114 688 5170 M.
731 5115 871 5182 Quot
906 5131 1124 5171 mansos
1157 5118 1353 5171 habeat
1404 5119 1725 5190 ingenuiles,
1755 5131 1809 5174 et
1832 5131 1962 5191 quot
1989 5138 2110 5178 scr-
2138 5133 2189 5191 1)
2218 5138 2281 5177 co
2338 5130 2462 5176 ante
2513 5124 2802 5177 missarum
2860 5122 3122 5178 solemnia
3177 5120 3346 5177 faciat
3390 5122 3441 5175 in
3487 5129 3605 5172 vase
3644 5105 3746 5164 nili“

524 5205 680 5270 viles,
714 5217 806 5260 aut
834 5206 1068 5279 accolas,
1102 5206 1245 5263 unde
1266 5209 1472 5264 decima
1506 5211 1782 5266 reddatur.
2216 5214 2286 5269 do
2331 5224 2386 5268 et
2438 5223 2589 5270 tanto
2640 5214 2945 5270 ministerio
2991 5214 3379 5280 convenienti,
3435 5212 3497 5265 de
3542 5220 3633 5278 qua
3674 5211 3745 5269 P°'

596 5298 683 5353 15.
743 5299 1207 5356 Coitsidcrandum
1260 5303 1425 5356 etiam
1492 5304 1538 5357 si
1608 5305 1802 5359 atrium
1863 5306 2109 5362 ecclesia:
2215 5309 2372 5379 pulns
2418 5308 2629 5364 intrans
2670 5307 2957 5365 ecclesiam
2984 5314 3036 5361 et
3084 5307 3320 5363 stansiu
3360 5300 3572 5359 ecclesia
3596 5304 3745 5361 aspera

525 5392 599 5445 sit
659 5407 801 5463 saepe
849 5395 1158 5460 inunitum,
1217 5411 1286 5450 ne
1354 5396 1531 5466 aliqua
1592 5396 1932 5452 immunditia
1990 5398 2106 5468 pol-
2215 5410 2392 5473 gatur.

521 5480 722 5536 luatur.

2283 5491 2373 5547 56.
2417 5490 2472 5544 Si
2511 5489 2735 5545 calicem
2756 5498 2849 5543 aut
2873 5497 3127 5560 patenam
3162 5489 3246 5544 vel
3292 5487 3648 5542 vestimentum
3674 5483 3740 5560 sar

775 5575 852 5631 De
887 5578 988 5633 vita
1035 5590 1085 5634 et
1120 5582 1508 5637 conversatione
1545 5581 1854 5652 presbyteri.
2214 5580 2487 5637 cerdotale
2512 5580 2819 5635 autlihrum
2847 5555 3144 5650 praesumat
3198 5575 3498 5635 tabernario
3544 5566 3636 5640 25
3675 5555 3739 5613 νει

596 5668 683 5725 16.
740 5669 1121 5742 lnquirendum
1193 5676 1237 5729 si
1310 5676 1591 5748 presbyter
1666 5675 1855 5732 cellam
1915 5674 2110 5731 habent
2213 5673 2529 5743 negotiatori
2557 5673 2607 5726 in
2633 5672 2845 5727 vadium
2869 5673 3017 5728 dare.

515 5764 673 5836 juxta
727 5766 1051 5836 ert-lesiam,
1112 5778 1198 5823 aut
1233 5771 1532 5842 suspiciosa
1581 5770 1633 5826 in
1656 5770 1887 5827 circuitu
1913 5771 2104 5827 ostiola
2281 5768 2371 5821 57.
2416 5766 2472 5820 Si
2526 5766 2744 5822 xeuinm
2795 5765 2875 5821 vel
2942 5767 3304 5837 quodcunque
3370 5756 3739 5819 emohuncnwtll

520 5858 646 5912 sint.
2214 5857 2541 5929 temporale,
2604 5858 2711 5912 imo
2773 5858 3160 5913 detrimentum
3211 5851 3510 5927 spirituale,
3561 5860 3585 5897 ει
3627 5849 3742 5934 ⁸1⁸³⁸⁸.
