3944 6416
55 413 134 470 189
891 410 978 464 DE
1017 411 1297 466 ECCLES.
1341 409 1620 464 DiSCll’L.
1661 410 1841 464 LIBRI
1881 413 2039 467 DL'O.
2069 443 2142 452 -—
2168 413 2294 468 LIB.
2339 415 2374 468 Ι.

51 546 234 600 cunque
273 527 490 597 publice
537 535 792 598 peccante
847 526 928 580 vel
985 527 1292 580 incestuoso
1350 525 1607 594 accipiat,
1639 529 1690 586 Λ
1785 525 1871 579 60.
1921 525 1986 580 Ut
2033 527 2210 580 nullus
2239 527 2468 584 clericus
2498 530 2564 584 ad
2603 533 2816 600 nuptias
2855 545 3064 607 pergat.

50 631 98 676 υι
137 619 382 688 episcopo
441 615 532 670 vel
575 615 690 684 ejus
739 616 1000 670 ministris
1037 625 1320 684 peccatum
1353 615 1495 669 illius
1521 631 1606 670 re-
1781 615 1868 670 6|.
1913 615 1967 670 Si
1995 617 2062 671 de
2085 619 2444 675 oblationibus
2473 637 2589 689 qure
2615 639 2642 676 a
2669 627 2865 694 popqu
2885 628 3184 688 offeruntur
3207 635 3295 690 die

51 713 206 765 liceat,
1710 709 1988 764 Dominico
2009 719 2060 764 et
2084 712 2134 766 in
2161 713 2349 768 diebus
2372 715 2542 780 festis,
2571 721 2778 788 expleta
2802 723 2907 793 27
2933 725 3117 792 missa,
3145 729 3295 785 eulo-

105 801 180 854 58.
221 796 276 852 Si
313 797 556 865 aliquem
608 797 786 851 minus
816 798 976 866 digne
1021 797 1371 866 pceuiteutem
1401 796 1604 848 favoris
1708 800 1821 869 gias
1859 801 1998 870 plebi
2037 804 2254 859 tribuat.

45 899 118 944 aut
139 886 526 942 familiaritatis
551 895 640 940 aut
667 886 1150 955 consanguinitatis
1199 887 1368 954 gratia
1419 886 1483 940 ad
1517 903 1606 940 re-
1777 889 1864 944 62.
1893 891 1948 945 Si
1981 893 2097 948 sine
2126 896 2260 949 stola
2289 898 2369 952 vel
2395 901 2576 952 orario
2601 902 2651 954 in
2681 891 2878 959 itinere
2909 907 3143 964 incedat.

47 975 448 1032 conciliationem
474 976 728 1042 adducat,
779 984 834 1030 et
877 976 925 1029 ei
959 975 1328 1030 testimonium
1359 977 1606 1032 reconci-
1779 984 1866 1038 65.
1893 983 1948 1039 Si
1983 999 2308 1058 postponens
2338 990 2608 1048 clericalia
2635 997 2979 1064 vestimenta,
3009 1000 3290 1060 laicalibus

44 1067 248 1124 'iationis
271 1068 432 1122 ferat.
1707 1085 1892 1131 utatur
1932 1079 2280 1136 indumentis.
2846 1084 2848 1086 ’

100 1160 174 1214 59.
213 1158 264 1212 Si
311 1159 540 1227 quando
587 1160 653 1212 ad
703 1159 1134 1213 anniversarium
1180 1160 1318 1214 diem
1343 1202 1357 1224 ,
1394 1161 1604 1216 tricesi-
1777 1167 1864 1222 6t.
1893 1168 1948 1222 Si
1977 1185 2172 1240 aquam
2203 1187 2324 1226 cum
2363 1175 2487 1230 vino
2521 1178 2747 1232 misceat
2787 1181 2840 1234 in
2879 1182 3148 1240 sacrificio
3183 1184 3294 1240 Do-

47 1267 196 1314 mum,
263 1249 600 1318 septimum,
655 1249 738 1302 vel
807 1250 1024 1304 tertium
1081 1249 1304 1318 alicujus
1366 1252 1601 1306 defuncti
1709 1259 1860 1314 mini.

45 1351 234 1396 vocatus
281 1340 484 1406 fuerit,
535 1356 594 1396 se
643 1341 915 1396 inebriare
957 1353 1254 1412 praesumat
1297 1353 1352 1398 et
1393 1345 1602 1413 precari

47 1439 86 1492 in
127 1451 292 1490 amore
349 1445 672 1490 sanctorum
723 1435 802 1490 vel
837 1437 1005 1506 ipsius
1057 1438 1250 1492 animae
1309 1438 1602 1502 bibere,ct

49 1531 154 1584 alios
212 1528 272 1582 ad
322 1528 623 1582 bibendum
667 1545 891 1598 cogere,
955 1529 1038 1583 vel
1093 1543 1150 1584 se
1206 1530 1376 1584 aliena
1414 1546 1604 1600 preca-

49 1625 162 1677 tione
207 1621 544 1692 ingurgitare
571 1663 586 1686 ,
637 1631 692 1676 et
736 1621 957 1692 plausus
1001 1631 1054 1676 et
1103 1623 1244 1676 risus
1301 1623 1602 1676 inconditos

49 1723 88 1768 ct
121 1713 272 1783 turpia
317 1712 444 1781 joca
504 1721 560 1767 et
587 1724 777 1768 cantus
823 1713 1137 1768 indecentes
1191 1713 1366 1770 facere
1393 1729 1597 1784 przesu-
1703 1725 1865 1786 atque
1895 1721 2191 1789 abstergat.

48 1813 148 1856 mat.
1633 1886 1666 1891 ῃ
1775 1807 1862 1862 66.
1895 1809 1952 1863 Si
2011 1813 2214 1882 absque
2267 1815 2418 1879 alba,
2474 1825 2564 1870 aut
2615 1833 2736 1872 cum
2791 1819 2878 1872 illa
2923 1820 3040 1874 alba
3092 1838 3195 1891 qua
3233 1824 3285 1880 iu

99 1894 174 1948 .50.
212 1893 262 1952 Si
288 1894 420 1948 nihil
443 1895 762 1964 patrimonii
813 1895 1018 1950 habens
1068 1897 1284 1966 quando
1312 1906 1599 1965 provectus
1633 1886 1674 1942 Β
1702 1917 1830 1957 suos
1878 1919 2006 1958 usus
2057 1907 2298 1974 quotidie
2353 1909 2548 1974 utitur,
2601 1911 2824 1965 missam
2875 1886 3290 1984 cantare—pra:-

49 1987 186 2042 estad
209 1987 527 2058 dignitatem
547 1988 996 2053 ecclesiasticam,
1024 1997 1209 2058 postea
1227 1991 1354 2044 emit
1375 1990 1591 2059 prcedia,
1701 2009 1900 2054 sumat.

53 2077 169 2146 cujus
181 2076 306 2146 juris
323 2079 454 2133 sint.
1770 2093 1858 2148 67.
1893 2094 1948 2150 Si
1977 2096 2045 2151 de
2073 2097 2302 2151 decimis
2325 2107 2557 2166 quatuor
2586 2108 2718 2153 .iant
2741 2109 3040 2164 portiones.

101 2175 174 2226 il.
211 2173 264 2228 Si
295 2189 492 2228 usuras
532 2175 738 2244 exigat,
772 2183 827 2230 et
879 2175 1178 2230 conductor
1243 2177 1322 2232 sui
1365 2177 1596 2232 senioris

1769 2187 1856 2242 68.
1889 2186 1946 2240 Si
1983 2203 2098 2240 rem
2135 2188 2378 2243 ecclesia:
2415 2198 2508 2243 aut
2557 2192 2958 2258 possessionem
3000 2201 3090 2246 aut
3131 2208 3286 2246 man-

3197 429 3296 483 190

1777 1351 1863 1404 6‘5.
1905 1351 1982 1420 Si,
2016 1355 2226 1423 expleta
2269 1358 2456 1423 missa,
2498 1361 2756 1430 reliquum
2790 1365 3031 1432 corporis
3069 1374 3124 1419 ct
3167 1381 3294 1420 san-

1706 1442 1883 1518 guinis
1911 1443 2122 1498 Domini
2161 1447 2274 1514 ipse
2306 1452 2586 1521 presbyter
2634 1468 2754 1506 ctum
2803 1455 2993 1508 timore
3046 1465 3098 1510 et
3133 1472 3290 1512 reve-

1706 1534 1878 1588 rentia
1910 1545 2108 1590 sumat.
2143 1538 2206 1592 Et
2231 1539 2274 1594 si
2303 1541 2588 1594 diaconum
2634 1553 2726 1596 aut
2763 1544 3146 1600 subdiacomtm
3181 1563 3290 1600 non

1706 1623 1883 1684 habet,
1914 1625 2028 1694 ipse
2057 1643 2224 1692 manu
2256 1632 2470 1701 propria
2500 1631 2726 1686 calicem
2751 1645 2805 1687 et
2829 1643 3078 1703 patenam
3107 1636 3288 1692 abluat

55 2265 227 2318 cxistat.

106 2355 176 2408 Ω.
203 2355 252 2410 Si
271 2358 500 2412 'missatn
531 2365 721 2412 cantat
747 2368 802 2412 et
825 2372 930 2412 non
959 2358 1340 2412 communicat.

107 2446 178 2504 i5.
213 2446 264 2502 Si
287 2447 646 2516 feminampad
675 2448 848 2502 altare
879 2450 1157 2518 permittat
1213 2450 1492 2514 accedere,
1518 2460 1594 2514 et,

59 2538 274 2605 quodnon
303 2540 450 2606 licet,
475 2541 712 2595 calicem
759 2541 968 2596 Domini
1022 2535 1276 2612 tangere:

111 2627 178 2679 li.
238 2627 291 2683 Si
365 2645 462 2700 per
525 2630 816 2700 pecuniam
895 2629 1056 2684 fuerit
1121 2633 1440 2698 ordinatus,
1512 2632 1636 2686 vel'

62 2715 188 2784 ipsam
249 2719 296 2773 in
362 2737 466 2792 qua
545 2730 736 2776 cantat
803 2723 980 2792 pretio
1047 2724 1343 2779 obtinuerit
1417 2725 1590 2780 eccle-

62 2821 178 2861 SM“.

107 2899 178 2952 43.
215 2902 262 2956 Si
289 2903 446 2958 aliam
494 2915 629 2960 ante
675 2905 926 2960 habuerit
955 2907 1260 2973 ecclesiam,
1304 2918 1382 2976 et,
1420 2923 1482 2964 ea
1513 2910 1595 2964 di-

63 2988 202 3052 missa,
229 2993 286 3046 ad
313 2993 470 3050 aliam
511 3005 758 3064 quaestus
786 3013 948 3052 causa
976 2999 1304 3070 migraverit.

113 3081 180 3134 46.
219 3085 270 3138 Si
313 3087 494 3158 plures
529 3098 718 3143 teneat
761 3089 1020 3145 ecclesias
1068 3091 1183 3146 sine
1215 3092 1440 3146 aliorum
1471 3111 1592 3164 pre-

65 3169 337 3240 sbyterorum
360 3178 658 3248 adjutorio.

1698 2278 1896 2346 cipium
1926 2281 2178 2344 vendere,
2213 2291 2572 2346 commutare,
2605 2289 2698 2336 aut
2723 2297 3045 2354 quocunque
3069 2281 3282 2353 ingenio

1697 2367 1938 2420 alienare
1969 2371 2394 2438 prtesumpscrit.

1766 2459 1852 2514 69.
1887 2458 1942 2514 Si
1981 2459 2124 2515 diem
2177 2461 2512 2516 Dominicum
2549 2472 2602 2517 et
2631 2463 2764 2518 alias
2795 2465 3116 2520 festivitates
3149 2464 3278 2520 abs-

1696 2567 1799 2621 que
1853 2567 2020 2622 opere
2057 2554 2296 2608 servilia
2329 2569 2554 2624 vespera
2592 2555 2646 2610 in
2683 2569 2964 2625 vesperam
3003 2555 3280 2612 celebrare

1695 2641 1908 2695 doceat.

1767 2733 1851 2786 70.
1890 2733 1946 2787 Si
1979 2733 2189 2804 plebem
2239 2735 2529 2792 admoneat
2555 2745 2614 2790 ut
2641 2737 2696 2792 in
2741 2737 2881 2792 atrio
2909 2738 3148 2794 ecclesiae
3177 2753 3279 2794 ne-

1695 2843 1966 2897 quaquam
2022 2839 2288 2894 cantent,
2335 2839 2430 2883 aut
2480 2831 2678 2886 choros
2731 2831 3018 2886 mulierum
3057 2833 3278 2898 ducant,

1695 2917 1788 2972 sed
1815 2919 2104 2974 ecclesiam
2141 2920 2508 2989 ingredientes
2531 2922 2754 2976 verbum
2781 2923 2876 2976 Dei
2905 2938 3028 2978 cum
3061 2923 3278 2979 silentio

1695 3015 1932 3070 audiant.

1763 3105 1852 3159 71.
1899 3105 1954 3160 Si
2007 3107 2248 3160 carmina
2294 3105 2584 3170 diabolica,
2633 3121 2754 3176 quae
2817 3121 2980 3176 super
3035 3115 3279 3162 mortuos

1694 3195 1973 3250 nocturnis
1998 3195 2148 3250 horis
2179 3196 2414 3267 ignobile
2432 3195 2620 3264 vulgus
2645 3205 2868 3250 cantare
2895 3195 3051 3256 solet,
3089 3203 3144 3250 et
3187 3212 3280 3250 ca-

114 3264 243 3322 ti.Si
269 3271 314 3325 in
343 3273 568 3328 alterius
591 3276 866 3343 paroechia
889 3277 1108 3332 missam
1133 3287 1322 3332 cantat
1349 3279 1458 3350 26
1471 3279 1588 3336 abs-
1617 3256 1661 3318 Ο
1693 3285 1920 3339 cbinnos
1948 3301 2084 3354 quos
2110 3295 2385 3352 exercent,
2413 3287 2512 3341 sub
2538 3287 2934 3342 contestatione
2977 3287 3072 3341 Dei
3099 3287 3276 3342 omni-

65 3371 138 3424 que
161 3366 556 3437 compresbytcri
583 3367 857 3422 voluntate
881 3369 963 3424 vel
995 3379 1203 3438 rogatu.

116 3449 185 3504 ιθ.
218 3452 268 3508 Si
317 3456 582 3514 decimam
631 3460 700 3514 ad
759 3459 990 3516 alterum
1039 3463 1396 3532 pertinentem
1445 3465 1588 3520 reci-

69 3551 140 3606 ptl.

119 3631 184 3687 i9.
221 3635 270 3692 Si
297 3643 644 3710 pmnitentem
695 3644 889 3698 invitat
937 3660 1158 3700 carnem
1185 3647 1512 3702 manducare
1539 3655 1594 3704 et

72 3720 208 3809 bibere
243 3729 408 3784 vinum
429 3773 444 3798 ,
474 3733 586 3788 nisi
617 3749 714 3803 pro
737 3749 804 3790 eo
835 3734 900 3788 ad
931 3749 1168 3804 praesens
1191 3736 1590 3809 eleemosynam

76 3807 230 3868 fecerit.

125 3905 194 3956 50.
230 3907 278 3962 Si
307 3913 522 3970 chartas
563 3917 784 3981 scribat,
807 3917 892 3972 vel
919 3919 1004 3972 sui
1041 3919 1270 3976 senioris
1297 3921 1592 3976 conductor

75 3993 238 4050 existat.

117 4083 193 4156 ¹51.
229 4089 276 4144 Si
303 4091 670 4150 indifferenter
693 4097 952 4168 baptizet.

127 4172 194 4228 δέ.
223 4177 271 4232 Si
297 4197 394 4238 non
433 4186 598 4242 habet
623 4187 798 4242 fontes
824 4189 1084 4260 lapideos,
1111 4192 1197 4246 vel
1218 4193 1362 4248 aliud
1405 4211 1499 4250 vas
1525 4196 1592 4252 ad

77 4264 146 4322 hac
169 4286 522 4346 praaparatum,
555 4281 606 4334 in
638 4297 745 4350 quo
775 4284 908 4338 nihil
937 4283 1080 4338 aliud
1109 4284 1218 4338 fiat.

125 4360 191 4415 55.
215 4364 262 4420 Si
296 4373 592 4428 orationem
623 4375 955 4432 Dominicum
984 4387 1038 4432 et
1076 4377 1394 4448 Symbolum
1423 4383 1594 4436 omui-

76 4445 147 4502 llus
166 4455 258 4510 suis
279 4465 632 4525 parmcbianis
661 4466 986 4522 insinuatum
1015 4469 1230 4524 habeat.

123 4538 189 4594 id.
217 4545 278 4599 De
299 4549 494 4608 Litania
523 4555 742 4626 majore.

125 4629 192 4682 Ξιῧ.
215 4636 279 4690 De
305 4639 705 4712 Itogationibus.

125 4718 192 4776 55.
226 4728 272 4780 Si
316 4731 570 4800 jejunium
618 4737 859 4803 Quatuor
912 4739 1238 4810 Temporunt
1285 4744 1408 4798 anui
1449 4744 1592 4812 plebi

79 4816 334 4878 omuimodis
357 4827 750 4883 observandum
775 4832 1074 4886 annuutict.

128 4901 194 4956 57.
235 4907 282 4964 Si
323 4914 446 4970 feria
490 4929 678 4986 quarta
724 4931 850 4975 ante
877 4921 1337 4992 Quadragesiman
1379 4924 1589 4994 plebem

82 4990 153 5086 sibi
201 5009 516 5063 commissam
583 5010 646 5066 ad
721 5012 1115 5069 confessionem
1172 5018 1382 5083 invitet,
1437 5025 1490 5070 et
1544 5017 1592 5072 ei

79 5093 190 5144 lllxta
238 5095 530 5160 qualitatem
607 5101 790 5156 delicti
857 5103 1228 5172 pmtiitentiatn
1307 5107 1589 5176 iujuugat,

83 5183 158 5224 “0-!
199 5195 252 5234 ex
300 5191 452 5246 corde
508 5208 636 5258 suo,
691 5195 782 5248 sed
814 5195 952 5250 sicut
993 5195 1430 5252 inl’mnitcntiali
1457 5199 1596 5252 scri-

83 5267 190 5324 l'lnm
217 5283 302 5327 est.

238 5363 286 5418 Si
317 5373 478 5427 tribus
511 5379 841 5449 temporibus
872 5380 1019 5444 anni,
1067 5381 1244 5439 idest.
1274 5380 1462 5435 Nﬂlitlc
1492 5383 1591 5435 00'

87 5447 198 5510 “""i.
231 5453 410 5518 Pascha
439 5479 489 5538 et
525 5468 901 5533 Pentecostcn,
929 5485 1117 5524 omnes
1148 5471 1329 5525 fideles
1359 5471 1424 5524 ad
1447 5487 1592 5524 com-

87 5543 331 5632 ""_“‘”°“em
370 5562 601 5626 corporis
650 5574 703 5616 ct
759 5562 1034 5632 sanguinis
1079 5562 1286 5616 Domini
1336 5563 1592 5618 accedere

91 5627 327 5692 almnneat.

139 5721 204 5816 οξ).
243 5725 290 5780 Si
314 5732 426 5789 illud
452 5741 604 5796 etiam
663 5743 974 5809 admoneat,
1029 5746 1226 5814 quibus
1256 5745 1592 5814 temporibus

94 5813 300 5882 “’“Wali
345 5845 394 5880 se
447 5834 711 5890 abstium‘e
751 5837 948 5890 drbent
985 5853 1014 5889 a
1047 5839 1277 5914 propriis
1310 5837 1586 5894 uxoribus.

1693 3378 1928 3446 potentis
1955 3377 2256 3446 prohibeat.

1765 3469 1852 3524 '79..
1913 3468 1970 3523 Si
2035 3467 2324 3525 offerentes
2397 3471 2632 3525 instruat
2710 3479 2772 3524 ut
2842 3471 3124 3526 candelam
3194 3471 3278 3526 vel

1693 3565 1952 3635 quidquid
2002 3563 2146 3618 aliud
2203 3565 2269 3618 ad
2328 3564 2500 3618 altare
2562 3563 2772 3619 deferre
2823 3565 3110 3634 placuerit,
3154 3573 3280 3617 ante

1693 3658 1933 3724 missam,
1982 3657 2068 3712 vel
2121 3665 2409 3726 antequam
2461 3654 2810 3726 Evangelium
2858 3653 3097 3723 legatur,
3149 3651 3282 3708 olfe-

1696 3757 1834 3801 rant.

1763 3837 1874 3906 28
1923 3835 2010 3890 7'5.
2055 3834 2395 3891 Oblationem
2451 3844 2629 3890 autem
2683 3851 2844 3888 unam
2907 3834 3288 3888 tantummodo

1693 3928 1925 3982 oblatam
1979 3927 2055 3981 ad
2096 3927 2432 3982 offertorium
2487 3941 2588 3997 pro
2639 3939 2700 3980 se
2755 3925 2974 3996 suisque
3029 3925 3290 3979 omnibus,

1695 4019 2062 4089 unusquisque
2089 4017 2298 4074 oﬂ‘erat.

1943 4127 2082 4193 Quid
2113 4129 2182 4181 sit
2211 4145 2242 4180 a
2265 4127 2562 4197 presbytero
2587 4125 2972 4196 requirendum.

1765 4239 1850 4292 τι.
1887 4239 2176 4307 Postquam
2217 4238 2333 4292 lucc
2392 4238 2572 4290 omnia
2627 4237 2912 4304 diligenter
2959 4235 3280 4302 investigata

1653 4341 1658 4346 ‘
1695 4329 1916 4390 fuerint,
1945 4331 2216 4399 tuncipse
2244 4331 2525 4400 presbyter
2549 4329 2618 4382 ab
2643 4329 2896 4397 episcopo
2935 4327 3018 4382 vel
3053 4325 3168 4395 ejus
3197 4325 3280 4380 vi.

1693 4421 1839 4476 cario
1867 4421 2301 4490 percunctandos
2328 4427 2410 4474 est
2433 4439 2445 4474 :

1763 4513 1850 4569 75.
1887 4513 1942 4569 Si
1977 4530 2043 4569 ex
2091 4514 2336 4585 ingenuis
2373 4512 2688 4582 parentibus
2733 4511 2804 4566 sit
2849 4519 3030 4576 natus,
3083 4517 3176 4565 aut
3211 4525 3284 4572 ex

1621 4618 1670 4674 Ι)
1695 4605 1872 4662 Servili
1910 4606 2231 4660 conditione.

1765 4698 1852 4750 76.
1887 4697 1940 4750 Si
1974 4697 2039 4750 de
2065 4695 2254 4750 eadem
2281 4695 2556 4764 partechia
2579 4703 2672 4749 aut
2701 4695 2766 4750 de
2788 4694 2892 4748 alia
2917 4693 2988 4748 sit
3009 4701 3170 4746 natus
3193 4691 3288 4746 vel.

1695 4789 1994 4842 ordinatus.

1767 4879 1852 4931 77.
1884 4879 1940 4933 Si
1979 4880 2048 4933 sit
2078 4879 2142 4933 de
2176 4878 2364 4932 eadem
2421 4879 2718 4948 paraechia,
2773 4877 3150 4947 inquirendum
3197 4884 3288 4929 est-

1698 4985 1725 5022 a
1760 4953 1864 5038 (ιιιῖ)
1895 4971 2145 5040 episcopo
2177 4967 2339 5022 fuerit
2367 4969 2668 5034 ordinatus,
2705 4969 2786 5023 vel
2824 4969 2890 5023 ad
2917 4983 3076 5038 quem
3103 4966 3288 5022 locum.

1699 5062 2076 5132 praetitulatus.

1769 5153 1852 5208 78.
1888 5153 1944 5208 Si
1985 5169 2172 5208 servus
2197 5161 2302 5216 est,
2331 5152 2580 5206 ostendat
2608 5151 2855 5206 chartam
2875 5147 3162 5204 libertatis.

1768 5246 1854 5300 79.
1881 5247 1936 5302 Si
1966 5247 2032 5301 de
2061 5247 2162 5300 alia
2195 5246 2496 5316 parmcbia,
2516 5248 2764 5302 ostendat
2785 5246 2991 5299 litteras
3013 5255 3266 5297 commeo.

1697 5338 1932 5402 datitias,
1965 5353 2099 5407 quas
2131 5337 2414 5392 formatam
2445 5345 2658 5393 vocant.

1767 5429 1854 5483 80.
1891 5427 1946 5482 Si
1975 5429 2082 5484 ulla
2118 5437 2274 5498 parte
2317 5429 2561 5498 corporis
2589 5436 2674 5484 est
2700 5425 3032 5482 imminutus.
3059 5420 3118 5478 Si
3137 5420 3276 5493 seip-

1695 5535 1813 5572 sum
1844 5520 2092 5574 abscidit.

1699 5649 1824 5704 Post
1875 5653 1984 5706 lucc
2047 5653 2110 5706 de
2175 5651 2460 5774 ministzrio
2525 5633 2622 5704 sibi
2689 5647 2964 5703 commisso
3021 5646 3272 5718 inquiren-

2397 5739 2482 5774 um
2513 5731 2606 5774 est.

2397 5739 2482 5775 um
2513 5731 2606 5776 est.

1765 5835 1852 5889 δι.
1887 5834 1940 5888 Si
1973 5834 2361 5908 expositionem
2399 5833 2636 5904 Symboli
2679 5843 2839 5902 atque
2879 5827 3134 5886 orationis
3171 5825 3275 5878 Do-
