3944 6432
83 402 188 460 195

1020 402 1107 460 DE
1144 401 1423 460 ECCLES.
1468 400 1746 459 DlSClPl..
1793 400 1969 457 LIBRI
2013 401 2175 461 DUO.
2202 437 2270 448 —
2303 401 2428 464 LIB.
2472 404 2511 461 Ι.

3272 407 3371 463 194

82 516 319 571 sterium
373 520 592 586 prmstet
648 527 808 583 quam
861 511 1124 568 hactenus
1174 521 1394 583 prapter
1438 511 1682 566 diversas
1707 515 1759 573 Α
1789 507 1854 564 Ut
1890 511 2311 586 episcOpus__cum
2335 515 2515 586 paucis
2529 531 2696 586 _suam
2733 516 3370 586 paraechiamrircumeai.

80 606 529 678 perturbationes
564 603 896 660 habuissent.
921 602 1025 672 lpsi
1065 610 1246 657 autem
1283 602 1518 672 episcopi
1549 617 1680 656 con-

80 714 304 755 cessum
346 697 448 752 sibi
483 697 653 751 otium
703 709 807 750 non
860 694 916 749 in
958 709 1084 750 suas
1124 694 1440 764 voluptates,
1486 693 1580 749 sed
1623 694 1680 748 in

77 789 333 843 divinum
352 796 406 843 et
427 785 722 843 olliciosum
747 793 1063 861 convertant
1082 785 1387 856 negotium;
1414 794 1681 854 quatenus

80 883 373 938 studentes
414 879 904 952 praedicationibus,
935 880 1254 935 correctioni
1296 891 1457 949 atque
1485 877 1682 934 contir-

75 991 171 1028 ma
180 974 340 1041 tioni,
362 973 503 1044 quod
526 974 786 1027 hactenus
798 986 896 1040 per
913 971 1217 1041 parmchias
1237 969 1339 1025 fuit
1356 969 1678 1042 neglectum,

79 1064 324 1118 solerter
349 1064 414 1117 de
433 1070 629 1116 cmtero
651 1062 720 1115 sit
745 1064 1111 1116 emendatum.

81 1177 194 1248 33
250 1175 338 1231 Ne
383 1175 610 1248 episcopi
662 1184 870 1248 propter
889 1190 1095 1248 _suam_
1140 1174 1394 1248 qttietem__
1422 1172 1680 1248 negligant

117 1242 328 1318 plebem
366 1242 466 1300 sibi
495 1242 844 1299 commissam.
878 1243 965 1298 Ex
1000 1242 1178 1298 eodem
1209 1242 1448 1304 concilio,
1481 1246 1562 1297 tit.
1587 1243 1640 1296 5.

155 1340 227 1394 V.
271 1337 500 1409 (Concil.
538 1335 703 1391 Held.
733 1350 784 1390 e.
815 1335 916 1401 28;
945 1335 1256 1398 Buacnann,
1281 1333 1374 1388 lib.
1402 1349 1446 1399 ι,
1480 1348 1533 1388 c.
1563 1331 1678 1402 28.)

81 1428 490 1486 Prnvidendum
520 1434 607 1481 est
632 1442 700 1481 ne
739 1426 975 1496 episcOpi
1003 1437 1226 1495 propter
1255 1439 1408 1479 suam
1441 1423 1678 1494 quietem

81 1521 151 1573 ad
179 1518 474 1574 remotiora
514 1516 630 1572 loca
659 1515 991 1581 secedentes,
1021 1523 1078 1570 et
1118 1529 1275 1570 suum
1320 1513 1679 1569 ministerium

85 1610 446 1680 negligentes,
471 1607 722 1679 proprias
745 1605 995 1660 deserant
1019 1605 1304 1672 civitates;
1347 1605 1441 1660 sed
1467 1612 1560 1658 aut
1585 1619 1680 1675 pa-

80 1703 322 1757 ruaehias
349 1715 477 1756 suas
490 1715 612 1755 cum
639 1695 1054 1752 olliciiellicacia
1080 1697 1436 1762 circumeant,
1452 1704 1676 1751 autcum

84 1793 350 1861 religione
377 1791 429 1845 in
461 1790 573 1845 suis
609 1788 915 1844 civitatibus
943 1787 1201 1842 canonice
1244 1803 1366 1843 cum
1412 1787 1538 1842 ﬂliis
1565 1788 1678 1844 suis

2153 583 2240 638 Ea:
2276 585 2496 638 concilio
2525 583 2793 650 Toletano,
2831 589 2913 642 tit.
2939 587 2992 642 5.

1856 693 1985 748 Vlll.
2020 693 2242 763 (Concil.
2299 693 2463 749 Tolet.
2513 710 2607 759 vn,
2651 711 2700 752 c.
2745 701 2810 762 4;
2856 698 3166 754 Buncmnn.
3207 699 3304 756 lib.
3327 715 3374 767 l,

1779 795 1830 837 c.
1869 781 1986 853 86.)
2011 783 2144 837 Cum
2180 784 2466 854 episcopus
2495 800 2646 838 suam
2675 784 2950 841 ditecesim
2991 787 3196 853 visitat,
3241 786 3372 844 nulli

1780 888 1891 942 pra:
1922 874 2261 930 multitudine
2283 890 2544 930 onerosus
2573 876 2795 941 existat,
2823 891 2921 932 nec
2947 892 3184 947 unquam
3213 877 3373 946 quin-

1779 964 2168 1034 quagenarium
2205 981 2490 1020 numerum
2512 967 2807 1024 evectionis
2844 969 3088 1035 excedat,
3128 977 3221 1022 aut
3251 983 3369 1023 am-

1777 1053 1920 1125 plius
1961 1070 2121 1125 quam
2162 1072 2268 1110 una
2313 1057 2400 1112 die
2439 1071 2534 1127 per
2561 1072 2724 1111 unam
2773 1073 3044 1128 quamque
3091 1058 3370 1114 basilicam

1780 1147 2086 1200 remorandi
2115 1145 2388 1200 licentiam
2417 1146 2615 1201 habeat
2637 1146 2807 1217 (l85).

1777 1253 1886 1326 35
1924 1253 1990 1310 Ut
2017 1257 2062 1330 si
2087 1257 2356 1330 episcOpus
2387 1259 2484 1330 [ioc
2510 1257 2714 1330 explere
2740 1259 3044 1330 nequiverit,
3078 1276 3202 1316 suos
3228 1260 3368 1316 vica-

1991 1328 2094 1380 rios
2124 1328 2339 1398 dirigat.
2375 1327 2458 1382 Ea:
2503 1329 2681 1382 eodem
2720 1327 2965 1396 concilio,
3004 1331 3088 1384 tit.
3119 1331 3172 1384 6.

1849 1414 1943 1470 1X.
1985 1417 2212 1487 (Concil.
2249 1417 2415 1472 Tolet.
2445 1435 2518 1484 IV,
2551 1434 2600 1474 c.
2637 1419 2706 1474 56
2731 1436 2746 1485 ;
2775 1419 3086 1475 Buncnann.
3117 1419 3214 1475 lib.
3247 1436 3286 1487 ι,
3314 1435 3366 1478 c.

1777 1507 1900 1581 87.)
1952 1509 2104 1577 Quod
2149 1511 2194 1566 si
2220 1511 2504 1583 episcopus
2531 1521 2626 1568 aut
2664 1513 2921 1586 languore
2969 1515 3244 1581 detentus,
3274 1523 3369 1570 aut

1777 1602 1897 1658 aliis
1922 1605 2365 1674 occupationibus
2396 1607 2720 1678 implicatus,
2753 1608 2806 1664 id
2836 1608 3058 1679 explere
3101 1610 3364 1680 nequive-

1779 1693 1870 1760 rit,
1918 1694 2263 1766 presbyteros
2297 1696 2594 1766 probabilis
2648 1697 2773 1752 vitze
2826 1707 2920 1751 aut
2948 1697 3208 1754 diaconos
3233 1697 3363 1752 mit-

1781 1793 1882 1851 tat,
1913 1786 2004 1856 qui
2042 1787 2281 1843 redditus
2310 1787 2658 1844 basilicarum
2696 1795 2753 1845 et
2779 1789 3150 1860 reparationes
3172 1797 3226 1846 et
3265 1787 3368 1845 mi-

83 1887 304 1954 degant.
337 1883 691 1953 Presbyteros
712 1880 872 1935 etiam
903 1879 1004 1934 sibi
1048 1878 1366 1933 commissos
1387 1877 1629 1933 doctrina
1654 1919 1670 1946 ,
1701 1883 1749 1944 Β
1777 1875 2122 1932 nistrautium
2153 1877 2317 1933 vitam
2347 1877 2644 1949 inquirant.

81 1977 360 2041 castitate,
389 1983 443 2028 et
469 1971 781 2035 sobrietate,
813 1978 977 2039 atque
999 1968 1362 2039 hOSpitalitate
1380 1967 1674 2024 secundum

81 2084 241 2123 suum
274 2063 633 2122 ministerium
659 2061 844 2118 ornari
876 2058 1219 2130 compellant.

83 2185 160 2238 De
190 2181 450 2252 episcopis
478 2179 568 2252 qui
608 2186 845 2252 raro‘aut
883 2190 1144 2252 nunquam
1180 2173 1514 2252 plebes___sibi_
1536 2189 1676 2252 coin-

120 2244 308 2307 miskas
331 2244 424 2321 per
442 2244 634 2320 séipsos
658 2248 888 2301 visitant.
914 2244 1198 2300 Exeodem
1217 2245 1458 2311 concilio,
1474 2246 1555 2298 tit.
1585 2244 1638 2298 6.

153 2363 240 2417 Vl.
273 2359 502 2433 (Concit.
523 2357 685 2413 Held.
708 2373 757 2412 c.
790 2356 904 2428 29.)
928 2355 997 2412 Ut
1020 2356 1375 2426 quorumdam
1397 2357 1675 2427 episcopo-

80 2471 199 2509 rum
243 2448 724 2522 reprehensibilis,
780 2448 887 2501 imo
953 2447 1294 2512 damnabilis,
1347 2448 1677 2503 consuetudo

77 2542 408 2600 omnimodis
451 2541 781 2610 corrigatur,
827 2538 918 2608 qui
962 2539 1148 2608 plebes
1194 2539 1295 2594 sibi
1324 2541 1555 2596 creditas
1585 2550 1677 2596 aut

80 2650 204 2689 raro
235 2641 335 2688 aut
363 2645 636 2701 nunquam
660 2644 758 2700 per
785 2630 989 2698 seipsos
1008 2628 1162 2698 juxta
1189 2629 1429 2684 ordinem
1451 2645 1676 2703 evange-

77 2731 243 2792 licum
281 2735 340 2782 et
379 2723 730 2797 apostolicum
772 2732 934 2792 atque
967 2721 1396 2778 ecclesiasticum
1432 2725 1672 2792 visitant,

74 2834 200 2873 cum
248 2815 512 2871 Dominus
551 2814 699 2870 dicat
737 2831 751 2867 :
810 2811 1198 2883 Speculatorem
1240 2814 1360 2869 dedi
1402 2825 1451 2869 te
1495 2816 1674 2872 domui

79 2909 278 2974 Israel,
319 2919 368 2962 et
397 2909 578 2962 audies
607 2923 672 2961 ex
712 2921 801 2960 ore
839 2921 953 2960 meo
989 2905 1218 2972 verbum,
1253 2917 1300 2961 et
1338 2911 1674 2966 annuntiabis

73 3003 146 3056 eis
173 3018 242 3055 ex
265 3016 351 3053 me
383 2999 600 3071 (Ezech.
633 2997 736 3070 ιιι),
768 3006 825 3053 et
869 3005 1066 3053 caetera
1099 3014 1218 3069 quae
1255 2999 1468 3057 divinus
1497 3017 1674 3060 sermo

75 3093 480 3164 complectitur.

75 3209 145 3262 Ut
178 3209 453 3280 episcopus
475 3205 699 3280 ambujet
736 3223 829 3277 per
857 3221 1009 3280 suam
1033 3207 1312 3280 dioecesim.
1336 3205 1422 3263 Ea:
1449 3207 1668 3264 concilio

605 3277 940 3343 Bracarensi,
977 3281 1056 3332 tit.
1100 3278 1150 3330 7.

1777 1992 1844 2048 Ut
1869 1995 2096 2068 eoiscopi
2114 2013 2267 2052 suam
2282 1997 2555 2074 Adirecesigt
2580 1998 2807 2074 visitant.
2836 1997 2922 2074 Ea;
2947 1994 3207 2067 Capitulis
3229 2012 3355 2074 sgit-

2225 2067 2466 2123 odalibus
2494 2067 2672 2124 Caroli
2694 2068 2940 2136 Auqusti.

1847 2178 1914 2234 Χ.
1947 2180 2094 2254 (184)
2125 2181 2194 2238 Ut
2232 2183 2472 2254 episcopi
2520 2182 2855 2240 circumeant
2901 2180 3207 2255 paruechias
3261 2179 3366 2238 sibi

1777 2271 2122 2337 commissas,
2168 2281 2223 2328 et
2276 2273 2347 2329 ibi
2384 2274 2690 2345 inquirendi
2742 2275 2978 2330 studium
3024 2274 3260 2329 habeant
3296 2270 3366 2327 de

1777 2360 2008 2427 incestu,
2037 2364 2102 2418 de
2127 2365 2456 2434 parricidiis,
2505 2365 2787 2422 adulteriis
2814 2374 2870 2420 et
2896 2365 3018 2421 aliis
3049 2363 3208 2424 malis
3242 2376 3366 2434 qua

1777 2455 2045 2508 contraria
2077 2463 2200 2510 sunt
2230 2456 2360 2521 Deo,
2409 2464 2464 2510 et
2493 2472 2611 2526 quae
2641 2454 2934 2514 Christiani
2981 2456 3227 2510 devitarc
3271 2454 3365 2509 de-

1775 2541 1934 2608 bent,
1980 2552 2034 2598 et
2065 2542 2203 2597 infra
2231 2543 2440 2599 illorum
2471 2545 2778 2615 parcechias
2801 2544 3154 2600 ecclesiarum
3177 2583 3192 2608 ,
3238 2541 3364 2613 qui-

1775 2635 1878 2692 bus
1909 2650 2130 2692 necesse
2154 2645 2254 2702 est,
2283 2639 2601 2694 emendandi
2631 2653 2820 2694 curam
2854 2639 3106 2693 habeant.
3161 2633 3364 2690 Simili-

1779 2735 1861 2782 ter
1890 2735 1999 2782 tam
2029 2737 2244 2785 nostras
2293 2745 2322 2784 a
2363 2731 2518 2785 nobis
2546 2730 2598 2784 in
2644 2729 2965 2786 beneficium
3011 2729 3168 2784 datas
3200 2740 3364 2798 quam

1775 2827 1832 2874 et
1864 2818 2096 2874 aliorum
2120 2834 2330 2875 summo
2356 2820 2533 2876 studio
2561 2820 2898 2892 provideant.

1778 2924 1847 2981 Ut
1873 2928 2141 2997 episcopus
2165 2928 2528 2998 duos'solidos
2557 2939 2762 2983 tantum
2805 2928 3028 2998 accipiat
3057 2943 3177 2982 cum
3206 2941 3359 2998 suam

1811 3000 2125 3068 paraechiam
2159 3000 2366 3053 circuit.
2397 2997 2482 3053 Ea:
2508 2999 2729 3054 concilio
2760 2997 3091 3059 Bracarensi,
3121 2999 3201 3051 tit.
3236 2997 3326 3051 10.

1847 3087 1936 3143 XI.
1970 3090 2080 3161 ([0,
2109 3107 2160 3161 q.
2191 3090 2244 3156 5,
2277 3108 2324 3145 c.
2378 3092 2455 3161 1.)
2487 3091 2696 3146 Placuit
2745 3100 2804 3146 ut
2847 3091 3026 3146 nullus
3073 3090 3357 3160 episeopo-

1780 3197 1920 3247 rum,
1967 3198 2090 3236 eum
2137 3197 2263 3239 suas
2309 3183 2572 3239 dioeceses
2620 3183 2824 3248 visitat,
2853 3190 3055 3252 prater
3099 3181 3359 3236 honorem

1699 3312 1743 3372 Ο
1775 3275 2044 3330 cathedrae
2093 3291 2225 3340 sum,
2288 3274 2343 3329 id
2391 3284 2478 3331 est
2524 3275 2660 3330 duos
2696 3275 2921 3340 solidos,
2965 3272 3165 3342 aliquid
3217 3269 3363 3325 aliud

146 3391 264 3447 Vll.
314 3391 534 3459 (Concil.
571 3389 794 3446 Bracar.
826 3405 898 3456 ιι,
938 3405 987 3445 c.
1030 3392 1091 3456 l;
1145 3391 1480 3458 Buxentum,
1506 3392 1599 3448 lib.
1630 3409 1668 3459 ι,

1785 3365 1926 3420 tollat
1952 3380 2047 3435 per
2080 3366 2360 3430 ecclesias,
2411 3381 2588 3435 neque
2621 3365 2837 3420 tertiam
2873 3372 3086 3434 partem
3119 3376 3184 3416 ex
3218 3374 3359 3429 qua-

78 3501 129 3540 c.
192 3484 312 3554 85.)
366 3482 573 3537 Placuit
611 3481 864 3537 omnibus
901 3482 1171 3553 episc0pis
1221 3492 1383 3554 atque
1421 3485 1672 3540 convenit

78 3585 140 3630 ut
183 3591 286 3646 per
335 3573 570 3644 singulas
620 3573 893 3628 Ecclesias
940 3583 996 3628 et
1039 3574 1301 3630 dimceses
1335 3576 1672 3632 ambulantes

80 3668 318 3737 primum
358 3665 646 3720 discutiant
685 3663 942 3730 clericos,
989 3665 1257 3734 quomodo
1288 3666 1532 3721 ordinem
1578 3666 1673 3722 ba-

81 3755 267 3826 ptismi
301 3761 516 3808 teneant
552 3751 636 3807 vel
683 3752 993 3819 missarum,
1028 3753 1138 3827 34
1177 3764 1232 3810 et
1269 3757 1500 3825 qualiter
1527 3773 1672 3828 qua!-

81 3859 298 3914 cunque
325 3843 500 3897 otlieia
526 3842 579 3896 in
602 3842 839 3898 Ecclesia
863 3854 1141 3914 peragant.
1182 3845 1249 3900 Et
1287 3847 1330 3902 si
1365 3857 1509 3903 recte
1554 3850 1672 3918 qui-

82 3941 203 3990 dem
251 3932 589 3998 invenerint,
635 3933 744 3988 Deo
791 3933 1021 4004 gratias;
1067 3935 1148 3990 sin
1191 3945 1370 3992 autem
1428 3939 1666 4006 minime,

81 4029 278 4084 docere
313 4026 509 4081 debent
535 4027 771 4097 ignaros,
798 4027 980 4082 ethoc
1004 4028 1328 4084 omnimodis
1355 4032 1668 4102 praecipere,

81 4129 139 4174 ut
177 4119 318 4173 sicut
359 4116 566 4186 antiqui
606 4131 840 4171 canones
883 4115 1097 4184 jubent,
1151 4127 1274 4174 ante
1321 4121 1436 4176 dies
1482 4121 1668 4192 viginti

78 4210 334 4280 baptismi
409 4209 478 4262 ad
529 4206 902 4278 purgationem
967 4208 1255 4263 exorcismi
1297 4211 1668 4268 catechumeni

79 4310 345 4366 currant;
395 4300 535 4353 intra
567 4313 702 4368 quos
750 4297 939 4369 viginti
990 4297 1105 4353 dies
1147 4301 1366 4356 omnino
1409 4303 1666 4358 catechu-

79 4393 227 4448 meni
257 4388 595 4461 Symbolum,
615 4386 757 4458 quod
785 4396 871 4444 est
888 4384 1056 4443 Credo
1079 4389 1130 4442 in
1152 4387 1341 4460 Deum,
1365 4391 1670 4463 specialiter

79 4486 398 4540 doceantur.

475 4571 616 4639 Quid
641 4571 800 4627 laicos
824 4572 1006 4628 docere
1033 4584 1287 4644 oporteat.

1773 3471 1986 3525 cunque
2014 3453 2284 3510 oblatione
2318 3455 2500 3526 populi
2551 3457 2605 3510 in
2645 3454 2890 3511 ecclesiis
2934 3451 3359 3523 partechialibus

1774 3547 2054 3616 requirat;
2086 3545 2180 3602 sed
2213 3547 2369 3602 tertia
2398 3547 2484 3602 illa
2519 3562 2646 3617 pars
2674 3562 2772 3617 pro
2799 3543 3160 3598 luminaribus
3185 3541 3360 3597 eccle-

1773 3637 1866 3692 sia:
1897 3636 1980 3692 vel
2008 3638 2348 3707 reparatione
2385 3647 2652 3702 servetur,
2703 3635 2814 3708 36
2861 3644 2916 3690 et
2945 3633 3170 3704 singulis
3201 3631 3360 3688 annis

1771 3730 2021 3800 episcopo
2068 3729 2265 3786 exinde
2318 3727 2456 3783 ratio
2508 3728 2619 3781 ﬁat.
2667 3725 2800 3780 Nam
2848 3725 2893 3780 si
2945 3724 3157 3780 tertiam
3208 3722 3355 3777 illam

1772 3831 1980 3893 partem
2011 3823 2295 3892 episcopus
2331 3818 2505 3884 tollat,
2555 3816 2733 3872 lumen
2760 3823 2815 3872 et
2842 3824 2992 3871 sarta
3019 3823 3159 3870 tecta
3186 3811 3359 3870 eccle-

1751 3917 1871 4003 _sia=:
1898 3915 2142 3972 abstulit.

1775 4030 1849 4086 De
1875 4030 2126 4100 episcopis
2154 4029 2244 4100 qui
2286 4045 2411 4100 ηοιξ-
2432 4025 2659 4100 visitatis
2685 4023 2977 4100 parwcltiis
2990 4021 3218 4100 pretium
3246 4036 3357 4100 ser-

1842 4091 2022 4155 vitutis
2047 4091 2343 4170 requirunt.
2362 4095 2448 4150 Ea:
2471 4091 2697 4170 concilio
2721 4095 2860 4170 apud
2891 4091 3160 4145 Triburias
3178 4091 3356 4143 habito

1843 4165 2158 4239 temporibus
2182 4169 2441 4237 Arna/plu
2473 4167 2630 4235 regis,
2659 4167 2740 4217 tit.
2773 4165 2864 4217 26.

1837 4283 1951 4339 XII.
1986 4284 2318 4355 (BURCHARD.
2365 4278 2469 4354 lib.
2491 4293 2528 4343 ι,
2558 4293 2610 4332 c.
2637 4275 2789 4344 229.)
2824 4272 3010 4328 Delata
3042 4279 3126 4326 est
3162 4283 3351 4325 coram

1769 4385 1955 4432 sancta
2004 4373 2208 4443 synodo
2258 4368 2598 4441 querimonia
2647 4365 2909 4438 plebium,
2957 4377 3024 4418 eo
3047 4359 3192 4432 quod
3244 4359 3355 4415 sint

1768 4467 1986 4540 quidam
2017 4464 2252 4537 episcopi
2279 4462 2524 4518 nolentes
2549 4459 2617 4514 ad
2637 4455 3062 4530 'przedicandum
3093 4453 3178 4509 vel
3218 4467 3353 4509 con-

1770 4559 2092 4616 ﬁrmandum
2123 4571 2250 4612 suas
2278 4571 2376 4626 per
2401 4567 2603 4608 annum
2632 4549 2941 4622 parteehias
2966 4545 3220 4611 circuire,
3259 4545 3354 4614 qui

151 4668 172 4736 (
189 4665 275 4720 Ex
302 4663 417 4717 eod.
447 4635 669 4717 concilio
698 4662 921 4716 Bracar.
953 4678 1012 4730 ιι,
1038 4635 1088 4718 θ’.
1122 4665 1198 4736 1.)
1228 4664 1517 4736 Postquam
1537 4682 1666 4740 ergo
1693 4666 1744 4728 D
1773 4661 1953 4740 tam?“
1981 4648 2204 4720 ειῖειιηι
2232 4654 2292 4740 ll}
2327 4644 2660 4740 mansiones,
2680 4639 2887 4740 quibus
2933 4635 3356 4740 inpror‘mlio'ne

79 4772 208 4815 suos
228 4755 456 4810 clericos
481 4753 832 4809 discusserint
857 4752 941 4808 vel
971 4753 1251 4820 docuerint
1275 4758 1532 4828 episcopi,
1561 4759 1664 4815 alia

81 4852 188 4914 die,
230 4857 521 4903 convocata
563 4845 716 4916 plebe
755 4845 924 4916 ipsius
969 4846 1243 4913 Ecclesiae,
1284 4850 1512 4905 doceant
1549 4851 1666 4908 illos

80 4954 139 4996 ut
166 4957 409 4998 errorem
437 4940 643 5012 fugiant
683 4941 946 4997 idolorum
972 4939 1056 4996 vel
1095 4942 1307 4997 diversa
1336 4944 1584 5011 crimina,
1612 4945 1662 5000 id

78 5043 164 5089 est
191 5032 562 5098 homicidium,
616 5032 958 5099 adulterium,
991 5031 1308 5102 periurium,
1357 5034 1550 5091 falsum
1596 5046 1668 5093 te-

79 5126 417 5189 stimonium,
457 5133 512 5179 et
549 5124 754 5194 reliqua
800 5133 1023 5193 peccata
1064 5125 1372 5191 mortifera;
1423 5134 1478 5182 et
1518 5127 1661 5198 quod

79 5216 268 5271 nolunt
298 5216 400 5270 sibi
427 5214 570 5279 lieri,
618 5229 723 5268 non
765 5213 966 5269 faciant
1013 5213 1200 5282 alteri;
1247 5225 1300 5273 et
1348 5226 1404 5272 ut
1441 5219 1664 5274 credant

82 5307 532 5362 resurrectionem
573 5305 813 5360 omnium
855 5305 1134 5360 hominum
1169 5291 1224 5362 et
1268 5307 1408 5362 diem
1449 5307 1660 5378 judicii,

80 5398 131 5450 in
163 5412 271 5466 quo
310 5395 676 5466 unusquisque
708 5395 1001 5450 secundum
1030 5411 1193 5466 opera
1220 5413 1312 5452 sua
1351 5407 1662 5468 recepturus

79 5489 165 5542 sit.
194 5487 356 5542 Etsic
383 5495 567 5557 postea
593 5487 879 5559 episcopus
898 5487 965 5544 de
980 5488 1221 5545 Ecclesia
1245 5490 1334 5545 illa
1351 5490 1660 5560 proficisca-

80 5589 167 5634 tur
191 5581 261 5634 ad
283 5579 469 5634 aliam.

146 5717 296 5787 (185)
323 5717 458 5774 Vide
482 5717 768 5774 concilium
803 5716 1142 5773 Valentinum
1179 5731 1262 5782 ut,
1289 5730 1410 5786 cap.
1445 5717 1530 5771 17.

147 5786 298 5856 (184)
346 5787 481 5846 Vide
530 5788 621 5849 lib.
671 5805 702 5842 γ
745 5787 1156 5858 Capitularium,
1204 5802 1362 5859 capp.
1409 5788 1496 5854 94,
1529 5786 1652 5851 l09,

1769 4741 1849 4795 uti
1879 4739 2196 4802 debuerant,
2228 4736 2333 4790 alio
2381 4734 2556 4804 pretio
2598 4731 2871 4786 redimant
2912 4728 3004 4798 qui
3036 4741 3228 4798 parare
3256 4725 3355 4781 de-

1767 4831 1916 4887 bent.
1958 4831 2086 4898 Quze
2113 4827 2306 4898 duplex
2346 4823 2568 4879 infamia
2601 4833 2656 4878 et
2685 4819 3007 4893 negligentia
3035 4826 3090 4873 et
3126 4815 3353 4871 avaritia

1769 4934 1968 4981 sanctze
1994 4923 2200 4996 synodo
2230 4920 2440 4976 horrori
2469 4918 2569 4974 fuit
2597 4932 2794 4988 magno
2821 4933 2836 4982 ;
2869 4923 2924 4970 et
2951 4920 3261 4969 statuerunt
3284 4926 3353 4968 ne

1767 5016 1890 5087 quis
1919 5015 2132 5085 penitus
2166 5012 2307 5067 ultra
2345 5017 2597 5066 exerceat
2629 5009 2680 5064 id
2711 5006 3022 5078 cupiditatis
3052 5003 3348 5076 ingenium,

1765 5119 1818 5164 et
1850 5117 1907 5162 ut
1937 5106 2273 5162 sollicitiores
2299 5102 2677 5174 siut'episcopi
2709 5101 2774 5157 de
2805 5100 2916 5151 suis
2941 5099 3196 5171 gregibus
3222 5094 3351 5150 visi-

1765 5197 1965 5252 tandis.

1763 5304 1840 5359 De
1869 5303 2049 5358 eadem
2099 5318 2173 5358 re.
2211 5302 2293 5358 Ea:
2322 5302 2565 5374 capitulis
2601 5299 2941 5374 synodalibus
2969 5294 3150 5350 Caroli
3185 5295 3348 5364 impe-

2335 5371 2549 5440 ratoris,
2579 5371 2660 5427 tit.
2690 5371 2779 5426 9A.

1833 5488 1967 5544 Xlll.
1999 5489 2140 5560 (Lib.
2173 5507 2192 5546 1
2217 5489 2535 5561 Capitular.,
2569 5505 2618 5543 c.
2673 5486 2820 5557 100.)
2854 5485 2930 5540 Ne
2954 5497 3083 5539 vero
3108 5481 3348 5555 episcopi

1764 5583 2051 5638 occasione
2077 5582 2406 5653 praedicandi
2430 5593 2523 5636 aut
2561 5578 2918 5636 confirmandi
2966 5575 3117 5633 oneri
3165 5583 3350 5631 essent

1762 5713 2024 5840 365,3?
2065 5721 2198 5770 tom.
2247 5713 2288 5769 ll
2326 5711 2708 5784 .Couciliorum
2754 5707 2983 5773 Galliae,
3033 5720 3156 5778 pag.
3204 5701 3346 5769 148,

1795 5800 1882 5840 an.
1993 5822 2007 5838 .

1795 5800 1882 5855 ap.
1915 5800 2007 5839 ex.
