3944 6408
639 361 742 416 195

1592 366 1603 383 ’
1678 348 2047 409 REGINONIS
2085 352 2508 410 I’IIUMIEX‘SIS
2547 351 2840 410 ABBATIS
3765 361 3825 414 Illi

618 468 869 545 .populis,
912 483 942 523 a
974 467 1127 547 nobis
1167 464 1427 520 admoniti
1457 464 1627 535 (adut.
1656 475 1688 517 a
1718 463 1801 536 n.]
1833 464 2056 535 polliciti
2092 472 2222 519 sunt
2249 471 2300 528 Α
2327 462 2403 517 De
2462 464 2739 518 trieeunali
2791 465 3201 535 prwscriptione.
3270 463 3359 519 Es:
3426 464 3634 535 epistola
3691 467 3827 531 (ζειαί

642 578 702 617 se
747 562 1005 629 deinceps
1042 559 1145 612 hoc
1172 570 1365 611 cavere
1408 555 1546 611 velle
1580 564 1632 611 et
1669 571 1735 611 eo
1781 564 2025 625 tempore
2069 570 2226 611 suum

642 652 1002 711 ministerium
1053 649 1209 722 [min.
1233 648 1339 721 5.],
1372 650 1424 704 in
1467 657 1731 719 quantum
1770 648 1999 703 facultas
2046 649 2225 713 datur,

641 744 883 812 exsequi,
936 742 1019 797 bis
1063 739 1229 813 [apud
1280 738 1403 812 bos]
1435 741 1630 810 quibus
1678 740 1935 810 prodesse
1978 748 2226 809 possunt,

645 850 749 889 non
777 848 885 902 quo
915 848 1105 888 eorum
1144 831 1236 903 [ne
1264 829 1379 903 cor]
1411 829 1698 900 proiectio,
1737 839 2001 900 quantum
2041 829 2094 884 in
2124 829 2230 886 illis

642 934 746 989 est,
777 925 847 979 sit
885 924 1191 994 importuna
1225 923 1309 978 vel
1337 937 1565 978 onerosa
1596 921 1764 994 (185).

643 1053 750 1125 37
779 1053 857 1109 De
887 1053 1217 1108 immunitate
1258 1053 1621 1125 ecclesiarum.
1665 1052 1752 1108 Ea:
1798 1054 1977 1108 eodem
2023 1055 2227 1125 capitu-

1246 1124 1369 1191 lari,
1396 1126 1478 1178 tit.
1510 1124 1629 1178 tos.

716 1238 856 1295 XIV.
908 1238 1176 1310 (Capitula
1205 1236 1382 1293 Caroli
1411 1237 1584 1304 Calvi,
1617 1237 1700 1293 tit.
1736 1238 1788 1305 9,
1818 1253 1869 1293 c.
1901 1237 1981 1310 4.)
2011 1238 2230 1294 Denun-

647 1332 891 1388 tiandum
922 1340 1005 1385 est
1048 1331 1320 1395 erunibus,
1369 1339 1425 1385 et
1451 1347 1482 1384 a
1514 1331 1694 1385 missis
1745 1331 1947 1386 nostris
1974 1331 2231 1386 ordinan-

648 1425 795 1490 dum,
844 1432 903 1478 ut
944 1438 1132 1478 omnes
1156 1422 1398 1478 ecclesiae
1426 1433 1482 1478 et
1508 1423 1810 1493 presbyteri
1838 1423 1937 1478 sub
1982 1422 2236 1506 imminui-

649 1523 761 1571 tate
806 1522 861 1570 et
884 1516 1162 1586 privilegio
1191 1524 1247 1569 et
1288 1515 1630 1570 ordinatione
1671 1522 1835 1585 atque
1875 1515 2233 1584 dispositione

648 1611 1024 1680 cpiscollorum
1083 1608 1416 1679 singularum
1470 1607 1867 1678 parcechiarum
1915 1609 1976 1661 in’
2039 1607 2234 1679 quibus

648 1700 969 1766 consistunt,
999 1699 1295 1755 secundum
1324 1700 1706 1755 auctoritatem
1749 1698 2071 1761 canonicam
2112 1712 2234 1770 per-

648 1799 924 1845 maneant.

649 1925 804 1992 ﬂuod
853 1942 1030 1980 omnes
1058 1925 1287 1980 basilica:
1318 1924 1372 1978 in
1400 1934 1652 1994 potestate
1676 1922 2037 1994 episcoporum
2080 1930 2227 1976 sunt.

953 1996 1039 2051 Ea:
1063 1996 1285 2051 concilio
1315 1992 1700 2060 Aurelianensi,
1731 1994 1813 2047 tit.
1844 1993 1930 2047 I5.

719 2106 838 2164 XV.
882 2106 1087 2181 (Concil
1118 2107 1300 2162 Aurel.
1336 2124 1376 2174 I,
1424 2122 1475 2162 c.
1512 2107 1611 2171 I7;
1653 2106 1964 2161 Buncuann.
2007 2104 2103 2160 lib.
2147 2119 2231 2172 ιιι,

650 2217 701 2257 c.
734 2202 814 2272 8.)
849 2201 1049 2257 Omnes
1079 2200 1315 2255 basilicae
1357 2215 1476 2269 qua:
1518 2214 1619 2269 per
1667 2198 1881 2253 diversa
1928 2199 2047 2253 loca
2099 2213 2235 2253 con-

652 2299 872 2346 structae
900 2298 1027 2345 sunt
1056 2288 1139 2344 vel
1170 2289 1414 2359 quotidie
1455 2298 1868 2354 construuntur,
1900 2287 2104 2359 placuit
2149 2301 2236 2342 se-

651 2383 887 2438 cundum
923 2383 1165 2454 priorum
1196 2397 1465 2437 canonum
1496 2381 1740 2453 regulam
1784 2389 1844 2435 ut
1892 2381 1946 2434 in
1974 2379 2091 2451 ejus
2120 2378 2238 2450 cpi-

650 2474 835 2542 scopi,
884 2473 940 2527 in
991 2472 1148 2544 cujus
1200 2472 1475 2528 territorio
1522 2472 1715 2542 posita:
1758 2478 1917 2538 sunt,
1966 2476 2238 2540 potestate

650 2564 969 2619 consistant.

723 2673 800 2729 De
824 2674 1118 2746 perac/riis.
1150 2672 1236 2728 Ex
1258 2672 1480 2728 concilio
1508 2672 1938 2738 Chalcedonensi,
1965 2672 2048 2725 tit.
2079 2671 2164 2728 19.

727 2787 865 2843 XVI.
898 2784 1128 2857 (Coneit.
1162 2787 1411 2840 Cltalced.
1457 2801 1507 2839 c.
1544 2786 1643 2851 I7;
1687 2785 1999 2840 BUBCIIAIID.
2027 2786 2122 2839 lib.
2151 2800 2234 2851 ιιι,

653 2895 706 2935 c.
739 2878 887 2948 N8.)
920 2876 1273 2946 Singularum
1294 2876 1654 2932 ecclesiarum
1682 2878 1913 2933 rusticas
1930 2877 2238 2947 partecnias

614 2976 623 2985 ‘
652 2978 739 3027 vel
768 2972 1143 3041 possessiones
1184 2984 1410 3025 manere
1439 2970 1789 3025 inconcussas
1836 2970 1942 3025 illis
1969 2970 2238 3039 episcopis

652 3063 747 3133 qui
789 3078 885 3117 eas
913 3062 1150 3116 retinere
1180 3068 1508 3123 noscuntur,
1539 3069 1596 3116 et
1641 3060 1875 3115 maxime
1918 3060 1964 3115 si
2017 3076 2114 3131 per
2143 3060 2240 3115 t’ri-

653 3156 906 3211 cennium
940 3169 1036 3211 eas
1078 3155 1284 3225 absque
1322 3154 1375 3208 vi
1405 3153 1714 3209 obtinentes
1741 3152 1854 3225 38
1881 3152 1982 3209 sub
2020 3152 2238 3223 dispen-

654 3247 863 3301 satione
909 3254 1187 3301 rexerunt.
1217 3244 1372 3311 Quod
1417 3245 1461 3300 si
1516 3246 1658 3299 intra
1712 3244 2045 3299 trieennium
2092 3242 2238 3298 facta
2269 3241 2312 3303 C

654 3335 819 3392 fuerit
851 3338 917 3391 de
942 3336 1026 3392 his
1056 3336 1141 3391 vel
1170 3337 1266 3392 liat
1291 3336 1594 3401 altercatio,
1631 3335 1799 3392 licere
1825 3336 1906 3391 eis
1931 3336 2024 3405 qui
2052 3350 2111 3390 se
2150 3334 2241 3391 ιω-

661 3444 754 3485 sos
802 3436 1056 3484 asserunt
1100 3427 1243 3500 apud
1308 3436 1557 3483 sanctam
1621 3427 1889 3499 synodum
1941 3426 2246 3497 provincia:

656 3536 751 3578 cer
757 3531 894 3577 tare.
1124 3530 1127 3535 ’

657 3654 857 3721 Quales
895 3655 1169 3710 ministros
1211 3656 1439 3726 episcopi
1480 3656 1535 3711 in
1568 3636 1877 3726 \civitatibus
1928 3657 2040 3711 suis
2083 3656 2247 3712 relin-

724 3742 880 3795 quere
898 3726 1140 3780 debeant.
1166 3725 1253 3780 Ea;
1273 3726 1530 3797 Capitulis
1554 3725 1731 3780 Caroli
1738 3727 1989 3795 junioris,
2016 3730 2097 3781 tit.
2120 3728 2174 3782 5.

726 3836 889 3893 XVII.
937 3837 1206 3909 (Capitula
1232 3837 1602 3903 Carlomanni,
1635 3841 1717 3894 tit.
1746 3841 1803 3906 2,
1826 3857 1874 3895 c.
1914 3842 1992 3913 7.)
2023 3843 2091 3896 Et
2116 3857 2248 3913 quo-

656 3930 805 3985 niam
835 3930 1098 3999 episcopi,
1126 3931 1222 3999 qui
1270 3929 1474 3985 nostris
1500 3940 1556 3984 et
1584 3931 1697 3984 suis
1737 3933 2119 3987 communibus
2146 3932 2248 3987 Ec-

658 4018 841 4075 clesia:
881 4027 938 4074 et
967 4019 1132 4075 totius
1182 4020 1333 4090 regni
1370 4020 1785 4075 necessitatibus
1808 4022 2058 4092 occupati
2086 4030 2245 4089 sunt,

661 4124 771 4165 non
795 4109 976 4165 valent
1005 4118 1203 4165 cuncta
1247 4109 1349 4165 soli
1397 4110 1715 4180 prospicere
1749 4125 1871 4181 qua:
1918 4110 2061 4181 inira
2109 4111 2246 4167 lines

658 4200 954 4273 paroecltiae
982 4200 1200 4257 illorum
1242 4208 1658 4272 perpetrantur,
1708 4202 1997 4257 statuimus
2020 4210 2082 4256 ut
2107 4217 2246 4272 quo-

660 4292 981 4362 tiescunque
1019 4292 1257 4362 episcopi
1284 4309 1315 4345 a
1348 4292 1570 4363 propria
1601 4292 1823 4348 civitate
1849 4292 2244 4364 digrediuntur,

661 4380 797 4435 tales
823 4380 1096 4449 adjutores
1122 4373 1491 4452 unusquisque
1524 4383 1577 4436 in
1601 4398 1698 4438 sua
1725 4384 1945 4439 civitate
1975 4383 2247 4455 relinquat

662 4472 755 4541 qui
790 4474 906 4527 haec
932 4472 1111 4526 omnia
1142 4474 1563 4543 prudentissime
1614 4475 1666 4529 in
1720 4491 1814 4529 sua
1862 4476 2083 4531 civitate
2126 4493 2248 4548 pcr-

3034 553 3204 606 partv-

2400 648 2583 705 XVIII.
2619 649 2819 721 (Getas.
2853 650 2891 711 I,
2922 650 3078 719 epist.
3110 650 3199 714 10,
3240 664 3290 704 c.
3326 650 3389 714 l;
3436 649 3530 704 lib.
3559 665 3648 705 vlt.
3674 652 3827 723 Capiti.

2329 740 2459 806 lar.,
2483 758 2531 797 c.
2566 743 2701 808 175;
2736 743 3046 801 Buncnaan.
3078 742 3171 797 iib.
3196 757 3278 807 ιιι,
3311 757 3366 797 c.
3410 742 3556 813 M9.)
3584 743 3698 798 Illud
3719 749 3827 803 etiam

2330 835 2543 889 annecti
2572 834 2882 906 placuitrnt
2910 837 2954 891 si
2986 836 3103 904 qni,
3133 836 3275 905 quod
3301 835 3474 900 absit,
3501 834 3749 894 facultates
3766 840 3828 896 Ec-

2331 922 2510 977 clesim
2540 939 2746 979 necnon
2779 932 2835 978 et
2876 925 3141 979 dioeceses
3182 924 3250 979 ab
3275 923 3424 989 aliis,
3462 940 3493 978 a
3518 926 3694 993 quibus
3711 933 3827 997 possi-

2332 1015 2545 1080 dentur,
2577 1017 2845 1086 episcopis
2866 1017 2989 1087 jure
3012 1017 3116 1071 sibi
3140 1015 3450 1080 vindicent,‘
3473 1016 3611 1086 quod
3635 1018 3829 1073 tricenas.

2331 1106 2397 1160 lis
2424 1107 2509 1161 lex
2534 1107 2816 1173 conclusit,
2846 1108 2972 1177 quia
3002 1116 3057 1161 et
3080 1106 3313 1160 ﬁliorum
3347 1116 3649 1161 nostrorum
3687 1110 3829 1177 princi-
3872 1106 3873 1153 ἶ

2331 1212 2456 1266 pum
2501 1197 2611 1268 39
2634 1199 2708 1253 ita
2752 1184 3026 1253 em'anavit
3056 1198 3379 1262 auctoritas,
3432 1206 3490 1251 ut
3513 1197 3641 1251 ultra
3679 1200 3828 1270 triginta

2332 1304 2502 1343 annos
2529 1289 2659 1343 nulli
2689 1288 2852 1344 liceat
2874 1304 2976 1359 pro
3003 1288 3056 1344 id
3084 1288 3358 1359 appellare
3383 1288 3527 1359 quod
3566 1288 3717 1361 legum
3744 1301 3829 1346 lem-

2333 1395 2435 1449 pus
2464 1380 2718 1436 excludit.

2332 1471 2411 1525 De
2444 1473 2592 1527 rebus
2620 1489 2712 1542 per
2750 1472 2973 1541 trigenta
3014 1486 3179 1524 annos
3223 1469 3499 1542 possessis.
3533 1468 3612 1523 Ex
3651 1468 3830 1539 Capitulis
3874 1468 3875 1535 ἰ

2719 1542 2969 1595 Ludovici
2994 1542 3345 1611 imperatoris,
3361 1542 3444 1593 tit.
3484 1541 3537 1594 7.
3874 1550 3875 1557 ‘

2402 1630 2541 1699 XIX.
2568 1632 2771 1704 (Addit.
2799 1646 2871 1695 IV,
2900 1646 2950 1684 c.
2976 1630 3083 1695 5b;
3114 1630 3430 1684 Buncusnn.
3458 1629 3547 1682 lib.
3571 1644 3645 1694 ιιι,
3678 1643 3719 1683 c.
3741 1628 3830 1697 150.)

2340 1724 2405 1781 Ut
2424 1726 2490 1780 de
2510 1727 2668 1780 rebus
2695 1724 3043 1779 ecclesiarum
3062 1738 3181 1791 qua:
3202 1723 3270 1777 ab
3290 1724 3373 1777 eis
3394 1738 3489 1793 per
3519 1722 3712 1793 tl‘iginla
3724 1739 3833 1775 anno-
3876 1734 3877 1795 ξ

2336 1832 2455 1870 rum
2484 1816 2716 1885 spatium
2742 1815 2861 1870 sine
2884 1815 2991 1869 ulla
3028 1813 3467 1884 interpellatione
3505 1827 3733 1882 possessa:
3756 1823 3834 1865 sunt
3876 1820 3877 1877 ξ

2336 1907 2638 1962 testimonia
2670 1922 2777 1963 non
2809 1906 3179 1976 recipiantur;
3213 1904 3309 1959 sed
3334 1918 3403 1958 eo
3431 1904 3581 1959 modo
3604 1896 3834 1957 continean-
3876 1894 3877 1927 ‘

2335 2009 2423 2055 tur
2449 2000 2589 2054 sicut
2617 2013 2706 2054 res
2730 1999 2798 2054 ad
2827 1997 3017 2055 ﬁscum
3039 1996 3373 2052 dominicum
3397 1997 3703 2066 pertinentes
3720 1994 3831 2049 conti-

2336 2092 2452 2149 neri
2478 2091 2672 2147 solent.
3762 2082 3773 2098 ’

2444 2203 2519 2258 De
2542 2202 2876 2273 inscriptione
2899 2212 3210 2274 temporum.
3236 2200 3326 2256 Ea:
3354 2200 3551 2268 eodem,
3578 2201 3717 2270 capite
3730 2199 3768 2255 9.

2407 2314 2523 2371 XX.
2547 2313 2680 2387 (Lex
2699 2312 3001 2385 Burgund.,
3026 2314 3110 2369 tit.
3133 2313 3223 2379 79,
3248 2329 3299 2369 c.
3315 2312 3375 2379 2,
3396 2312 3476 2384 3.)
3498 2312 3554 2368 Si
3578 2312 3684 2382 quis
3703 2320 3832 2365 terram
3878 2310 3879 2313 “

2339 2409 2408 2465 ab
2431 2409 2603 2464 altero
2653 2407 2853 2463 dixerit
2890 2407 3156 2464 violenter
3199 2407 3307 2463 sibi
3359 2421 3481 2463 esse
3525 2406 3773 2469 sublatam,
3803 2411 3834 2455 et

2334 2499 2632 2556 convicerit
2659 2500 2808 2570 prius
2841 2514 3002 2569 quam
3032 2499 3251 2571 triginta
3275 2513 3545 2554 annorum
3589 2496 3833 2565 compleatur

2338 2607 2595 2648 numerus
2618 2600 2674 2647 et
2704 2607 2815 2646 rem
2842 2591 3149 2647 constiterit
3174 2600 3496 2662 occupatam
3515 2628 3530 2656 ,
3565 2598 3616 2645 et
3640 2587 3833 2657 requirere

2339 2686 2575 2755 potuerit
2600 2724 2616 2750 ,
2665 2684 2958 2753 repetentis
2986 2684 3230 2755 partibus
3265 2683 3606 2742 reformetur.
3648 2679 3832 2736 Ceterum

2296 2774 2305 2781 ’
2340 2776 2386 2831 si
2427 2775 2661 2845 impletis
2693 2776 2911 2847 triginta
2941 2777 3101 2830 annis
3130 2785 3275 2832 terra
3301 2790 3335 2831 a
3365 2787 3666 2847 quocunque
3684 2781 3833 2842 pervasa

2339 2865 2507 2923 fuisse
2536 2868 2772 2934 dicatur,
2808 2876 2866 2924 et
2890 2883 2997 2923 non
3022 2867 3183 2923 fuerit
3210 2875 3340 2923 ante
3369 2868 3592 2939 repetita
3610 2905 3625 2932 ,
3647 2860 3753 2920 nihil
3771 2858 3833 2915 sibi

2341 2958 2675 3016 reddendum
2693 2973 2816 3016 esse
2841 2966 3146 3029 cognoscat.

2740 3070 2877 3125 Item
2897 3072 2964 3124 de
2993 3068 3175 3124 eadem
3208 3083 3284 3122 re.
3318 3067 3540 3123 Ibidem.

2410 3162 2552 3220 XXI.
2578 3161 2767 3235 (Ibid.,
2789 3178 2838 3218 c.
2871 3162 2949 3234 5.)
2981 3162 3049 3218 Et
3073 3162 3197 3233 quia
3224 3162 3408 3217 omnia
3440 3160 3507 3215 ad
3544 3157 3832 3228 quietemom-

2346 3261 2495 3315 nium
2527 3257 2854 3328 pertinentia
2878 3271 2948 3310 ex
2978 3256 3095 3326 lege
3143 3254 3402 3309 convenit
3439 3248 3713 3325 provideri,
3750 3253 3834 3313 qua!
3882 3260 3883 3265 ‘

2345 3351 2569 3407 omnino
2612 3363 2806 3405 causas
2832 3349 2900 3404 de
2946 3348 3360 3419 quibuscunque
3398 3346 3583 3409 rebus,
3611 3354 3711 3412 quae
3745 3336 3833 3389 intra

2348 3445 2568 3516 triginta
2593 3459 2766 3500 annos
2820 3458 2930 3498 non
2973 3440 3177 3497 fuerint
3202 3440 3465 3506 delinitur,
3503 3435 3637 3492 nullo
3653 3446 3727 3488 eas
3743 3432 3834 3497 post-

2347 3536 2566 3593 modum
2597 3536 2778 3592 licebit
2799 3535 2991 3591 ordine
3011 3534 3345 3589 commoveri
3368 3548 3384 3587 :
3410 3531 3536 3603 quia
3550 3528 3670 3585 satis
3693 3518 3834 3578 unicui-

2346 3644 2453 3698 que
2468 3630 2540 3684 ad
2569 3629 2949 3699 requirendum
2973 3638 3028 3685 et
3051 3629 3426 3700 recipiendum
3446 3626 3585 3705 quod
3605 3623 3651 3678 ei
3671 3617 3833 3676 debitum

2348 3717 2512 3774 fuerit
2539 3720 2937 3790 suprascriptus
2952 3734 3223 3775 annorum
3253 3732 3517 3775 numerus
3539 3714 3837 3778 ωηειειιιοεεο

2349 3806 2534 3864 sulliee
2542 3824 2619 3864 re.

2665 3914 2776 3990 ω
2812 3917 2949 3972 Item
2977 3919 3044 3973 de
3069 3918 3250 3973 eadem
3273 3933 3350 3973 re.
3395 3912 3607 3972 Ibidem.

2417 4030 2583 4090 XXII.
2602 4033 2964 4105 (Interpretat.
2983 4034 3087 4106 leg.
3104 4051 3197 4089 un.
3217 4031 3350 4088 Cod.
3371 4016 3835 4106 Theodos.,deisqtil.

2270 4184 2273 4189 ,
2348 4133 2396 4179 et
2419 4104 2667 4195 colonis.)
2709 4122 2765 4179 Si
2797 4125 2919 4194 quis
2948 4104 3199 4179 colonum
3248 4123 3484 4178 alienum
3520 4121 3569 4174 in
3612 4132 3663 4171 re
3682 4126 3754 4167 sua
3780 4104 3837 4159 ιτίε

2349 4216 2496 4283 ginta
2519 4230 2692 4270 annos
2718 4214 2992 4280 habuerit,
3016 4230 3081 4269 ac
3099 4214 3145 4268 si
3168 4228 3325 4269 suum
3354 4211 3600 4268 vindicet.
3639 4201 3722 4271 Qui

2351 4307 2566 4378 triginta
2599 4321 2770 4361 annos
2799 4306 3049 4361 inventus
3092 4303 3255 4358 luerit
3278 4341 3294 4370 ,
3333 4319 3364 4357 a
3404 4300 3610 4358 domino
3641 4304 3739 4349 cum
3758 4285 3835 4340 ﬁliis

2350 4397 2451 4453 sibi
2474 4398 2667 4453 debitis
2694 4406 2750 4451 et
2772 4398 2920 4452 omni
2956 4395 3168 4467 peculio
3192 4402 3498 4450 revocetur.
3529 4388 3582 4445 Si
3608 4398 3715 4440 vero
3745 4386 3835 4467 φοι·

2352 4496 2475 4542 tuus
2502 4486 2685 4551 fuerit,
2710 4466 2977 4556 peculium
3005 4483 3122 4552 ejus
3162 4482 3412 4539 dominus
3458 4476 3677 4547 recipiat.
3699 4466 3835 4556 Colotti

663 4572 842 4633 agant,
870 4571 928 4616 ut
950 4579 1218 4633 pauperes
1241 4565 1501 4635 sanguine
1522 4565 1723 4620 Christi
1748 4567 2007 4638 redempti
2037 4583 2249 4640 semper
2276 4594 2325 4652 Ι)
2350 4592 2479 4633 vero
2507 4578 2552 4632 si
2575 4552 2767 4647 vigili-1i
2788 4576 2944 4631 annis
2973 4575 3028 4629 in
3057 4574 3234 4629 alieno
3275 4571 3512 4627 dominio
3548 4552 3834 4639 permanserit.

664 4657 719 4713 in
747 4657 966 4712 civitate
990 4668 1311 4726 praesentem
1342 4659 1623 4712 inveniant
1646 4675 1677 4713 a
1713 4675 1819 4730 quo
1851 4676 2165 4735 responsum
2192 4671 2248 4716 et

664 4748 1087 4804 consolationem
1133 4749 1423 4818 accipiant.
1473 4748 1531 4802 In
1563 4748 1693 4804 vicis
1720 4759 1906 4804 autem
1952 4758 2008 4804 et
2046 4750 2246 4807 villulis

666 4840 824 4913 longe
852 4858 882 4896 a
909 4842 1125 4900 civitate
1155 4844 1378 4899 remotis
1406 4844 1703 4899 constituat
1732 4846 2100 4916 unusquisque
2126 4846 2246 4917 epi-

666 4948 861 5003 scopus
887 4935 1212 4990 reverendos
1256 4944 1311 4990 et
1339 4944 1528 4991 cautos
1574 4944 1737 5005 atque
1784 4936 1930 4990 omni
1963 4936 2247 5005 prudentia

666 5041 881 5083 morum
917 5036 1243 5098 temperatos
1270 5027 1640 5099 presbyteros,
1682 5027 1774 5099 qui
1803 5042 1901 5083 sua
1942 5029 2060 5084 vice
2085 5043 2249 5100 supe-

666 5118 780 5175 rius
804 5130 1009 5177 statula
1040 5122 1281 5178 modeste
1305 5122 1612 5193 perﬁciant,
1636 5129 1692 5177 et
1716 5122 1782 5177 ad
1820 5137 1955 5192 quos
1981 5122 2070 5178 alii
2098 5138 2249 5193 pres-

666 5214 841 5285 byteri
883 5214 1131 5288 juniorcs
1165 5222 1221 5270 et
1267 5215 1447 5269 minus
1485 5214 1632 5269 cauti
1660 5229 1814 5270 suam
1864 5203 2085 5271 causam
2111 5213 2254 5270 relc-

667 5316 813 5362 rant.

742 5486 892 5560 (l85)
920 5486 1279 5544 Perturbatus
1305 5494 1401 5560 est,
1417 5486 1553 5560 ordo
1577 5484 1734 5560 istius
1756 5481 2247 5560 capitisuapudRe-

671 5554 1345 5632 ginoneintExbibuiinus
1390 5556 1812 5632 bic_lccti_onem
1860 5555 2064 5611 codicis
2098 5554 2251 5632 [fari-

673 5625 890 5687 siensis.
958 5629 1135 5686 Editio
1190 5628 1685 5685 Helmazstadiensis
1731 5640 1839 5681 non
1898 5634 1984 5681 est
2024 5625 2250 5680 multum

675 5700 913 5757 diversa.
961 5697 1152 5755 Varias
1190 5699 1450 5756 lectiones
1489 5700 1681 5755 damus
1718 5696 1860 5753 inter
1902 5710 2104 5761 uncos;
2157 5697 2253 5751 sed

676 5773 886 5843 integer
917 5771 1069 5828 locus
1096 5773 1176 5830 sic
1224 5769 1587 5829 restituendus
1615 5778 1699 5824 est
1731 5781 1799 5824 ex
1842 5767 1996 5824 libris
2023 5767 2249 5837 Capitu-

2350 4686 2379 4725 a
2412 4670 2578 4741 priori
2601 4669 2819 4725 domino
2844 4683 2951 4723 non
2976 4666 3303 4737 requiratur.
3326 4663 3579 4719 Colonum
3601 4658 3700 4710 dum
3719 4652 3836 4741 parte!

2352 4738 2658 4834 agnationis
2687 4773 3004 4833 sequantur,
3031 4760 3277 4816 colonam
3300 4774 3428 4814 vero
3445 4755 3593 4813 tertia
3616 4761 3733 4821 pars-
3752 4738 3834 4834 Nai“

2354 4827 2644 4926 siagnatio
2689 4827 2831 4909 intra
2856 4853 3049 4924 viginti
3077 4867 3253 4909 annos
3298 4852 3441 4908 edita
3483 4846 3660 4906 fuerit,
3690 4827 3835 4908 ιιυιηάθ

2353 4947 2529 5003 adhuc
2557 4946 2748 5003 colona
2788 4945 3008 5001 domino
3032 4944 3395 5016 competebat,
3438 4930 3834 5011 repetentibusnlttt

2355 5049 2604 5111 negetur,
2625 5039 2752 5109 quia
2798 5036 2853 5091 in
2898 5036 3172 5094 modernis
3201 5035 3407 5106 legibus
3434 5039 3515 5087 est
3555 5021 3833 5111 constituunt!-

2357 5102 2518 5193 Sane,
2548 5102 2617 5185 ne
2638 5102 2906 5200 separatio
2952 5125 3187 5199 conjugii
3230 5102 3346 5191 llVat,
3376 5120 3687 5196 prmciplmns
3719 5102 3834 5199 πίδαξ-

2356 5221 2536 5276 minus
2561 5218 2736 5275 coloni
2777 5218 2980 5275 vicaria
3008 5216 3236 5275 muliere
3262 5231 3385 5275 cum
3427 5209 3689 5285 agnatione
3723 5200 3834 5270 Ρ³τ¹¹⁹

2356 5314 2532 5368 tertia:
2561 5326 2670 5368 non
2695 5319 2942 5385 negetur.

2354 5488 2576 5555 larium,
2630 5497 2745 5543 tum
2791 5486 2993 5554 editis,
3053 5495 3167 5542 tum
3211 5478 3601 5558 manuscriptis.
3644 5462 3831 5558 Nf‘ﬂf

2356 5538 2592 5646 έῖὲῖξῖἔε
2619 5538 2953 5646 agimur;
2976 5538 3508 5639 ἓιιιὶξῖηιῖἑιῖὶὶὶνίιιηὶ
3524 5538 3833 5646 ,ἐπέκειτ’

2359 5613 2851 5720 testaceam"
2882 5613 3797 5720 if?"‘1'f§.?'f°_i‘iC'ft’tf’i‘ilfi‘i’1'5

2363 5678 2851 5764 narrasse;
2884 5678 3467 5768 remittimus;
3486 5678 3677 5764 psum
3706 5683 3748 5731 σι
3775 5678 3833 5720 αο-

2354 5771 2496 5833 -bent,
2528 5787 2631 5826 non
2658 5770 2726 5826 sit
2753 5767 3052 5838 importuna
3079 5767 3156 5824 vel
3182 5767 3418 5822 onerosa.
