3944 6426
1632 325 1995 388 RECINONIS
2031 315 2444 377 PRUIIItNSlS
2477 309 2761 369 ABBATIS

575 475 764 534 ultima
841 460 1050 520 clericis
1137 470 1234 529 pro
1318 446 1654 520 singulorum
1731 438 1939 496 meritis
2017 433 2152 488 divi-
2179 424 2576 496 Anegligcntia
2643 424 2857 476 inventa
2907 413 3089 479 fuerit,
3145 406 3448 482 episcopali
3502 406 3779 462 auctoritate

2355 533 2359 534 ,
2433 519 2535 534 .-μ
2588 521 2840 534 --μ-.-ω
2872 509 2957 534 -..:
2996 521 3112 534 ιη...
3167 513 3477 534 uncinis-sam
3505 499 3762 534 Anium-um!

654 833 873 892 xxxv.
911 799 1093 902 (Liblt
1136 816 1456 892 Capitular.,
1505 827 1552 866 c.
1583 806 1696 878 γι.)
1749 801 1956 902 Placuit
2002 797 2156 854 nobis

583 930 872 985 admonere
917 893 980 974 ut
1032 910 1399 981 unusquisque
1444 902 1728 972 episcopus
1770 893 1951 947 videat
1999 901 2158 956 super

583 1034 737 1075 suam
767 1010 1098 1087 parmchiam
1122 979 1428 1059 ut—ec'clesia
1470 991 1561 1046 Dei
1591 1003 1746 1044 suum
1778 984 1972 1039 habeat
1991 979 2159 1033 hono-

586 1124 720 1172 rem,
768 1069 929 1159 simul
985 1107 1038 1153 et
1072 1091 1263 1149 altaria
1310 1083 1602 1165 secundum
1657 1091 1808 1132 suam
1843 1069 2158 1142 dignitatem

585 1203 939 1257 venerentur,
970 1195 1025 1243 et
1053 1200 1157 1240 non
1188 1181 1258 1237 sit
1283 1160 1473 1234 domus
1509 1170 1602 1225 Dei
1643 1177 1698 1222 et
1732 1163 1920 1219 altaria
1949 1165 2162 1214 sacrata

585 1287 769 1360 pervia
796 1283 1042 1344 canibus,
1091 1284 1146 1331 et
1193 1280 1251 1327 ut
1304 1283 1434 1324 vasa
1484 1269 1694 1318 sacrata
1724 1257 1834 1311 Deo
1881 1254 1934 1308 in
1969 1262 2163 1319 magna

1647 1351 1696 1360 η
1739 1351 1750 1360 -
1966 1341 2160 1360 μμ.-

587 1341 935 1435 veneratione
969 1341 1292 1429 habeantur,
1338 1366 1481 1416 etut
1523 1351 1788 1410 sacriﬁcia
1833 1341 2165 1402 sanctiﬁcata

588 1429 948 1536 inagna
980 1456 1252 1530 diligentia
1303 1452 1373 1507 ab
1420 1448 1501 1504 eis
1546 1443 1864 1512 colligantur
1897 1434 1990 1506 qui
2020 1429 2164 1504 digni

590 1565 734 1614 sunt.

664 1665 799 1720 Item
821 1663 884 1718 de
922 1655 1302 1714 restauratioue
1323 1647 1657 1720 ecclesiarum
1701 1642 1827 1720 Dei._
1841 1637 1928 1720 βε
1954 1634 2170 1706 ϐαρεία-

872 1710 935 1786 lis
953 1710 1249 1784 Ludouvici
1284 1717 1634 1790 imperatoris,
1662 1729 1778 1782 cap.
1803 1710 1892 1764 40.

2253 519 2542 575 emendare
2580 521 2840 584 cogantur
2869 509 2960 578 qui
2995 521 3114 562 eam
3167 513 3478 559 restaurare
3505 499 3777 555 debuerant.

2254 608 2312 664 Si
2333 623 2461 662 vero
2495 621 2592 676 per
2641 599 3128 673 impossibilitatem
3168 593 3420 662 contigit,
3467 598 3530 644 ut
3572 597 3658 644 aut
3693 590 3780 658 plu-

2254 716 2344 756 res
2373 700 2482 754 sint
2511 712 2672 768 quam
2695 708 2917 749 necesse
2945 691 3036 757 sit,
3071 698 3168 744 aut
3192 685 3415 754 majoris
3444 683 3782 754 magnitudinis

2254 805 2416 861 quam
2446 798 2506 844 ut
2532 803 2596 842 ex
2643 787 2806 840 rebus
2835 783 2901 837 ad
2941 796 3034 836 eas
3082 776 3482 850 pertinentibus
3533 774 3782 828 restaurari

2255 879 2485 951 possint,
2513 877 2799 946 episcopus
2823 873 3038 927 modum
3054 869 3312 932 inveniat,
3337 864 3572 936 qualiter
3596 879 3784 934 congrue

2256 967 2530 1024 emendari
2558 975 2614 1020 et
2641 964 2942 1019 consistere
2967 959 3194 1030 possint.

2259 1076 2337 1130 De
2356 1074 2536 1130 eadem
2557 1089 2630 1128 re.
2652 1071 2737 1126 Ea:
2749 1069 3004 1141 Capitulis
3023 1064 3362 1141 synodalibus
3381 1060 3561 1117 Caroli
3573 1061 3783 1127 lenioris,

2510 1179 2516 1188 ο
2825 1138 2833 1141 ’
2923 1156 3043 1208 cap.
3074 1138 3162 1190 62.

2329 1256 2443 1314 XL.
2474 1254 2668 1327 (Capit.
2693 1253 2871 1309 Caroli
2909 1250 3080 1314 Calvi,
3108 1251 3192 1305 tit.
3227 1251 3280 1315 6,
3312 1263 3362 1304 c.
3397 1247 3512 1318 66.)
3561 1245 3700 1302 Servi
3725 1259 3788 1301 ec-

2263 1349 2550 1405 clesiarum
2598 1347 3007 1415 quibuscnnque
3050 1341 3415 1414 potestatibus
3444 1340 3653 1404 subditi,
3683 1340 3785 1392 unde

2264 1439 2453 1494 melior
2511 1437 2845 1492 consuetudo
2893 1435 2976 1490 vel
3028 1435 3272 1488 devotior
3323 1429 3704 1487 commendatio
3741 1443 3785 1484 ex

2266 1537 2510 1597 tempore
2529 1535 2578 1581 et
2599 1527 2842 1598 jussione
2863 1525 3044 1580 domui
3063 1521 3358 1578 Ludouvici
3383 1520 3467 1576 vel
3490 1530 3628 1575 certe
3650 1521 3785 1574 domui

2265 1619 2464 1685 Caroli,
2487 1634 2582 1674 seu
2609 1619 2773 1673 etiam
2798 1615 3030 1686 Pippini,
3056 1629 3162 1669 non
3199 1613 3413 1676 existit,
3444 1611 3626 1666 saltem
3647 1611 3787 1680 viginti

2269 1713 2456 1769 diebus
2482 1711 2534 1766 in
2565 1725 2707 1765 anno
2744 1709 2918 1764 eidem
2947 1707 3188 1762 ecclesiae
3211 1705 3281 1759 ad
3307 1702 3623 1758 reliciendas
3663 1702 3786 1772 ipsius

662 1822 900 1880 XXXVI.
931 1821 1072 1892 (Lib.
1105 1833 1156 1871 tv
1180 1810 1494 1884 Capitular.,
1533 1820 1583 1860 c.
1620 1801 1735 1873 40.)
1782 1801 1858 1855 De
1881 1810 2044 1867 opere
2085 1791 2170 1848 vel

2275 1805 2454 1859 ruinas
2479 1804 2680 1871 absque
2707 1799 2954 1855 molestia
2983 1797 3189 1853 servire
3214 1795 3488 1850 sinantnr.
3528 1792 3620 1848 Ubi
3654 1802 3786 1844 autem

589 1889 986 1976 restauratione
1026 1909 1134 1983 45
1171 1904 1520 1962 ecclesiarum
1575 1909 1759 1952 cernes
1802 1899 1858 1946 et
1886 1889 2168 1959 episcopus

525 2040 527 2045 ι
595 2011 712 2066 sive
734 2008 901 2063 abbas
927 2019 1032 2059 una
1055 2015 1177 2056 cum
1194 1997 1359 2051 misso
1371 2000 1574 2053 nostro,
1589 2001 1748 2058 quem
1767 1982 1865 2052 ipsi
1879 1978 2170 2048 sibielege-

597 2103 705 2156 rint
727 2100 794 2154 ad
820 2100 944 2161 hoc,
969 2087 1455 2150 considerationem
1479 2081 1703 2143 faciant,
1726 2085 1785 2130 ut
1804 2070 2168 2140 unusquisque

601 2205 790 2246 eorum
851 2194 1057 2240 tantum
1106 2181 1227 2236 inde
1283 2175 1509 2246 accipiat
1541 2172 1606 2226 ad
1645 2165 1974 2237 operandum
2005 2169 2056 2214 et
2087 2173 2170 2212 re-

604 2279 957 2336 staurandum
1016 2281 1274 2345 quantum
1328 2269 1438 2338 ipse
1485 2265 1551 2318 de
1598 2262 1757 2315 rebus
1823 2254 2170 2311 ecclesiarum

594 2373 797 2429 habere
835 2343 1185 2440 dignoscitur.
1208 2359 1486 2415 Similiter
1515 2367 1570 2409 et
1599 2351 1741 2407 vassi
1792 2347 1963 2402 nostri
1994 2354 2086 2399 aut
2117 2343 2168 2396 in

594 2478 882 2521 commune
929 2467 1134 2513 tantum
1185 2450 1452 2523 accipiant
1485 2444 1661 2517 operis
1690 2448 1953 2513 quantum
1991 2447 2169 2490 rerum

597 2553 1085 2612 ecclesiasticarum
1142 2547 1374 2608 habent,
1425 2540 1510 2595 vel
1563 2535 1929 2605 unusquisque
1979 2543 2078 2599 per
2115 2539 2173 2580 se

593 2646 748 2714 juxta
781 2643 1130 2713 quantitatem
1161 2651 1322 2706 quam
1364 2633 1480 2701 ipse
1505 2635 1667 2683 tenet.
1700 2626 1803 2678 Aut
1831 2622 1875 2675 si
1907 2621 2048 2674 inter
2080 2631 2174 2670 eos

599 2709 914 2791 convenerit
939 2739 996 2783 ut
1024 2742 1122 2798 pro
1144 2738 1309 2795 opere
1351 2718 1597 2774 faciendo
1643 2720 1922 2783 argentum
1951 2709 2174 2769 donent,

598 2822 748 2892 juxta
776 2795 1188 2874 aestimationem
1225 2810 1404 2880 operis
1455 2809 1508 2860 in
1553 2810 1779 2874 argento
1826 2795 2174 2868 persolvant;

601 2931 724 2970 cum
745 2928 848 2982 quo
877 2911 1049 2981 pretio
1078 2915 1254 2960 rector
1273 2901 1515 2958 ecclesiae
1544 2898 1610 2952 ad
1642 2894 1950 2967 prmdictam
1975 2900 2179 2945 restau-

607 3004 866 3058 rationem
901 2996 1177 3068 operarios
1224 2993 1525 3048 conducere
1572 2998 1627 3042 et
1677 2985 1957 3040 materiam
2000 2993 2179 3036 emere

605 3094 794 3164 possit.
849 3091 916 3144 Et
943 3089 1033 3158 qui
1084 3101 1254 3140 nonas
1294 3091 1348 3137 et
1401 3080 1638 3135 decimas
1681 3076 1810 3130 dare
1861 3068 2176 3142 neglexerit,

2269 1907 2328 1951 et
2353 1896 2580 1966 amplior
2599 1891 3002 1950 commendatio
3029 1898 3086 1945 et
3135 1887 3329 1942 melior
3351 1885 3672 1942 consuetudo
3700 1883 3786 1937 inde

2269 1987 2580 2052 traheretur,
2612 1999 2708 2054 pro
2735 1985 2835 2038 hac
2866 1990 3048 2037 nostra
3083 1974 3498 2033 necessitudinis
3531 1972 3785 2028 considera-

2270 2080 2418 2134 tione
2448 2092 2553 2132 non
2584 2075 2817 2131 decidat.

2271 2189 2378 2263 47
2427 2187 2562 2242 Item
2633 2187 2696 2241 de
2760 2183 2942 2240 eadem
3005 2165 3095 2263 re:
3119 2177 3262 2263 "Ex'
3310 2176 3486 2248 Capit.
3560 2172 3786 2230 Ludouvici

2935 2254 3073 2322 capit
3116 2251 3169 2305 5.

2343 2370 2477 2426 XLI.
2514 2369 2592 2424 Ne
2623 2382 2750 2424 vero
2784 2365 3025 2422 ecclesiae
3068 2362 3405 2435 presbyteris
3453 2359 3718 2415 commissa:
3748 2355 3784 2409 in

2272 2462 2668 2520 restauratione
2699 2470 2791 2516 aut
2827 2461 2880 2514 in
2936 2457 3294 2513 lnminarilms
3329 2456 3484 2525 juxta
3527 2449 3784 2522 possibilita-

2275 2564 2381 2609 tem
2434 2566 2612 2607 rerum
2671 2552 2737 2606 ab
2785 2550 2890 2605 illis
2918 2548 3258 2620 negligantur
3284 2555 3467 2600 vestra
3506 2539 3785 2598 nihilominus

2275 2643 2553 2715 invigilare
2585 2643 2742 2697 debet
2792 2641 3031 2696 solertia.
3083 2639 3149 2693 Et
3195 2639 3335 2692 sicut
3377 2635 3508 2690 alios
3557 2629 3783 2705 prohibetis

2276 2754 2346 2794 ne
2377 2739 2441 2792 de
2487 2735 2690 2792 mansis
2729 2735 2796 2788 ad
2843 2732 3085 2788 ecclesiae
3134 2725 3424 2783 luminaria
3474 2726 3603 2780 datis
3637 2719 3817 2791 aliquid

2257 2829 2567 2900 accipiant,
2594 2829 2672 2882 sic
2692 2837 2747 2882 et
2767 2840 2862 2880 vos
2891 2834 2947 2879 et
2973 2821 3134 2878 vestri
3164 2817 3528 2875 archidiaconi
3560 2818 3618 2872 de
3639 2814 3783 2869 eisdem

2278 2919 2482 2973 mansis
2521 2916 2653 2971 nihil
2679 2913 3011 2983 accipiendo,
3047 2911 3167 2966 aliis
3195 2908 3500 2980 exemplum
3546 2903 3783 2975 praebentis.

2281 3011 2386 3067 Sed
2416 3011 2596 3082 potius
2639 3008 2706 3062 ad
2741 3007 2793 3062 id
2831 3006 2972 3076 quod
3001 3006 3124 3059 data
3164 3010 3290 3056 sunt
3317 2999 3522 3055 servire
3554 2993 3787 3050 concedan-

2287 3112 2410 3165 tur;
2444 3109 2502 3152 ut
2527 3108 2719 3162 totum,
2766 3095 2907 3151 sicut
2945 3093 3149 3147 dictum
3195 3097 3299 3152 est,
3357 3089 3414 3142 in
3464 3082 3784 3141 restauratione

606 3192 837 3260 primum
899 3184 1113 3254 quidem
1168 3179 1285 3234 illas
1341 3191 1464 3231 cum
1542 3173 1657 3243 lege
1731 3184 1827 3224 sua
1893 3165 2179 3260 restituat,
2210 3149 2254 3211 C
2768 3149 3134 3238 ‘lu’minaﬁbus
3187 3149 3371 3234 vasin
3429 3175 3713 3231 auctoritate
3752 3169 3788 3222 ει

610 3256 828 3350 insuper
904 3286 959 3332 et
1035 3276 1272 3330 bannum
1350 3277 1594 3323 nostrum
1676 3261 1893 3324 solvat,
1968 3267 2028 3313 ut
2110 3256 2184 3309 ita

609 3375 902 3444 castigatus
961 3376 1150 3423 caveat
1199 3379 1265 3418 ne
1312 3359 1507 3431 saepius
1566 3353 1811 3411 iterando
1864 3346 2184 3404 beneficium

613 3464 842 3518 amittat.

821 3551 897 3604 De
919 3549 1097 3604 eadem
1123 3563 1194 3599 re.
1218 3542 1349 3597 Item
1385 3556 1448 3595 ea:
1471 3533 1748 3608 Capitulis,
1780 3532 1860 3586 tit.
1884 3529 1974 3585 22.

681 3646 940 3701 XXXVII.
975 3644 1114 3714 (Lib.
1159 3657 1197 3694 ll
1251 3635 1567 3706 Cupitular.,
1601 3647 1651 3685 c.
1678 3627 1794 3698 22.)
1837 3628 1912 3681 De
1937 3623 2190 3694 operibus

614 3741 668 3794 in
707 3735 1097 3791 restauratione
1121 3729 1494 3788 ecclesiarum,
1525 3723 1640 3777 sive
1689 3720 1742 3773 in
1772 3715 2039 3780 faciendo,
2080 3715 2192 3768 sive

617 3833 671 3886 in
702 3826 1033 3890 redimendo,
1055 3817 1374 3892 episcopalis
1404 3815 1581 3885 potius
1616 3817 1873 3878 sequatur
1924 3805 2188 3860 voluntas.

617 3917 928 3974 Nullatenus
948 3922 1128 3967 tamen
1171 3913 1447 3963 remaneat
1472 3903 1620 3973 quin,
1655 3900 1794 3954 sicut
1815 3913 1846 3950 a
1875 3895 2027 3950 nobis
2052 3909 2194 3964 smpe

612 4009 820 4079 jussum
850 4013 952 4068 est,
981 4005 1084 4058 hoc
1132 4007 1224 4054 aut
1257 3993 1650 4079 illud‘partihus
1677 3987 2030 4044 ecclesiarum
2072 3999 2195 4054 per-

621 4066 878 4155 solvatur.
909 4066 978 4148 Et
1000 4092 1104 4146 hoc
1127 4066 1583 4145 omnibus'notum
1622 4081 1711 4145 sit,
1737 4078 1859 4149 quia
1888 4076 2196 4148 quicunque

621 4191 956 4262 negligenter
999 4182 1193 4239 exinde
1235 4179 1423 4250 egerit,
1467 4185 1521 4231 et
1563 4189 1744 4230 coram
1800 4169 1958 4224 nobis
2002 4167 2196 4222 exinde

623 4259 897 4352 negligens
945 4283 1188 4347 repertus
1242 4271 1446 4335 fuerit,
1503 4266 1629 4322 illud
1683 4262 1927 4318 volumus
1977 4259 2198 4315 omnino

625 4346 930 4427 utusubeat
974 4346 1118 4436 quod
1185 4363 1240 4417 in
1288 4371 1474 4417 nostro
1533 4346 1815 4427 capituﬁiri
1872 4352 1939 4407 de
1992 4352 2093 4406 hac
2140 4364 2198 4405 re

2286 3284 2463 3341 studio
2490 3283 2687 3338 cedere
2715 3279 2902 3352 possit.

2739 3372 2818 3427 De
2844 3369 3076 3424 decimis.
3115 3366 3244 3437 Cap.
3275 3363 3404 3421 162.

2356 3469 2515 3527 XLII.
2549 3468 2688 3539 (Lib.
2728 3476 2745 3522 t
2787 3463 3104 3535 Capitular.,
3143 3458 3378 3531 c.149.)
3422 3457 3491 3513 Ut
3534 3453 3720 3510 decimae
3754 3447 3786 3501 in

2287 3572 2556 3637 potestate
2583 3560 2819 3632 episcopi
2849 3558 2977 3624 sint,
3009 3555 3243 3627 qualiter
3263 3568 3294 3607 a
3337 3549 3655 3623 presbyteris
3682 3542 3790 3600 dissi-

2288 3674 2390 3730 pen
2399 3667 2502 3712 tur.

2679 3743 2757 3798 De
2782 3741 2963 3797 eadem
2992 3755 3066 3794 re.
3097 3737 3180 3792 Ea:
3201 3753 3318 3808 cap.
3361 3735 3483 3790 157.

2361 3835 2537 3892 XLIII.
2571 3834 2712 3906 (Lib.
2742 3849 2760 3888 ι
2800 3829 3186 3902 Capitular.,c.
3219 3827 3368 3899 165.)
3397 3826 3467 3882 Ut
3491 3823 3574 3894 qui
3598 3816 3791 3878 ecclesia-

2293 3945 2412 3986 rum
2445 3926 2704 3983 benelicia
2753 3925 2975 3987 habent,
3013 3935 3210 3975 nonam
3266 3927 3322 3973 et
3376 3917 3623 3972 decimam
3658 3925 3711 3964 ex
3740 3905 3790 3958 eis

2294 4017 2534 4075 ecclesiae
2560 4017 2714 4087 cujus
2759 4029 2848 4069 res
2881 4021 3006 4068 sunt
3047 4011 3277 4074 donent;
3308 4015 3367 4062 et
3412 4006 3498 4076 qui
3529 4002 3621 4058 tale
3644 3992 3788 4053 beneﬁ-

2295 4101 2436 4163 cium
2499 4083 2720 4171 habent,
2787 4105 2854 4160 ad
2918 4093 3263 4157 medietatem
3316 4097 3587 4157 laborent,
3646 4097 3691 4143 et
3748 4083 3792 4136 de

2297 4214 2482 4256 eorum
2524 4198 2772 4270 portione
2819 4194 3038 4268 proprio
3100 4192 3424 4263 presbytero
3475 4185 3684 4242 decimas
3725 4175 3790 4231 do-

2299 4297 2446 4346 nent.

2892 4373 2970 4429 De
3005 4373 3185 4429 eadem
3209 4387 3282 4425 re.

629 4457 898 4515 communi
976 4451 1223 4510 consultu
1287 4449 1523 4503 ﬁdelium
1601 4451 1908 4498 nostrorum
1981 4438 2198 4493 ordina-
2367 4467 2528 4527 ων
2574 4468 2621 4524 Ν
2747 4466 2758 4478 .
3080 4486 3089 4495 ,
3162 4464 3174 4478 .

2227 4499 2274 4527 n
2533 4509 2550 4525 .
2622 4467 2796 4524 ovaha
2829 4481 2976 4527 rura,
3005 4479 3174 4527 quae]

2221 4499 2274 4558 Β
2367 4467 2550 4527 XLIV.
2574 4466 2796 4524 Novalia
2829 4481 2976 4531 rura,
3005 4479 3124 4534 quae
3155 4464 3308 4534 juxta
3338 4458 3506 4516 cultos
3530 4465 3666 4524 agros
3683 4446 3790 4503 lium.

2873 4555 2885 4558 ‘
2959 4554 2969 4558 ‘
3245 4549 3283 4558 -α
3386 4549 3398 4558 -
3484 4546 3515 4558 ι-
3616 4530 3788 4558 --ξηιλ-ἕο

630 4566 824 4604 τιιηυε.

632 4568 654 4604 τ
705 4566 735 4603 n
811 4587 824 4601 .

632 4565 863 4712 Alsusbe
901 4634 1026 4688 locis
1065 4631 1263 4685 dudum
1316 4621 1634 4712 sacrisL‘Ea:
1676 4620 1852 4675 eodem
1883 4615 2198 4688 Capitulari,

1285 4701 1440 4766 capit.
1475 4693 1564 4748 54.

704 4818 985 4877 XXXVIII.
1048 4815 1188 4888 (Lib.
1247 4829 1300 4869 IV
1354 4806 1674 4879 Capitular.,
1710 4821 1759 4860 c.
1796 4802 1910 4872 55.)
1967 4803 2040 4856 De
2074 4797 2204 4854 locis

629 4914 740 4983 jam
793 4909 992 4965 dudum
1041 4906 1210 4962 sacris
1261 4912 1315 4958 et
1358 4915 1502 4956 nunc
1553 4896 1807 4968 spurcitia
1865 4890 2097 4954 fmdatis,
2146 4897 2206 4944 ut

629 4981 782 5072 juxta
805 4995 1216 5070 possibilitatem
1269 4993 1318 5045 in
1358 4989 1636 5058 antiquum
1681 4993 1882 5039 statum
1914 4981 2205 5036 reformen-

641 5101 744 5145 llll'.
1895 5078 1905 5098 ¹

821 5175 1137 5248 Πεεεειεεὶἱδ
1161 5170 1454 5227 destructis.
1491 5165 1574 5222 Ea:
1602 5165 1801 5230 eodem,
1830 5179 1946 5231 cap.
1975 5160 2029 5215 3.

713 5246 1522 5338 XXXIX.(Lib.vCapitular.,
1553 5273 1605 5314 c.
1643 5254 1784 5320 ut;
1836 5252 1927 5306 lib.
1970 5265 2030 5305 ιιι
2081 5246 2206 5318 Leg.

647 5365 899 5436 Longob.,
924 5362 1006 5416 tit.
1032 5361 1083 5423 1,
1108 5373 1154 5411 c.
1179 5354 1294 5426 47.)
1314 5354 1388 5407 De
1405 5342 1987 5406 'ecclesiisdestructis,
2015 5347 2074 5393 ut
2093 5338 2209 5408 epi-

647 5428 867 5526 scopiet
889 5451 1040 5507 missi
1071 5445 1469 5518 inquisitionem
1489 5439 1692 5495 faciant
1719 5445 1898 5491 utrum
1926 5447 2021 5503 per
2046 5428 2211 5500 negli-

649 5521 888 5617 gentiam
915 5549 1006 5596 aut
1037 5533 1522 5606 impossibilitatem
1552 5530 1837 5585 destructa:
1858 5523 1998 5589 sint;
2043 5530 2100 5576 et
2119 5521 2211 5576 ubi

2301 4559 2542 4618 ecclesia;
2587 4558 2820 4626 antiqua:
2857 4530 3209 4610 decimentur.
3243 4549 3311 4605 Et
3356 4549 3402 4604 si
3448 4546 3578 4602 ultra
3607 4530 3791 4595 milliaria

2302 4659 2534 4722 quatuor
2565 4645 2647 4702 vel
2673 4646 2910 4716 quinque
2933 4644 2986 4698 in
3011 4641 3148 4697 saltu
3170 4639 3422 4710 quaelibet
3448 4635 3594 4706 digna
3622 4631 3790 4717 persona

2305 4739 2520 4810 aliquod
2582 4737 2774 4792 novale
2820 4707 3211 4798 collaboravit;
3259 4729 3553 4796 ibidemque
3591 4733 3690 4776 cum
3735 4707 3790 4763 sui

2305 4829 2542 4902 episcopi
2568 4841 2837 4883 consensu
2872 4824 3155 4881 ecclesiam
3186 4816 3558 4879 construxerit,
3579 4815 3680 4881 post
3700 4815 3791 4857 ton-

2307 4922 2669 4980 secrationem
2717 4917 2830 4991 48
2879 4916 3122 4972 ecclesia:
3161 4913 3440 4984 provideat
3477 4903 3790 4977 presbyterum,

2309 5016 2531 5086 ejusque
2551 4984 2820 5068 conducta
2845 5010 2913 5064 de
2937 5010 3122 5064 eodem
3144 5005 3416 5062 elaboratu
3442 4998 3652 5056 decimas
3670 4984 3791 5043 eidem

2310 5104 2551 5160 ecclesiae
2579 5100 2825 5158 conferat
2847 5100 3014 5172 (188).

2416 5213 2549 5268 Item
2586 5213 2650 5267 de
2688 5212 2838 5265 nonis
2870 5220 2917 5264 et
2940 5208 3172 5263 decimis.
3196 5203 3280 5260 Es
3304 5204 3499 5266 eodem,
3523 5212 3625 5265 cap.
3651 5185 3719 5245 36.

2379 5331 2521 5388 XLV
2556 5328 2779 5399 (Coucil.
2808 5325 3046 5380 Cabilon.
3075 5324 3202 5387 ωε.
3236 5321 3302 5378 19
3327 5338 3342 5383 ;
3368 5318 3459 5374 lib.
3487 5330 3524 5369 tt
3547 5297 3788 5399 Capitula?!

2316 5438 2367 5478 ε·
2397 5422 2510 5483 38-)
2540 5389 2640 5487 (iui
2679 5418 2915 5473 decimas
2950 5422 3072 5486 post
3106 5411 3457 5468 creberrimas
3482 5389 3788 5487 adrnonitit'm‘c‘l

2319 5519 2374 5566 ει
2423 5474 2836 5582 I‘mtlicationes
2901 5474 3242 5560 sacerdotum
3315 5499 3441 5554 dare
3493 5474 3790 5557 neglexerint.

622 5722 630 5764 ι
721 5714 867 5788 (I88)
904 5711 1077 5782 Caput
1125 5708 1277 5767 istud
1313 5720 1419 5762 non
1469 5708 1648 5759 exstat
1696 5698 1750 5754 in
1798 5667 1981 5753 codice
2032 5657 2346 5760 Reginonis.
