3944 6426
203 421 312 478 201

1079 415 1168 472 DE
1199 407 1484 469 ECCLh’S.
1525 393 1814 465 DISCIPL.
1845 397 2580 468 Ltnnt‘DUOT‘I—“LIBTT.

3363 391 3472 468 ιω

199 531 766 588 θιιοιιιιιιιιιιιιῐοοιιιιιι.
809 525 1316 583 Jur:uncnto.vero
1359 539 1450 580 eos
1493 521 1787 592 constringi

1895 521 2182 577 lemnendo
2211 521 2506 584 dimittunt,
2533 530 2694 590 atque
2721 517 2946 578 clericos
2981 519 3123 579 Iame
3162 534 3218 579 et
3243 527 3472 595 penuria

196 625 474 685 nolumus,
499 632 722 692 propter
755 618 1053 691 periculum
1093 617 1338 687 perjurii.

313 712 446 766 Item
475 713 538 764 de
563 712 714 765 nonis
745 720 792 764 et
825 709 1058 762 decimis.
1099 705 1186 760 Ea:
1208 707 1408 771 eodem,
1449 722 1564 776 cap.
1590 704 1681 760 21.

271 800 457 854 XL-‘r’l.
491 799 632 873 ('Lib.
663 815 704 854 ιι
733 797 1031 869 Capitular.
1063 813 1112 852 c.
1136 797 1250 867 21.)
1279 797 1354 850 De
1383 797 1540 850 nonis
1569 795 1787 865 quidem

189 903 246 948 et
275 893 524 956 decimis,
555 894 700 946 unde
729 901 782 947 et
811 892 1025 960 genitor
1053 901 1237 946 noster
1259 901 1310 945 et
1355 905 1452 944 nos
1477 890 1787 960 frequenter

193 995 252 1036 et
277 986 332 1038 in
361 985 592 1038 diversis
613 983 824 1054 placitis
853 983 1282 1036 admonitionem
1315 981 1569 1044 fecimus,
1601 991 1655 1035 et
1691 996 1790 1050 per

185 1073 531 1142 Capitularia
573 1083 754 1128 nostra
803 1073 1036 1144 qualiter
1063 1074 1178 1128 hcce
1204 1075 1558 1126 observentur
1579 1071 1792 1126 ordina-

189 1164 398 1228 vimns,
437 1165 684 1220 volumus
722 1174 885 1234 atque
911 1161 1164 1231 jubemus
1200 1172 1257 1217 ut
1282 1163 1348 1217 de
1371 1163 1518 1216 onmi
1547 1162 1787 1217 collabo-

191 1264 324 1306 ratu
351 1263 406 1309 et
442 1255 508 1310 de
533 1257 661 1308 vino
689 1264 742 1309 et
767 1254 890 1310 feno
923 1253 1156 1310 lideliter
1179 1261 1232 1308 et
1259 1253 1490 1323 pleniter
1519 1253 1586 1306 ab
1612 1253 1790 1308 omni-

185 1345 299 1398 bus
331 1361 466 1398 nona
495 1355 554 1400 et
589 1346 796 1400 decima
845 1343 1200 1414 persolvatur.
1232 1344 1308 1398 De
1338 1343 1629 1398 nutrimiuc
1657 1359 1789 1398 vero

181 1449 294 1504 pro
351 1438 580 1501 decima,
643 1438 784 1492 sicut
839 1437 1100 1490 hactenus
1149 1435 1484 1490 consuetudo
1541 1435 1662 1498 l‘uit,
1719 1435 1788 1489 ab

181 1526 446 1582 omnibus
495 1527 830 1582 observetur.
891 1525 948 1580 Si
1005 1525 1126 1594 quis
1183 1534 1363 1578 tamen
1411 1525 1786 1596 episcoporum

179 1615 356 1670 fuerit
399 1617 502 1687 qui,
540 1627 822 1690 argentum
877 1631 976 1686 pro
1007 1617 1108 1669 hoc
1137 1615 1384 1685 accipere
1413 1614 1559 1677 velit,
1609 1615 1660 1668 in
1691 1630 1787 1670 sua

177 1715 460 1776 potestate
492 1718 731 1772 maneat,
751 1707 906 1778 juxta
935 1706 1078 1776 quod
1113 1705 1164 1761 ei
1196 1713 1250 1760 et
1282 1705 1356 1759 illi
1389 1706 1480 1774 qui
1510 1705 1612 1760 hoc
1660 1720 1786 1775 per-

175 1797 404 1854 solvere
431 1801 590 1856 debet
615 1799 952 1855 convenerit.

1823 652 1833 664 .
1891 609 2158 676 alliciunt,
2191 611 2553 667 ecclesiastica
2596 625 2808 681 quoque
2853 612 3082 668 aediﬁcia
3119 614 3474 672 dissolutione

1890 689 2154 757 adnullari
2200 702 2537 772 permittunt,
2568 703 2750 756 tandiu
2799 703 2868 758 ab
2903 703 3274 760 ecclesiastica
3323 711 3474 761 comi-

1889 793 2148 849 munione
2173 802 2491 864 separentur
2517 808 2686 862 usque
2710 793 2838 846 dum
2867 791 3138 863 diligentia
3181 795 3474 851 emendare

1889 883 2138 938 studeant
2174 883 2316 953 quod
2347 883 2592 938 socordia
2619 881 2988 951 neglexerunt.
3025 883 3176 950 Quod
3203 885 3244 938 si
3275 881 3472 940 iterum

1889 973 2225 1038 ileraverint,
2265 981 2382 1044 post
2425 971 3004 1026 cxcommunicationis
3021 971 3470 1038 satisfactionem,

1889 1065 2032 1134 regia
2066 1073 2330 1134 potestate
2371 1063 2664 1134 compulsi,
2689 1060 2844 1129 juxta
2893 1062 3061 1133 legale
3107 1074 3164 1119 et
3191 1068 3472 1136 antiquum

1886 1153 2122 1209 edictum
2157 1169 2171 1208 :
2203 1153 2308 1219 Qui
2330 1153 2540 1232 negligit
2569 1170 2798 1218 censum,
2824 1153 3004 1223 perdat
3031 1171 3234 1225 agrum.

2122 1242 2258 1298 Item
2290 1245 2354 1298 de
2379 1244 2612 1298 decimis.
2640 1241 2726 1298 Ea:
2749 1241 3014 1314 Capitulis
3041 1245 3238 1300 Caroli.

1875 1320 1887 1332 '
1959 1333 2066 1389 ιιι.
2103 1335 2430 1405 (Capitulare
2461 1337 2528 1388 ad
2574 1333 2722 1391 Salz.
2783 1351 2832 1392 c.
2869 1335 2948 1406 2.)
2989 1335 3338 1395 De’decimis
3385 1339 3478 1396 ubi

1889 1425 2187 1494 antiquitus
2233 1425 2451 1479 luerunt
2497 1425 2739 1480 ecclesia:
2785 1426 3150 1494 baptismales,
3181 1437 3237 1484 et
3263 1429 3478 1485 devotio

1891 1513 2028 1568 facta
2079 1514 2208 1579 fuit,
2257 1515 2410 1585 juxta
2459 1515 2600 1584 quod
2650 1516 2934 1587 episcopus
2983 1517 3149 1588 ipsius
3185 1519 3478 1586 parmchite

1887 1605 2238 1672 ordinaverit,
2269 1607 2594 1662 omnimodis
2641 1607 2772 1662 [iant
2819 1609 3046 1664 donatae.
3083 1610 3150 1666 Et
3181 1612 3226 1664 si
3255 1625 3354 1680 per
3383 1612 3479 1667 do-

1887 1696 2132 1750 nationes
2159 1711 2345 1766 regum
2374 1705 2466 1751 aut
2507 1705 2823 1753 cancrorum
2850 1698 3018 1754 Deum
3051 1699 3351 1756 timentium
3381 1703 3476 1758 bo-

1890 1801 2079 1840 norum
2113 1787 2388 1842 homirnam
2415 1788 2482 1842 ad
2510 1788 2780 1859 episcopia
2805 1804 2899 1845 seu
2931 1794 3260 1848 monasteria
3284 1793 3478 1863 aliqua:
3505 1790 3508 1792 ⁷

179 1885 326 1940 Item
361 1890 426 1941 de
463 1889 612 1942 nouis
631 1901 676 1943 et
703 1888 948 1941 decimis.
993 1885 1078 1940 Ea:
1124 1885 1324 1952 eodem,
1370 1903 1486 1956 cap.
1517 1885 1572 1950 5,
1603 1884 1692 1940 lib.
1727 1900 1781 1938 v.
1814 1883 1860 1942 Β
1891 1891 1978 1931 res
2005 1876 2265 1948 delegata
2309 1881 2454 1944 Sdnl.
2499 1887 2552 1933 el
2597 1894 2664 1934 ex
2711 1880 2844 1950 ipsis
2877 1881 3040 1936 rebus
3080 1883 3377 1952 antiquitus
3406 1883 3472 1938 ad

254 1977 468 2032 XLVII.
491 1983 506 2050 ζ
513 1979 630 2033 Lib.
653 1996 670 2034 ι
696 1977 990 2048 Capitular.
1015 1993 1062 2032 c.
1087 1977 1232 2048 115.)
1250 1977 1325 2032 De
1341 1977 1424 2032 his
1439 1978 1528 2048 qui
1549 1993 1717 2032 nonas
1732 1985 1788 2031 et

179 2065 438 2122 decimas
461 2067 576 2136 jam
611 2068 930 2137 permultos
963 2082 1134 2122 annos
1179 2075 1271 2122 aut
1298 2082 1362 2122 ex
1395 2076 1547 2137 parte
1579 2076 1672 2121 aut
1717 2081 1784 2122 ex

177 2169 300 2214 toto
328 2159 460 2214 dare
499 2159 874 2228 neglexerunt,
911 2159 1160 2214 volumus
1205 2167 1262 2213 ut
1306 2175 1402 2229 per
1437 2158 1632 2214 missos
1673 2157 1786 2232 49

177 2259 405 2306 nostros
426 2251 892 2322 constringantur,
923 2257 982 2304 ut
1009 2251 1304 2305 secundum
1335 2251 1782 2306 consuetudinem

175 2343 426 2412 priorem
453 2342 666 2398 solvant
701 2343 860 2398 unius
893 2342 1018 2396 anni
1045 2357 1242 2396 nonam
1263 2351 1321 2398 et
1348 2343 1624 2397 decimam
1657 2357 1780 2396 cum

175 2451 282 2490 sua
313 2434 449 2504 lege,
497 2443 552 2488 et
583 2435 803 2504 insuper
833 2434 1069 2489 bannum
1117 2443 1386 2489 nostrum.
1436 2434 1500 2487 Et
1541 2434 1644 2488 hoc
1697 2434 1776 2488 eis

175 2525 558 2589 denuntietur,
614 2524 756 2595 quod
819 2524 1132 2594 quicunque
1197 2524 1338 2578 hanc
1400 2523 1780 2594 negligentiam

175 2615 488 2682 iteraverit,
543 2617 864 2672 beneﬁcium
901 2617 1042 2671 unde
1095 2617 1210 2672 haec
1253 2631 1396 2672 nona
1454 2624 1506 2671 et
1559 2613 1777 2671 decima

174 2709 420 2778 persolvi
448 2711 632 2765 debuit
655 2710 982 2764 amissurum
1011 2725 1070 2764 se
1093 2709 1256 2764 sciat.

575 2799 712 2854 Item
744 2801 808 2863 de
841 2801 1023 2854 eadem
1061 2815 1139 2854 re.
1173 2797 1302 2868 Cap.
1331 2797 1386 2853 6.

249 2889 482 2946 XLVIII.
526 2892 668 2962 (Lib.
704 2907 734 2945 ν
780 2891 1074 2962 Capitttlar.
1101 2907 1152 2946 c.
1201 2891 1338 2957 MS;
1387 2901 1442 2948 et
1485 2891 1664 2946 Addit.
1701 2905 1774 2956 tv,

170 2996 222 3038 ε.
255 2982 377 3052 75.)
403 2983 722 3054 Quicunque
749 2984 1015 3038 decimam
1053 2983 1318 3040 abstrahit
1351 2985 1416 3039 de
1445 2983 1674 3038 ecclesia
1708 2983 1775 3036 ad

171 3089 346 3143 quam
377 3090 476 3144 per
495 3075 764 3144 justitiam
793 3075 950 3131 debet
974 3075 1114 3141 dari,
1137 3085 1192 3130 et
1213 3091 1332 3130 eam
1353 3083 1777 3146 prtesumptnose

171 3167 258 3222 vel
295 3177 524 3237 propter
555 3183 778 3224 munera
821 3178 912 3222 aut
943 3168 1240 3224 amicitiam
1267 3167 1352 3222 vel
1393 3167 1552 3222 aliam
1585 3181 1775 3236 quam-

1889 1967 2033 2038 ipsas
2069 1969 2328 2025 ecclesias
2375 1972 2580 2042 priores
2630 1973 2852 2028 decima:
2899 1973 3036 2028 datae
3071 1973 3318 2043 luerunt,
3357 1979 3476 2048 ipsa

1885 2061 2106 2130 antiqua
2137 2061 2354 2116 donatio
2385 2062 2466 2116 vel
2498 2063 2710 2117 devotio
2740 2063 2896 2130 ﬁrma
2940 2075 2994 2119 et
3031 2065 3237 2120 stabilis
3263 2082 3474 2137 perma-

1884 2159 2030 2204 neat.
2069 2150 2270 2207 Tameu
2299 2193 2314 2218 ,
2358 2161 2438 2228 ut.
2465 2169 2626 2224 supra
2675 2155 2939 2222 diximus,
2973 2156 3208 2212 decimas
3249 2158 3314 2214 de
3344 2159 3475 2230 ipsis

1884 2241 2065 2307 rebus,
2089 2243 2182 2312 qui
2212 2242 2314 2314 51
2346 2258 2438 2300 eas
2465 2245 2744 2314 possidere
2765 2245 2998 2311 videtur,
3032 2247 3329 2316 persolvat.

1885 2351 1968 2408 Ne
1996 2354 2174 2425 [suum
2221 2365 2270 2410 et
2307 2373 2517 2411 annona
2571 2366 2620 2411 et
2658 2358 2831 2412 vinum
2873 2358 3112 2412 mittatur
3139 2359 3192 2414 in
3231 2359 3470 2416 ecclesia.

2355 2426 2440 2480 Ea:
2467 2427 2646 2480 eodem
2674 2429 2836 2497 capit.
2871 2428 2988 2481 142.

1951 2513 2078 2570 Llll.
2114 2515 2256 2586 (Lib.
2285 2533 2303 2570 ι
2333 2515 2627 2587 Capitular.
2658 2532 2706 2572 c.
2741 2517 2888 2590 150.)
2921 2517 2990 2573 Ut
3029 2534 3208 2575 nuuus
3236 2522 3460 2593 presby-

1883 2615 1967 2664 ter
1993 2624 2262 2666 annonam
2289 2610 2372 2667 vel
2423 2609 2604 2664 fenum
2633 2619 2727 2664 aut
2767 2610 2950 2664 vinum
2984 2611 3038 2666 in
3067 2611 3298 2668 ecclesia
3343 2615 3472 2668 mit-

1882 2705 1995 2754 tere
2022 2709 2312 2771 praesumat
2339 2701 2516 2771 (189).

1953 2789 2031 2844 De
2059 2790 2240 2843 eadem
2264 2807 2336 2846 re.
2364 2789 2448 2844 Ea:
2473 2789 2628 2844 dictis
2651 2791 2817 2844 sancti
2849 2793 3125 2862 Augustini
3149 2794 3394 2864 episcopi.

1947 2880 2080 2936 LIV.
2113 2880 2170 2934 In
2202 2883 2442 2938 oratorio
2479 2898 2640 2938 nemo
2686 2883 2888 2954 aliquid
2931 2895 3056 2955 agat
3099 2885 3200 2940 nisi
3232 2887 3298 2940 ad
3325 2885 3471 2956 quod

1878 2980 1960 3026 est
1985 2971 2186 3026 factum
2211 2973 2302 3027 tiat
2334 2990 2348 3026 :
2381 2974 2523 3030 unde
2555 2982 2612 3029 et
2636 2989 2832 3032 nomen
2863 2975 3091 3047 accepit.
3121 2976 3232 3032 Aut
3254 2977 3299 3032 si
3330 2975 3470 3032 forte

1878 3063 2040 3120 etiam
2073 3063 2236 3133 aliqui
2283 3075 2502 3136 propter
2547 3067 2709 3121 horas
2743 3069 3082 3132 constitutas,
3113 3069 3156 3122 si
3203 3069 3282 3124 eis
3309 3078 3470 3126 vacat

1879 3167 1934 3212 et
1956 3173 2112 3215 orare
2136 3159 2423 3224 voluerint,
2453 3160 2532 3215 eis
2571 3176 2688 3232 non.
2720 3162 2830 3216 sint
2859 3161 3245 3232 impedimento
3271 3164 3362 3235 qui
3393 3159 3467 3220 ibi

173 3231 316 3314 libet
355 3231 698 3314 occasionem
741 3259 805 3314 ad
853 3260 1077 3314 alteram
1127 3259 1411 3316 ecclesiam
1465 3258 1706 3322 dederit,
1745 3272 1776 3312 a
1805 3231 1850 3291 Ο
1881 3251 2082 3321 aliquid
2116 3253 2382 3324 agendum
2413 3255 2752 3324 putaverint.

171 3349 380 3404 comite
415 3347 494 3404 vel
538 3364 568 3402 a
613 3350 780 3404 misso
809 3359 997 3404 nostro
1035 3351 1411 3421 distringatur,
1449 3357 1507 3403 ut
1535 3347 1774 3416 ejusdem

171 3440 406 3495 decimae
429 3440 788 3509 quantitatem
815 3456 937 3496 cum
965 3443 1068 3494 sua
1094 3441 1210 3509 lege
1239 3441 1510 3496 restituat.

593 3530 726 3586 Item
752 3532 816 3586 de
843 3532 1024 3586 cadent
1051 3549 1122 3586 re.
1155 3531 1287 3600 Cap.
1315 3532 1366 3587 7.

243 3618 438 3673 XLIX.
471 3619 614 3691 (Lib.
644 3637 678 3674 v
703 3619 996 3690 Capitular.
1028 3638 1076 3677 c.
1109 3623 1208 3688 46;
1244 3623 1348 3677 Lea:
1377 3621 1772 3692 Longobardor.

171 3710 270 3766 lib.
299 3727 383 3776 Ill,
413 3713 494 3766 tit.
523 3713 575 3780 5,
605 3727 656 3769 c.
681 3713 744 3778 8;
771 3714 1081 3770 Bcncnsnn.
1105 3715 1199 3770 lih.
1229 3733 1312 3781 ιιι,
1337 3731 1386 3771 c.
1415 3715 1562 3786 151.)
1581 3714 1658 3770 De
1681 3715 1775 3770 de-

171 3803 342 3856 cimis
363 3819 496 3873 quas
521 3805 652 3860 dare
678 3805 905 3876 populus
933 3821 1037 3860 non
1069 3805 1184 3862 vult
1213 3807 1314 3861 nisi
1345 3807 1584 3879 quolibet
1613 3806 1772 3864 modo

173 3893 244 3947 ab
269 3907 344 3947 eo
373 3884 726 3960 redimantur,
757 3895 825 3949 ab
860 3895 1130 3966 episcopis
1166 3897 1562 3967 prohibendum
1593 3907 1674 3954 est
1705 3913 1772 3954 ne

171 3981 296 4038 ﬂat.
327 3982 392 4036 Et
432 3983 480 4038 si
525 3987 646 4054 quis
674 3994 1012 4058 contemptor
1043 3987 1206 4042 fuerit
1239 3988 1520 4054 inventus,
1568 3999 1626 4043 ut
1671 4005 1772 4045 nec

171 4073 491 4143 episcopum
523 4091 623 4130 nec
651 4077 899 4131 comitem
924 4077 1109 4133 audire
1137 4079 1289 4143 velit,
1326 4079 1370 4134 si
1398 4087 1581 4135 noster
1611 4081 1774 4137 homo

171 4163 368 4233 fuerit,
397 4166 464 4220 ad
506 4168 846 4236 prasentiam
889 4179 1130 4224 nostram
1165 4171 1347 4226 venire
1389 4171 1758 4243 compellatur,

173 4259 364 4316 caeteri
398 4275 528 4315 vero
573 4262 989 4332 distringantur,
1033 4273 1092 4318 ut
1123 4264 1275 4318 inviti
1318 4263 1562 4320 ecclesia:
1609 4264 1766 4320 resti-

175 4357 340 4403 tuant
361 4351 505 4419 quod
531 4343 832 4406 veluntarie
862 4353 994 4408 dare
1024 4353 1395 4424 neglexerunt.

279 4445 286 4454 '
580 4439 716 4494 Item
743 4442 808 4496 de
835 4441 1015 4496 eadem
1047 4460 1120 4497 re.
1157 4441 1287 4513 Cap.
1317 4444 1350 4499 9

245 4527 314 4582 L.
345 4527 488 4600 (Lib.
510 4546 544 4584 v
566 4529 862 4602 Capitular.
887 4549 937 4589 c.
969 4534 1114 4604 147.)
1145 4537 1218 4590 De
1241 4536 1344 4592 illis
1370 4539 1458 4608 qui
1484 4555 1645 4610 agros
1673 4541 1763 4596 do-

173 4619 467 4674 minicatos
491 4629 774 4690 propterea
812 4623 1162 4694 neglexerunt
1201 4628 1449 4685 excolere
1475 4641 1534 4685 ut
1571 4647 1768 4686 nonam

173 4719 229 4762 et
255 4707 524 4763 decimam
550 4709 746 4765 exinde
777 4728 882 4766 non
915 4714 1245 4782 persolvant,
1273 4725 1327 4772 et
1357 4717 1563 4775 alienas
1591 4731 1771 4776 terras

175 4799 246 4852 ad
279 4798 632 4854 excolendum
670 4811 892 4871 propter
931 4803 1034 4858 hoc
1077 4807 1380 4876 accipiunt,
1419 4809 1664 4866 volumus
1713 4821 1773 4867 ut

177 4889 247 4944 de
292 4888 464 4944 tribus
492 4890 648 4946 annis
689 4891 858 4962 ipsam
892 4907 1162 4950 annonam
1211 4912 1330 4952 cum
1359 4912 1456 4951 sua
1509 4899 1624 4970 lege
1663 4899 1770 4972 50

175 4980 508 5049 persolvant.
539 4981 607 5036 Et
655 4983 700 5038 si
743 4984 866 5054 quis
893 4993 1234 5056 contemptor
1280 4998 1372 5043 aut
1421 4993 1634 5046 comitis
1677 5003 1771 5048 aut

177 5070 470 5124 missorum
499 5082 804 5128 nostrorum
831 5083 1048 5145 propter
1073 5076 1174 5130 hoc
1200 5079 1490 5145 exstiterit,
1522 5082 1621 5135 sub
1647 5081 1750 5136 lide

170 5159 482 5228 jassoribns
509 5165 576 5218 ad
601 5165 852 5234 palatium
879 5168 1067 5222 venire
1091 5169 1462 5239 compellatur.

252 5247 390 5304 Item
411 5250 478 5304 de
498 5255 680 5306 eadem
707 5269 782 5307 re.
814 5253 899 5308 Ea:
927 5257 1152 5312 concilio
1183 5257 1437 5315 Meldensi
1467 5277 1580 5332 cap.
1607 5261 1694 5317 62.

255 5339 338 5394 Ll.
373 5341 436 5397 I-li
467 5343 559 5412 qui
593 5359 660 5399 ex
690 5345 851 5400 rebus
897 5347 1280 5406 ecclesiasticis
1318 5367 1488 5407 nonas
1531 5363 1586 5408 ct
1620 5355 1767 5409 dcei-

185 5448 304 5488 mas
347 5435 656 5504 persolvere
701 5443 758 5492 et
802 5445 946 5492 sarta
999 5449 1138 5496 tecta
1177 5441 1422 5498 ecclesiae
1468 5445 1764 5499 secundum

185 5523 462 5594 antiquam
491 5527 870 5582 auctoritatem
899 5537 952 5583 et
988 5533 1432 5588 consuetudinem
1461 5545 1770 5592 restaurare

185 5609 404 5680 debent,
429 5623 484 5670 et
508 5615 612 5671 hoc
635 5631 742 5670 non
777 5616 950 5672 solum
987 5621 1283 5692 negligant,
1319 5638 1506 5678 verum
1544 5633 1600 5679 ct
1635 5641 1772 5680 con-

2025 3415 2027 3418 ι
2509 3342 2642 3398 Item
2683 3343 2827 3398 alibi.

1950 3429 2170 3501 (Regula
2201 3431 2418 3486 Tornat.
2459 3447 2508 3486 c.
2557 3433 2660 3498 15;
2687 3432 3000 3490 Buacuann.
3029 3435 3120 3492 lib.
3162 3453 3243 3500 ιιι,
3271 3454 3320 3492 c.
3352 3437 3468 3508 80.)

1877 3521 1934 3578 In
1964 3524 2204 3578 oratorio
2253 3535 2454 3594 praeter
2497 3526 2688 3582 orandi
2730 3537 2786 3582 et
2828 3529 3092 3598 psallendi
3133 3531 3224 3586 Dei
3263 3533 3466 3588 cultum

1876 3615 2092 3686 penitus
2121 3615 2252 3670 nihil
2283 3625 2496 3684 agatur,
2525 3625 2582 3672 ut
2612 3618 2816 3672 nomini
2844 3619 2968 3674 huic
2997 3629 3049 3674 et
3081 3636 3244 3692 Opera
3265 3622 3468 3694 jngiter

1877 3707 2116 3777 impensa
2155 3707 2506 3764 concordent.

2001 3795 2130 3851 Item
2159 3797 2222 3851 de
2249 3797 2428 3851 eadem
2457 3815 2532 3854 re.
2563 3797 2647 3854 Ea:
2671 3799 2822 3854 dicm
2850 3801 3020 3855 sancti
3049 3797 3338 3857 Benedicti.

1945 3888 2055 3942 LV.
2083 3888 2308 3960 (Regula
2333 3887 2392 3945 S.
2419 3888 2709 3957 Benedicti,
2733 3907 2780 3946 c.
2805 3891 2902 3956 52;
2933 3892 3241 3949 Buacuann.
3267 3893 3359 3948 lib.
3383 3911 3468 3960 ιιι,

1875 3994 1922 4034 c.
1959 3979 2070 4050 81.)
2102 3973 2409 4034 Oratorium
2442 3979 2543 4035 hoc
2572 3981 2641 4034 sit
2665 3982 2808 4050 quod
2835 3981 3052 4047 dicitur,
3084 3998 3183 4038 nec
3207 3983 3277 4038 ibi
3309 3984 3466 4053 quid-

1874 4083 2034 4138 quam
2065 4069 2208 4122 aliud
2235 4079 2457 4140 geratur
2484 4077 2580 4124 aut
2603 4071 2900 4126 condatur..

1913 4179 1978 4235 Ut
2007 4180 2184 4236 uultus
2216 4183 2270 4236 in
2308 4181 2526 4236 ecclesia
2563 4183 2828 4236 convivari
2859 4195 3162 4244 prwsumat.
3195 4181 3281 4239 Ea:
3307 4203 3433 4240 con-

2382 4251 2503 4304 cilio
2531 4250 2952 4322 Cartltaginensi.

1943 4339 2073 4396 LVI.
2109 4341 2438 4410 (BURCKARD.
2471 4341 2563 4396 lib.
2612 4357 2695 4407 ut,
2723 4357 2770 4396 c.
2799 4341 2916 4414 83.)
2943 4343 3014 4400 Ut
3057 4345 3187 4400 nulli
3227 4347 3466 4419 episcopi

1881 4433 1960 4489 rel
1993 4433 2176 4488 clerici
2200 4435 2252 4487 in
2281 4431 2510 4488 ecclesia
2561 4434 2948 4498 conviventur,
2981 4437 3082 4490 nisi
3120 4435 3256 4492 forte
3287 4447 3465 4494 trans-

1871 4535 2062 4581 euntes
2108 4526 2327 4596 hospitii
2379 4527 2705 4581 necessitate
2771 4526 2878 4582 illic
2928 4529 3221 4582 residcant.
3274 4529 3463 4599 Populi

1876 4619 2040 4672 etiam
2071 4617 2140 4672 ab
2167 4619 2471 4689 hujusmodi
2499 4619 2792 4685 cenviviis,
2825 4631 3084 4690 quantum
3115 4631 3293 4692 potest
3321 4623 3460 4691 lieri,

1876 4713 2287 4783 prohibeantur.

2039 4803 2146 4873 52
2177 4802 2256 4857 De
2284 4803 2465 4858 eadem
2499 4819 2568 4858 re.
2603 4801 2686 4858 Ea:
2712 4805 2932 4859 concilio
2964 4803 3294 4862 Laodicensi.
3442 4863 3444 4866 ,

1949 4895 2102 4950 LVII.
2137 4896 2359 4968 (Concil.
2409 4896 2573 4950 Laod.
2615 4913 2664 4952 c.
2714 4897 2816 4962 28;
2863 4899 3170 4956 Buncman.
3225 4901 3314 4956 lib.
3364 4917 3459 4967 ιιι,

1878 5003 1926 5043 c.
1961 4987 2073 5056 82.)
2098 4985 2210 5042 Non
2241 4996 2451 5056 oportet
2499 4987 2550 5041 iu
2584 4989 2869 5044 domiciliis
2915 4991 3110 5046 divinis
3142 4993 3254 5046 sive
3289 4993 3463 5048 eccle-

1877 5079 1972 5133 siis
1998 5091 2202 5148 agapcn
2231 5075 2430 5142 facere,
2455 5088 2507 5131 et
2531 5078 2674 5132 intus
2702 5079 3048 5145 manducare,
3073 5079 3153 5132 vel
3180 5081 3460 5136 accubitus

1887 5177 2139 5224 Sternere.

1937 5277 2002 5334 Ut
2033 5297 2180 5334 nemo
2202 5289 2484 5344 primumut
2515 5281 2566 5334 in
2595 5279 2810 5334 ecclesia
2839 5282 3012 5334 vinum
3047 5280 3283 5336 vendere.
3317 5279 3403 5336 Ea:

2387 5350 2606 5405 concilio
2639 5349 2948 5404 Turonensi.

1946 5439 2121 5497 LYlll.
2156 5442 2488 5514 (Buncmnn.
2527 5441 2620 5496 lib.
2645 5458 2724 5501 ιιι.
2753 5455 2802 5496 c.
2833 5439 2947 5510 81.)
2977 5439 3248 5496 Pe'rlatum
3283 5450 3366 5498 est
3391 5443 3458 5500 ad

1878 5541 2119 5588 sanctam
2158 5535 2419 5606 synodum
2448 5533 2588 5603 quod
2621 5532 2838 5602 quidam
2873 5533 3170 5605 presbyteri
3205 5533 3255 5587 in
3291 5530 3462 5588 eccle-

1878 5624 1973 5680 siis
1999 5627 2098 5682 sibi
2123 5626 2423 5682 commissis
2452 5626 2722 5690 tabernas,
2748 5623 2889 5694 quod
2931 5623 3082 5680 nefas
3114 5633 3219 5690 est,
3255 5613 3460 5680 consti—

251 5783 402 5860 (189)
451 5789 596 5847 Vide"
633 5793 1018 5860 Theodnll’um,
1072 5815 1191 5872 cap.
1243 5801 1274 5857 8
1325 5809 1378 5855 et
1433 5803 1769 5874 Ahytouem,
1806 5817 1928 5875 cap.
1962 5804 2052 5858 91.

435 5885 709 5948 Ριτιιοι..
743 5887 1069 5954 CXXXII.

2975 5874 3019 5955 ει
