3884 5408
449 379 562 436 205

1591 371 1960 432 REGINONIS
1997 371 2419 433 PRUMIENSIS
2456 374 2748 433 ABBA'I'IS

3608 378 3712 434 106

451 498 642 557 ruant,
694 503 853 560 mque
876 503 973 560 per
1000 501 1275 557 caupones
1303 485 1487 544 vinum
1519 489 1751 546 vendant
1788 497 1882 544 aut
1905 503 2032 545 ven-
2059 493 2107 554 Α
2136 487 2446 542 rcechianus
2489 486 2542 541 in
2587 486 2820 542 ecclesia
2865 485 2954 549 sit,
3006 485 3098 556 qui
3144 483 3361 557 proprio
3411 497 3730 558 contempto

452 583 583 637 tlere
625 581 958 652 permittant,
1005 588 1060 634 et
1107 579 1196 634 ubi
1243 579 1612 635 tantummodo
1652 580 1926 635 orationes
1974 589 2032 636 et

449 672 675 726 verbum
711 670 947 725 divinum
991 669 1196 740 Deique
1220 668 1339 725 laus
1364 669 1612 727 debuerit
1653 685 1934 737 resonare,
1959 671 2033 727 ibi

452 762 876 820 comessationes
937 769 993 816 et
1056 762 1349 818 ebrietates
1407 761 1572 828 ﬁant,
1627 763 1698 818 ibi
1776 763 1916 819 risus
1980 771 2035 819 et

450 855 672 924 plausus
693 861 746 908 et
770 852 932 907 verba
965 852 1163 922 turpia,
1189 852 1263 908 ibi
1286 853 1418 909 rixa:
1445 863 1500 909 et
1530 853 1903 910 contentiones
1943 868 2034 910 re-

451 944 671 998 sultenl.
700 941 850 1010 Quod
887 957 1048 1012 quam
1099 943 1170 997 sit
1210 941 1320 999 Deo
1370 944 1734 1010 contrarium,
1774 943 2034 1000 Dominus

451 1030 596 1088 Deus
645 1034 1020 1098 demonstrat;
1069 1032 1160 1102 qui
1205 1049 1327 1088 cum
1385 1033 1678 1089 invenisset
1725 1034 1779 1088 in
1839 1033 2036 1104 templo

450 1126 748 1183 vendentes
772 1135 828 1180 et
850 1134 1091 1181 ementes
1114 1133 1170 1179 et
1192 1125 1578 1181 nummularios
1597 1126 1864 1192 sedentes,
1893 1125 2037 1181 facto

450 1217 690 1272 funiculo
737 1217 803 1272 de
851 1217 1157 1281 resticulis,
1188 1231 1375 1273 omnes
1419 1217 1582 1288 ejecit
1623 1218 1688 1274 de
1728 1218 1946 1288 templo.
1976 1217 2035 1274 Si

451 1308 595 1363 enim
626 1323 690 1364 ea
737 1323 857 1377 qua:
903 1308 1048 1364 licite
1076 1308 1235 1364 vendi
1283 1308 1604 1364 videbantur
1633 1309 1688 1363 in
1722 1309 1920 1380 templo
1940 1350 1954 1374 ,
1981 1318 2038 1364 et

452 1397 518 1451 ad
558 1397 662 1452 hoc
705 1397 1025 1452 emebantur
1059 1405 1120 1452 ut
1165 1398 1217 1452 in
1247 1399 1436 1454 eodem
1483 1399 1683 1469 templo
1711 1398 2037 1455 offerrentur

452 1486 700 1552 Domino,
731 1487 842 1556 ipse
869 1487 1016 1544 foras
1047 1485 1232 1557 eiecit,
1265 1489 1392 1559 quid
1433 1498 1592 1560 putas
1620 1492 1686 1546 de
1716 1499 1826 1545 tam
1871 1490 2037 1560 pesti-

451 1575 564 1631 fera
595 1579 1011 1648 praesumptione
1047 1589 1102 1635 et
1128 1579 1221 1634 Dei
1257 1589 1566 1651 contemptu
1599 1581 1731 1637 (iet?
1760 1582 1827 1637 Et
1853 1582 1899 1637 si
1929 1598 2036 1638 non

452 1667 626 1723 solum
657 1670 1048 1738 sacerdotibus,
1079 1671 1169 1730 sed
1202 1672 1362 1727 etiam
1391 1672 1641 1728 omnibus
1665 1672 1879 1728 clericis
1896 1687 2036 1742 pra:-

451 1758 651 1828 cipitur
677 1773 743 1814 ne
785 1761 1038 1817 tabernas
1068 1762 1471 1832 ingrediantur,
1502 1764 1594 1834 qui
1631 1763 1820 1819 audire
1859 1772 2036 1833 potest

2135 577 2450 648 presbytero
2491 576 2564 631 ibi
2603 577 2823 631 missam
2856 575 2982 631 velit
3026 578 3242 643 audire;
3277 594 3435 649 quem
3485 579 3534 632 si
3582 579 3728 633 inve-

2135 667 2347 733 nerint,
2389 667 2570 723 statim
2603 669 2670 723 ab
2709 667 2939 723 ecclesia
2971 668 3220 739 ejiciant,
3257 679 3312 724 et
3335 670 3404 723 ad
3447 686 3614 726 suam
3646 687 3734 741 pa-

2135 759 2394 814 rmchiam
2424 759 2602 815 redire
2629 760 2975 830 compellant.
3011 760 3275 818 Similiter
3315 763 3664 834 interrogent
3691 765 3732 818 si

2134 847 2298 918 aliqui
2327 848 2697 904 discordantes
2732 849 2873 914 sint,
2909 851 3001 920 qui
3030 850 3171 906 inter
3197 866 3256 908 se
3282 851 3429 908 litem
3473 854 3737 923 implaca-

2134 938 2295 994 bilem
2333 939 2590 1000 habeant.
2634 940 2701 995 Et
2739 941 2783 994 si
2819 940 3025 996 inventi
3058 941 3290 1008 fuerint,
3328 945 3737 999 statim/recon-

2135 1029 2404 1084 cilientur.
2452 1030 2604 1096 Quod
2649 1030 2694 1085 si
2741 1031 3012 1086 noluerint
3060 1048 3244 1102 pacem
3290 1035 3621 1104 suscipere,
3671 1037 3736 1090 ab

2134 1118 2374 1174 Ecclesia
2397 1120 2688 1190 ejiciantur
2710 1137 2883 1191 usque
2903 1138 3010 1192 quo
3035 1124 3102 1177 ad
3127 1123 3448 1179 cbaritatem
3483 1125 3737 1179 redeant.

2135 1213 2252 1270 Non
2280 1217 2422 1271 enim
2453 1233 2739 1288 possumus
2770 1235 2964 1275 munus
3005 1221 3089 1274 vel
3113 1221 3438 1276 oblationem
3469 1223 3539 1275 ad
3566 1223 3743 1276 altare

2135 1305 2328 1362 oll‘erre
2378 1307 2550 1362 donec
2605 1309 2756 1378 prius
2809 1308 2962 1364 fratri
3026 1311 3458 1366 reconciliemur.
3515 1313 3620 1368 His
3670 1314 3741 1368 ita

2135 1396 2410 1464 peractis,
2463 1397 2771 1454 sacerdotes
2820 1399 3106 1455 missarum
3159 1401 3418 1457 solemnia
3465 1404 3572 1458 rite
3622 1420 3744 1474 per-

2137 1496 2318 1558 agant.
2367 1478 2369 1480 ’

2297 1577 2432 1633 Item
2464 1597 2528 1635 ex
2557 1582 2736 1636 eodem
2769 1583 3007 1638 concilio.
3037 1583 3121 1639 Ex
3154 1583 3575 1656 Capitularibus.

2208 1669 2431 1742 (Coucil.
2479 1671 2712 1729 Nannet.
2750 1691 2799 1730 c.
2844 1675 2910 1741 2;
2969 1676 3061 1732 lib.
3106 1693 3122 1732 ι
3159 1677 3458 1748 Capitular,
3499 1695 3553 1734 c.
3592 1680 3742 1745 £53;

2137 1761 2446 1818 BURCIIARD.
2471 1764 2564 1820 lib.
2594 1781 2654 1830 ll,
2680 1781 2729 1820 c.
2755 1765 2870 1836 9i.)
2905 1767 2971 1823 Ut
3001 1769 3177 1825 nullus
3199 1771 3482 1842 presbyter
3510 1772 3745 1827 alterius

449 1855 513 1902 ut
539 1846 781 1904 ecclesiae
809 1849 900 1905 Dei
941 1851 1176 1906 taberna:
1213 1852 1380 1906 liant?
1410 1853 1596 1924 Itaque
1638 1853 1909 1909 interdicit
1937 1870 2036 1924 per
2062 1850 2109 1910 B
2137 1857 2564 1926 partechianum,
2599 1857 2701 1913 nisi
2733 1858 2786 1913 in
2823 1859 3018 1915 itinere
3048 1860 3231 1929 fuerit,
3259 1863 3342 1919 vel
3372 1863 3640 1934 placitum
3673 1867 3744 1920 ibi

450 1941 631 1995 omnia
680 1943 916 2014 synodus
961 1959 1029 2000 ne
1060 1945 1162 1998 hoc
1191 1945 1544 2015 imposterum
1583 1944 1888 2001 nullatenus
1925 1945 2040 2002 ﬁat.

451 2030 606 2099 Quod
654 2032 703 2086 si
737 2032 938 2088 factum
979 2033 1170 2100 fuerit,
1201 2035 1483 2107 presbyter
1514 2036 1847 2106 deponatur;
1897 2036 2044 2104 laici,

451 2125 832 2182 communione
875 2126 1094 2197 privati,
1140 2127 1210 2182 ab
1244 2127 1495 2196 ecclesia,
1527 2143 1692 2200 quam
1721 2127 2044 2186 dehonesta-

458 2225 679 2285 verunt,
707 2218 1048 2289 expellantur
1076 2218 1247 2291 (190).

979 2329 1084 2400 53
1123 2329 1201 2384 De
1229 2330 1410 2386 eadem
1446 2348 1520 2386 rc.

521 2417 657 2474 LIX.
688 2418 1020 2490 (Buucmnn.
1067 2421 1158 2476 lib.
1202 2437 1284 2485 III,
1322 2437 1374 2478 c.
1413 2422 1529 2495 85.)
1571 2423 1776 2480 Interea
1808 2439 1916 2480 non
1961 2434 2048 2480 est

451 2507 642 2564 leviter
662 2510 1034 2580 accipiendum
1062 2513 1204 2581 quod
1229 2512 1487 2569 Dominus
1509 2515 1676 2570 dicit:
1709 2515 1908 2569 Domus
1931 2531 2048 2569 mea

448 2603 635 2657 domus
675 2604 931 2660 orationis
953 2614 1025 2659 cst
1058 2604 1195 2675 (Isa.
1243 2606 1416 2678 Lvm).
1455 2605 1512 2662 Si
1542 2608 1688 2664 enim
1726 2608 1918 2664 domus
1950 2606 2048 2662 Dei

448 2697 713 2752 orationis
743 2697 935 2753 domus
975 2709 1220 2765 vocatur,
1258 2700 1360 2756 hoc
1389 2701 1549 2756 debet
1589 2716 1709 2757 esse
1745 2704 1888 2771 quod
1917 2702 2048 2756 dici-

451 2792 556 2847 tur,
591 2801 690 2841 nec
711 2787 785 2842 ibi
815 2787 963 2843 aliud
991 2789 1151 2844 debet
1174 2790 1288 2860 geri
1333 2800 1425 2845 aut
1467 2793 1710 2847 recondi.
1757 2792 1859 2848 Ubi
1900 2794 2046 2849 enim

451 2891 650 2946 corpus
675 2877 884 2932 Domini
923 2888 1292 2946 consecratur,
1323 2882 1413 2936 ubi
1456 2883 1772 2953 angelorum
1809 2899 2048 2955 praesen-

453 2965 527 3019 tia
568 2980 676 3022 non
717 2966 995 3022 dubitatur
1039 2969 1229 3024 adesse
1253 3009 1268 3034 ,
1307 2971 1398 3026 ubi
1449 2981 1764 3027 sanctorum
1809 2974 2049 3042 reliquia:

451 3057 749 3112 recondita:
775 3068 1120 3124 venerantur,
1152 3074 1219 3114 ne
1246 3060 1374 3130 quid
1414 3061 1757 3117 inhonestum
1789 3071 2046 3134 appareat

451 3146 598 3217 quod
642 3147 826 3203 oculos
859 3148 927 3202 ad
967 3149 1267 3217 orationem
1308 3151 1640 3206 venientium
1673 3152 1929 3218 offendat,
1976 3167 2046 3208 ne

454 3235 585 3307 quid
626 3236 700 3292 ibi
731 3237 975 3292 videatur
1014 3239 1157 3308 quod
1184 3239 1250 3295 ad
1297 3239 1506 3295 lucrum
1544 3242 1839 3312 temporale
1875 3243 2041 3312 perti-
2070 3217 2114 3279 (ἶ

454 3339 611 3396 neat;
645 3334 739 3386 sed
767 3333 948 3387 omnia
979 3342 1198 3398 sancta,
1244 3334 1426 3389 omnia
1463 3336 1682 3400 munda,
1713 3344 1768 3391 et
1809 3345 2044 3390 tantum-

461 3421 624 3477 modo
647 3422 715 3477 ad
741 3423 1169 3479 ecclesiasticum
1201 3425 1561 3480 ministerium
1587 3425 1931 3496 pertinentia.

459 3531 529 3587 Ut
587 3533 782 3607 altaria
828 3535 1187 3607 mundissimis
1233 3536 1406 3591 linteis
1448 3539 1849 3607 cooperiantur;
1892 3547 1942 3591 et
1987 3547 2044 3591 ut

526 3605 809 3674 presbyteri
831 3606 1038 3674 feminis
1057 3607 1338 3674 prwdicent
1361 3617 1416 3660 ut
1436 3605 1743 3662 linteamina
1767 3609 1886 3662 dent
1907 3609 2044 3664 unde

531 3673 698 3728 altare
721 3673 988 3729 vestiatur.
1019 3673 1104 3730 Ex
1128 3677 1348 3731 concilio
1382 3676 1656 3732 Rhernensi
1682 3695 1799 3748 cap.
1831 3677 1884 3732 5.

529 3763 643 3818 LX.
684 3764 1020 3836 (Buncmnn.
1050 3766 1144 3822 lib.
1179 3784 1258 3830 III,
1293 3783 1342 3823 c.
1377 3768 1492 3841 97.)
1528 3769 1938 3826 Observandum
1963 3779 2048 3828 est

457 3867 521 3911 ut
543 3871 731 3912 mensa
758 3855 990 3922 Christi,
1022 3858 1074 3913 id
1110 3868 1196 3914 est
1230 3860 1423 3925 altare,
1461 3861 1548 3916 ubi
1580 3878 1778 3932 corpus
1807 3863 2044 3918 Domini-

459 3959 582 4001 cum
609 3953 975 4012 consecratur,
999 3947 1089 4002 ubi
1119 3949 1338 4020 sanguis
1363 3949 1480 4020 ejus
1495 3951 1760 4018 hauritur,
1796 3953 1886 4008 ubi
1915 3969 2045 4009 san-

459 4044 670 4090 ctorum
723 4035 960 4106 reliquize
1008 4039 1396 4106 reconduntur,
1451 4044 1540 4098 ubi
1595 4061 1782 4115 preces
1823 4055 1880 4104 et
1918 4057 2045 4104 vota

459 4123 638 4195 populi
669 4123 722 4178 in
755 4134 1045 4196 conspectu
1081 4127 1177 4182 Dei
1209 4143 1239 4183 a
1268 4131 1546 4188 sacerdote
1573 4133 1892 4203 olleruntur,
1921 4152 2044 4192 cum

458 4215 602 4268 omni
642 4217 990 4272 veneratione
1017 4216 1332 4287 honoretur,
1365 4233 1419 4276 et
1457 4224 1825 4283 mundissimis
1862 4228 2046 4283 linteis

459 4316 514 4364 et
543 4309 718 4379 palliis
757 4310 1167 4386 diligentissime
1203 4315 1563 4386 cooperiatur,
1604 4318 1846 4390 nihilque
1883 4335 2047 4392 super

459 4413 526 4453 eo
555 4409 786 4469 ponatur
825 4402 928 4457 nisi
971 4418 1148 4473 capsae
1176 4419 1296 4460 cum
1345 4415 1658 4464 sanctorum
1689 4411 1963 4482 reliquiis,
1991 4421 2048 4468 et

460 4498 693 4560 quatuor
714 4491 1021 4564 Evangelia.
1043 4496 1265 4565 Expleta
1293 4499 1479 4564 missa,
1501 4499 1640 4555 calix
1659 4510 1714 4558 et
1737 4517 2042 4559 sacramen-

2148 1946 2418 2012 habuerit,
2451 1948 2518 2001 ad
2551 1947 2769 2002 missam
2801 1948 3045 2018 recipiat.

2421 2034 2498 2089 De
2529 2035 2880 2092 oblationibus
2907 2037 3143 2106 ﬁdelium
3169 2040 3238 2093 ad
3264 2040 3454 2096 altare.

2215 2125 2375 2181 LXII.
2415 2125 2471 2182 Si
2510 2127 2711 2198 aliquid
2749 2127 2934 2185 ﬁdeles
2973 2131 3041 2185 ad
3071 2132 3240 2188 altare
3273 2131 3532 2199 olIerunt,
3569 2150 3601 2190 a
3643 2138 3748 2193 mi-

2145 2215 2318 2272 nistro
2343 2226 2618 2288 receptum
2645 2227 2768 2288 post
2793 2219 2963 2274 altare
2985 2230 3236 2290 ponatur.

2148 2331 2253 2404 55
2319 2331 2387 2388 Ut
2437 2333 2566 2412 nibil
2617 2334 2787 2412 ali_ud_
2807 2337 2862 2390 in
2890 2337 3166 2412 _sacriﬁcio
3208 2338 3433 2412 Domini
3485 2343 3747 2412 θίγεν-σειν

2215 2414 2416 2475 praeter
2453 2405 2508 2457 id
2557 2406 2696 2475 quod
2744 2405 3003 2462 Dominus
3048 2405 3258 2464 statuit.
3311 2409 3400 2464 Ea:
3452 2405 3744 2469 caiionibus

2216 2474 2595 2544 apostolorum,
2629 2477 2710 2530 tit.
2741 2477 2795 2531 5.

2218 2580 2397 2637 LXIII.
2441 2581 2497 2638 Si
2527 2585 2648 2654 quis
2673 2585 2958 2656 episcopus
2992 2597 3085 2644 aut
3111 2591 3391 2662 presbyter
3420 2603 3631 2663 praeter
3654 2611 3742 2649 or-

2148 2673 2477 2729 dinationem
2509 2676 2718 2731 Domini
2753 2677 2856 2732 alia
2883 2681 3127 2749 quaedam
3160 2683 3211 2736 in
3250 2683 3525 2739 sacriﬁcio
3550 2685 3745 2740 oﬂ’ent

2147 2781 2310 2836 super
2338 2767 2525 2834 altare,
2563 2769 2616 2825 id
2649 2779 2752 2837 cst,
2782 2782 2877 2830 aut
2913 2774 3055 2840 mel,
3092 2784 3185 2830 aut
3211 2775 3312 2842 lac,
3346 2787 3440 2832 aut
3479 2794 3582 2847 pro
3624 2782 3743 2833 vino

2149 2857 2402 2924 siceram,
2443 2868 2537 2915 aut
2579 2861 2825 2918 confecta
2867 2864 3145 2934 quaedam,
3187 2877 3282 2922 aut
3321 2867 3603 2934 volatilia,
3655 2880 3745 2923 aut

2149 2947 2402 3002 animalia
2443 2949 2646 3020 aliqua,
2691 2962 2783 3009 aut
2827 2953 3116 3026 legumina,
3154 2968 3347 3014 contra
3389 2961 3744 3016 constitutio-

2149 3052 2270 3092 nem
2301 3039 2514 3096 Domini
2544 3039 2770 3109 faciens,
2799 3043 3098 3114 deponatur
3123 3047 3190 3102 de
3219 3050 3408 3118 gradu.

2151 3143 2282 3222 Quae
2325 3147 2520 3222 species
2564 3149 2634 3202 ad
2669 3149 2856 3222 altare,
2900 3167 3005 3204 non
3041 3152 3110 3204 ad
3151 3154 3497 3222 sacrificium,
3541 3158 3639 3210 sed
3679 3158 3746 3209 ad

2217 3215 2620 3294 benedictionem
2669 3219 2954 3294 simplicem
2985 3221 3167 3276 debent
3206 3215 3404 3294 oﬂ'érri.
3456 3215 3542 3280 Ea;
3581 3244 3748 3282 cano-

2217 3285 2365 3340 nibus
2394 3285 2779 3357 apostolorum,
2805 3293 2887 3344 tit.
2916 3291 2969 3344 4.

2217 3392 2400 3450 LXIV.
2443 3396 2773 3466 (Buacnann.
2802 3399 2896 3454 lib.
2931 3416 3008 3464 vr,
3032 3417 3084 3456 c.
3113 3401 3190 3473 6.)
3219 3401 3413 3460 Oll'erri
3441 3421 3552 3461 non
3581 3406 3748 3462 liceat

2145 3486 2345 3556 aliquid
2364 3488 2427 3541 ad
2451 3487 2620 3543 altare
2641 3499 2839 3560 praeter
2861 3506 3027 3547 novas
3045 3495 3224 3563 spicas
3243 3503 3297 3550 et
3321 3512 3452 3550 uvas
3477 3506 3533 3551 ct
3559 3497 3745 3552 oleum

2145 3585 2199 3629 et
2231 3576 2555 3647 thymiama,
2590 3578 2643 3633 id
2673 3588 2756 3634 est
2780 3580 3058 3637 incensum
3082 3621 3098 3649 ,
3144 3591 3383 3655 tempore
3413 3601 3524 3656 quo
3551 3599 3746 3643 sancta

2149 3667 2458 3724 celebratur
2485 3668 2708 3726 oblatio.

2148 3776 2217 3832 Ut
2249 3795 2310 3832 ea
2343 3795 2461 3848 qua:
2499 3781 2555 3834 in
2603 3763 2832 3837 ecclesiis
2871 3784 3050 3906 o/fem'
3096 3801 3198 3840 non
3236 3799 3488 3858 possunt.
3530 3790 3602 3843 ad
3650 3792 3747 3845 do-

2217 3866 2327 3903 mos
2363 3851 2692 3905 sacerdotum
2719 3870 2751 3906 a
2782 3852 2885 3906 ﬁde
2909 3855 3023 3906 ibus
3061 3855 3384 3906 deferuntur.
3419 3859 3522 3906 (Ibi
3555 3877 3740 3906 suum-

2217 3851 2692 3929 mos_sacerdotum
2719 3870 2751 3906 a
2780 3851 3023 3921 ﬁdelibus
3061 3851 3384 3925 deferantur.
3419 3859 3522 3914 Ubi
3555 3877 3743 3929 supra,

2239 3919 2299 3971 it.
2339 3918 2391 3973 5.

2218 4033 2378 4089 LXV.
2419 4033 2644 4105 Reliqua
2692 4051 2850 4107 poma
2891 4039 3073 4094 omnia
3121 4041 3204 4097 vel
3249 4043 3505 4112 primitiae
3542 4047 3611 4101 ad
3653 4048 3748 4102 do-

2147 4142 2294 4181 mum
2316 4127 2554 4198 episcopi
2576 4137 2630 4184 et
2651 4129 2952 4202 presbyteri
2973 4132 3297 4203 dirigantur,
3322 4152 3422 4192 nec
3444 4137 3748 4195 oll'erantur

2155 4217 2207 4271 in
2237 4217 2416 4272 altari.
2449 4217 2666 4274 Certum
2705 4230 2793 4276 est
2821 4231 3002 4277 autem
3049 4225 3195 4294 quod
3231 4228 3501 4300 episcopis
3533 4241 3591 4286 et
3620 4248 3748 4302 pre-

2151 4309 2388 4379 sbyteris
2415 4319 2468 4365 et
2495 4309 2739 4366 diaconis
2763 4321 2817 4367 et
2846 4313 3066 4384 reliquis
3088 4315 3301 4374 clericis
3319 4319 3651 4376 dividantur.

2151 4418 2289 4485 Quid
2333 4422 2387 4476 in
2416 4422 2676 4497 sacriﬁcio
2719 4424 2930 4481 Domini
2959 4429 3138 4497 o/ferri
3173 4430 3371 4485 debeat.
3405 4430 3492 4487 Ea:
3519 4436 3742 4490 concilio

2601 4493 2977 4551 Wormaciensi
2987 4493 3016 4562 ζ
3031 4516 3146 4569 cap.
3179 4501 3270 4554 29.

461 4591 641 4636 torum
681 4580 816 4637 liber
853 4599 974 4638 cum
1010 4587 1251 4642 vestibus
1283 4590 1709 4648 sacerdotalibus
1748 4592 1802 4646 in
1847 4593 2039 4650 mundo

2221 4578 2403 4634 LXVI.
2434 4579 2658 4653 (Concil.
2691 4583 2910 4639 Bracar.
2948 4602 3030 4653 III,
3065 4604 3115 4644 c.
3146 4590 3215 4655 2;
3249 4591 3438 4646 concil.
3468 4593 3736 4648 Wonnat.

459 4671 583 4727 loco
607 4672 708 4728 sub
737 4687 858 4728 sera
890 4675 1270 4732 recondantur.
1650 4744 1652 4748 τ

463 4781 573 4856 54
611 4782 686 4839 De
728 4783 902 4840 linteis
951 4787 1619 4912 altariumfra’parandis.
1649 4792 1735 4847 Ea:
1775 4791 2046 4864 Capitula-

1175 4875 1219 4912 η
1257 4875 1336 4912 us.

1175 4875 1336 4913 ηοω.

533 4943 676 5017 (Lib.
708 4961 726 5001 ι
775 4945 1080 5018 Capitular.
1109 4965 1159 5006 c.
1193 4951 1340 5024 152.)
1382 4951 1688 5026 Presbyteri
1720 4971 1818 5026 per
1860 4973 2043 5028 parae-

464 5037 614 5092 cbias
641 5055 768 5095 suas
791 5040 1007 5098 feminis
1026 5043 1321 5114 praedicent
1340 5057 1398 5099 ut
1420 5045 1734 5104 linteamina
1768 5049 1821 5104 in
1850 5050 2042 5106 altaria

463 5137 790 5198 praeparent.

466 5215 536 5272 Ut
567 5218 743 5272 nullus
779 5222 1043 5274 nresbmn
1071 5223 1287 5277 alterius
1318 5227 1703 5275 nnrmchinmm-
1737 5229 1802 5258 μ’

2153 4684 2201 4725 c.
2250 4671 2314 4736 4;
2362 4671 2669 4728 Buncumo.
2721 4675 2813 4731 lib.
2857 4693 2910 4742 v,
2955 4694 3002 4734 c.
3049 4679 3129 4750 2.)
3159 4680 3214 4736 In
3257 4683 3586 4740 eucharistia
3633 4702 3740 4740 non

2152 4760 2310 4818 debet
2335 4777 2470 4833 aqua
2501 4779 2634 4833 pura
2661 4767 2868 4833 oll‘erri,
2900 4779 2958 4824 ut
2986 4771 3202 4838 quidam
3230 4773 3543 4830 sobrietatis
3572 4792 3735 4832 causa

2152 4852 2429 4921 falluntur,
2459 4855 2567 4928 56
2595 4859 2687 4912 sed
2713 4859 2894 4914 vinum
2921 4876 3044 4916 cum
3080 4879 3218 4933 aqua
3251 4865 3492 4929 mistum,
3524 4870 3650 4938 quia
3684 4879 3739 4923 et

2151 4943 2332 4999 viuum
2383 4945 2434 4999 in
2483 4948 2866 5018 redemptionis
2910 4963 3108 5008 nostrae
3155 4957 3413 5026 mysterio
3461 4957 3565 5012 fuit
3609 4976 3732 5015 cunt

2149 5038 2324 5098 dicat:
2352 5037 2475 5092 Non
2495 5039 2665 5093 bibam
2688 5041 2751 5095 de
2771 5042 2868 5096 hoc
2890 5046 3146 5113 gcuimine
3165 5048 3282 5102 uitis
3305 5047 3523 5118 (Matth.
3550 5053 3732 5116 xum);

2145 5135 2200 5179 et
2237 5141 2374 5196 aqua
2417 5128 2659 5194 mistum,
2698 5131 2840 5200 quod
2888 5142 3010 5200 post
3035 5149 3246 5191 ctenam
3292 5137 3478 5192 dabat.
3530 5140 3635 5195 Sed
3677 5150 3732 5193 et

2162 5214 2176 5234 ι
2236 5215 2353 5242 ι,.,.
2387 5233 2401 5245 .
2431 5218 2533 5243 λε.--
2571 5234 2702 5247 λη..-
2751 5237 2763 5240 -
3072 5225 3083 5234 ·
3289 5242 3296 5245 ·
3448 5230 3632 5285 νὶηιιιη
3663 5233 3728 5286 de
