3944 6430
225 413 334 470 205

1093 409 1180 464 DE
1221 409 1504 465 ECCLES.
1549 403 1830 461 DISCIPL.
1871 401 2054 460 LIBRI
2087 401 2246 460 DUO.
2289 433 2360 444 --
2399 403 2525 458 LIB.
2563 403 2604 460 I.

3393 407 3502 464 206

217 525 623 598 cognoscimus.
667 522 894 592 Ideoque
931 531 1128 591 praeter
1161 537 1352 590 panem
1381 529 1438 575 et
1473 521 1654 574 vinum
1690 532 1810 576 cmn
1843 523 1886 580 Λ
1919 525 2000 572 ter
2028 517 2222 573 habeat
2255 517 2504 588 pyxidem
2530 557 2544 584 ,
2581 526 2675 572 aut
2715 531 2810 572 vas
2855 525 3006 574 tanto
3043 530 3387 580 sacramento
3429 525 3511 581 di-

224 636 366 689 aqua
413 618 634 672 mistum
679 615 823 670 aliud
864 613 1044 668 oll'erri
1095 630 1200 668 non
1244 613 1424 668 debet.
1473 613 1626 668 Calix
1667 612 1811 667 enim

219 710 540 766 Dominicus
567 709 690 764 vino
715 717 769 763 et
795 723 930 776 aqua
953 707 1243 776 permistus
1266 707 1424 760 debet
1447 705 1660 771 oﬂ'erri;
1689 705 1812 774 quia

217 802 472 856 videmus
514 801 567 855 in
615 813 756 869 aqua
799 797 1052 869 pupulum
1104 798 1370 870 intelligi,
1419 797 1471 852 in
1518 797 1644 851 vino
1687 810 1814 850 vero

218 893 438 948 ostendi
482 891 794 963 sanguinem
839 890 1061 946 Christi.
1107 891 1248 960 Ergo
1291 889 1505 959 quando
1547 889 1600 943 in
1647 886 1813 943 calice

215 985 351 1038 vino
400 999 540 1053 aqua
585 983 862 1046 miscetur,
911 980 1125 1036 Christo
1159 979 1386 1050 populus
1427 979 1719 1042 adunatur,
1759 986 1815 1030 et

216 1077 558 1132 credentium
606 1073 758 1146 plebs
796 1074 844 1128 ei
884 1075 936 1128 in
977 1088 1136 1144 quem
1170 1073 1402 1128 credidit
1446 1070 1728 1141 copulatur
1760 1077 1813 1124 et

203 1167 464 1239 jungitur
494 1185 508 1220 :
537 1182 658 1238 quae
687 1165 957 1236 copulatio
993 1174 1049 1221 et
1087 1165 1400 1237 conjunctio
1425 1179 1565 1235 aqua
1605 1173 1660 1218 et
1689 1163 1813 1218 vino

211 1263 300 1318 sic
325 1265 586 1318 miscetur
617 1263 670 1317 in
697 1261 864 1318 calice
899 1261 1136 1326 Domini,
1161 1269 1219 1315 ιιι
1255 1259 1561 1315 commistio
1590 1257 1676 1313 illa
1705 1273 1809 1313 non

207 1353 395 1424 possit
431 1353 699 1424 separari.
742 1351 876 1408 Nam
907 1352 953 1407 si
988 1353 1170 1406 vinum
1202 1360 1408 1406 tantum
1437 1350 1560 1421 quis
1585 1349 1808 1416 oﬁ‘erat,

205 1444 444 1514 sanguis
470 1442 673 1498 Christi
702 1442 890 1513 incipit
920 1455 1042 1496 esse.
1069 1442 1185 1496 sine
1217 1441 1392 1496 nobis.
1421 1438 1478 1495 Si
1501 1456 1631 1496 vero
1670 1455 1810 1511 aqua

209 1535 290 1589 sit
314 1534 452 1598 sola,
497 1533 650 1604 plebs
679 1533 870 1604 incipit
903 1547 1025 1588 esse.
1050 1532 1166 1587 sine
1203 1531 1440 1587 Christo.
1483 1531 1597 1586 Non
1635 1541 1814 1602 potest

205 1631 366 1683 etaim
391 1627 532 1682 calix
563 1625 773 1681 Domini
803 1641 924 1682 esse
948 1641 1086 1697 aqua
1113 1625 1246 1692 sola,
1279 1635 1372 1680 aut
1398 1625 1582 1679 vinum
1612 1624 1804 1690 solum,

203 1719 320 1775 nisi
350 1727 643 1788 utrumque
670 1717 774 1772 sibi
799 1719 1109 1774 misceatur.

273 1811 360 1866 De
385 1809 547 1866 calice
573 1809 808 1865 Domini.
841 1809 928 1864 Ea:
951 1810 1170 1864 concilio
1201 1809 1656 1866 Ritemens'rtitufo
1685 1809 1738 1866 8.

1917 621 2114 676 gnum,
2142 607 2229 662 ubi
2261 623 2456 676 corpus
2491 607 2826 662 Dominicum
2857 609 3142 680 diligenter
3178 614 3510 670 recondatur

1915 698 1982 752 ad
2015 697 2268 750 viaticum
2303 697 2678 753 recedentibus
2705 713 2737 752 a
2767 699 2983 754 saeculo.
3015 698 3146 767 Qum
3175 717 3330 756 sacra
3355 703 3506 760 obla-

1915 789 1989 844 tio
2020 789 2244 842 intiueta
2275 789 2434 844 debet
2463 805 2585 844 esse
2623 789 2676 843 in
2707 791 2968 860 sanguine
3003 793 3228 856 Christi,
3261 803 3326 848 ut
3349 811 3503 852 vera-

1915 879 2051 934 citer
2075 878 2358 948 presbyter
2384 879 2556 949 possit
2582 878 2760 934 dicere
2792 881 3004 936 inﬁrmo
3035 899 3046 934 :
3077 879 3280 952 Corpus
3305 896 3356 938 et
3381 901 3506 940 san-

1911 970 2028 1039 guis
2061 969 2270 1024 Domini
2298 968 2538 1039 proﬁciat
2567 970 2690 1034 tibi,
2723 979 2828 1026 etc.
2862 971 3026 1043 (I9I).
3061 971 3394 1044 Sempcrque
3434 975 3509 1030 sit

1913 1075 2078 1130 super
2117 1059 2288 1114 altare
2321 1060 2666 1115 observatum
2705 1072 2926 1133 propter
2955 1079 3140 1120 mures
3177 1075 3234 1120 et
3267 1066 3504 1122 nefarios

1915 1151 2201 1214 homines;
2233 1159 2288 1207 et
2317 1151 2382 1206 de
2413 1153 2570 1207 tertio
2602 1153 2657 1206 in
2701 1154 2915 1208 tertium
2953 1155 3094 1212 diem
3127 1171 3340 1227 semper
3377 1175 3503 1212 mu-

1913 1252 2080 1308 tetur,
2113 1243 2166 1298 id
2193 1251 2297 1309 est,
2333 1241 2418 1297 illa
2447 1259 2477 1298 a
2515 1245 2832 1317 presbytero
2855 1255 3120 1313 sumatur,
3160 1257 3216 1302 et
3254 1248 3354 1302 alia
3381 1265 3504 1319 quae

1911 1336 2104 1391 eodem
2143 1337 2229 1391 die
2271 1347 2588 1393 consecrata
2625 1347 2712 1393 est
2751 1340 2806 1393 in
2846 1338 3021 1394 locum
3053 1342 3390 1412 subrogctttr,
3433 1361 3501 1399 ne

1911 1429 2052 1484 forte
2081 1430 2284 1486 diutius
2316 1440 2590 1487 reservata
2621 1433 2852 1500 mucida,
2885 1436 3029 1506 quod
3058 1438 3216 1500 absit,
3251 1437 3362 1494 ﬁat.

1913 1541 1990 1598 De
2009 1543 2218 1610 oblatis,
2253 1551 2305 1598 ut
2329 1543 2396 1599 de
2432 1545 2646 1601 sabbato
2665 1549 2728 1672 (ita
2757 1547 3029 1604 sabbatum
3059 1549 3386 1606 iimorentur.
3419 1550 3501 1606 Ea:

2603 1633 2662 1671 eo
2703 1635 2806 1672 cm.

2603 1633 2782 1672 eoacm
2791 1660 2806 1674 .

1979 1725 2165 1782 LXXI.
2211 1726 2543 1800 (Bunctuan.
2583 1729 2678 1786 lib.
2709 1745 2766 1797 ν,
2803 1748 2852 1788 c.
2885 1732 2996 1804 I2.)
3037 1731 3174 1789 Illud
3205 1735 3368 1788 etiam
3406 1737 3500 1790 ad-

1911 1820 2236 1874 nectendum
2263 1821 2496 1887 videtur,
2529 1831 2586 1876 ut
2614 1821 2916 1879 oblationes
2944 1839 3063 1894 quae
3086 1825 3139 1880 in
3171 1825 3330 1880 altari
3365 1823 3496 1883 olfe-

283 1901 496 1958 LXVII.
537 1905 869 1976 {BURCHARIL
915 1901 1007 1956 lib.
1041 1917 1126 1966 ιιι,
1156 1917 1206 1958 c.
1252 1902 1344 1967 96,
1385 1911 1439 1956 et
1475 1901 1602 1956 dist.
1631 1900 1684 1966 1,
1729 1899 1805 1956 De
1839 1901 1882 1959 Β
1909 1915 2124 1973 runtur,
2148 1909 2214 1964 de
2238 1908 2476 1964 Sabbato
2498 1914 2550 1964 in
2575 1911 2873 1967 Sabbatum
2901 1928 3114 1984 semper
3137 1915 3499 1972 inuoventur:

201 2005 506 2050 consecrat.
553 2011 602 2052 c.
649 1996 765 2067 45.)
806 1995 873 2050 Ut
908 1993 1050 2049 calix
1085 1993 1295 2048 Domini
1341 2009 1466 2047 cum
1509 2002 1727 2063 pateua,
1759 1991 1806 2047 si

201 2101 321 2140 non
349 2102 416 2142 ex
439 2103 592 2152 auro,
629 2087 954 2142 omnimodis
978 2101 1040 2140 ex
1075 2095 1300 2157 argento
1339 2084 1654 2156 [latamque
1679 2101 1809 2138 eau-

204 2187 406 2231 sentur
441 2177 762 2250 presbyteri,
797 2179 1025 2232 avaritia
1068 2179 1357 2242 suadente,
1399 2177 1466 2232 de
1491 2185 1807 2260 paupertate

201 2267 296 2322 vel
344 2267 798 2337 impossibilitate,
830 2283 952 2322 cum
995 2283 1100 2320 una
1143 2283 1266 2336 pars
1301 2281 1368 2322 ex
1410 2265 1660 2322 omnibus
1685 2279 1806 2333 qua:

203 2357 278 2411 ad
304 2357 586 2413 ecclesiam
614 2359 880 2426 pertinent
905 2355 1010 2427 57
1041 2357 1093 2410 in
1122 2357 1341 2411 fabricis
1369 2357 1536 2427 ipsius
1559 2355 1805 2410 ecclesia:

197 2447 284 2501 sit
331 2446 708 2516 impendenda.
743 2443 1128 2500 Admoneudus
1165 2455 1249 2502 est
1287 2445 1449 2500 etiam
1491 2444 1715 2515 populus
1747 2453 1806 2499 ut

162 2540 168 2546 ’
203 2538 417 2608 aliquid
449 2539 502 2592 itt
543 2537 781 2593 donariis
817 2537 1026 2592 Domini
1071 2537 1297 2603 oll‘erat,
1329 2538 1467 2592 sicut
1507 2537 1622 2607 ipse
1676 2536 1802 2592 niti-

199 2648 355 2703 quus
385 2633 611 2703 populus
641 2633 740 2688 sub
780 2631 961 2704 Moyse
987 2631 1044 2686 in
1090 2630 1433 2686 tabernaculo
1474 2630 1686 2686 Domini
1731 2629 1804 2684 fe-

199 2727 355 2777 cisse
401 2723 615 2794 legitur.
650 2723 708 2777 Si
749 2723 870 2794 quis
913 2732 1094 2777 autem
1131 2731 1240 2777 tam
1281 2723 1656 2793 pauperrimus
1697 2731 1800 2788 est,

199 2813 392 2866 saltim
425 2813 508 2866 vel
555 2825 840 2868 stanneum
871 2811 1092 2868 calicem
1133 2813 1345 2868 habeat.
1379 2813 1456 2867 De
1483 2827 1588 2866 tere
1619 2820 1802 2894 autem

203 2915 302 2958 aut
335 2919 400 2958 ex
432 2905 740 2960 aurichalco
776 2919 882 2960 non
918 2903 1014 2958 ﬁat
1037 2904 1210 2972 calix;
1247 2905 1374 2974 quia
1399 2905 1470 2959 ob
1495 2905 1602 2959 vini
1635 2904 1804 2958 virtu-

1909 1997 2044 2066 quia
2064 2013 2232 2069 panes
2260 1999 2659 2070 propositionis,
2691 2001 2782 2072 qui
2823 2017 2984 2074 super
3012 2019 3251 2060 mensam
3285 2006 3496 2062 Domini

1909 2092 2270 2160 ponebantur,
2301 2107 2332 2146 a
2367 2091 2606 2150 Sabbato
2649 2093 2704 2148 in
2739 2092 3039 2152 Sabbatum
3068 2113 3286 2170 semper
3325 2110 3502 2154 muta-

1909 2181 2126 2238 bantur.

2107 2273 2174 2329 Ut
2204 2276 2435 2332 chrisma
2462 2295 2663 2349 semper
2686 2279 2782 2334 sub
2807 2297 2924 2336 sera
2951 2283 3036 2336 sit.
3072 2283 3296 2342 Ibidem.

1977 2367 2188 2424 LXXII.
2230 2369 2562 2440 (Rauennae.
2609 2371 2702 2425 lib.
2753 2388 2825 2438 tv,
2873 2389 2924 2428 c.
2972 2373 3083 2446 80.)
3135 2375 3402 2431 Prteterea
3443 2385 3501 2431 et

1907 2457 2038 2514 illud
2074 2461 2400 2516 omnimodis
2428 2461 2825 2516 observandum
2859 2473 2972 2529 est,
3006 2473 3066 2519 ut
3105 2480 3318 2519 sacrum
3349 2467 3497 2522 chri-

1906 2563 2022 2606 sma
2054 2560 2110 2605 et
2137 2551 2312 2606 oleum
2343 2561 2720 2608 consecratum
2753 2569 2970 2624 semper
2995 2556 3094 2612 sub
3135 2571 3256 2612 sera
3296 2557 3396 2622 sit;
3431 2574 3500 2613 ne

1905 2641 2034 2697 illud
2083 2643 2226 2698 unde
2275 2643 2494 2700 Christo
2540 2645 2976 2716 incorporamur,
3021 2655 3079 2702 et
3125 2649 3267 2704 unde
3310 2663 3500 2705 omnes

1906 2729 2089 2786 ﬁdeles
2117 2731 2548 2799 sanctiﬁcantur,
2577 2735 2720 2790 unde
2743 2749 2901 2805 reges
2923 2743 2977 2790 et
3001 2738 3314 2794 sacerdotes
3342 2740 3493 2794 inuu-

1905 2829 2122 2890 guntur,
2166 2823 2361 2893 aliquis
2401 2822 2633 2879 inﬁdelis
2663 2836 2756 2880 aut
2797 2826 3105 2882 immundus
3134 2827 3243 2899 59
3285 2839 3495 2900 tangat,

1905 2920 1998 2964 aut
2033 2910 2226 2982 aliquis
2273 2913 2508 2983 perﬁdus
2538 2915 2604 2968 ad
2641 2913 2736 2969 Dei
2772 2915 3034 2986 judicium
3074 2919 3496 2977 subvertendum

205 3006 322 3050 tem
349 2997 642 3068 aeruginem
671 2996 838 3066 parit,
869 3012 990 3067 qua:
1019 2998 1278 3052 vomitum
1307 3007 1587 3067 provocat.
1615 2997 1802 3054 Nullus
1902 2997 2186 3068 subripiat,
2215 3001 2358 3070 quod
2380 3003 2752 3072 experimento
2775 3005 3064 3062 didicimus
3091 3007 3264 3079 (I92).

203 3098 390 3142 autem
423 3089 478 3141 in
503 3088 678 3159 ligneo
705 3088 874 3144 calice
902 3099 1192 3160 praesumat
1221 3100 1462 3144 cantare.

295 3177 376 3230 De
407 3177 668 3246 corporali
695 3177 990 3234 Dominico.
1032 3178 1118 3234 Ea:
1145 3177 1368 3234 concilio
1396 3195 1498 3246 quo
1526 3196 1708 3250 supra.

279 3266 512 3322 LXVIII.
557 3268 892 3340 (Bencuauo.
923 3269 1018 3324 lib.
1049 3285 1132 3338 III,
1161 3287 1210 3326 c.
1241 3271 1354 3344 98.)
1393 3273 1682 3342 Corporale
1709 3289 1801 3328 su-
1832 3266 1876 3325 ι]

201 3375 306 3430 per
335 3377 444 3430 quo
469 3375 626 3416 sacra
649 3361 856 3416 oblatio
903 3362 1232 3430 immolatur,
1265 3380 1331 3419 ex
1367 3364 1721 3419 mundissimo
1743 3373 1804 3418 et

202 3452 500 3522 purissimo
529 3452 692 3508 linteo
733 3454 835 3519 sit;
870 3469 970 3508 nec
1005 3454 1056 3508 in
1087 3471 1154 3508 eo
1181 3454 1406 3510 alterius
1433 3455 1650 3526 generis
1683 3471 1790 3508 ma-

209 3543 348 3596 teria
397 3542 682 3612 pretiosior
721 3550 816 3598 aut
841 3543 999 3598 vilior
1023 3545 1315 3600 misceatur
1344 3560 1358 3598 :
1391 3546 1516 3614 quia
1561 3543 1804 3600 Domini-

203 3649 334 3689 cum
366 3649 562 3704 corpus
591 3635 644 3688 in
673 3634 940 3704 sepulcro,
973 3651 1080 3692 non
1108 3635 1162 3690 in
1189 3635 1526 3700 holosericis,
1561 3637 1656 3692 sed
1686 3645 1803 3690 tan-

199 3733 324 3778 tum
377 3725 429 3780 in
479 3725 708 3780 sindone
746 3726 947 3780 munda
999 3725 1098 3780 fuit
1145 3726 1464 3782 involutum.
1506 3727 1802 3797 Corporale

199 3830 482 3884 antiquam
515 3830 678 3886 super
713 3817 885 3870 altare
914 3824 1223 3883 remaneat;
1265 3819 1360 3874 sed
1393 3827 1486 3874 aut
1516 3819 1570 3872 in
1601 3817 1799 3874 Sacra-

207 3915 518 3960 meutorum
559 3905 698 3961 libro
737 3917 989 3977 ponatur,
1021 3917 1115 3962 aut
1156 3924 1280 3964 cum
1310 3909 1480 3966 calice
1517 3919 1572 3965 et
1607 3921 1800 3981 patena

199 3997 260 4050 in
293 3997 648 4052 mundissimo
669 3998 787 4054 loco
809 3999 1154 4055 recondatur.
1187 4002 1486 4072 thuando
1511 4003 1746 4058 abluitur
1770 4021 1800 4058 ιι

203 4091 510 4157 sacerdote,
537 4092 781 4159 diacono,
805 4093 890 4148 vel
912 4093 1261 4159 subdiacono,
1289 4095 1468 4165 primo
1495 4095 1546 4150 iu
1571 4096 1799 4151 ecclesia

208 4185 268 4238 in
301 4183 420 4238 loco
447 4192 504 4238 et
540 4199 666 4239 vase
703 4185 768 4238 ad
798 4186 902 4240 hoc
933 4195 1240 4256 praeparato
1264 4187 1534 4252 abluatur,
1557 4203 1631 4244 eo
1659 4189 1802 4258 quod

211 4290 280 4328 ex
316 4273 597 4330 Dominieo
625 4291 855 4346 corpore
881 4285 938 4333 et
965 4279 1228 4350 sanguine
1257 4278 1516 4334 infectum
1551 4281 1639 4334 sit.
1674 4281 1802 4336 Post

205 4367 324 4420 iure
348 4381 378 4419 a
407 4366 720 4422 lavandaria
743 4367 794 4421 in
823 4368 994 4424 nitido
1035 4369 1156 4426 loco
1179 4379 1405 4440 paretur
1433 4369 1638 4442 [Editio
1671 4371 1801 4426 [lel-

205 4459 448 4512 mmtad.
481 4459 814 4532 reponatur].

204 4548 288 4602 De
325 4549 660 4604 eucharistia.
703 4549 784 4604 Ea:
814 4549 1072 4622 Capitulis
1111 4557 1475 4624 synodalibus,
1513 4572 1629 4626 cap.
1671 4555 1793 4610 155.

281 4639 466 4696 LXIX.
505 4642 646 4712 (Lib.
677 4659 695 4697 ι
735 4642 1029 4714 Capitulur.
1073 4623 1304 4713 c.7161;
1351 4623 1594 4719 Capitula
1627 4649 1792 4704 WAL-
1829 4623 1876 4681 ι)

207 4749 356 4788 τειιιι
385 4733 566 4788 Aurel.
599 4749 651 4789 c.
687 4735 748 4800 7;
775 4735 1081 4791 Bnncmnn.
1115 4738 1207 4794 lib.
1241 4756 1290 4802 v,
1323 4755 1370 4796 c.
1405 4741 1518 4812 I0.)
1549 4743 1618 4798 Ut
1643 4759 1792 4813 pres-

205 4825 368 4895 byter
415 4839 630 4894 semper
694 4828 1072 4884 eucharistiam
1137 4831 1335 4884 habeat
1392 4843 1676 4902 paratam;
1735 4841 1796 4887 ut

205 4914 422 4984 tutando
445 4915 570 4985 quis
599 4915 976 4984 inﬁrmaverit,
1005 4930 1097 4973 aut
1123 4922 1382 4990 parvulus
1407 4923 1651 4978 inﬁrmus
1680 4923 1795 4978 I'ue-

207 5008 310 5068 rit,
351 5007 534 5060 statim
563 5005 674 5077 58
709 5023 833 5062 eum
862 5012 1254 5073 communicet.
1297 5029 1364 5068 ue
1397 5015 1515 5068 sine
1551 5029 1794 5070 commu-

207 5097 372 5152 nione
397 5098 680 5152 moriatur.

459 5186 534 5240 De
561 5189 744 5242 eadem
777 5206 850 5243 re.
881 5189 967 5246 Ex
989 5193 1206 5248 concilio
1237 5194 1543 5255 Turonenri.

327 5277 444 5332 XX.
474 5279 801 5352 (Bcncuauo.
833 5281 926 5338 lib.
973 5299 1028 5350 v,
1064 5299 1114 5340 c.
1149 5286 1228 5358 9.)
1263 5285 1332 5343 Ut
1361 5291 1537 5346 omnis
1566 5292 1793 5364 presby-

282 5413 432 5484 (191)
469 5413 604 5470 Vide.
634 5414 783 5494 ﬂag.
817 5417 1061 5480 Menard.
1090 5421 1160 5494 ,ἰιι
1193 5425 1340 5482 notis
1367 5427 1433 5482 ad
1469 5425 1560 5483 lib.
1600 5427 1794 5485 Sacra-

209 5495 446 5558 mcntur.
467 5502 597 5558 pag.
633 5487 757 5544 378.

467 5555 600 5639 Vide
626 5559 911 5639 concilium
942 5560 1180 5639 bletense
1203 5567 1328 5620 anni
1359 5567 1485 5632 888,
1514 5585 1632 5639 cap.
1669 5574 1724 5627 6.

285 5625 436 5699 (195)
473 5627 834 5684 Consentium
881 5632 932 5684 in
979 5634 1080 5688 hoc
1125 5635 1243 5692 loco
1281 5639 1447 5692 editio
1473 5625 1798 5699 'Ilelimcsta-

213 5695 420 5776 diuisis
445 5706 501 5751 et
527 5699 847 5776 corlett_ni_s._
870 5700 1192 5776 Parisiensis
1224 5722 1334 5776 quo
1359 5725 1453 5764 nos
1477 5713 1555 5764 usi
1585 5695 1793 5770 sanius.

213 5763 446 5845 Variani
459 5780 639 5845 autem
668 5769 788 5845 libri
809 5771 1048 5845 Capitula
1058 5776 1215 5830 rium.
1242 5763 1298 5832 in
1312 5763 1482 5836 editis
1505 5763 1794 5845 strigili

217 5837 362 5904 apud
408 5835 797 5908 Burcbardum,
833 5835 976 5900 ct'in
1015 5847 1182 5901 veteri
1217 5849 1404 5908 codice
1442 5835 1543 5909 ms.
1572 5835 1791 5916 ibibli‘u:

1901 3103 1961 3159 Si
1987 3107 2254 3184 presbyter
2295 3109 2758 3184 chrismaAdederit
2801 3115 2872 3168 ad
2889 3115 3156 3184 judicium
3200 3117 3499 3176 subvertente

1941 3217 1948 3225 .
2212 3178 2357 3234 dum.
2393 3179 2478 3234 Ea:
2515 3178 2931 3253 Capitularibus,
2971 3187 3050 3240 tit.
3086 3187 3178 3242 55.
3475 3255 3478 3258 Α

1973 3269 2206 3325 LXXIII.
2255 3271 2398 3344 (Lib.
2431 3289 2462 3326 v
2501 3271 2796 3345 Capitular.
2829 3292 2880 3332 c.
2907 3277 3014 3344 55;
3045 3277 3155 3334 Lex
3187 3279 3498 3353 Languenti-

1907 3363 2022 3416 der.
2059 3364 2152 3418 lib.
2183 3380 2264 3428 tu,
2296 3365 2378 3420 tit.
2412 3365 2502 3432 27,
2539 3383 2588 3421 e.
2621 3368 2695 3439 I.)
2733 3369 3101 3442 Utprcsbyter
3127 3373 3219 3443 qui
3251 3375 3492 3430 chrisma

1908 3455 2188 3510 donaverit
2222 3456 2290 3511 ad
2325 3455 2590 3526 judicium
2621 3461 3062 3528 subvertendum,
3099 3473 3385 3535 postquam
3423 3467 3492 3524 tle

1907 3547 2074 3618 gradu
2103 3562 2200 3602 suo
2220 3547 2500 3618 depositus
2523 3550 2704 3617 fuerit,
2735 3568 2956 3608 manum
2985 3555 3218 3610 amittat.

1907 3659 1975 3714 Ut
2005 3660 2180 3716 nullus
2203 3662 2470 3738 presbyter
2487 3679 2588 3738 pro
2609 3664 2888 3738 chrismate
2910 3666 3126 3738 aliquod
3155 3685 3346 3725 manus
3383 3673 3490 3729 det.

2221 3731 2310 3788 Ea:
2351 3731 2570 3788 concilio
2619 3734 2874 3792 Meldeuai
2913 3731 3034 3808 cap.
3075 3739 3162 3794 45.

1975 3841 2209 3900 LXXIV.
2252 3845 2586 3918 (BURCIIARB.
2620 3847 2712 3904 lib.
2751 3865 2808 3914 ν,
2841 3865 2890 3904 c.
2919 3850 3032 3922 77.)
3077 3850 3144 3906 Ut
3189 3867 3349 3908 nemo
3377 3856 3494 3925 cpi-

1905 3946 2190 4003 scaporum
2215 3933 2300 3990 vel
2324 3935 2549 4006 quilibet
2579 3937 2828 3993 minister
2847 3939 3246 3997 ecclesiasticus
3269 3955 3496 4013 propter

1905 4039 2119 4080 Sacrum
2168 4028 2408 4082 chrisma
2461 4029 2660 4100 aliquid
2714 4033 2958 4087 muneris
3009 4035 3262 4104 accipiat,
3317 4053 3492 4108 neque

1903 4115 2178 4183 denarios,
2227 4118 2310 4172 vel
2350 4119 2603 4190 quadibet
2643 4123 2984 4189 munuscula,
3025 4141 3145 4195 qua:
3177 4142 3282 4196 per
3330 4131 3492 4182 mini-

1905 4215 2047 4261 stros
2083 4211 2456 4281 episcoporum
2489 4229 2518 4266 a
2543 4215 2876 4285 presbyteris
2913 4217 3347 4274 inordinabiliter
3372 4223 3489 4274 cxi-

1905 4310 2122 4372 gttntur.
2167 4305 2331 4360 Decet
2373 4316 2553 4360 tamen
2599 4311 2947 4380 presbyteros
2988 4329 3109 4368 cum
3168 4314 3489 4373 voluntariis

1902 4393 2128 4466 eulogiis
2168 4407 2406 4466 tempore
2447 4414 2685 4470 congruo
2723 4401 2944 4458 visitare
2965 4413 3024 4459 et.
3065 4408 3315 4462 venerari
3361 4422 3490 4464 suos

1904 4501 2207 4556 episcotios.

1905 4577 1972 4632 Ut
2001 4579 2462 4653 omnisqprcsbgter
2501 4582 2634 4638 duas
2669 4584 2930 4653 ampullas
2969 4587 3028 4640 in
3069 4587 3226 4643 Cana
3275 4591 3488 4648 Domini

2043 4650 2112 4702 ad
2145 4650 2406 4706 civitatem
2429 4652 2651 4722 deferat.
2681 4650 2766 4708 Eni
2799 4654 3081 4727 Capitulis,
3103 4661 3186 4716 tit.
3218 4661 3342 4716 156.

1967 4761 2178 4818 LXXV.
2221 4763 2361 4834 (Lib.
2397 4764 2734 4836 tCapitular.
2772 4784 2822 4824 c.
2858 4769 2991 4837 162;
3037 4771 3347 4832 Bencuann.
3388 4778 3484 4836 lib.

1901 4865 1974 4916 tv,
2000 4867 2050 4906 c.
2089 4852 2208 4922 75.)
2241 4853 2310 4909 Ut
2352 4855 2637 4927 presbyter
2686 4857 2738 4911 in
2768 4857 2934 4914 Cmna
2968 4859 3180 4919 Domini
3217 4870 3486 4937 ampullas

1899 4941 2034 4995 duas
2064 4957 2248 4996 secum
2280 4943 2508 5009 deferat,
2551 4963 2713 5002 unam
2745 4950 2812 5004 ad
2842 4952 3099 5021 chrisma,
3151 4955 3374 5013 alteram
3414 4963 3484 5018 ad

1899 5033 2077 5102 oleum
2120 5033 2184 5090 ad
2230 5037 2652 5094 catechumenos
2699 5041 3063 5110 inungendmtt
3105 5049 3186 5102 vel
3235 5050 3484 5108 inﬁrmos

1898 5123 2052 5191 juxta
2081 5127 2401 5181 sententiam
2430 5130 2777 5198 apostolicam
2804 5134 2972 5208 (I93),
3019 5146 3079 5191 ut
3112 5141 3329 5208 quando
3361 5159 3484 5213 quis

1903 5214 2231 5304 inﬁrmatur,
2281 5217 2500 5274 inducat
2537 5223 2883 5294 presbyteros
2933 5226 3209 5294 Ecclesim,
3251 5232 3343 5301 qui
3383 5251 3482 5304 pto

1903 5303 2020 5374 ipso
2042 5313 2219 5373 orent,
2239 5307 2596 5381 60eumque
2625 5313 2902 5380 inungunt,
2929 5323 2983 5370 et
3007 5327 3204 5374 cetera
3229 5319 3370 5387 (Jac.
3401 5325 3480 5391 ν).

1905 5437 2074 5528 thecae
2101 5437 2446 5528 Colbertinte,
2483 5451 2592 5498 tum
2620 5446 2782 5528 etiam
2833 5447 2884 5500 in
2921 5457 3126 5528 nostrg,
3171 5457 3485 5528 principitur

1905 5517 1964 5560 ιιι
2005 5512 2292 5586 presbyter
2337 5521 2446 5568 tres
2488 5515 2748 5583 ampullas
2789 5533 2968 5572 secum
3000 5512 3226 5578 deferat.
3279 5512 3386 5584 Séd
3429 5512 3481 5586 in

1903 5581 2072 5656 veteri
2115 5583 2304 5636 codice
2346 5599 2447 5656 ms.
2499 5581 2701 5656 ex'quo
2727 5589 2899 5656 prima
2948 5589 3276 5652 Parisiensis
3315 5581 3482 5656 etlitio

1899 5651 2260 5728 prodiil,_tutn
2297 5654 2460 5728 etiam
2506 5655 2556 5707 in
2587 5651 2962 5728 antiquissimo
3001 5661 3137 5728 libro
3169 5651 3484 5726 moim‘stéii'i

1905 5719 2306 5809 Itivipul'l‘ensis.
2343 5724 2412 5809 ita
2463 5726 2689 5809 omnino
2722 5719 2964 5798 legitur:
3116 5719 3483 5809 presbyter-viii

1899 5787 2060 5871 (laena
2095 5791 2306 5871 Domi-ni
2335 5796 2468 5846 duas
2491 5796 2751 5871 manutius
2781 5787 2952 5852 secum
2976 5787 3386 5871 defefatpni'tant

1897 5859 2148 5927 chrisma,
2201 5861 2418 5918 alterum
2456 5865 2523 5918 ad
2568 5859 2736 5922 oleum
2779 5871 2845 5924 ad
2890 5859 3282 5931 ratecinnncnos
3309 5859 3482 5932 inuri:
