3944 6404
515 369 630 424 ΩθἹ

3081 327 3201 360 κλείν’
3213 327 3223 332 ⁷

1601 361 1968 450 accinctus
2005 361 2428 420 PBUMIENSIS
2464 365 2752 424 ABBATIS
3664 381 3747 440 sos

527 484 606 538 De
625 477 934 554 presbyteris
959 477 1047 548 qui
1069 475 1216 548 longe
1241 478 1568 558 posithmtt.
1599 478 1732 534 Item
1763 479 1897 533 unde
1920 494 2098 548 supra,
2129 482 2176 542 Α
2209 475 2275 532 Ut
2307 478 2482 535 nullus
2513 484 2776 558 presbyter
2804 485 2856 538 in
2880 486 3102 558 partium
3134 498 3339 544 sacrata
3381 506 3503 546 vasa
3524 493 3596 548 vel
3621 501 3749 552 resti-

1178 550 1344 618 capite
1368 547 1455 602 93.

600 661 835 720 LXXVI.
869 661 1051 733 (Lib.1
1105 659 1401 730 Capitular.
1427 676 1475 716 c.
1507 660 1610 726 99;
1654 660 1960 715 Buncnann.
2027 677 2101 716 to.

525 771 600 820 ιν,
663 771 712 809 c.
767 752 880 823 79.)
935 753 1010 806 De
1064 750 1396 821 presbyteris
1445 751 1535 820 qui
1585 751 1882 821 accipiendi
1935 751 2103 822 gratia

525 842 840 900 chrismatis
866 841 934 896 ad
967 841 1215 896 civitates
1244 841 1296 894 in
1327 855 1482 895 ccena
1507 840 1714 895 Domini
1756 841 1939 896 venire
1961 841 2103 896 soliti

524 944 702 1000 erant,
740 934 1007 989 sancitum
1046 941 1131 987 est
1169 942 1228 986 ut
1257 932 1432 988 dehis
1455 933 1546 1002 qui
1576 932 1732 1003 longe
1763 933 1924 1003 positi
1952 941 2100 1000 sunt,

523 1028 591 1082 de
625 1036 747 1082 octo
793 1025 879 1080 vel
910 1025 1095 1080 decem
1140 1040 1279 1079 unus
1325 1025 1391 1080 ab
1437 1025 1686 1094 episcopo
1732 1024 1977 1094 eligatur,
2011 1023 2104 1092 qui

523 1127 804 1188 acceptum
833 1117 938 1187 61
974 1116 1211 1170 chrisma
1249 1115 1348 1170 sibi
1385 1123 1439 1170 et
1483 1115 1645 1171 sociis
1671 1115 1954 1186 diligenter
1981 1129 2103 1184 per-

521 1212 680 1265 ferat.
716 1208 780 1262 Ili
809 1222 937 1263 vero
969 1207 1061 1276 qui
1107 1223 1212 1261 non
1243 1207 1452 1277 longius
1481 1222 1511 1260 a
1532 1206 1754 1262 civitate
1778 1221 1938 1276 quam
1965 1221 2103 1275 qua-

523 1311 645 1355 tuor
669 1308 763 1354 aut
802 1299 1042 1369 quinque
1089 1298 1323 1353 millibus
1365 1298 1609 1352 habitant
1651 1311 1802 1351 more
1847 1294 2006 1350 solito
2035 1294 2104 1349 ad

524 1389 895 1458 accipiendum
926 1387 1159 1443 chrisma
1194 1402 1289 1456 per
1317 1402 1374 1441 se
1408 1386 1663 1450 veniant;
1704 1383 1943 1439 discendi
1974 1396 2104 1437 vero

515 1480 698 1549 gratia
726 1478 829 1532 alio
859 1493 964 1532 non
996 1475 1441 1548 quadragesima“
1471 1484 1710 1544 tempore
1734 1472 1798 1526 ad
1829 1472 2103 1527 civitatem

528 1577 918 1634 convocentur,
948 1576 1169 1638 prepter
1199 1565 1382 1637 plebes
1410 1565 1510 1620 sibi
1541 1564 1874 1620 commissas.

525 1681 594 1737 Ut
620 1680 844 1736 alterius
869 1679 1092 1750 episcopi
1121 1679 1347 1750 chrisma
1375 1674 1548 1750 nullus
1575 1677 1835 1750 presbyter
1860 1672 2100 1746 accipiat.

897 1745 981 1803 Ex
1009 1745 1228 1802 concilio
1267 1746 1500 1810 Vasensi,
1525 1763 1640 1816 cap.
1673 1745 1725 1798 5.

2451 564 2621 607 menta
2646 556 2836 608 mittat.
2877 554 3028 610 Unde
3071 575 3253 628 supra,
3293 577 3411 630 cap.
3445 562 3531 618 II.

2274 637 2507 696 LXXXI.
2536 642 2826 715 (HINCUAB.
2865 646 2917 699 in
2966 646 3223 718 Capitulis
3268 649 3408 705 datis
3435 667 3523 705 an.
3554 653 3669 719 852,
3707 672 3748 712 e.

2204 731 2261 784 11
2287 748 2302 795 ;
2336 731 2643 789 Buacnann.
2673 735 2767 816 lib.
2793 752 2878 803 Ill,
2904 753 2955 794 c.
2983 738 3103 804 104;
3129 739 3435 810 Capitulare
3451 743 3748 815 TBEODULI‘I,

2203 836 2253 876 c.
2286 822 2395 894 18.)
2441 823 2510 879 Ut
2542 827 2721 882 nullus
2756 827 3046 906 presbyter
3087 839 3381 900 praesumat
3432 833 3642 890 calicem
3684 837 3751 892 vel

2202 919 2452 983 patenam
2484 914 2568 968 vel
2597 915 2818 982 pallium
2850 915 3039 994 altaris
3075 917 3161 972 vel
3189 920 3749 979 vestimentum'sacer—

2203 1007 2380 1062 dotale
2429 1014 2522 1061 aut
2570 1007 2766 1062 librum
2820 1006 3130 1064 tabernario
3171 1009 3258 1064 vel
3314 1013 3629 1079 negotiatori
3674 1023 3749 1068 aut

2204 1099 2423 1155 cuilibet
2447 1098 2586 1154 laico
2615 1099 2698 1154 vel
2729 1101 2944 1155 feminae
2978 1100 3030 1154 in
3053 1101 3268 1155 vadium
3293 1103 3444 1168 dare,
3478 1104 3749 1174 nisijustis-

2204 1187 2338 1242 sima
2385 1189 2706 1243 necessitate
2735 1192 3152 1260 urgentezquia
3201 1200 3351 1246 tanta
3397 1201 3481 1248 est
3520 1197 3749 1250 sanctitas

2205 1278 2345 1332 sacri
2390 1279 2696 1344 ministerii,
2739 1289 2799 1334 ut
2854 1280 3003 1335 salva
3043 1282 3254 1337 altioris
3295 1284 3538 1353 mysterii
3585 1285 3752 1341 intelli-

2204 1370 2403 1440 gentia,
2440 1372 2602 1426 etiam
2652 1387 2749 1442 per
2785 1375 3110 1443 prophetam
3155 1374 3418 1431 Dominus
3452 1377 3751 1446 prohibuerit

2204 1477 2273 1516 ne
2315 1477 2436 1515 cum
2490 1463 2694 1518 sanctis
2749 1464 3086 1520 vestimentis
3131 1468 3388 1522 sacerdos
3421 1469 3666 1530 procedat
3697 1469 3749 1524 ad

2204 1556 2480 1626 populum.
2513 1557 2606 1612 sed
2657 1558 2797 1612 intra
2825 1567 3016 1614 sancta
3067 1559 3155 1613 illa
3187 1561 3448 1624 dimittat,
3487 1564 3516 1616 'a
3541 1562 3640 1632 63
3664 1561 3750 1616 col-

2206 1647 2387 1717 loquio
2415 1647 2596 1702 divino
2625 1648 2860 1704 rediens.
2893 1648 2955 1702 Et
2981 1650 3065 1704 cui
3094 1649 3146 1704 in
3196 1649 3453 1705 tabernas
3481 1651 3545 1705 ad
3586 1652 3747 1706 biben-

2206 1738 2332 1792 dum
2363 1752 2391 1790 a
2419 1737 2587 1792 sacris
2614 1739 2915 1793 canonibus
2947 1739 3152 1808 ingredi
3185 1739 3523 1811 prohibetur,
3547 1741 3748 1795 sanctiﬁo

587 1863 853 1920 LXXVII.
885 1862 1027 1932 (Lib.
1059 1878 1133 1917 vn
1180 1859 1475 1931 Capitular.
1517 1875 1567 1914 c.
1609 1859 1745 1924 310;
1789 1857 2097 1914 BURCBARD.

2204 1836 2321 1883 cata
2346 1829 2481 1884 sacri
2512 1830 2796 1885 ministerii
2823 1847 2919 1885 nec
2944 1832 3010 1885 ad
3029 1834 3447 1904 contingendum
3472 1834 3743 1899 immundis,

520 1957 620 2011 lib.
665 1973 740 2018 tv,
767 1970 816 2010 c.
850 1953 965 2024 78.)
999 1953 1098 2008 Per
1138 1952 1346 2022 singula
1373 1951 1641 2006 territoria
1682 1949 1980 2020 presbyteri
2016 1948 2101 2003 vel

517 2046 758 2102 ministri
797 2045 866 2100 ab
893 2043 1164 2114 episcopis
1186 2059 1308 2104 non
1340 2053 1499 2112 prout
1529 2041 1736 2096 libitum
1761 2040 1941 2105 fuerit,
1970 2056 2000 2094 a
2023 2041 2100 2094 vi-

521 2137 840 2200 cinioribus,
885 2134 982 2189 sed
1020 2149 1051 2188 a
1099 2134 1212 2189 suis
1241 2133 1475 2204 propriis
1515 2146 1611 2202 per
1642 2145 1811 2185 annos
1860 2128 2100 2200 singulos

521 2236 705 2297 petant
767 2225 1039 2288 chrisma,
1093 2224 1556 2294 appropinquante
1613 2219 1949 2276 solemnitate
2003 2233 2099 2288 pa-

512 2316 714 2382 schali,
746 2330 844 2370 nec
879 2330 977 2385 per
1021 2327 1397 2383 quemcunque
1445 2311 1887 2367 ecclesiasticum.
1928 2309 2022 2365 sed
2051 2307 2098 2364 si

515 2423 624 2478 qua
671 2407 962 2461 necessitas
1007 2413 1099 2459 aut
1146 2405 1514 2460 ministrorum
1554 2404 1836 2474 occupatio
1866 2415 1968 2468 est,
2004 2418 2101 2473 per

506 2499 953 2563 subdiaconum,
1020 2497 1147 2567 quia
1212 2495 1532 2550 inhonorum
1608 2503 1692 2549 est
1753 2492 2098 2548 inferioribus

525 2606 734 2645 summa
761 2588 1046 2644 committi.
1083 2587 1354 2658 Optimum
1397 2597 1577 2640 autem
1606 2595 1689 2640 est
1725 2594 1786 2638 ut
1814 2586 1927 2654 ipse
1979 2599 2099 2638 sus-

518 2682 686 2752 cipiat
735 2681 826 2750 qui
870 2680 922 2734 in
969 2679 1227 2734 tradendo
1259 2693 1455 2732 usurus
1498 2685 1601 2731 est.
1639 2675 1694 2730 Si
1749 2677 1876 2744 quid
1917 2684 2099 2730 autem

517 2774 717 2837 obstat,
761 2772 947 2826 saltem
978 2771 1024 2825 is
1052 2771 1207 2840 cujus
1246 2768 1409 2823 oIIicii
1455 2776 1539 2822 est
1567 2768 1867 2822 sacrarium
1914 2767 2098 2838 dispo-

515 2879 648 2918 nere
679 2872 734 2917 et
762 2869 1103 2917 sacramenta
1126 2861 1401 2929 suscipere
1427 2858 1599 2930 (194).

591 2973 658 3029 Ut
699 2973 876 3030 nullus
907 2974 1146 3027 minister
1173 2973 1283 3027 sine
1320 2971 1598 3026 chrismate
1642 2970 2026 3040 proﬁciscatur.

578 3082 871 3138 LXXVIII.
912 3081 1136 3151 {ConciL
1163 3082 1404 3135 Aransic.
1437 3097 1477 3146 ι,
1506 3081 1636 3146 ο.2;
1666 3080 1973 3137 Buncmnn.
2004 3081 2097 3136 lib.

2204 1927 2404 1988 quanto
2440 1919 2617 1974 minus
2652 1921 2704 1974 in
2742 1923 3104 2006 va’dimonium
3147 1925 3406 1980 exhibere
3432 1925 3602 1988 debet,
3634 1925 3746 1979 sicut

2204 2009 2512 2079 Stephanus
2563 2025 2701 2080 papa
2747 2020 2803 2066 et
2847 2021 3051 2084 martyr
3092 2013 3391 2068 secundum
3436 2012 3675 2068 Hilarium
3704 2013 3744 2066 in

2203 2102 2315 2158 suis
2350 2103 2724 2158 Decretalibus
2745 2103 2946 2159 docuit.

2432 2283 2680 2341 ABI‘IINC
2720 2285 2808 2339 DE
2858 2285 3020 2342 VITA
3057 2283 3541 2343 SACERDOTUM.

2204 2382 2272 2440 Ut
2314 2386 2583 2457 episcOpus
2626 2399 2672 2442 et
2696 2388 2962 2458 presbyter
2999 2405 3101 2443 non
3137 2388 3286 2458 longe
3316 2392 3382 2443 ab
3429 2390 3629 2445 ecclesia
3661 2391 3736 2443 Ito-

2343 2457 2555 2524 spitium
2583 2458 2824 2512 habeant.
2853 2457 2937 2511 Ea:
2965 2459 3184 2512 concilio
3216 2457 3624 2530 Cartltaginensi.

2269 2555 2527 2610 LXXXII.
2567 2553 2790 2627 (Concil.
2823 2555 3074 2628 Carthag.
3109 2573 3182 2624 tv,
3231 2572 3286 2612 c.
3319 2557 3434 2628 11.)
3476 2556 3540 2612 Ut
3567 2557 3739 2628 episco-

2200 2662 2300 2717 pus
2331 2663 2437 2702 non
2469 2647 2627 2718 longe
2659 2649 2726 2703 ab
2753 2648 2979 2703 ecclesia
3004 2649 3354 2720 hospitiolum
3387 2651 3594 2705 haheat.

2203 2733 2268 2789 Ut
2315 2737 2597 2807 presbyteri
2645 2736 3168 2807 nullatenusiubique
3209 2739 3469 2807 hospitari
3514 2741 3737 2793 sinuntur.

2518 2807 2604 2860 Ex
2639 2806 2860 2860 concilio
2909 2806 3182 2873 Meldensi,
3226 2806 3342 2879 cap.
3377 2809 3465 2863 56.

2269 2897 2552 2952 LXXXIII.
2617 2896 2685 2952 Ut
2737 2897 3040 2968 presbyteri
3115 2898 3425 2955 nullatenus
3479 2901 3740 2968 ubicunque

2200 2988 2461 3057 hospitari
2485 2989 2751 3053 sinantur,
2777 2996 2869 3042 aut
2895 2987 3076 3056 aliquo
3100 2989 3257 3042 modo
3291 2990 3396 3059 ipsi
3425 2998 3739 3060 praesumant;

2201 3079 2295 3133 sed
2322 3079 2536 3133 assidue
2577 3079 2717 3149 apud
2751 3080 2877 3133 suas
2922 3078 3178 3134 ecclesias
3217 3095 3337 3134 esse
3391 3081 3742 3147 studeantpro-

518 3191 594 3238 IV,
625 3189 674 3228 c.
709 3173 820 3245 75.)
844 3172 1058 3227 Nullum
1087 3174 1480 3236 ministrorum,
1504 3172 1593 3242 qui
1619 3174 1922 3242 baptizandi
1949 3189 2096 3229 rece—
2123 3185 2166 3246 ε
2202 3179 2321 3238 pter
2364 3185 2517 3224 sacra
2569 3169 2825 3240 mysteria
2857 3169 2938 3224 vel
2986 3170 3284 3224 ministeria
3328 3171 3570 3226 ﬁdelibus
3615 3169 3739 3224 ethi-

515 3266 597 3336 pit
645 3264 900 3328 ofﬁcium,
951 3265 1068 3319 sine
1101 3265 1396 3319 chrismate
1446 3279 1681 3334 unquam
1728 3265 1925 3319 debere
1971 3280 2098 3335 pro-

517 3357 691 3423 gredi,
729 3357 852 3426 quia
902 3357 1044 3410 inter
1089 3371 1187 3410 nos
1222 3355 1424 3426 placuit
1467 3356 1636 3410 semel
1682 3356 1733 3410 in
1781 3357 2102 3426 baptismate

463 3447 465 3449 ’
517 3449 824 3502 chrismari.
875 3447 951 3503 De
979 3463 1046 3502 eo
1075 3457 1255 3502 autem
1307 3448 1396 3517 qui
1431 3447 1483 3501 in
1515 3447 1837 3516 baptismate
1864 3463 2103 3516 quacun-

518 3553 622 3607 que
664 3539 987 3593 necessitate
1037 3537 1268 3593 faciente
1314 3554 1419 3592 non
1461 3539 1788 3593 chrismatus
1825 3539 2002 3603 fuerit,
2049 3540 2100 3592 in

520 3630 930 3686 conﬁrmatione
967 3631 1222 3686 sacerdos
1259 3631 1708 3686 connnonebitur.

766 3746 876 3816 62
905 3745 981 3799 De
1011 3745 1240 3816 fontibus
1280 3747 1464 3799 sacris.
1494 3745 1645 3800 Unde
1674 3763 1852 3816 supra.

580 3857 824 3912 LXXII.
877 3826 1167 3927 (“Incusat
1197 3855 1439 3927 Capitula
1485 3876 1574 3912 an.
1620 3859 1743 3921 832,
1782 3875 1830 3913 c.
1864 3859 1928 3925 5;
1966 3859 2100 3914 Bun-

517 3965 710 4004 cusao.
753 3949 845 4003 lib.
892 3965 968 4015 tv,
1004 3965 1054 4004 c.
1105 3951 1203 4012 15;
1252 3947 1554 4018 Cupitulare
1598 3948 1897 4016 Aur'roms,
1943 3966 1990 4004 c.
2024 3949 2100 4022 7.)

512 4039 812 4110 Presbyter
835 4040 924 4110 qui
957 4039 1136 4094 fontes
1169 4039 1406 4108 lapideos
1436 4040 1636 4095 habere
1662 4042 1984 4111 nequit-erit,
2009 4055 2102 4095 vas

506 4126 848 4187 conveniens
890 4131 957 4186 ad
1000 4132 1110 4187 hoc
1150 4131 1486 4187 solummodo
1532 4133 1836 4202 baptizandi
1869 4131 2100 4187 oﬂicium

511 4224 732 4285 habeat,
762 4224 905 4293 quod
944 4238 1216 4292 nunquam
1247 4232 1402 4277 extra
1444 4223 1726 4279 ecclesiam
1763 4226 2097 4295 deportctur.

511 4304 777 4367 Similiter
806 4314 872 4367 ad
901 4313 1184 4382 corporale
1212 4313 1500 4368 lavandum
1529 4323 1583 4368 et
1611 4316 1678 4370 ad
1715 4316 1883 4385 pallas
1915 4317 2100 4372 altaris

513 4407 732 4474 propria
776 4421 904 4459 vasa
958 4404 1287 4470 habeantur,
1334 4405 1386 4458 in
1421 4407 1618 4476 quibus
1645 4408 1775 4462 nihil
1823 4408 1965 4463 aliud
2009 4408 2102 4464 Iiat

519 4493 686 4565 (res).

520 4626 588 4682 Ut
612 4627 785 4682 nullus
812 4629 1077 4699 presbyter
1119 4630 1312 4700 absque
1350 4632 1666 4700 vestimentis
1691 4635 2102 4692 sacerdotalibus

570 4698 853 4768 prmsumat
892 4698 1104 4753 missam
1132 4698 1363 4754 cantare.
1397 4698 1482 4754 Ea:
1506 4703 1722 4756 concilio
1753 4702 2044 4760 Rhemensi.

516 4787 527 4796 ’
589 4786 800 4842 LXXX.
860 4787 1045 4844 Nullus
1096 4789 1380 4861 presbyter
1434 4789 1550 4844 sine
1599 4791 1824 4858 amictu,
1879 4794 1998 4849 alba
2041 4805 2097 4851 et

518 4869 676 4944 Stola,
713 4887 767 4933 et
796 4877 1017 4944 fanone,
1073 4889 1128 4934 et
1167 4879 1347 4934 casula
1397 4879 1666 4936 ullatenus
1697 4882 1916 4937 missam
1961 4884 2096 4942 cele-

517 4971 676 5027 brare
712 4977 1018 5038 prmsunnat.
1055 4964 1260 5024 Ethmc
1305 4984 1459 5024 sacra
1487 4971 1807 5026 vestimenta
1859 4977 2098 5032 mundis-

519 5062 652 5116 sima
680 5061 809 5126 sitit,
841 5071 895 5114 et
925 5061 974 5115 in
1000 5061 1169 5116 nitido
1197 5060 1314 5116 loco
1339 5061 1480 5117 intra
1508 5064 1792 5120 ecclesiam
1835 5068 2102 5125 collocen-

522 5160 626 5204 tur.
663 5149 772 5205 Nec
815 5151 1119 5222 presbyter,
1149 5167 1269 5206 cum
1310 5153 1394 5207 his
1433 5153 1698 5220 induitur,
1733 5167 1882 5213 extra
1924 5162 2102 5217 cccle-

515 5232 656 5297 1siam
687 5251 860 5307 exeat,
901 5243 1026 5313 quia
1058 5243 1160 5297 hoc
1188 5242 1272 5298 lcx
1302 5244 1482 5299 divina
1507 5249 1775 5316 prohibet.

509 5391 744 5460 gendum
791 5389 868 5462 vel
913 5391 1147 5459 inﬁrmos
1190 5393 1350 5462 juxta
1402 5397 1750 5462 sententiam',
1798 5407 1902 5454 etc.
1950 5399 2100 5458 Hanc

515 5459 765 5535 ultimam
810 5459 1092 5535 lectionem
1124 5459 1359 5535 secutus
1400 5476 1484 5519 est
1531 5459 1751 5535 Regina.
1799 5467 2000 5524 Contra
2046 5473 2100 5528 in

514 5530 692 5600 ueteri
750 5530 932 5583 codice
991 5531 1278 5652 pontiﬁcali
1327 5537 1566 5590 ecclesiae
1610 5530 2098 5608 Rothomagensis,

514 5599 664 5652 .auud
691 5597 968 5652 Huaonem
1021 5599 1301 5652 Ienardum
1335 5604 1384 5652 in
1416 5607 1556 5652 nmis
1582 5609 1646 5652 ad
1679 5607 1870 5652 lihrnm
1903 5610 2098 5652 ςειητει-

513 5597 664 5668 ζεψυό
691 5597 968 5668 1⁷11180110ῐῆ
993 5597 1301 5656 Menardtnn
1335 5604 1384 5657 in
1415 5607 1556 5659 notis
1582 5609 1646 5659 ad
1678 5597 2099 5665 librum‘Sacra;

513 5677 852 5750 mentorum,
883 5683 1002 5740 pag.
1045 5671 1113 5725 80
1137 5689 1152 5728 z
1179 5671 1335 5727 Mane
1373 5675 1542 5750 primo
1581 5679 1926 5750 mansionarii
1956 5683 2098 5735 ordi-

513 5748 646 5794 nent
687 5745 859 5794 omnia
889 5755 1006 5810 quia
1051 5751 1169 5796 sunt
1199 5746 1499 5818 necessaria
1549 5745 1616 5810 ad
1661 5751 2095 5808 consecrationem

2205 3261 2401 3325 benda,
2439 3277 2540 3316 nec
2580 3263 2744 3316 etiam
2780 3261 2906 3316 alibi
2940 3261 3186 3316 habitare
3225 3263 3620 3332 permittantur.
3662 3260 3743 3313 Ne-

2203 3365 2309 3420 que
2339 3351 2594 3407 mulieres
2629 3366 3010 3422 quamcunqne
3053 3351 3448 3408 habitationem
3491 3349 3738 3425 [Sirmomt

2203 3452 2250 3495 et
2287 3441 2404 3494 cod.
2454 3457 2579 3506 ms.,
2615 3440 3131 3513 frequentationem]
3172 3441 3409 3497 habeant
3452 3443 3503 3498 in
3549 3441 3664 3495 locis
3700 3437 3741 3490 in

2203 3532 2401 3602 quibus
2458 3533 2760 3603 presbyteri
2828 3533 3058 3602 aliquem
3129 3548 3410 3588 recursum
3477 3530 3739 3588 habuerint.

2204 3622 2358 3688 Quod
2399 3622 2442 3676 si
2473 3622 2761 3677 observare
2801 3623 3258 3693 parvipenderint,
3289 3623 3362 3677 ita
3405 3633 3461 3678 ut
3489 3631 3743 3688 transgres-

2203 3725 2373 3769 sores,
2406 3720 2460 3764 et
2497 3711 2587 3780 qui
2621 3721 2808 3766 contra
2847 3713 3127 3766 interdicta
3177 3712 3430 3778 fecerint,
3451 3712 3739 3781 judicentur.

2203 3806 2314 3879 85.
2338 3806 2412 3861 De
2449 3808 2765 3862 continentia
2792 3810 3140 3863 sacerdotum.
3183 3809 3265 3863 Ea:
3293 3810 3514 3864 concilio
3557 3805 3740 3860 Neoca-

2755 3881 3001 3948 sariensi,
3029 3895 3144 3948 cap.
3179 3881 3232 3933 I.

2277 3967 2558 4025 LXXXIV.
2590 3970 2922 4040 (Buncuano.
2965 3970 3056 4024 lib.
3091 3987 3150 4036 η,
3175 3988 3225 4026 c.
3255 3971 3388 4036 108;
3415 3970 3604 4026 Concil.
3630 3965 3744 4020 Neo-

2204 4075 2388 4112 ra’sar.
2423 4075 2471 4113 c.
2525 4060 2636 4128 I0.)
2673 4059 2960 4131 Presbyter
3011 4061 3055 4115 si
3103 4076 3326 4116 uxorem
3375 4059 3649 4130 acceperit,
3690 4053 3744 4106 ab

2203 4149 2394 4202 ordine
2445 4150 2763 4219 deponatur.
2823 4151 2879 4204 Si
2935 4166 3064 4207 vero
3107 4150 3404 4207 fornicatus
3449 4149 3628 4206 fuerit,
3670 4150 3744 4197 aut

2204 4239 2527 4295 adulterium
2564 4243 2973 4312 perpetraverit,
3001 4243 3232 4312 amplius
3271 4244 3396 4312 pelli
3431 4245 3600 4306 debet,
3620 4246 3668 4292 et
3689 4233 3742 4288 atl

2203 4331 2573 4399 paenitentiam
2606 4333 2793 4402 redigi.
2827 4331 2999 4386 Simili
3045 4333 3204 4388 modo
3231 4333 3393 4387 etiam
3426 4332 3678 4388 diaconus,
3708 4322 3743 4376 si

2204 4422 2394 4476 eodem
2445 4432 2667 4492 peccato
2711 4425 3092 4484 succubuerit.
3153 4425 3222 4480 ab
3269 4424 3461 4479 ordine
3501 4414 3741 4477 ministerii

2128 4537 2182 4596 Β
2207 4513 2556 4570 subtrahatur

2492 4604 2568 4658 De
2588 4606 2768 4660 eadem
2799 4623 2873 4662 re.
2924 4605 3007 4662 Ex
3037 4607 3214 4662 eodem
3251 4607 3492 4664 concilio.

2275 4693 2538 4750 LXXXV.
2585 4696 2809 4767 (Concil.
2842 4697 3142 4754 Neocwsar.
3177 4715 3227 4755 c.
3254 4700 3319 4766 9;
3345 4700 3639 4756 Buncuaan.
3663 4692 3736 4746 lib.

2206 4798 2265 4850 n,
2294 4800 2344 4839 c.
2375 4786 2490 4858 49.)
2522 4787 2814 4860 Presbyter
2848 4791 2892 4845 si
2925 4802 3331 4861 praaoccupatus
3371 4789 3622 4863 corporali
3645 4799 3739 4855 pec-

2204 4889 2326 4934 cato
2357 4881 2636 4936 confessus
2663 4881 2827 4936 fuerit
2872 4883 2938 4938 de
2973 4899 3031 4938 se
3055 4885 3196 4954 quod
3221 4894 3347 4939 ante
3382 4885 3736 4940 ordinationem

2202 4976 2507 5045 deliquerit,
2538 4976 2715 5032 oblata
2742 4994 2846 5032 non
2872 4987 3178 5044 consecret,
3211 4995 3434 5035 manens
3472 4979 3522 5032 in
3555 4969 3738 5039 reliquis

2202 5065 2388 5122 oﬂiciis
2413 5076 2632 5138 pr0pter
2663 5069 2899 5124 studium
2949 5069 3170 5125 bonum.
3204 5071 3355 5139 Quod
3384 5073 3426 5126 si
3454 5071 3516 5124 de
3563 5081 3616 5122 se
3646 5064 3736 5131 ipse

2202 5170 2307 5210 non
2341 5154 2837 5224 fueritconl'essus,
2861 5167 2915 5213 et
2955 5161 3108 5230 argui
3144 5159 3426 5216 manifeste
3453 5155 3732 5228 nequiverit.

2203 5249 2450 5316 potestati
2473 5250 2556 5303 sui
2587 5250 2774 5320 judicii
2799 5251 3159 5321 relinquatur.

2202 5400 2519 5478 chrismatis,
2563 5403 2823 5478 ampullas
2867 5416 2969 5461 tres
2999 5407 3064 5461 de
3092 5407 3204 5463 oleo
3232 5407 3564 5478 mundissimo
3585 5399 3731 5478 ριεηρι

2200 5481 2441 5548 ponentes
2487 5475 2540 5548 in
2581 5477 2837 5548 sacrario,
2879 5494 3038 5530 unam
3069 5478 3138 5531 ad
3181 5478 3350 5533 oleum
3391 5495 3481 5548 pro
3524 5473 3728 5548 inﬁrm“.

2201 5539 2420 5594 alteram
2449 5543 2517 5596 ad
2557 5545 2804 5608 chrisma,
2852 5549 3059 5600 tertiam
3091 5564 3208 5602 vero
3236 5550 3305 5603 ad
3335 5539 3498 5602 oleum
3533 5539 3594 5598 ad
3618 5548 3730 5593 cate-

2200 5609 2476 5682 chumenos
2499 5620 2815 5682 ungendum.

2263 5679 2404 5762 (191.
2464 5673 2594 5765 Vide
2614 5685 2910 5766 concilium
2943 5687 3369 5768 Carthaginense
3416 5701 3466 5742 tv
3523 5698 3626 5754 cap.
3651 5673 3722 5732 56.

2269 5684 2418 5820 (I95;
2463 5753 2589 5811 Vltio
2612 5754 2773 5820 Infra,
2803 5770 2921 5820 cap.
2953 5757 3050 5814 271
3087 5757 3243 5820 hujus
3271 5759 3409 5816 libri.

2269 5750 2418 5823 (I95)
2463 5753 2589 5811 Vide
2612 5754 2773 5823 infra,
2803 5770 2921 5826 cap.
2953 5757 3050 5814 271
3087 5750 3243 5829 huius
3271 5759 3409 5816 libri.
