3944 6432
373 551 454 607 De
478 551 656 606 cadent
687 571 758 608 re.
795 552 878 607 Ea:
908 555 1193 608 canonibus
1234 553 1608 622 apostolorum.

270 639 561 698 LXXXVI.
601 642 822 714 (Conon.
855 653 1022 714 apost.
1059 661 1106 697 c.
1135 645 1235 714 25;
1265 644 1575 699 Buncusnn.
1605 643 1695 695 lib.
1723 656 1782 706 ιι,

196 755 246 792 c.
279 737 418 801 l189;
451 735 543 790 lib.
575 752 704 801 xvn,
735 751 784 790 c.
811 737 924 809 59.)
959 737 1254 808 Presbyter
1287 746 1378 790 aut
1406 737 1666 789 diaconus
1695 733 1784 804 qui

197 827 250 879 in
287 824 651 880 fornicatione
677 835 768 880 aut
795 826 1031 897 periurio
1061 835 1152 880 aut
1187 827 1330 880 furto
1363 833 1458 880 aut
1498 823 1787 878 homicidio

194 925 389 984 captus
413 925 516 982 est,
541 917 854 986 deponatur,
883 935 984 972 non
1015 929 1191 992 tamen
1218 918 1594 972 communione
1615 916 1787 986 privc-

193 1015 306 1059 tur.
341 1005 484 1061 Dicit
512 1007 655 1062 enim
683 1009 958 1080 Scriptura
984 1027 996 1062 :
1025 1008 1150 1064 Non
1169 1009 1378 1080 judicat
1403 1008 1659 1063 Dominus
1684 1007 1781 1061 bis.

912 1097 1068 1152 Item.

265 1185 579 1242 LXXXVII.
613 1187 938 1244 Sacerdotes
983 1188 1196 1243 Dorum.
1227 1195 1283 1242 et
1311 1183 1522 1241 diaconi
1553 1186 1636 1241 vel
1667 1185 1786 1256 qui-

190 1297 414 1350 cunque
458 1291 798 1337 sacramenta
837 1289 1199 1347 contrectant,
1231 1279 1503 1352 pudicitiae
1534 1279 1785 1335 custodes

187 1373 262 1427 ab
289 1373 556 1428 uxoribus
584 1389 644 1428 se
677 1371 1003 1428 abstineant.

803 1466 880 1520 De
921 1465 1101 1521 eadem
1137 1483 1214 1521 re.

261 1553 595 1610 LXXXVIII.
631 1556 963 1628 (Buncuano.
990 1556 1083 1612 lib.
1127 1571 1186 1622 ιι,
1233 1571 1281 1613 c.
1311 1556 1456 1630 118.)
1487 1554 1778 1620 Przcterea,

187 1648 339 1716 quod
362 1648 582 1718 dignum
600 1657 652 1703 et
674 1649 925 1718 pudicum
970 1655 1024 1704 et
1043 1650 1329 1704 honestum
1349 1661 1451 1716 est,
1479 1661 1662 1706 tenere
1679 1651 1784 1706 Ec-

181 1725 362 1792 clesia
385 1737 491 1809 65
513 1739 731 1793 outnino
756 1739 936 1804 debet,
966 1748 1025 1794 ut
1047 1741 1356 1796 sacerdotes
1390 1751 1443 1796 et
1462 1737 1635 1796 levita:
1657 1757 1777 1795 cum

186 1829 515 1885 mulieribus
565 1847 670 1885 non
716 1841 932 1898 coeant,
972 1830 1097 1902 quia
1153 1829 1436 1888 ministerii
1483 1831 1776 1902 quotidlani

1057 445 1146 499 DE
1184 439 1465 500 ECCLES.
1505 437 1783 496 DISCIPL.
1827 435 2006 492 LlBlll
2043 437 2198 495 DUO.
2229 471 2298 481 -ρ
2333 441 2462 498 LIB.
2497 433 2540 499 l.

3359 445 3474 510 iw

1812 553 1858 610 Α
1889 551 1954 606 de
1983 553 2122 621 turpi
2163 555 2305 610 coitu
2348 557 2583 612 sobolem
2609 559 2890 618 didicimus
2917 580 3248 636 procreasse,
3271 579 3328 626 et
3359 573 3464 628 cri-

1891 659 2012 698 men
2043 661 2197 700 suum
2225 647 2326 703 hac
2351 651 2752 721 praescriptione
2773 655 3078 726 defendere,
3121 661 3244 731 quia
3276 663 3326 717 in
3364 663 3471 720 Ve-

1890 735 1988 788 teri
2026 734 2370 794 Testamento
2399 744 2768 800 sacerdotibus
2798 761 2861 802 ac
2888 748 3148 805 ministris
3175 755 3466 821 generandi

1889 822 2115 881 facultas
2163 826 2355 897 legitur
2399 833 2673 888 attributa.
2703 835 2853 891 Dicat
2881 839 3011 893 mihi
3045 857 3187 896 nunc
3223 844 3468 913 quisquis

1888 914 1975 970 ille
1999 924 2081 971 est
2109 927 2344 975 sectator
2367 921 2646 978 libidinum
2673 938 3074 1000 praeceptorque
3116 933 3388 1002 vitiorum,
3420 935 3468 993 si

1886 1005 2117 1061 testimat
2156 1009 2280 1078 quia
2316 1009 2370 1064 in
2403 1010 2520 1084 lege
2551 1013 2714 1085 Moysi
2746 1019 2944 1086 passim
2992 1022 3160 1079 sacris
3189 1025 3468 1083 ordinibus

1887 1109 1916 1150 a
1947 1095 2170 1154 Domino
2209 1109 2394 1158 nostro
2419 1103 2595 1159 laxata
2629 1115 2754 1162 sunt
2789 1107 2940 1164 frena
2971 1111 3214 1181 luxuriae,
3250 1131 3348 1172 cur
3373 1133 3468 1174 eos

1887 1187 2080 1256 quibus
2101 1191 2578 1248 committebantur
2603 1194 2797 1251 Sancta
2835 1208 3142 1256 sanctorum
3173 1215 3468 1274 praemonet

1885 1275 2070 1335 dicens
2086 1319 2100 1334 .
2127 1279 2306 1336 Sancti
2331 1294 2509 1351 estote,
2526 1287 2649 1357 quia
2669 1297 2716 1342 et
2737 1305 2828 1360 ego
2844 1301 3054 1347 sanctus
3075 1309 3190 1347 sum
3210 1294 3469 1351 Dominus

1886 1369 2024 1424 Deus
2055 1381 2234 1427 vester.
2279 1373 2388 1428 Cur
2420 1377 2580 1431 etiam
2632 1381 2817 1449 procul
2847 1396 2875 1435 a
2904 1383 3016 1438 suis
3053 1384 3299 1441 domibus
3325 1401 3468 1443 anno

1885 1461 2020 1516 vicis
2061 1479 2170 1518 suae
2216 1465 2460 1522 habitare
2502 1469 2553 1522 in
2589 1471 2783 1540 templo
2805 1470 2942 1540 jussi
2984 1475 3090 1530 sint
3126 1465 3481 1535 sacerdotes?

1885 1551 1996 1607 lIac
2023 1553 2268 1610 videlicet
2319 1558 2542 1624 ratione,
2579 1576 2649 1615 ne
2675 1562 2756 1616 vel
2796 1580 2916 1619 cum
2949 1567 3207 1623 uxoribus
3248 1579 3476 1639 possent:

1883 1645 2100 1701 earuale
2135 1661 2390 1703 exercere
2419 1654 2824 1719 commercium,
2853 1665 2911 1709 ut
2940 1659 3283 1714 conscientia:
3325 1662 3468 1717 inte-

1883 1735 2076 1806 grilate
2117 1737 2382 1808 fulgentes
2425 1743 2753 1812 acccptabile
2799 1745 2908 1800 Deo
2951 1763 3146 1803 munus
3175 1748 3464 1818 oﬂ'errent;

1883 1829 2076 1897 quibus
2096 1831 2308 1900 expleto
2335 1832 2710 1891 descrvitionis
2735 1852 2845 1892 sure
2867 1846 3106 1910 tempore
3134 1843 3318 1897 uxoris
3336 1857 3470 1900 usus

185 1913 611 1974 necessitatibus
649 1929 1002 1990 occupantur,
1045 1927 1099 1975 et
1141 1922 1400 1991 scriptum
1448 1931 1532 1978 est
1558 1941 1570 1976 :
1597 1921 1779 1978 Sancti
1809 1915 1856 1974 Β
1887 1917 2054 1973 solius
2080 1922 2435 1976 successionis
2464 1939 2624 1980 causa
2655 1924 2830 1982 fuerat
2871 1917 3169 1998 relaxatus;
3204 1932 3328 2002 quia
3359 1947 3465 1987 non

181 2019 399 2074 estote,
455 2009 702 2080 quoniam
740 2025 831 2066 eao
879 2020 1090 2066 sanctus
1160 2029 1275 2067 sum
1322 2011 1579 2068 Dominus
1639 2013 1777 2070 Deus

183 2110 296 2154 1³881
303 2117 382 2154 er.

791 2191 870 2246 De
895 2193 1073 2247 eadem
1107 2209 1179 2249 re.

257 2281 552 2336 LXXXIX.
581 2283 910 2354 (Buncnsnn.
939 2283 1033 2338 lib.
1067 2299 1128 2349 ιι,
1171 2299 1220 2340 c.
1255 2285 1401 2358 117.)
1445 2285 1521 2342 De
1557 2289 1781 2360 orcsby.

179 2373 324 2426 teris
370 2380 419 2427 et
483 2373 801 2429 diaconibus
858 2373 1162 2428 divinarum
1228 2375 1405 2447 legum
1461 2386 1547 2433 est
1618 2379 1780 2434 disci-

181 2463 357 2534 plina,
397 2469 466 2519 ut‘
483 2465 878 2520 incontinentes
911 2465 962 2520 in
991 2464 1178 2522 ofﬁciis
1222 2466 1416 2524 talibus
1445 2469 1602 2538 positi
1631 2469 1777 2525 omni

181 2555 397 2609 honore
439 2553 805 2611 ecclesiastico
833 2555 1135 2624 priventur,
1184 2571 1284 2612 nec
1314 2559 1671 2614 admittautur
1709 2558 1775 2614 ad

183 2643 300 2697 tale
341 2645 720 2712 ministerium,
753 2645 898 2715 quod
926 2643 1040 2700 sola
1071 2646 1407 2702 continentia
1444 2657 1656 2720 oportet
1687 2650 1778 2706 im-

180 2733 346 2802 pleri.

905 2829 1059 2886 Item.

257 2915 372 2971 XC.
413 2915 632 2988 (Concil.
665 2919 810 2984 Nic.,
839 2935 888 2976 c.
913 2923 980 2987 5;
1007 2921 1312 2979 Buncmao.
1347 2923 1439 2978 lib.
1467 2939 1524 2984 ιι,
1554 2939 1601 2978 c.
1630 2922 1773 2996 I09.)

179 2997 470 3060 Interdixit
515 3022 610 3078 per
645 3009 826 3064 omnia
869 3025 1061 3081 magna
1092 3013 1326 3082 synodus
1358 3029 1465 3068 non
1499 3013 1772 3083 episcopo,

180 3115 292 3154 non
347 3100 694 3172 presbytero,
747 3117 854 3156 non
916 3102 1161 3170 diacono,
1211 3103 1294 3159 vel
1353 3103 1512 3158 alicui
1555 3105 1774 3160 omnino

177 3190 274 3257 qui
319 3189 372 3242 in
401 3188 546 3244 clero
575 3199 677 3256 est,
717 3190 879 3246 licere
920 3193 1384 3248 subintroductam
1413 3194 1612 3249 habere
1651 3211 1768 3248 mu-

1891 2025 1958 2064 ex
1987 2011 2088 2065 alia
2112 2012 2213 2066 nisi
2245 2029 2310 2068 ex
2338 2015 2447 2085 67
2469 2017 2607 2071 tribu
2641 2018 2762 2074 Levi
2789 2021 3074 2092 quisquam
3099 2023 3164 2079 ad
3192 2025 3286 2080 Dei
3309 2025 3466 2080 mitti-

1882 2102 2106 2156 sterium
2133 2101 2310 2159 fuerat
2339 2117 2636 2177 praeceptus
2668 2111 2898 2167 admitti.

2329 2196 2404 2250 De
2429 2199 2609 2252 eadem
2641 2216 2713 2254 re.
2743 2201 2918 2272 Capit.
2943 2203 3032 2260 92.

1950 2285 2134 2341 XCIV.
2181 2289 2314 2357 (Lib.
2347 2289 2680 2361 tCapitular.
2707 2311 2756 2349 c.
2781 2295 2878 2363 98;
2919 2297 3228 2354 Buncmnn.
3259 2299 3352 2354 lib.
3393 2299 3464 2366 u',

1883 2391 1930 2430 c.
1961 2377 2039 2449 ὅ.)
2085 2377 2358 2434 Statutum
2389 2391 2470 2436 est
2511 2383 2578 2436 ab
2621 2385 2888 2457 episcopis
2917 2387 2983 2443 de
3023 2391 3375 2460 presbyteris,
3409 2402 3471 2446 ut

1880 2469 1970 2538 qui
2013 2469 2240 2525 feminas
2281 2487 2463 2527 secum
2501 2474 2789 2532 indiscrete
2829 2479 3076 2534 habitare
3121 2481 3466 2552 permittunt,

1880 2571 1934 2616 et
1973 2571 2196 2634 propter
2237 2565 2339 2620 hoc
2367 2559 2528 2622 malce'
2547 2567 2816 2638 opinionis
2860 2573 3166 2642 suspicione
3195 2573 3466 2630 denotan-

1881 2665 1986 2722 tur,
2033 2657 2076 2711 si
2110 2657 2361 2730 deinceps
2391 2659 2650 2715 admoniti
2691 2677 2797 2716 non
2838 2679 2897 2718 se
2931 2665 3287 2733 correxerint,
3317 2667 3468 2722 velut

1811 2801 1816 2806 ,
1877 2757 2279 2819 contemptores
2332 2766 2612 2805 sacrorum
2665 2767 2932 2810 canonum
2986 2757 3244 2812 canonica
3315 2757 3467 2812 inve-

1877 2839 2059 2895 ctione
2092 2839 2354 2896 feriantur
2379 2843 2552 2914 (I96).

1947 2929 2025 2983 De
2051 2932 2232 2985 eadem
2265 2949 2335 2987 re.
2369 2931 2454 2988 Ea:
2481 2933 2701 2988 concilio
2725 2934 3121 3003 Wormatiensi,
3152 2953 3268 3010 cap.
3295 2939 3386 2994 58.

1947 3018 2106 3076 XCV.
2141 3021 2366 3093 (Concil.
2391 3021 2650 3078 Wormat.
2687 3041 2734 3080 c.
2765 3026 2843 3086 9.)
2877 3025 3083 3082 Placuit
3111 3037 3170 3082 ut
3200 3029 3459 3100 episcopi,

1874 3115 2194 3185 presbyteri,
2227 3116 2462 3183 diaconi,
2496 3119 2808 3174 subdiaconi
2856 3122 3162 3176 abstineant
3199 3137 3228 3176 a
3276 3123 3462 3193 conju-

1877 3206 2050 3274 gibus,
2077 3215 2134 3260 ut
2171 3223 2274 3262 non
2305 3219 2562 3280 generem
2593 3209 2746 3265 ﬁlios.
2777 3211 2929 3278 Quod
2961 3213 3005 3267 si
3049 3214 3150 3269 hoc
3181 3213 3474 3269 decretum-

179 3281 396 3342 Iierem,
433 3281 534 3336 nisi
565 3281 702 3337 forte
731 3291 958 3338 matrem
996 3294 1089 3338 aut
1117 3299 1358 3340 sororem
1397 3295 1490 3341 aut
1521 3288 1765 3351 amitam,
1798 3265 1844 3331 ο
1879 3295 2212 3364 violaverim,
2239 3299 2306 3351 ab
2336 3298 2539 3354 honore
2573 3299 2858 3356 clericatus
2887 3302 3175 3372 pellantur.

175 3372 267 3426 vel
293 3387 388 3426 eas
409 3379 610 3426 tantum
638 3387 896 3442 personas
918 3389 1037 3443 qua:
1061 3375 1420 3443 suspicionem
1454 3375 1767 3445 sumigiunt.

289 3459 370 3513 De
392 3461 574 3514 eadem
600 3478 673 3514 re.
705 3461 792 3515 Ea:
816 3461 1047 3518 Decz'etis
1075 3463 1254 3518 Siricii
1273 3481 1443 3534 papaa,
1468 3466 1548 3518 tit.
1575 3465 1662 3518 l2.

249 3547 388 3604 XCI.
443 3547 684 3618 (Decreta
715 3548 891 3604 Siricii
923 3567 972 3606 c.
1021 3551 1116 3617 l2;
1155 3551 1466 3608 Buncusno.
1497 3553 1589 3608 lib.
1623 3569 1684 3616 ιι,
1718 3568 1766 3608 c.

179 3638 332 3707 110.)
363 3637 616 3694 Feu'tinas
661 3655 789 3695 vero
825 3655 929 3694 non
963 3640 1094 3694 alias
1128 3657 1248 3696 esse
1293 3643 1531 3712 patimur
1580 3643 1630 3696 in
1676 3643 1772 3696 do-

177 3729 360 3782 mibus
391 3728 709 3784 clericorum
742 3731 842 3784 nisi
873 3745 967 3785 eas
1013 3739 1218 3785 tantum
1249 3747 1384 3801 quas
1413 3733 1629 3802 proprie
1655 3733 1766 3787 sola

177 3819 593 3874 necessitudinis
636 3836 798 3877 causa
845 3821 1088 3878 habitare
1125 3837 1246 3878 cum
1296 3823 1484 3878 iisdem
1530 3823 1768 3893 synodus

175 3909 398 3964 Eietena
428 3911 691 3978 permisit.

246 3999 328 4052 De
351 4001 532 4053 eadem
556 4017 629 4054 re.
664 3999 750 4054 Ea:
785 4001 1003 4055 concilio
1033 3999 1436 4073 Carthaginensi
1467 4019 1578 4072 cap.
1599 4002 1690 4056 25.

245 4085 408 4142 XCII.
457 4087 638 4158 (Cone.
667 4089 918 4161 Carthag.
943 4107 1017 4154 vr,
1043 4107 1092 4146 e.
1120 4091 1236 4162 25.)
1267 4093 1588 4148 Aurelianus
1634 4093 1764 4165 [Au-

171 4175 364 4247 relius]
395 4177 678 4248 episcOpus
699 4179 834 4234 dixit
861 4197 874 4233 :
901 4181 1186 4244 Addimus,
1213 4182 1404 4239 fratres
1432 4184 1760 4250 cbarissimi,

171 4276 461 4336 praeterea,
488 4283 610 4322 cum
643 4269 708 4324 de
739 4270 1092 4338 quorumdam
1139 4272 1480 4340 clericorum,
1514 4277 1761 4345 quamvis

171 4355 468 4420 lectorum,
513 4357 624 4428 66
663 4373 790 4430 erga
835 4375 1032 4415 uxores
1077 4363 1324 4431 proprias
1372 4364 1757 4424 incontinentia

171 4443 493 4512 referretur,
528 4446 748 4516 placuit,
781 4451 923 4519 quod
953 4459 1008 4504 et
1047 4451 1275 4508 diversis
1302 4443 1548 4510 conciliis.
1575 4455 1758 4511 firma-
1817 4489 1824 4496 -

174 4549 288 4595 tum
313 4551 420 4607 est,
448 4551 508 4598 ut
540 4543 878 4609 subdiaconi,
919 4545 1009 4614 qui
1040 4561 1197 4602 sacra
1241 4549 1494 4620 mysteria
1540 4559 1756 4606 contre-

167 4639 344 4694 ctant,
375 4639 430 4686 et
472 4632 698 4696 diaconi,
739 4643 794 4688 et
820 4609 1144 4707 presbyteri,
1179 4652 1272 4693 seu
1296 4609 1466 4693 etiam
1495 4643 1755 4714 episcopi,
1787 4609 1836 4667 υ

169 4722 465 4778 secundum
492 4725 708 4794 prOpria
736 4734 934 4780 statuta
962 4726 1030 4781 ab
1055 4727 1314 4784 uxoribus
1340 4745 1397 4785 se
1423 4731 1753 4798 abstineant,

167 4823 228 4867 ut
257 4823 511 4883 tanquam
543 4831 648 4870 non
679 4817 938 4872 habentes
965 4817 1250 4872 videantur
1280 4836 1398 4876 esse
1423 4841 1435 4876 :
1477 4825 1618 4892 quod
1651 4827 1754 4882 nisi

165 4901 426 4970 fecerint,
467 4903 535 4958 ab
571 4903 936 4960 ecclesiastico
973 4917 1352 4962 removeantur
1391 4909 1594 4976 oIIicio;
1645 4928 1748 4968 cae-

165 5004 316 5051 teros
353 5005 535 5052 autem
563 4995 790 5053 clericos
819 4997 886 5051 ad
919 4997 1020 5052 hoc
1045 5011 1148 5052 non
1177 4999 1298 5070 cogi
1325 5000 1424 5056 nisi
1455 5003 1750 5058 maturiore

161 5095 344 5140 331318.

175 5159 180 5164 ’
273 5175 352 5228 De
376 5176 556 5230 eadem
585 5192 658 5230 re.
689 5175 772 5231 Ea:
795 5176 1024 5232 Decretis
1053 5175 1232 5234 Siricii
1257 5197 1429 5251 papte,
1447 5199 1564 5251 cap.
1596 5182 1647 5236 7.

169 5247 174 5254 ’
233 5263 414 5320 xcm.
441 5265 680 5335 (Decreta
706 5265 972 5333 Siricii,c.
993 5247 1367 5340 7.)'Plurimos
1389 5247 1531 5328 enim
1565 5289 1748 5330 sacer-

159 5353 316 5409 dotes
340 5353 542 5410 Christi
575 5363 734 5425 atque
771 5356 961 5412 levitas
985 5367 1106 5427 post
1137 5360 1290 5430 longa
1319 5365 1745 5422 consecrationis

157 5458 274 5500 sua:
299 5452 542 5516 tempora
575 5454 681 5501 tam
717 5447 783 5503 de
808 5448 1070 5519 coniugiis
1096 5453 1329 5522 propriis
1367 5469 1526 5525 quam
1577 5455 1738 5510 etiam

231 5619 380 5700 (I96)
407 5621 574 5679 Recte
607 5625 709 5679 hoc
739 5625 1026 5700 capitulum
1063 5627 1244 5700 [aitdat
1273 5629 1498 5700 Regina,
1527 5633 1572 5687 si
1606 5635 1742 5689 ratio

153 5689 424 5768 habeatur
465 5703 706 5768 veterum
753 5689 1044 5768 codicum.~
1070 5698 1280 5754 Etenim
1341 5689 1500 5768 ἕειρυὶ
1557 5704 1738 5768 istud,

153 5759 300 5838 quod
332 5761 746 5838 iu_et_l_itiouibus
772 5773 865 5838 est;
883 5765 951 5838 98
985 5767 1105 5838 libri
1139 5770 1317 5838 primi,
1349 5759 1419 5826 92
1445 5781 1528 5826 est
1570 5775 1623 5830 in
1652 5759 1741 5828 eo;

152 5830 368 5889 dicibus
390 5831 698 5892 Colbcrtiuo
721 5844 776 5892 et
805 5830 1172 5906 Rit‘ipullensi,
1203 5841 1288 5896 ubi
1320 5841 1370 5898 iu
1404 5843 1540 5900 libro
1567 5845 1740 5916 primo

2071 3389 2151 3444 De
2174 3391 2352 3446 eadem
2384 3408 2456 3444 re.
2489 3390 2572 3444 Ea:
2600 3391 2830 3448 Decretis
2859 3413 3008 3464 papa:
3034 3381 3242 3450 Leonis.

1944 3477 2126 3533 XCVI.
2163 3479 2402 3548 (Decreta
2437 3479 2624 3536 Leonis
2655 3482 2705 3548 l,
2735 3499 2784 3538 c.
2813 3485 2908 3550 l7;
2937 3485 3246 3542 Buncusno.
3276 3485 3367 3540 lib.
3394 3495 3455 3551 tt;

1870 3585 1918 3624 c.
1949 3569 2094 3638 114.)
2135 3569 2243 3624 Lex
2272 3571 2615 3628 continentiae
2644 3573 2830 3627 eadem
2863 3583 2943 3628 est
2975 3575 3160 3630 altaris
3193 3575 3458 3629 ministris

1871 3674 1992 3727 quae
2035 3659 2302 3727 episcopis
2351 3668 2512 3730 atque
2559 3663 2918 3732 presbyteris;
2971 3665 3062 3732 qui
3108 3679 3228 3718 eum
3273 3653 3456 3719 essent

1870 3744 1992 3799 laici
2025 3746 2138 3802 sive
2183 3746 2433 3812 lectores,
2485 3748 2632 3804 licite
2672 3759 2727 3804 et
2756 3765 2952 3807 uxores
2999 3755 3197 3808 dueere
3225 3763 3280 3808 et
3315 3754 3455 3808 ﬁlios

1867 3852 2157 3905 procreare
2188 3847 2507 3908 potuerunt;
2553 3839 2646 3895 sed
2683 3857 2804 3896 cum
2835 3843 2900 3897 ad
2939 3844 3222 3914 prmdi'ctos
3267 3859 3456 3914 perve-

1867 3935 2064 3982 nerunt
2109 3929 2338 3998 gradus,
2389 3930 2551 3998 coepit
2599 3931 2679 3984 eis
2729 3947 2835 3986 non
2880 3933 3040 3990 licere
3089 3937 3231 4004 quod
3279 3935 3452 3990 licuit".

1868 4017 2020 4072 Unde
2067 4029 2126 4074 ut
2180 4019 2246 4076 de
2288 4023 2488 4076 carnali
2533 4023 2646 4094 68
2691 4025 2784 4079 fiat
2833 4027 3072 4096 spiritale
3119 4011 3462 4100 conjugium,

1865 4115 2078 4175 oportet
2110 4123 2202 4163 eos
2234 4125 2331 4164 nec
2361 4110 2636 4167 dimittere
2669 4101 2880 4176 uxores,
2929 4125 2983 4170 et
3009 4117 3164 4185 quasi
3205 4133 3314 4170 non
3353 4118 3452 4170 ba.-

1861 4196 2024 4251 beant
2053 4197 2129 4252 sic
2165 4199 2384 4263 habere,
2415 4215 2522 4270 quo
2548 4209 2601 4256 et
2629 4203 2772 4256 salva
2803 4205 2870 4258 sit
2898 4203 3133 4260 charitas
3163 4205 3452 4260 connubio-

1861 4301 1979 4340 rum
2011 4295 2064 4340 ct
2093 4298 2268 4343 cesset
2292 4291 2533 4359 operatio
2560 4293 2890 4361 nuptiarum.

1867 4373 1872 4378 ’
1969 4375 2046 4430 De
2075 4379 2254 4432 eadem
2291 4395 2363 4433 re.
2395 4379 2480 4434 Ea:
2509 4381 2668 4435 dictis
2699 4385 2868 4437 sancti
2899 4383 3139 4455 Gregorii
3165 4403 3336 4456 paper.

1932 4465 2132 4523 XCVII.
2176 4467 2277 4536 Qui
2321 4485 2516 4539 corpus
2545 4487 2700 4528 suum
2742 4475 2976 4529 castitati
3018 4475 3300 4543 dedicant,
3345 4477 3447 4533 ha-

1863 4557 2037 4612 bitare
2065 4572 2246 4614 secum
2271 4557 2500 4616 feminas
2524 4577 2629 4616 non
2658 4565 2969 4633 permittant

2327 4651 2462 4706 Item
2489 4656 2658 4708 sancti
2685 4641 2965 4725 Augustini
3291 4715 3294 4718 .

1933 4739 2157 4796 XCVIII.
2221 4741 2343 4797 ldco
2401 4744 2526 4800 nolo
2579 4754 2636 4800 ut
2696 4763 2849 4802 soror
2911 4765 3028 4804 mea
3083 4767 3288 4807 mecum
3337 4755 3442 4822 sit,

1859 4831 1982 4902 quia
2021 4848 2139 4903 qua:
2171 4849 2290 4887 cum
2339 4850 2524 4890 SOI‘OI‘C
2570 4852 2690 4892 utea
2733 4847 2878 4906 811111,
2919 4855 3136 4898 SOI'OI‘CS
3173 4859 3306 4899 mete
3337 4861 3442 4900 11011

1855 4933 1997 4981 sunt.
2109 4981 2112 4984 .

1865 5007 1874 5012 ’
1959 5015 2036 5070 De
2057 5018 2237 5071 eadem
2261 5035 2334 5072 re.
2361 5019 2446 5073 Ea:
2469 5021 2690 5076 concilio
2715 5019 3110 5090 Wormattensi,
3135 5043 3248 5092 cap.
3274 5027 3326 5082 9.

1925 5103 2108 5158 XCIX.
2140 5105 2362 5174 (Concil.
2389 5107 2650 5163 Wormat.
2687 5126 2736 5165 c.
2784 5111 2862 5183 2.)
2910 5111 3228 5169 Sacerdotes
3275 5114 3442 5188 igitur

1856 5192 1899 5246 si
1948 5193 1999 5246 in
2045 5194 2420 5252 fornicationis
2454 5197 2705 5269 laqueum
2749 5203 3079 5268 ceciderint,
3123 5213 3176 5258 et
3225 5206 3432 5262 crimen

1854 5281 2294 5342 manifestissime
2324 5297 2599 5345 ostensum
2631 5291 2812 5348 fuerit.
2841 5295 3101 5350 hactenus
3143 5297 3434 5356 sacerdotii

1853 5389 1956 5427 non
2001 5383 2224 5431 possunt
2271 5377 2470 5434 habere
2501 5381 2780 5450 honorem,
2825 5383 3114 5440 secundum
3158 5387 3432 5442 canonica;

1853 5453 2210 5521 Institutioois
2235 5469 2634 5525 auctoritatem.

1845 5639 2040 5716 desunt
2062 5657 2167 5716 sex
2196 5645 2371 5716 capita
2399 5661 2518 5715 quae
2544 5655 2760 5702 exstant
2787 5647 2840 5702 in
2877 5649 3219 5707 editionibus.
3251 5653 3306 5708 In
3337 5669 3425 5708 ve-

1847 5713 1946 5791 teri
1975 5714 2166 5795 codice
2208 5713 2310 5795 me.
2342 5713 2694 5795 bibliotheca
2740 5717 2941 5786 Regiae,
2965 5737 3047 5795 ex
3079 5739 3186 5794 quo
3225 5723 3434 5795 prodiit

1847 5784 2034 5852 prima’
2045 5785 2206 5841 editio
2231 5784 2570 5853 Parisiensis,
2601 5797 2682 5844 est
2710 5784 2934 5853 numero
2959 5791 3046 5849 91.
