3884 5658
479 401 580 461 9ἷ1

1598 398 1966 456 RECINONIS
2000 397 2422 458 PRUMIENSIS
2458 401 2682 458 ABBAT
2685 401 2749 458 IS

3639 393 3748 448 1!!

482 515 614 581 Quae
658 511 898 568 mulieres
945 513 998 566 in
1044 510 1281 584 dantibus
1327 508 1554 584 habitent
1603 511 1931 566 clericorum.
1979 510 2060 565 Ex
2088 512 2135 573 Α
2164 523 2392 581 quenter
2433 523 2798 584 perpetratum
2846 514 3132 584 reperitur,
3178 521 3269 567 aut
3323 512 3490 566 etiam
3546 511 3605 565 in
3659 526 3747 582 pe-

997 580 1214 634 concilio
1247 582 1549 650 Aguthensi.

548 698 610 752 C.
647 694 828 766 (Cone.
859 694 1010 764 Agat.
1050 709 1100 748 c.
1142 694 1240 757 l0;
1275 695 1578 748 lluncnsnn.
1611 693 1701 747 lib.
1732 709 1788 752 ιι.
1822 708 1874 749 c.
1909 693 2058 765 112.)

477 788 532 842 l.l
570 788 730 843 etiam
762 785 828 839 ad
863 785 1268 840 custodiendam
1315 786 1482 838 vitam
1512 794 1566 838 et
1608 783 1803 838 fatuam
1839 784 2056 853 speciali

476 879 813 933 ordinatione
863 876 1223 946 praecipimus,
1271 882 1328 928 ut
1374 875 1554 930 nullus
1599 874 1918 929 clericorum
1965 889 2060 928 ex-

477 979 678 1024 traneae
715 969 784 1023 sil.
831 968 1038 1022 mulieri
1090 967 1332 1036 qualibet
1374 965 1739 1021 consolatione
1766 974 1859 1020 aut
1904 963 2060 1018 fami-

475 1062 711 1118 liaritate
760 1061 1100 1130 coniunctus.
1149 1061 1216 1114 Et
1261 1075 1366 1115 non
1399 1059 1570 1114 solum
1614 1059 1667 1114 in
1714 1059 1872 1114 domo
1918 1058 2062 1114 illius

474 1161 730 1206 extranea
760 1150 954 1205 mulier
984 1165 1086 1204 non
1115 1150 1362 1212 accedat,
1404 1149 1497 1204 sed
1535 1164 1632 1203 nec
1660 1149 1772 1219 ipse
1811 1147 2060 1218 frequen-

476 1244 623 1297 tandi
666 1243 731 1297 ad
786 1252 1100 1297 extraneum
1145 1241 1422 1296 mulierem
1462 1241 1659 1295 habeat
1701 1247 2055 1309 potestatem;

474 1335 569 1390 sed
610 1350 732 1389 cum
764 1344 938 1388 matre
980 1340 1184 1387 tantum
1227 1340 1283 1386 et
1321 1345 1526 1396 sorore,
1561 1329 1668 1384 ﬁlia
1705 1337 1759 1384 et
1805 1338 1980 1400 nepte,
2014 1329 2059 1383 si

477 1423 758 1488 habuerit,
795 1421 1002 1476 vivendi
1043 1420 1268 1475 liberam
1315 1418 1511 1475 habeat
1558 1427 1910 1489 potestatem;
1950 1417 2063 1489 69

475 1512 542 1566 de
573 1513 767 1582 quibus
805 1511 1111 1567 nominibus
1151 1508 1303 1565 nefas
1349 1519 1436 1564 est
1481 1509 1623 1565 aliud
1659 1523 1820 1580 quam
1868 1517 2061 1563 natura

475 1604 756 1659 constituit
781 1601 1063 1674 suspicari.

479 1707 563 1764 Ne
608 1705 814 1764 anei/lie
851 1708 927 1764 vel
974 1710 1172 1764 libertae
1212 1708 1482 1762 cellarium
1515 1716 1722 1762 teneant
1754 1705 2059 1761 clericorum

545 1781 622 1834 vel
657 1781 1000 1852 ministerium
1050 1789 1302 1834 secretum
1350 1779 1668 1849 impendant.
1708 1775 1794 1830 Ea:
1839 1776 2093 1852 concilio.

542 1855 582 1902 Α
591 1850 847 1919 gathensi.

479 2020 482 2024 .
544 1964 628 2020 Cl.
663 1963 847 2034 (Cone.
875 1965 1025 2036 Agat.
1057 1980 1107 2021 c.
1140 1965 1238 2029 ll;
1268 1963 1577 2020 Buncuano.
1607 1962 1698 2018 lib.
1731 1978 1768 2019 ιι
1789 2003 1804 2026 ,
1833 1979 1882 2018 c.
1911 1961 2058 2034 113.)

474 2056 715 2111 Ancillas
759 2057 844 2112 vel
892 2057 1116 2112 libertas
1165 2072 1195 2111 a
1220 2056 1439 2111 cellario
1469 2055 1555 2111 vel
1599 2071 1627 2109 a
1659 2064 1870 2110 secreto
1900 2054 2062 2108 mini-

477 2147 643 2201 sterio
670 2156 725 2200 et
750 2149 824 2201 ab
852 2149 1042 2202 eadem
1089 2148 1369 2202 mansione
1402 2147 1454 2201 in
1487 2162 1591 2216 qua
1619 2146 1850 2201 clericus
1879 2154 2063 2200 manet

477 2237 684 2305 placuit
720 2239 1004 2292 removeri.

476 2352 556 2406 De
589 2353 949 2423 familiaritate
993 2367 1364 2410 extranearnm
1394 2354 1690 2408 mulierum.
1720 2352 1806 2408 Ea:
1843 2351 2061 2407 concilio

1116 2425 1420 2479 Aureliano.

546 2514 651 2570 Cll.
689 2514 916 2588 (Concil.
950 2517 1223 2573 Aurelian.
1252 2535 1348 2583 ιιι,
1389 2534 1439 2575 c.
1483 2518 1562 2590 4.)
1611 2518 1844 2590 Ideoque
1873 2525 2061 2574 statut-

477 2624 597 2663 mus
622 2617 773 2664 utne
800 2609 922 2678 quis
947 2609 1246 2678 antistitum
1289 2618 1384 2664 aut
1424 2609 1742 2664 clericorum
1790 2606 2060 2663 licentiam

477 2698 674 2752 habeat
704 2698 845 2752 intra
872 2699 1088 2753 domum
1118 2715 1272 2755 suam
1304 2698 1485 2764 ullam,
1513 2697 1715 2768 absque
1745 2697 2062 2768 propinquis

479 2789 798 2846 mulieribus
846 2805 983 2859 quas
1029 2791 1239 2860 priores
1285 2805 1522 2846 canones
1567 2789 1916 2860 eloquuntur,
1961 2788 2061 2843 ha-

481 2880 607 2934 bere
635 2895 941 2949 personam.
971 2880 1048 2935 De
1077 2881 1273 2951 quibus
1300 2881 1465 2935 etiam
1500 2879 1553 2935 id
1585 2879 1895 2950 specialiter
1924 2878 2060 2933 inhi-

481 2971 662 3034 betur,
702 2979 762 3024 ut
800 2971 845 3025 si
875 2971 998 3040 quis
1025 2970 1346 3026 clericorum
1377 2970 1736 3040 suspicionem
1783 2969 2061 3024 adversam

482 3070 578 3115 aut
616 3061 1012 3117 oblocutionem
1061 3062 1240 3134 pepuli
1269 3063 1338 3117 ob
1363 3062 1641 3118 mulierem
1688 3073 2064 3132 quamcunque

483 3153 796 3216 incurrerit,
825 3167 942 3207 eam
974 3153 1176 3216 statim,
1207 3152 1252 3220 si
1279 3153 1418 3207 intra
1449 3153 1664 3208 domum
1693 3168 1845 3208 suam
1879 3152 2059 3214 habet,

2161 605 2400 676 disequis
2424 607 2682 674 illarum),
2705 607 2909 662 scilicet
2932 615 3178 668 matrem,
3206 604 3452 662 amitam.
3474 617 3744 658 sororem.

2162 693 2266 750 Sed
2309 695 2352 750 si
2380 695 2500 765 quis
2530 696 2596 750 de
2625 695 2708 750 his
2755 695 3005 751 habuerit
3047 695 3209 750 talem
3241 694 3632 749 necessitatem
3660 707 3749 763 pa-

2161 785 2383 838 tientem
2413 785 2498 839 eui
2529 785 2599 840 sit
2627 785 2922 840 necessitas
2950 785 3269 841 sustentatio
3294 782 3629 854 presbyteri,
3660 782 3750 838 Ita-

2160 871 2285 927 beat
2331 871 2384 926 in
2429 873 2550 928 vico
2593 882 2684 927 aut
2717 872 2770 926 in
2810 872 2934 927 villa
2966 873 3182 927 domum
3208 871 3361 943 longe
3385 888 3416 926 a
3439 872 3750 942 presbyteri

2161 962 2590 1027 conversatione,
2615 973 2670 1018 et
2699 963 2769 1018 ibi
2793 963 2871 1018 eis
2895 963 3268 1019 subministret
3288 979 3409 1034 quae
3430 964 3749 1018 necessaria

2162 1061 2306 1108 sunt.
2335 1053 2439 1109 Sed
2469 1056 2650 1111 ethoc
2682 1055 2974 1111 secundum
3017 1056 3390 1112 auctoritatem
3425 1055 3751 1110 canonicam

2164 1144 2335 1200 modis
2359 1145 2610 1201 omnibus
2634 1147 3050 1216 prohibendum,
3079 1157 3140 1203 ut
3169 1147 3311 1202 nulla
3333 1145 3548 1204 .l'emina
3577 1150 3652 1201 ad
3685 1134 3773 1201 al-l

2163 1244 2278 1292 tare
2323 1245 2613 1309 prresumat
2651 1237 2908 1294 accedere
2951 1247 3044 1294 aut
3070 1239 3385 1311 presbytero
3433 1238 3754 1294 ministrare

2164 1337 2257 1383 aut
2288 1329 2427 1385 inl‘ra
2471 1331 2738 1386 cancellos
2767 1340 2910 1387 stare
2945 1340 3037 1385 aut
3063 1333 3267 1386 sedere.

2234 1421 2312 1476 De
2342 1423 2617 1478 visitandis
2649 1441 2680 1478 a
2709 1425 3005 1495 presbytero
3037 1423 3278 1493 inﬁrmis.
3317 1421 3466 1478 Unde
3490 1441 3685 1492 supra.

2233 1510 2341 1566 CV.
2369 1512 2588 1584 (Concil.
2641 1514 2873 1568 Nannet.
2909 1530 2957 1569 c.
3007 1513 3072 1581 4;
3125 1511 3432 1569 Buncusun.
3479 1512 3576 1566 lib.
3621 1529 3753 1566 xrm

2161 1601 2216 1655 in
2247 1601 2606 1674 Argumenta.)
2637 1604 2772 1659 Cum
2805 1605 3060 1660 sacerdos
3096 1603 3328 1659 audierit
3376 1603 3617 1673 aliquem
3648 1603 3753 1672 71

2163 1693 2418 1749 inﬁrmari
2473 1695 2527 1749 in
2582 1710 2678 1749 sua
2718 1695 2890 1765 plebe,
2955 1711 3116 1766 quam
3135 1695 3297 1750 citius
3340 1696 3406 1749 ad
3455 1709 3583 1750 eum
3633 1709 3758 1763 per-

2161 1791 2273 1854 gat,
2305 1792 2359 1838 et
2388 1784 2662 1856 ingressus
2683 1784 3009 1850 cubiculum,
3038 1801 3234 1856 aquam
3279 1785 3628 1840 benedictum
3670 1800 3757 1838 su-

2087 1885 2132 1943 Β
2160 1887 2257 1944 per
2311 1889 2432 1928 eum
2491 1885 2546 1930 et
2585 1891 2680 1946 per
2729 1890 2890 1931 omne
2943 1875 3243 1930 cubiculum
3295 1882 3586 1944 aspergat,
3630 1889 3755 1927 cum

2159 1963 2454 2033 antiphoua
2489 1965 2741 2036 Asperges
2771 1981 2870 2029 me,
2900 1965 3141 2031 Domine,
3170 1974 3224 2021 et
3267 1980 3424 2020 versu
3482 1961 3757 2031 lia-surgat

2160 2057 2322 2113 Deus.
2350 2059 2550 2114 Deinde
2577 2059 2722 2114 dicat
2751 2059 3054 2114 orationem
3083 2079 3094 2113 :
3129 2058 3290 2122 Deus,
3342 2076 3434 2128 qua
3463 2057 3758 2111 sacerdoti-

2163 2153 2255 2207 bus
2281 2154 2384 2208 tuis
2406 2163 2607 2206 tantam
2633 2169 2742 2222 pra:
2763 2152 2963 2206 cmten's
2978 2152 3202 2222 gratiam
3225 2150 3514 2205 contulisti.
3546 2147 3756 2201 Deinde

2162 2257 2344 2304 cantet
2374 2259 2574 2320 septem
2605 2249 2842 2318 psalmos
2875 2264 2996 2305 cum
3048 2247 3302 2319 precibus
3346 2261 3447 2316 pro
3488 2244 3747 2299 inﬁrmis.

2163 2337 2291 2394 Post
2321 2340 2437 2395 haec
2472 2355 2663 2396 omnes
2695 2339 2888 2408 iubeat
2936 2347 3091 2393 extra
3123 2335 3428 2392 cubiculum
3473 2333 3755 2394 secedere,

2161 2439 2215 2486 et
2241 2430 2676 2502 appr0pinquans
2703 2430 2844 2485 lecto
2865 2444 2972 2499 quo
3011 2427 3259 2482 inﬁrmus
3283 2424 3591 2488 decumbit,
3631 2437 3754 2478 eum

2161 2521 2353 2576 blande
2376 2521 2674 2590 leniterque
2704 2520 3028 2589 alloquatur,
3052 2526 3113 2572 ut
3139 2530 3353 2572 omnem
3385 2529 3540 2584 spem
3601 2528 3753 2567 suam

2164 2610 2214 2664 in
2257 2611 2365 2665 Deo
2396 2619 2582 2680 ponat,
2622 2618 2680 2664 ut
2709 2607 2975 2676 ﬂagellum
3005 2606 3098 2661 Dei
3141 2604 3410 2675 patienter
3440 2602 3668 2666 toleret,
3702 2611 3755 2654 ut

2164 2703 2276 2757 lucc
2313 2704 2377 2756 ad
2409 2702 2782 2772 purgationem
2813 2707 2869 2754 et
2909 2697 3318 2768 castigationem
3363 2709 3522 2750 suam
3564 2707 3756 2764 prore-

2164 2795 2281 2850 nire
2309 2794 2517 2859 credat,
2549 2801 2608 2847 ut
2631 2800 2852 2863 peccata
2883 2804 2976 2846 sua
3005 2788 3347 2849 conﬁteatur,
3386 2795 3448 2840 ut
3493 2784 3755 2839 emenda-

2113 2916 2120 2921 -
2164 2885 2362 2940 tionem
2383 2884 2684 2955 promittat,
2714 2881 2758 2937 si
2783 2879 3056 2939 Dominus
3070 2879 3234 2932 vitam
3256 2873 3616 2938 concesserit,
3651 2888 3756 2943 pae-

2162 2979 2442 3034 nitentiam
2469 2992 2565 3047 pro
2591 2975 2761 3045 culpis
2787 2970 3092 3029 commissis
3115 2969 3396 3040 spondeat,
3414 2975 3479 3020 ut
3503 2967 3757 3020 substan-

2166 3069 2292 3122 tiam
2320 3083 2495 3132 suam,
2529 3067 2654 3120 dum
2682 3064 2856 3119 adhuc
2879 3076 3070 3117 sensus
3095 3069 3149 3116 et
3173 3059 3312 3113 ratio
3353 3057 3407 3111 in
3465 3071 3532 3113 eo
3587 3056 3754 3130 viget,

2165 3160 2434 3230 disponat,
2474 3167 2533 3213 ut
2562 3164 2780 3230 peccata
2808 3171 2904 3210 sua
2929 3150 3285 3223 eleemosynis
3308 3149 3566 3212 redimat,
3591 3156 3656 3202 ut
3679 3148 3756 3202 his

481 3241 720 3310 abjiciat.
765 3240 824 3297 Si
868 3250 1013 3296 certe
1051 3253 1310 3297 extranea
1357 3251 1412 3298 et
1453 3243 1534 3298 sui
1571 3242 1710 3311 juris
1755 3250 1870 3307 est,
1909 3243 2059 3296 istam

2170 3249 2259 3318 qui
2287 3250 2337 3302 in
2364 3264 2421 3303 se
2450 3255 2808 3320 peccaverunt
2837 3242 3131 3312 indulgeat,
3157 3249 3214 3294 ut
3241 3246 3446 3293 rectam
3499 3235 3669 3289 ﬁdem
3703 3244 3759 3290 et

482 3332 736 3387 omnibus
773 3333 1167 3388 conditionibus
1198 3335 1412 3390 studeat
1442 3335 1695 3406 abjicere,
1741 3343 1800 3388 ut
1844 3333 2061 3388 infamia

482 3437 603 3490 quae
645 3423 879 3478 excitata
923 3432 1000 3478 est
1045 3424 1354 3494 abrogetur.
1385 3424 1536 3492 Quod
1574 3425 1617 3479 si
1661 3424 1887 3496 quilibet
1925 3423 2066 3477 anti-

482 3514 664 3569 stitum
695 3514 778 3569 vel
811 3514 1130 3571 clericorum
1171 3516 1314 3586 quod
1352 3531 1512 3586 supra
1560 3515 1817 3584 scriptum
1854 3523 1940 3568 cst
1980 3513 2061 3566 vi-

485 3615 600 3658 tare
631 3604 881 3669 noluerit,
912 3621 1010 3676 pro
1053 3605 1412 3661 inobcdientia
1447 3605 1663 3660 triennii
1694 3602 2066 3658 excommuni-

482 3695 694 3749 catioac
740 3695 1050 3750 muletetur.
1107 3695 1260 3763 Quod
1311 3696 1356 3750 si
1409 3695 1657 3750 adulterii
1716 3693 2066 3763 permistione

484 3783 649 3838 fuerit
678 3785 1028 3853 approbatus,
1074 3785 1127 3839 in
1160 3783 1536 3855 regradatione
1581 3784 1875 3846 honorum,
1915 3781 2062 3852 prio-

483 3886 602 3925 rum
633 3886 897 3926 canonum
928 3881 1127 3927 statuta
1153 3881 1458 3927 serventur.

747 3962 822 4016 De
849 3963 1028 4036 eadem
1059 3980 1132 4017 re.
1166 3961 1250 4016 Ex
1272 3961 1494 4016 concilio
1524 3961 1803 4017 Turoniro.

551 4055 679 4110 Clll.
714 4053 936 4125 (Concil.
970 4053 1166 4110 Turon.
1194 4071 1234 4120 ι,
1267 4071 1316 4111 c.
1342 4055 1407 4121 αις
1437 4054 1748 4110 Βυιιςιιιιιω.
1791 4055 1886 4110 lib.
1919 4071 1980 4114 ll.
2010 4070 2058 4111 c.

481 4143 632 4216 116.)
669 4145 736 4200 Ει
779 4145 904 4214 quia
935 4144 1148 4199 diabolo
1195 4143 1398 4198 nullum
1444 4143 1619 4199 locum
1651 4146 1780 4201 dare
1825 4153 2060 4214 oportet,

481 4237 585 4289 hoc
643 4237 910 4305 praecipue
957 4235 1368 4290 custodiendum
1436 4234 1774 4291 decrevimus
1823 4243 1879 4290 ut
1929 4234 2058 4289 uulli

478 4325 660 4380 clerici
688 4342 809 4380 cum
856 4326 1129 4382 extraneis
1167 4324 1382 4381 feminis
1428 4327 1537 4397 7o
1564 4327 1800 4382 habeant
1833 4325 2060 4380 familia-

478 4415 713 4476 ritatem,
749 4431 850 4470 nec
882 4416 1047 4469 ullum
1090 4415 1230 4470 male
1272 4415 1524 4484 loquendi
1555 4415 1637 4471 vel
1666 4416 1931 4471 sentiendi
1962 4417 2060 4471 ho-

479 4504 714 4558 minibus
747 4505 948 4560 aditum
979 4504 1250 4559 tribuant:
1279 4506 1404 4573 quia
1452 4505 1761 4575 frequenter
1797 4521 1893 4574 per
1919 4506 2058 4560 hanc

2167 3342 2538 3396 credulitatem
2571 3345 2768 3402 teneat,
2800 3344 2859 3390 ut
2883 3334 2949 3389 de
2975 3333 3067 3388 Dei
3087 3327 3457 3386 misericordia
3474 3339 3757 3395 nunquam

2165 3433 2431 3502 desperet.
2480 3432 2612 3485 Cum
2659 3430 2744 3485 his
2802 3435 2857 3481 et
2910 3421 3279 3496 hujuscemodi
3337 3417 3758 3474 allocutionibus

2162 3521 2326 3577 fuerit
2356 3537 2508 3577 mens
2532 3519 2728 3575 inﬁrmi
2754 3517 3008 3580 relevata,
3063 3514 3184 3568 data
3236 3508 3617 3566 benedictione
3676 3521 3759 3561 sa-

2163 3613 2353 3666 cerdos
2383 3610 2619 3674 recedat,
2641 3623 2745 3663 non
2778 3614 2900 3678 post
2926 3603 3152 3660 multum
3177 3613 3518 3660 reversurus,
3555 3598 3758 3668 detque

2163 3702 2337 3757 locum
2367 3709 2426 3756 ut
2445 3706 2679 3772 mgrotus
2703 3696 2768 3752 de
2788 3693 3024 3766 peccatis
3053 3692 3166 3748 suis
3187 3689 3355 3761 possit
3379 3689 3650 3758 cogitare.

2165 3810 2241 3865 De
2264 3809 2487 3879 infirmis
2514 3808 2603 3878 qni
2624 3803 2936 3872 confitentur
2960 3812 3172 3879 peccata
3207 3817 3302 3855 sua
3331 3810 3378 3854 et
3420 3816 3475 3854 se
3514 3799 3756 3853 reconci-

2499 3872 2622 3930 liari
2648 3883 2952 3942 ert—poscunt.
2986 3872 3070 3926 Ex
3097 3888 3197 3941 quo
3228 3887 3407 3933 supra.

2231 3967 2362 4023 CVI.
2395 3965 2618 4036 (Concil.
2654 3964 2886 4018 Nannet.
2918 3976 2967 4016 c.
2991 3960 3058 4026 5;
3115 3961 3422 4014 BURCHABD.
3465 3957 3560 4011 lib.
3590 3973 3754 4019 xvm.

2161 4075 2211 4113 e.
2242 4059 2334 4129 5.).
2354 4057 2622 4120 Inﬁrmus,
2653 4055 2766 4125 qui,
2792 4053 3116 4109 necessitate
3141 4050 3330 4107 mortis
3350 4057 3599 4120 urgente,
3631 4064 3757 4103 cono

2162 4150 2341 4204 ﬁtetur
2361 4155 2579 4218 peccata
2603 4161 2721 4210 sua,
2755 4145 2856 4201 sub
2883 4158 2947 4198 ea
2964 4142 3271 4198 conditione
3296 4155 3326 4195 a
3347 4140 3636 4196 sacerdote
3673 4153 3757 4193 re-

2161 4238 2497 4303 concilietur,
2519 4245 2580 4291 ιιι
2609 4235 2730 4291 sici
2773 4233 3032 4287 Dominus
3061 4233 3222 4286 vitam
3275 4229 3560 4285 donaverit
3603 4229 3757 4282 sani-

2162 4338 2430 4397 tatemque
2451 4323 2761 4390 reddiderit,
2789 4323 2897 4393 72
2923 4321 3216 4378 secundum
3235 4319 3545 4391 qualitatem
3564 4317 3754 4372 delicti

2158 4415 2480 4473 omnimodis
2506 4414 2786 4484 pmniteat.

2230 4508 2308 4564 De
2337 4505 2734 4562 reconciliandis
2761 4503 3006 4573 inﬁrmis.
3045 4500 3130 4556 Ea:
3158 4499 3378 4554 concilio
3410 4497 3660 4552 Nicwno.

481 4593 818 4648 indecentem
865 4595 1204 4650 occasionem
1255 4566 1479 4666 contigit
1529 4566 1589 4650 ut
1644 4566 1918 4661 diabolus,
1963 4597 2054 4667 qui
2085 4566 2135 4626 Β
2232 4597 2386 4655 CVII.
2419 4595 2641 4667 (Concil.
2673 4566 2881 4648 Nicaea.
2908 4593 3064 4658 c.15;
3094 4591 3405 4646 Buncnmo.
3442 4587 3536 4643 lib.
3585 4603 3752 4652 nm,

479 4681 764 4737 insidiatur
796 4683 934 4739 sicut
957 4681 1042 4739 leo
1069 4684 1121 4738 in
1155 4683 1315 4740 cubili
1343 4698 1464 4749 suo,
1495 4684 1561 4739 de
1584 4684 1753 4739 ruinis
1780 4699 2058 4740 servorum

479 4775 575 4831 Dei
623 4775 858 4832 insultet.
903 4777 958 4832 Si
985 4779 1106 4847 quis
1135 4793 1266 4833 vero
1293 4777 1524 4834 clericus
1566 4786 1690 4847 post
1717 4779 2058 4834 interdictum

478 4864 718 4936 episcopi
780 4866 861 4920 sui
913 4866 1113 4921 illicitis
1166 4865 1626 4921 familiaritatibus
1675 4877 2057 4922 extraneorum

479 4958 802 5012 feminarum
846 4957 1075 5014 voluerit
1120 4958 1422 5024 inliterere,
1470 4971 1500 5012 a
1546 4958 1920 5014 communione
1963 4958 2057 5014 ba-

473 5048 668 5104 beatur
694 5049 921 5106 alienus.

525 5140 604 5195 De
630 5142 809 5195 eadem
843 5159 915 5196 re.
944 5139 1031 5197 Ea:
1058 5141 1279 5197 concilio
1313 5140 1658 5208 Nannetenst,
1685 5141 1913 5212 capitqu
1939 5140 1992 5196 6.

544 5231 676 5286 CIV.
707 5232 932 5302 (Concil.
967 5232 1198 5288 Nannet.
1230 5249 1278 5288 c.
1307 5233 1369 5299 '5;
1402 5233 1495 5288 lib.
1537 5249 1613 5288 vn
1655 5232 1952 5303 Capitular.
2003 5247 2053 5286 c.

473 5322 570 5377 291
595 5339 608 5387 ;
638 5322 945 5381 BURCBARD.
973 5324 1065 5380 lib.
1090 5341 1150 5390 tl,
1179 5340 1227 5380 c.
1253 5325 1400 5397 116.)
1427 5325 1778 5382 lnhibendum
1807 5333 1860 5380 ct
1883 5324 2058 5379 modis

475 5413 726 5468 omnibus
755 5415 1204 5473 interminandum
1238 5425 1320 5472 est
1359 5427 1417 5472 ut
1459 5417 1637 5473 nullus
1664 5418 1916 5472 sacerdos
1963 5431 2059 5472 eas

474 5516 736 5571 personas
787 5505 1138 5575 feminarum,
1179 5509 1318 5565 sicut
1345 5521 1400 5566 et
1450 5511 1502 5564 iu
1547 5523 1753 5565 canone
1797 5509 2058 5563 insertum

1663 5607 1705 5618 ι-
1749 5607 1760 5614 -
1818 5598 1830 5609 '
1918 5598 1931 5620 ι

1593 5614 1650 5622 ἀ
1853 5615 1865 5622 ι
1908 5611 2061 5630 -ΛωΑ

2161 4707 2210 4747 c.
2235 4689 2312 4758 6.)
2353 4689 2430 4744 De
2457 4688 2542 4743 his
2567 4686 2657 4756 qui
2682 4685 2748 4740 ad
2778 4684 2980 4739 exitum
3003 4684 3244 4746 veniunt,
3277 4679 3440 4736 etiam
3475 4693 3620 4733 nunc
3663 4693 3754 4733 re-

2159 4781 2360 4838 laxatio
2390 4781 2609 4850 antiqua
2631 4776 2998 4848 regularisque
3023 4773 3355 4838 servabitur,
3378 4770 3452 4824 ita
3469 4779 3528 4824 ut
3556 4769 3601 4824 si
3624 4770 3752 4839 quis

2158 4869 2430 4949 egreditur
2479 4887 2510 4930 e
2539 4885 2784 4942 corpore,
2837 4868 3027 4923 ultimo
3079 4874 3134 4920 et
3179 4863 3492 4920 necessario
3548 4861 3751 4914 viatico

2157 4967 2378 5023 minime
2396 4964 2666 5036 privetur;
2715 4972 2823 5031 quo
2847 4957 2892 5014 si
2916 4956 2997 5012 vel
3027 4956 3360 5024 desperatus,
3403 4961 3461 5007 et
3486 4965 3750 5006 consecu-

2161 5067 2246 5111 tus
2270 5053 2724 5116 communionem,
2769 5047 3158 5116 oblationisque
3209 5043 3484 5115 particeps
3543 5041 3747 5101 factus,

2159 5150 2352 5204 iterum
2384 5144 2737 5209 convaluerit,
2763 5143 2834 5198 sit
2854 5143 2993 5196 inter
3024 5153 3117 5195 eos
3159 5138 3251 5208 qui
3304 5135 3746 5192 communionem

2159 5235 2420 5292 orationis
2468 5233 2836 5289 tantummodo
2903 5236 3326 5298 consequuntur.
3406 5226 3750 5283 Generaliter

2163 5337 2338 5383 autem
2368 5325 2512 5380 omni
2540 5324 2760 5380 cuilibet
2796 5322 2848 5376 in
2874 5321 3020 5377 exitu
3048 5317 3220 5391 posito
3241 5326 3295 5372 et
3341 5317 3590 5388 poscenti
3638 5312 3744 5368 sibi

2164 5416 2558 5475 communionis
2583 5415 2810 5486 gratiam
2840 5411 3028 5478 tribui,
3066 5409 3348 5480 episcopus
3395 5406 3748 5478 probabiliter

2164 5525 2230 5564 ex
2250 5509 2522 5566 oblatione
2551 5508 2682 5563 dare
2701 5504 2936 5562 debebit.

2379 5598 2451 5650 De
2475 5597 2654 5646 eadem
2680 5613 2750 5642 re-
2785 5594 2866 5638 κω
2891 5593 3107 5640 enialnln
3131 5590 3319 5644 Leonis
3360 5605 3532 5644 Datim.
