3944 6428
207 391 314 448 213

1022 439 1028 444 .
1087 396 1176 452 DE
1214 394 1496 453 ECCLES.
1529 393 1816 454 DISCIPL.
1855 397 2038 478 LIBRI
2079 401 2221 460 DUO
2257 435 2325 446 —
2360 403 2381 439 '
2405 404 2487 460 IB.
2530 406 2570 462 I.

3360 414 3491 470 2H-

205 515 450 577 urgentts
475 505 725 577 Instantis
751 506 1054 576 praesidium
1107 509 1456 580 paenitentiae,
1516 522 1642 563 mox
1701 522 1787 562 re-
1815 510 1864 570 Α
1895 511 1970 566 De
1990 512 2351 582 ptenitentibus
2371 516 2540 569 subito
2563 519 2804 572 mortuis.
2857 517 2938 573 Ea.
2966 520 3185 574 concilio
3253 519 3467 579 Vasenst

205 597 601 652 conciliationis
630 597 941 667 implorant,
971 613 1074 654 nec
1098 600 1399 656 satisfactio
1428 599 1792 656 interdicenda

204 696 309 750 est,
347 703 450 743 nec
474 687 847 744 reconciliatio
874 688 1220 760 deneganda;
1252 691 1379 760 quia
1407 690 1792 776 misericordiae

204 777 300 832 Dei
336 792 440 832 nec
482 792 766 834 mensuras
802 792 1086 846 possumus
1127 795 1347 849 ponere,
1403 795 1505 836 nec
1549 789 1791 849 tempora

201 863 455 930 deﬁnire,
479 866 548 920 ad
571 881 729 935 quem
753 867 895 921 nulla
921 867 1145 938 impedit
1183 869 1371 925 venire
1427 868 1619 923 mortis
1663 883 1794 922 con-

200 955 410 1020 versio,
453 956 666 1011 dicente
716 957 810 1012 Dei
866 956 1068 1027 Spiritu
1122 973 1220 1028 per
1267 956 1793 1030 Prophelam:Cum

199 1063 485 1105 conversus
504 1051 840 1120 ingemueris,
866 1060 990 1106 tunc
1016 1052 1192 1114 salvus
1235 1054 1357 1108 eris.
1403 1053 1474 1108 Et
1500 1053 1627 1114 alibi
1654 1071 1668 1108 :
1693 1053 1792 1107 Dic

198 1139 508 1210 iniquitates
535 1150 653 1196 tuas
675 1144 841 1213 prior,
867 1153 923 1197 ut
942 1144 1274 1213 justiﬁceris.
1303 1144 1466 1201 Item:
1485 1144 1625 1211 Quia
1650 1145 1792 1215 apud

196 1226 492 1283 Dominum
513 1230 870 1286 misericordia
893 1243 989 1298 est,
1017 1243 1066 1289 et
1096 1236 1307 1304 capiosa
1350 1234 1491 1305 apud
1543 1251 1661 1290 eum
1712 1252 1794 1291 re-

196 1317 453 1386 demptio.
484 1319 539 1373 In
563 1320 938 1391 dispensandis
963 1323 1147 1394 itaque
1175 1325 1332 1381 donis
1354 1325 1449 1382 Dei
1480 1340 1586 1380 non
1631 1327 1795 1382 debes

196 1421 326 1462 inus
350 1423 474 1464 esse
493 1408 736 1466 diﬁiciles
765 1426 864 1468 nec
903 1427 962 1469 se
1009 1415 1380 1470 accusantium
1429 1417 1664 1486 gemitus
1714 1416 1793 1470 la-

195 1512 530 1570 crymasque
555 1501 848 1573 negligere,
877 1519 1000 1560 cum
1029 1506 1196 1576 ipsam
1224 1506 1517 1576 paenitendi
1540 1508 1645 1578 73
1660 1505 1792 1561 aﬁ‘e—

194 1587 442 1643 ctionem
463 1604 528 1645 ex
555 1591 648 1646 Dei
669 1593 954 1650 credamus
973 1595 1328 1665 inspiratione
1347 1604 1690 1666 conceptam,
1734 1604 1794 1650 ut

196 1675 528 1746 resipiscaut
555 1695 587 1735 a
621 1680 816 1737 diaboli
843 1682 1070 1755 laqueis,
1098 1699 1127 1739 a
1153 1700 1261 1755 quo
1300 1686 1500 1757 captivi
1545 1694 1794 1743 tenentur

195 1765 268 1820 ad
290 1765 464 1836 ipsius
482 1768 829 1828 voluntatem.

489 1857 568 1913 De
591 1861 773 1914 eadem
803 1877 876 1918 re.
907 1863 994 1920 Ea:
1018 1866 1241 1921 concilio
1268 1867 1538 1937 Africano.

271 1941 412 2000 CIX.
444 1945 625 2016 (Cone.
658 1948 905 2022 Carthag.
935 1969 996 2019 ιι,
1022 1967 1072 2008 c.
1095 1954 1160 2019 4;
1183 1956 1492 2012 Buncntuo.
1517 1956 1610 2013 lib.
1633 1972 1790 2023 xvtu,

193 2036 405 2107 c.13.)
455 2036 703 2095 Aurelius
749 2041 1036 2121 episcopus
1082 2045 1257 2101 dixit:
1289 2045 1347 2103 Si
1395 2048 1682 2117 quisquam
1736 2047 1791 2102 in

196 2125 446 2192 periculo
475 2125 635 2182 fuerit
656 2131 1002 2198 constitutus,
1026 2141 1082 2189 et
1109 2149 1169 2190 se
1206 2135 1546 2191 reconciliari
1594 2136 1792 2192 divinis

194 2219 470 2276 altaribus
495 2222 733 2292 petierit,
764 2225 809 2278 si
847 2226 1132 2298 episcopus
1157 2229 1354 2284 absens
1401 2228 1581 2292 fuerit,
1633 2229 1794 2284 debet

196 2311 395 2380 utique
414 2314 700 2386 presbyter
720 2317 1002 2374 consulere
1035 2319 1372 2391 episcopum,
1397 2329 1452 2374 et
1473 2319 1552 2375 sic
1583 2318 1795 2389 pericli-

199 2409 412 2454 tantem
443 2402 558 2471 ejus
591 2413 860 2475 praeeepto
896 2407 1281 2474 reconciliare;
1308 2422 1470 2478 quam
1511 2422 1626 2461 rem
1656 2405 1794 2462 salu-

197 2487 288 2542 bri
318 2491 546 2546 consilio
573 2493 834 2549 debemus
861 2495 1139 2552 roborare.

388 2576 464 2633 De
491 2581 671 2635 eadem
698 2597 772 2636 re.
802 2581 888 2636 Ea:
908 2583 1124 2655 epistola
1158 2584 1420 2641 Cmestmi
1445 2603 1615 2657 papas.

276 2665 393 2722 CX.
439 2669 679 2739 (Decreta
704 2670 958 2728 C(ELEST.
990 2673 1032 2739 I,
1078 2690 1127 2730 c.
1179 2675 1245 2730 15
1281 2693 1296 2742 ;
1335 2675 1643 2732 Βυιιαωιω.
1697 2676 1790 2733 lib.

202 2775 365 2825 xvm,
388 2775 441 2816 c.
461 2759 536 2833 1.)
568 2762 706 2818 Vera
726 2778 856 2833 ergo
885 2764 951 2818 ad
980 2763 1148 2820 Deum
1180 2768 1462 2834 conversio
1487 2769 1540 2824 in
1589 2767 1795 2825 ultimis

204 2853 507 2921 positorum
533 2865 714 2909 mente
739 2855 916 2924 p0lius
961 2863 1044 2912 est
1080 2858 1396 2914 aestimanda
1449 2876 1614 2930 quam
1661 2870 1795 2916 tem-

205 2956 364 3012 pore,
395 2943 658 3014 propheta
699 2945 801 3001 hoc
833 2945 1014 3001 taliter
1062 2955 1337 3004 asserente
1368 2965 1381 3002 :
1415 2946 1547 3004 Cum
1587 2966 1797 3004 conver-

207 3047 302 3084 sus
331 3031 658 3102 ingenttteris,
687 3044 812 3089 tunc
839 3035 1016 3092 salvus
1043 3038 1168 3092 eris.
1200 3037 1333 3094 Cum
1364 3055 1494 3110 ergo
1535 3039 1796 3096 Dominus

211 3124 286 3179 sit
313 3125 496 3180 cordis
533 3126 824 3196 inspector,
853 3128 1045 3198 quovis
1071 3137 1313 3201 tempore
1353 3147 1458 3186 non
1504 3141 1586 3186 est
1633 3132 1794 3187 dene-

2560 603 2674 655 cap.
2699 587 2788 642 65.

1962 692 2143 749 CXIV.
2180 694 2402 765 (Concil.
2447 695 2568 752 Vas.
2593 699 2644 763 I,
2672 715 2721 754 c.
2751 701 2816 765 2;
2839 700 3144 757 ancmnn.
3170 701 3262 758 lib.
3309 720 3468 773 xvm,

1891 799 1941 838 c.
1963 782 2080 855 24.)
2105 784 2303 839 Eorum
2340 785 2431 856 qui
2471 785 2526 840 in
2576 788 2892 856 paenitentia
2935 799 3155 861 accepta
3203 792 3256 845 in
3312 793 3470 848 bona:

1891 875 2014 929 vitae
2034 889 2192 930 cursu
2217 875 2333 930 sine
2360 877 2734 934 communione
2761 879 2938 935 subito
2973 881 3294 945 moriuntur,
3316 881 3469 936 obla-

1893 963 2092 1019 tionem
2123 963 2508 1034 recipiendam,
2530 973 2788 1022 eteorum
2809 967 2996 1023 funera
3018 984 3082 1025 ac
3095 969 3344 1040 deinceps
3359 983 3471 1024 me-

1890 1055 2121 1110 moriam
2147 1054 2520 1112 ecclesiastico
2548 1055 2742 1114 affectu
2764 1061 3213 1131 prosequendam.

1890 1167 1969 1224 De
1990 1169 2349 1225 communione
2393 1169 2609 1250 privatis
2636 1173 2738 1250 qui
2768 1173 2872 1227 vita
2921 1174 3155 1250 defuncti
3200 1181 3340 1228 sunt.
3388 1172 3475 1228 Es

2335 1241 2552 1311 epistola
2575 1240 2765 1297 Leonis
2796 1259 2963 1312 papas.

1952 1348 2111 1406 CXV.
2139 1349 2379 1420 (Decreta
2406 1349 2604 1407 LEONIS
2625 1351 2666 1419 I,
2690 1368 2736 1408 c.
2769 1351 2872 1420 20;
2896 1352 3208 1410 Burmann.
3248 1352 3345 1409 lib.
3393 1368 3480 1419 ιι.»

1891 1455 1940 1497 c.
1973 1440 2086 1512 52.)
2123 1440 2324 1497 Horum
2351 1457 2514 1498 causa
2541 1443 2633 1498 Dei
2659 1443 2864 1515 judicio
2894 1444 3218 1501 reservanda
3267 1452 3368 1509 est,
3418 1445 3477 1499 in

1890 1529 2044 1600 cujus
2068 1547 2229 1587 manu
2257 1532 2441 1588 fuitut
2468 1533 2658 1588 talium
2700 1535 2879 1591 obitus
2907 1549 3077 1605 usque
3117 1535 3185 1590 ad
3231 1549 3475 1590 commu-

1891 1623 2066 1680 nionis
2089 1624 2386 1680 remedium
2416 1623 2573 1698 [adde
2597 1624 2727 1698 non]
2751 1624 3074 1682 differretur.
3127 1624 3236 1680 Nos
3289 1632 3471 1693 autem

1889 1713 2086 1783 quibus
2133 1714 2436 1770 viventibus
2489 1729 2596 1769 non
2652 1713 3206 1779 communicavimus,
3249 1713 3479 1770 mortuis

1821 1843 1870 1908 Β
1893 1807 2292 1908 communicare
2321 1821 2425 1862 non
2457 1821 2765 1877 possumus.

1930 1885 2035 1968 ⁷5
2073 1897 2152 1952 De
2181 1898 2434 1970 ungendis
2469 1897 2715 1966 inﬁrmis.
2757 1896 2845 1953 Ea:
2878 1894 3096 1952 concilio
3129 1893 3442 1949 Turonensi.
3481 1894 3485 1902 '

1963 1988 2146 2046 CXVI.
2185 1988 2479 2059 Postquam
2523 1987 2771 2043 inﬁrmus
2817 1987 2886 2042 ab
2930 2000 3095 2041 onere
3135 1991 3488 2054 peccatorum

1892 2094 1988 2151 per
2036 2077 2432 2134 confessionem
2481 2075 2749 2131 relevatus
2801 2074 2963 2131 fuerit
3012 2081 3078 2140 et,
3119 2088 3149 2127 a
3198 2071 3484 2127 sacerdote

1893 2171 2291 2235 reconciliatus,
2323 2168 2443 2225 oleo
2477 2167 2812 2224 sanctiﬁcata
2840 2167 2892 2222 in
2936 2166 3030 2222 Dei
3072 2163 3288 2221 nomine
3328 2163 3482 2253 inun-

1892 2261 2097 2334 gendus
2116 2271 2217 2326 est,
2235 2259 2465 2330 primum
2489 2259 2542 2314 in
2563 2267 2802 2328 pectore,
2826 2258 3020 2314 deinde
3043 2257 3184 2312 inter
3207 2254 3478 2323 scapulas,

1893 2367 2014 2408 cum
2041 2351 2292 2422 precibus
2326 2349 2393 2404 ad
2423 2349 2562 2403 hanc
2595 2357 2835 2404 sanctam
2871 2345 3176 2401 unctionem
3207 2344 3480 2413 pertinen-

1894 2443 2057 2509 tibus,
2102 2450 2161 2495 ut
2193 2441 2349 2512 juxta
2396 2437 2705 2510 Apostolum
2743 2437 2920 2494 oratio
2959 2435 3084 2491 ﬁdei
3123 2434 3292 2491 salvet
3333 2431 3482 2488 inﬁr-

1893 2549 2064 2600 mum,
2094 2541 2199 2588 etc.

1892 2644 1971 2702 De
1999 2645 2181 2701 eadem
2205 2660 2280 2700 re.
2315 2641 2401 2700 Ea:
2431 2641 2650 2714 epistola
2679 2639 2977 2697 Innocentii
3001 2654 3175 2710 papa,
3205 2654 3322 2708 cap.
3347 2636 3486 2692 587..
3533 2609 3536 2612 ﬁ

1962 2755 2166 2811 CXVII.
2193 2753 2436 2826 (Decreta
2457 2753 2638 2808 Inuoc.
2662 2751 2702 2816 I,
2726 2766 2776 2807 c.
2797 2752 2860 2816 8;
2885 2749 3194 2805 BURCBARD.
3210 2746 3302 2802 lib.
3320 2760 3489 2811 xvut,

1893 2863 1941 2903 c.
1966 2847 2046 2920 2.)
2076 2846 2273 2902 Beatus
2301 2845 2445 2901 enim
2473 2841 2709 2899 Jacobus
2736 2841 3008 2911 apostolus
3031 2840 3086 2894 in
3120 2837 3352 2909 Epistula
3383 2851 3488 2892 sua

1893 2938 2108 3008 scripsit
2127 2953 2140 2991 :
2159 2935 2476 3005 Inﬁrmatur
2497 2935 2611 3006 quis
2632 2933 2688 2987 in
2711 2933 2881 2987 vobis?
2908 2931 3134 2986 Inducat
3157 2930 3490 3000 presbyteros

1895 3026 2166 3092 Ecclesiae,
2195 3033 2245 3078 et
2285 3036 2431 3078 orent
2473 3038 2630 3091 super
2665 3038 2804 3087 eum,
2841 3030 3087 3091 augentes
3127 3035 3244 3074 eum
3285 3018 3399 3072 oleo
3427 3018 3486 3070 in

1893 3115 2101 3170 nomine
2137 3113 2394 3167 Domini:
2423 3119 2471 3166 et
2496 3112 2666 3165 oratio
2698 3109 2823 3179 ﬁdei
2849 3109 3068 3164 salvabit
3105 3108 3392 3176 inﬁrmum,
3433 3114 3488 3159 et

211 3213 387 3281 ganda
412 3216 728 3283 paenitentia
756 3196 1074 3288 postulanti,
1105 3196 1228 3274 cum
1252 3220 1326 3274 illi
1365 3235 1425 3277 se
1466 3220 1664 3291 obliget
1710 3219 1794 3290 ju-
1820 3203 1864 3266 (ἶ
1897 3205 2138 3260 “(levabit
2159 3220 2276 3258 eum
2300 3202 2556 3256 Ποηιῖνηιδ
2583 3211 2672 3291 ζει
2699 3201 2743 3254 εί
2765 3201 2822 3254 ίη
2847 3200 3070 3291 Ρέεςαῄίίδ
3101 3196 3486 3291 [αξνίίο-τῗξῖίίί·

209 3304 322 3359 dici
356 3306 442 3360 cui
481 3308 688 3364 occulta
721 3311 902 3365 omnia
924 3312 1404 3369 noveritrevclari.

208 3420 292 3476 De
321 3421 400 3476 his
430 3421 522 3491 qui
547 3423 907 3498 obmutescunt
933 3433 1213 3498 antequam
1241 3430 1486 3484 sacerdos
1512 3429 1680 3486 veniat
1727 3429 1798 3484 ad

569 3509 677 3547 eos.
717 3492 803 3547 Ex
825 3494 1043 3564 epistola
1067 3492 1254 3552 Leonis
1275 3515 1446 3568 papte.

280 3581 416 3638 CXI.
448 3579 529 3652 (S.
559 3581 692 3649 Leo,
722 3584 870 3653 epist.
897 3584 986 3650 91,
1018 3599 1068 3640 c.
1096 3586 1158 3651 5;
1185 3586 1490 3644 Buncusnn.
1524 3588 1616 3644 lib.
1640 3603 1795 3653 xvm,

210 3689 260 3728 c.
285 3674 345 3738 9;
367 3674 616 3742 RICULF.,
635 3692 686 3732 c.
715 3675 823 3745 I0.)
848 3676 925 3730 Ita
947 3691 1076 3746 ergo
1097 3677 1282 3732 talium
1311 3679 1619 3734 necessitati
1641 3679 1797 3733 auxi-

209 3766 454 3820 liandum
478 3779 559 3824 est
581 3777 640 3823 ut
663 3782 764 3823 nec
789 3769 932 3824 actio
963 3768 1072 3825 illis
1101 3770 1434 3840 paenitentia:
1487 3786 1588 3827 nec
1645 3786 1794 3826 com-

209 3856 488 3912 munionis
533 3859 706 3929 gratia
746 3858 1076 3929 denegetur,
1132 3860 1178 3916 si
1220 3875 1340 3916 eam
1375 3862 1550 3936 .etiam
1597 3863 1798 3920 amisso

207 3947 361 4000 vocis
381 3947 556 4002 oIIicio
581 3963 679 4017 per
701 3948 899 4005 indicia
933 3949 1130 4022 integri
1157 3967 1349 4008 sensus
1379 3968 1623 4024 quaerere
1649 3971 1801 4011 com-

206 4037 526 4105 probentur.
566 4038 718 4106 Quod
775 4039 821 4094 si
871 4040 946 4096 ita
993 4041 1170 4112 aliqua
1224 4044 1542 4115 aegritudine
1597 4045 1799 4103 fuerint

207 4126 487 4196 aggravati
517 4138 576 4182 ut
605 4128 748 4199 quod
773 4130 931 4200 paulo
956 4140 1083 4188 ante
1115 4133 1426 4202 poscebant,
1456 4143 1511 4191 et
1534 4134 1634 4191 sub
1661 4151 1798 4207 prae-

207 4215 386 4269 sentia
414 4216 722 4286 signiﬁcare
744 4236 849 4276 non
879 4221 1130 4278 valebant
1150 4223 1320 4295 (I97),
1367 4226 1678 4283 testimonia
1716 4229 1797 4285 eis

208 4303 450 4360 ﬁdelium
517 4309 986 4367 circumstantium
1052 4314 1160 4386 74
1202 4316 1458 4386 prodesse
1501 4318 1790 4387 debebunt,

207 4396 372 4450 simul
401 4407 580 4455 tamen
607 4413 662 4455 et
691 4403 1024 4472 paenitentiae
1061 4415 1116 4460 et
1144 4407 1603 4466 reconciliationis
1631 4411 1799 4467 bene-

205 4490 394 4546 ﬁcium
417 4501 835 4562 consequantur.

385 4584 466 4638 De
491 4585 672 4639 eadem
701 4603 774 4640 re.
807 4585 893 4642 Ea:
935 4589 1157 4644 concilio
1192 4589 1612 4663 Cartltaginensi.

281 4672 439 4728 CXII.
466 4674 687 4743 (Concil.
725 4675 976 4749 Cartlmg.
1010 4695 1084 4745 tv,
1107 4697 1156 4736 c.
1187 4681 1294 4747 78;
1345 4681 1654 4738 Buncntun.
1699 4684 1794 4741 lib.

207 4779 368 4828 xvtn,
400 4781 452 4819 e.
479 4766 598 4836 25.)
630 4766 962 4824 Ρωιιίιθηῑοε
987 4771 1078 4839 qui
1109 4771 1161 4826 in
1199 4771 1514 4830 inﬁrmitate
1541 4775 1796 4831 viaticum

207 4855 553 4912 eucharistize
601 4860 934 4930 acceperint,
987 4875 1092 4916 non
1141 4876 1200 4917 se
1253 4864 1482 4920 credant
1523 4866 1796 4922 absolutos

207 4944 330 5000 sine
354 4961 547 5002 manus
574 4947 934 5018 impositione,
965 4950 1010 5005 si
1039 4952 1454 5020 supervixerint.

426 5054 506 5111 De
527 5056 704 5111 cadent
727 5074 800 5112 re.
832 5057 919 5128 Ea;
953 5059 1170 5130 epistola
1196 5059 1373 5117 Siricii
1410 5082 1576 5135 paptL’.

281 5145 460 5201 CXIII.
491 5148 731 5218 (Decreta
758 5149 968 5218 Stmcu,
997 5167 1044 5207 c.
1075 5153 1138 5218 5;
1173 5153 1483 5211 Buncnano.
1513 5157 1606 5212 lib.
1639 5175 1795 5224 xvm,

208 5252 261 5292 c.
292 5237 372 5308 8.)
401 5238 717 5310 Quicunque
737 5243 938 5296 carnali
979 5241 1272 5315 fragilitate
1324 5248 1653 5314 ceciderunt,
1713 5250 1796 5305 bis

207 5328 410 5381 viatico
441 5344 681 5397 munere,
710 5348 830 5386 cum
853 5332 920 5386 ad
942 5334 1224 5389 Dominum
1266 5338 1528 5406 cmperint
1575 5339 1792 5408 prolici-

206 5419 311 5484 sci,
347 5435 445 5488 per
478 5424 875 5480 communionis
927 5424 1047 5497 [cod
1095 5443 1222 5494 ms.,
1267 5429 1792 5504 communicationis]

205 5511 438 5580 gratiam
465 5514 710 5570 volumus
737 5517 1038 5572 subvenire.

1900 3303 2075 3349 tentur
2095 3295 2144 3348 ei
2177 3293 2319 3366 (Jac.
2347 3291 2425 3363 ν).
2463 3290 2618 3358 Quod
2645 3305 2751 3344 non
2777 3301 2862 3345 est
2885 3289 3105 3344 dubium
3139 3288 3205 3344 de
3235 3286 3496 3342 ﬁdelibus.

1897 3387 2282 3458 mgrotantibus
2311 3383 2480 3454 accipi
2515 3383 2599 3436 vel
2637 3381 2858 3452 intelligi
2894 3382 3110 3445 debere,
3142 3381 3267 3450 quia
3297 3389 3488 3436 sancto

1897 3477 2015 3533 oleo
2057 3477 2369 3532 chrismatis
2409 3475 2631 3546 perungi
2677 3481 2922 3544 possunt,
2953 3471 3095 3542 quod
3143 3473 3210 3527 ab
3235 3472 3487 3542 episcopo

1898 3567 2200 3625 confectum
2232 3582 2340 3622 non
2366 3565 2539 3622 solum
2569 3565 2960 3630 sacerdotibus,
3004 3565 3096 3620 sed
3128 3565 3378 3618 omnibus
3408 3565 3496 3618 uti.

1897 3660 2219 3718 Christianis
2262 3659 2389 3715 licet
2432 3659 2486 3714 in
2519 3673 2613 3714 sua
2644 3667 2737 3713 aut
2778 3673 2997 3713 suorum
3024 3658 3345 3713 necessitate
3377 3673 3483 3711 un-

1897 3752 2149 3823 gendum.
2198 3750 2463 3806 Caeterum
2498 3748 2626 3804 illud
2674 3747 3002 3818 superﬂuum
3049 3749 3294 3803 videmus
3338 3745 3488 3814 adje-

1883 3851 2079 3909 .clum,
2124 3849 2186 3897 ut
2233 3841 2301 3896 de
2348 3841 2598 3911 episcopo
2645 3841 2949 3911 ambigatur
2989 3838 3132 3909 quod
3175 3839 3497 3909 presbytero

1899 3933 2063 3989 licere
2115 3949 2221 3988 non
2271 3932 2490 3988 dubium
2546 3939 2650 3986 est.
2709 3929 2846 3985 Nam
2901 3931 3105 3986 idcirco
3159 3929 3493 4000 presbyteris

1898 4025 2100 4080 dictum
2133 4032 2239 4089 est,
2269 4023 2395 4094 quia
2419 4023 2653 4094 episcopi
2682 4023 3124 4093 occupationibus
3155 4021 3391 4090 impediti
3421 4021 3491 4074 ad

1897 4129 2086 4170 omnes
2123 4114 2401 4186 languidos
2433 4115 2509 4168 ire
2551 4127 2656 4168 non
2688 4121 2931 4184 possunt.
2969 4111 3232 4167 Cancrum
3279 4111 3324 4165 si
3373 4110 3490 4180 epi-

1897 4218 2093 4273 scopus
2137 4212 2229 4258 aut
2272 4211 2449 4272 potest
2493 4211 2585 4256 aut
2625 4201 2842 4273 dignum
2886 4202 3032 4257 ducit
3079 4200 3311 4270 aliquem
3357 4213 3387 4253 a
3431 4215 3492 4254 se

1900 4294 2220 4350 visitandum
2249 4301 2305 4349 et
2331 4294 2649 4349 benedicere
2678 4305 2733 4348 et
2777 4304 2996 4365 tangere
3022 4291 3339 4358 chrismate,
3371 4291 3496 4348 sine

1895 4387 2240 4443 cunctatione
2259 4394 2452 4456 potest,
2481 4384 2633 4454 cujus
2658 4385 2768 4457 76
2788 4394 2872 4441 est
2900 4386 3073 4457 ipsum
3097 4384 3331 4440 chrisma
3361 4399 3490 4440 con-

1899 4478 2080 4534 ﬁcere.
2125 4477 2260 4532 Nam
2314 4477 2698 4547 pcenitentibus
2746 4477 2888 4532 istud
2939 4477 3086 4531 fundi
3138 4491 3243 4532 non
3288 4483 3502 4547 potest;

1820 4541 1873 4602 D
1902 4571 2025 4641 quia
2054 4586 2222 4641 genus
2255 4579 2340 4626 est
2373 4569 2719 4625 sacramenti.
2754 4567 2888 4623 Nam
2926 4569 3120 4638 quibus
3157 4567 3359 4638 reliqua
3399 4582 3489 4622 sa-

1902 4671 2176 4719 cramenta
2218 4669 2503 4732 negantur,
2548 4659 2818 4730 quomodo
2857 4674 3021 4714 unum
3063 4673 3230 4730 genus
3270 4664 3494 4730 putatur.

1899 4770 2057 4826 posse
2087 4753 2346 4810 concedi?

2091 4865 2170 4920 De
2196 4865 2376 4920 eadem
2407 4879 2480 4917 re.
2510 4861 2597 4916 Ex
2625 4861 2779 4916 dictis
2810 4861 2965 4916 Beda:
2995 4861 3297 4932 presbyteri.

1971 4973 2198 5030 CXVIII.
2241 4973 2556 5042 lnﬁmatur
2579 4973 2694 5043 quis
2727 4972 2779 5026 in
2813 4972 2992 5027 vobis?
3022 4970 3244 5025 Inducat
3273 4969 3487 5039 presby-

1898 5076 2035 5121 teros
2073 5065 2342 5130 Ecclesiae,
2363 5075 2411 5120 et
2438 5075 2584 5119 orent
2610 5081 2766 5135 super
2787 5079 2930 5130 eum,
2958 5073 3204 5134 tingentes
3228 5077 3344 5115 eum
3375 5059 3507 5114 olcov

1898 5157 1952 5211 in
1993 5156 2200 5210 nomine
2238 5154 2468 5220 Domini,
2507 5155 2749 5209 et.oratio
2777 5153 2900 5223 ﬁdei
2937 5151 3160 5207 salvabit
3195 5149 3486 5219 inﬁrmum.
3567 5153 3581 5185 ἰ

1901 5248 2011 5303 Hoc
2035 5255 2090 5302 et
2115 5245 2340 5316 apostoli
2371 5246 2422 5298 in
2448 5246 2737 5315 Evangelio
2761 5244 2954 5300 fecisse
2977 5243 3244 5313 leguntur,
3269 5249 3324 5295 et
3345 5255 3490 5293 nunc

1898 5339 2153 5396 Ecclesiae
2173 5339 2502 5394 consuetudo
2529 5347 2694 5404 tenet,
2719 5344 2778 5390 ut
2805 5334 3000 5389 inﬁrmi
3027 5333 3146 5388 oleo
3169 5340 3490 5386 consecrato
3564 5389 3572 5400 ,

1897 5439 2167 5502 ungautur
2199 5445 2230 5483 a
2269 5428 2721 5500 presbyteris,°ct
2758 5425 3004 5481 oratione
3055 5423 3346 5478 comitante
3395 5435 3485 5476 sa-

1894 5532 2109 5581 nentur.
2147 5521 2263 5578 Non
2296 5521 2470 5578 solum
2505 5517 2853 5591 presbyteris,
2895 5516 3016 5583 sed,
3056 5523 3116 5570 ut
3153 5530 3289 5586 papa
3328 5513 3488 5570 luno-

281 5693 432 5775 (I97)
461 5692 711 5775 Mendesa
734 5703 818 5749 est
839 5695 1002 5775 lectio
1029 5697 1184 5754 istius
1207 5699 1401 5770 capitis
1445 5702 1583 5773 apud
1627 5701 1975 5774 Reginonem.
2001 5701 2310 5775 Legendum
2344 5701 2543 5771 itaque,
2593 5697 2889 5770 poscebant,
2933 5714 3029 5753 suo
3071 5699 3352 5770 prwsentia
3396 5713 3486 5752 sa-

210 5765 438 5820 rerdotis
463 5766 758 5836 signiﬁcare
787 5779 888 5822 non
915 5766 1138 5834 caleant,
1163 5778 1268 5825 etc.
