3884 5574
453 377 562 432 iiii

1483 380 1847 439 REGINONIS
1885 377 2302 472 PRUblIENSIS
2342 384 2640 466 ABBAIIS

3607 389 3718 448 916

457 490 668 548 centius
701 491 910 561 scribit,
946 493 1109 548 etiam
1145 493 1396 551 omnibus
1430 494 1754 552 Christianis
1791 497 1869 551 uti
1909 494 2035 550 licet
2060 494 2108 557 Δ
2136 503 2220 549 est
2258 510 2292 550 ar
2332 499 2630 554 sacerdoﬁs
2668 498 2844 558 edicto
2877 496 3112 571 pretium
3157 499 3225 558 de
3263 509 3407 564 terra
3457 515 3724 565 concessa

453 581 644 638 eodem
679 581 798 636 oleo
828 582 878 636 in
911 597 1006 636 sua
1042 590 1141 638 aut.
1166 599 1384 638 suorum
1414 586 1728 640 necessitate
1756 587 2031 655 tingendo;

455 670 598 738 quod
629 678 805 724 tamen
834 671 1009 726 oleum
1040 674 1254 727 nonnisi
1287 673 1353 728 ab
1382 674 1644 743 episcopis
1672 674 1794 730 licet
1821 674 2031 730 conﬁci.

455 755 593 812 Nam
622 759 762 828 quod
791 759 866 812 ait
896 759 1007 813 oleo
1037 761 1091 814 in
1123 761 1329 815 nomine
1358 762 1590 827 Domini,
1620 763 1882 832 signiﬁcat
1917 762 2034 818 oleo

454 851 511 903 in
555 849 768 903 nomine
800 850 1010 904 Domini
1043 861 1383 916 consecrato,
1410 851 1491 905 vel
1519 862 1664 906 certe
1704 853 1825 920 quia
1870 851 2032 904 etiam

455 954 577 994 cum
626 949 832 1010 ungunt
879 941 1168 1008 inﬁrmum,
1216 958 1408 998 nomen
1453 943 1662 997 Domini
1711 957 1870 1012 super
1911 956 2034 996 eum

455 1031 706 1085 invocare
735 1033 937 1099 pariter
969 1034 1184 1089 debent.
1226 1033 1293 1088 Et
1327 1035 1370 1088 si
1400 1035 1453 1087 in
1485 1034 1706 1103 peccatis
1736 1033 1824 1098 sit,
1853 1033 2033 1086 dimit-

454 1128 630 1171 tantur
654 1120 719 1172 ei.
750 1119 900 1174 Multi
931 1131 1150 1190 propter
1176 1129 1395 1191 peccata
1432 1123 1485 1175 in
1517 1121 1747 1175 animam
1781 1121 1918 1175 facta
1949 1121 2032 1174 in-

454 1205 713 1264 ﬁrmitate
753 1218 847 1263 aut
872 1213 1035 1265 etiam
1067 1220 1238 1268 morte
1268 1212 1570 1282 plectuntur
1592 1211 1852 1281 corporis.
1883 1209 2036 1264 Unde

453 1297 746 1365 Apostolus
785 1299 1112 1368 Corinthiis,
1157 1301 1281 1372 quia
1325 1317 1519 1373 corpus
1562 1301 1769 1356 Domini
1818 1300 2036 1371 indigne

455 1387 737 1455 percipere
771 1398 923 1442 erant
953 1389 1116 1455 soliti,
1146 1391 1222 1447 ait
1251 1409 1263 1445 :
1300 1391 1429 1445 Ideo
1465 1391 1601 1445 inter
1636 1407 1724 1445 vos
1760 1390 1917 1444 multi
1940 1391 2036 1443 im-

458 1475 662 1530 becilles
692 1488 738 1531 et
769 1478 1032 1534 dormiunt
1061 1481 1229 1537 multi.
1260 1482 1316 1538 Si
1339 1499 1468 1554 ergo
1494 1483 1691 1538 inﬁrmi
1722 1483 1771 1537 in
1803 1482 2038 1553 peccatis

456 1573 604 1630 sunt,
639 1574 694 1620 et
736 1567 850 1623 haec
892 1568 1219 1642 presbyteris
1266 1572 1516 1628 Ecclesiae
1555 1572 1782 1628 confessi
1814 1572 2035 1638 fuerint,

457 1668 523 1707 ac
550 1655 787 1723 perfecto
816 1659 1062 1716 eordeea
1093 1661 1394 1730 relinquere
1419 1671 1578 1733 atque
1607 1663 1897 1719 emendare
1924 1671 2036 1717 sat-

457 1744 686 1813 egerint,
730 1745 1066 1803 dimittentur
1102 1751 1200 1804 eis.
1246 1750 1430 1820 Neque
1468 1752 1611 1806 enim
1651 1753 1767 1807 sine
1827 1750 2038 1807 confes-

457 1835 610 1889 sione
653 1838 1043 1894 emendationis
1088 1850 1307 1911 peecata
1357 1851 1560 1911 queunt
1611 1832 1829 1898 dimitti.
1887 1841 2041 1898 Unde
2071 1846 2114 1904 Β

458 1936 606 1981 recte
646 1929 756 1998 77
797 1929 1176 2001 subiungitur:
1210 1933 1541 2003 Con/itemini
1583 1929 1892 1989 alterutrum
1921 1950 2037 2005 pec-

460 2023 578 2068 cata
604 2027 796 2082 vestra,
822 2031 870 2072 et
894 2031 1039 2074 orate
1059 2038 1152 2090 pro
1179 2023 1395 2077 invicem
1423 2033 1479 2076 ut
1504 2025 1794 2079 salvemini.

718 2103 799 2158 De
824 2122 978 2161 sacra
1009 2111 1387 2166 communione.
1420 2110 1570 2166 Unde
1602 2129 1780 2181 supra.

527 2192 715 2252 CXIX.
755 2195 1048 2268 Postquam
1092 2200 1337 2256 iulirmus
1382 2218 1532 2258 sacra
1582 2205 1832 2259 unctione
1879 2202 2040 2259 fuerit

460 2285 750 2352 delibutus,
799 2289 978 2343 statim
1022 2306 1247 2360 corpore
1293 2300 1346 2347 et
1390 2293 1647 2363 sanguine
1694 2294 1901 2350 Domini
1949 2309 2036 2349 re-

458 2378 728 2434 creandus
759 2389 871 2446 est;
912 2389 968 2435 ut
999 2382 1065 2436 de
1101 2384 1250 2454 cujus
1279 2385 1387 2439 vita
1414 2385 1676 2456 corporali
1704 2387 2036 2457 desperatur,

456 2467 716 2523 vivi‘ﬁcari
767 2471 820 2524 in
867 2471 1045 2526 anima
1095 2481 1184 2528 aut
1229 2475 1336 2529 vita
1386 2485 1658 2532 mereatur
1697 2487 1918 2533 teterna.
1951 2479 2040 2533 Ait

457 2558 600 2611 enim
634 2558 888 2615 Dominus
918 2578 932 2616 :
966 2560 1071 2627 Qui
1095 2563 1376 2618 manducet
1405 2582 1613 2619 carnem
1646 2584 1813 2620 meam
1835 2577 1880 2622 et
1915 2567 2038 2621 bibit

457 2648 767 2715 sanguinem
811 2665 1007 2717 meum,
1049 2651 1203 2705 habet
1240 2653 1398 2706 vitam
1433 2663 1703 2708 aeternam.
1754 2655 1821 2708 Et
1859 2673 1874 2708 :
1919 2654 2040 2710 Nisi

456 2737 912 2803 manducaveritis,
945 2756 1050 2794 non
1075 2741 1325 2796 habebitis
1356 2743 1511 2796 vitam
1539 2744 1595 2796 in
1619 2743 1783 2798 vobis.
1813 2744 2042 2798 Proinde

459 2829 633 2884 sancti
663 2845 898 2886 canones
924 2832 1242 2901 praecipiunt
1265 2842 1323 2887 ut
1351 2833 1478 2888 nulli
1519 2833 1663 2889 ﬁdeli
1695 2835 1750 2890 in
1784 2834 2042 2891 extremis

457 2920 636 2987 posito
661 2923 969 2977 communio
997 2923 1310 2994 denegetur.

461 3005 547 3061 Ne
574 3009 837 3088 presbgler
863 3026 1071 3088 sacram
1110 3015 1688 3088 communionemulaicp
1724 3017 1803 3071 vel
1835 3018 2043 3088 feminte

568 3078 638 3131 ad
663 3079 1000 3148 deferendum
1033 3083 1227 3136 tradat.
1265 3083 1352 3138 Ea:
1389 3086 1607 3139 concilio
1636 3078 1936 3142 Rheme'nsi.

532 3167 1031 3266 Clili.(_Bnncusnn.
1052 3173 1146 3228 lib.
1169 3191 1222 3238 v,
1245 3190 1295 3229 c.
1320 3174 1409 3239 '50,
1426 3183 1478 3230 et
1499 3176 1622 3230 dist.
1646 3175 1700 3242 2,
1725 3176 1788 3231 de
1808 3193 2038 3231 consecr.
2072 3203 2116 3266 ο

462 3275 513 3315 c.
545 3260 666 3332 29.),
706 3261 954 3319 Pervenit
995 3265 1062 3320 ad
1105 3266 1350 3321 notitiam
1393 3276 1630 3322 nostram
1656 3269 1800 3338 quod
1827 3269 2044 3338 quidam

463 3351 763 3426 presbyteri
808 3355 860 3409 in
891 3363 1095 3410 tantum
1137 3356 1526 3426 parvipendant
1555 3357 1735 3416 divina
1769 3358 2048 3430 mysteria,

465 3449 524 3494 ut
550 3440 686 3496 laico
727 3452 818 3498 aut
848 3443 1060 3501 feminae
1104 3460 1320 3501 sacrum
1350 3461 1546 3517 corpus
1588 3447 1797 3500 Domini
1836 3448 2052 3502 tradant

463 3531 532 3585 ad
569 3531 917 3588 deferendum
971 3534 1230 3603 infirmis;
1275 3544 1331 3590 et
1377 3535 1571 3605 quibus
1616 3535 1932 3606 prohibetur
1981 3550 2050 3589 ne

465 3624 766 3678 sacrarium
818 3626 1221 3697 ingrediantur,
1271 3641 1372 3682 nec
1421 3627 1488 3682 ad
1540 3625 1710 3681 altare
1763 3627 2051 3696 appropin-

465 3727 654 3787 quent,
697 3720 802 3776 illis
838 3720 1036 3776 Sancta
1075 3730 1384 3776 sanctorum
1420 3720 1851 3775 committuntur.
1896 3717 2050 3784 Quod

464 3825 626 3881 quam
666 3812 738 3866 sit
772 3812 1049 3877 horribile,
1085 3828 1248 3882 quam
1282 3811 1616 3874 detestabile,
1657 3809 1896 3866 omnium
1929 3809 2053 3864 reli-

465 3903 738 3971 giosorum
783 3904 1162 3959 animadvertit
1212 3902 1518 3975 prudentia.
1571 3903 1738 3973 Igitur
1781 3903 2054 3957 interdicit

463 4008 565 4062 per
608 3992 790 4048 omnia
838 3993 1072 4064 synodus
1119 4007 1187 4048 ne
1223 3991 1344 4047 talis
1375 3991 1660 4047 temeraria
1707 3990 2053 4060 praesumptio

466 4083 696 4138 ulterius
733 4083 848 4151 ﬁat,
897 4085 992 4140 sed
1041 4084 1347 4139 omnimode
1392 4083 1673 4154 presbyter
1715 4096 1812 4152 per
1859 4090 2054 4137 semet-

467 4173 643 4243 ipsum
678 4175 948 4230 int‘mmum
974 4176 1353 4231 communicet.
1388 4175 1540 4242 Quod
1578 4175 1622 4230 si
1655 4174 1812 4230 aliter
1841 4173 2048 4241 iecerit,

467 4268 672 4335 gradus.
697 4267 777 4322 sui
807 4267 1048 4338 periculo
1080 4267 1398 4338 subjacebit.

460 4361 582 4430 ,78
619 4359 687 4414 Ut
736 4360 883 4415 nulla
912 4361 1150 4430 praemia
1178 4376 1292 4430 prg
1329 4359 1664 4430 baptizandis
1698 4360 2050 4430 requirantur.

895 4429 980 4482 Ea:
1005 4427 1220 4498 epistola
1245 4427 1439 4482 Gelasii
1461 4445 1632 4498 papw.

541 4517 726 4574 CXXI.
769 4517 1028 4588 (Decreta
1063 4518 1261 4574 Ceus.
1301 4534 1349 4572 c.
1391 4519 1456 4583 5;
1493 4517 1801 4573 Bnncuann.
1844 4519 1937 4572 lib.
1977 4533 2052 4582 tv,

470 4629 523 4668 e.
555 4613 667 4681 7i.)
707 4611 1050 4680 Baptizandis
1086 4609 1571 4680 consignandisque
1603 4609 1844 4664 ﬁdelibus
1881 4609 2056 4678 pretia
2089 4609 2108 4676 ζ

2130 590 2397 658 putredini
2443 605 2684 660 quaerere
2725 602 2782 648 et
2829 592 2896 647 de
2939 592 3116 647 alieno
3164 592 3300 648 velle
3340 591 3527 649 facere
3576 593 3725 647 luctu
3769 585 3772 588 ’

2131 684 2526 752 compendium.
2583 685 2692 740 Hoc
2739 693 2917 740 autem
2951 686 3140 739 vitium
3178 694 3234 740 et
3269 701 3387 749 nos,
3424 694 3726 756 postquam

2131 771 2240 825 Deo
2263 782 2480 829 auctore
2508 774 2573 828 ad
2603 777 2942 844 episcopatus
2976 777 3237 830 honorem
3262 778 3629 836 accessimus.
3660 779 3730 831 de

2131 861 2370 918 Ecclesia
2403 874 2584 919 nostra
2611 868 2834 922 omnino
2871 869 3160 935 vetnimus,
3198 878 3253 924 et
3290 885 3515 939 pravam
3543 871 3732 924 denuo

2132 956 2572 1011 consuetudinem
2631 963 2972 1028 nequaquam
3030 961 3276 1029 usurpari
3341 961 3731 1029 permisimus,

2133 1057 2400 1098 memores
2427 1045 2552 1114 quia
2595 1045 2724 1100 dum
2772 1048 3040 1102 Abraham
3086 1064 3115 1102 a
3161 1048 3286 1104 ﬁliis
3323 1050 3579 1118 Ephron,
3626 1052 3734 1105 hoc

2133 1139 2238 1196 est,
2270 1131 2379 1187 ﬁlio
2405 1131 2560 1198 Seer,
2597 1134 2829 1204 sepulcri
2866 1137 3096 1204 pretium
3135 1137 3201 1190 ad
3230 1137 3578 1191 humandum
3607 1151 3736 1191 cor-

2133 1241 2234 1296 pus
2260 1224 2502 1298 conjugis
2534 1227 2847 1298 postularet,
2875 1229 3106 1298 pretium
3144 1230 3390 1299 accipere
3420 1229 3633 1292 renuit,
3664 1245 3737 1282 ne

2135 1318 2474 1373 commodum
2525 1319 2800 1374 videretur
2845 1319 2912 1374 de
2958 1319 3220 1374 cadavere
3264 1329 3616 1374 consecutus.
3671 1316 3734 1373 Si

2134 1424 2268 1480 ergo
2301 1417 2462 1463 tautae
2489 1410 2934 1466 eonsiderationis
2969 1424 3208 1480 paganus
3235 1411 3319 1464 vir
3355 1410 3476 1472 fuit,
3517 1419 3734 1479 quanto

2137 1502 2308 1572 magis
2346 1517 2464 1567 nos,
2501 1504 2590 1572 qui
2628 1504 2938 1559 sacerdotes
2969 1506 3220 1570 dicimur,
3257 1505 3360 1560 hoc
3395 1504 3579 1560 facere
3620 1521 3735 1558 non

2137 1591 2426 1648 debemus?
2458 1593 2605 1650 Unde
2633 1595 2736 1650 hoc
2767 1595 3007 1649 avaritiae
3036 1595 3223 1649 vitium
3252 1611 3320 1650 ne
3346 1595 3430 1650 vel
3452 1595 3506 1648 iu
3529 1595 3737 1648 alienis

2138 1683 2314 1739 denuo
2370 1685 2562 1738 tentari
2619 1684 2733 1755 79
2778 1693 3133 1754 praesumetur
3185 1685 3468 1739 admoneo.
3523 1682 3638 1738 Sed
3688 1685 3737 1737 si

2139 1774 2352 1843 quando
2373 1775 2603 1844 aliquem
2626 1777 2678 1830 iu
2702 1775 2938 1831 Ecclesia
2960 1785 3138 1830 vestra
3163 1777 3375 1854 sepeliri
3401 1778 3736 1842 conceditis,

2143 1869 2406 1940 siquidem
2437 1878 2686 1939 parentes
2728 1869 2917 1940 ipsius,
2949 1868 3200 1938 proximi,
3228 1868 3310 1924 vel
3353 1867 3598 1924 hmredes
3632 1884 3738 1937 pro

2141 1953 2504 2018 lnminaribus'
2519 1972 2707 2032 sponte
2735 1962 2862 2032 quid
2903 1960 3096 2016 oﬁ’erre
3139 1960 3425 2026 voluerint,
3474 1963 3738 2029 accipere

2141 2066 2246 2106 non
2280 2061 2541 2108 vetamus.
2575 2051 2686 2108 Peti
2712 2066 2838 2107 vero
2866 2060 2959 2106 aut
2987 2051 3186 2120 aliquid
3213 2052 3350 2121 exigi
3379 2053 3527 2106 omni
3569 2054 3738 2105 tundo

2142 2143 2517 2213 prohibemus;
2564 2157 2650 2206 ne,
2695 2143 2838 2212 quod
2883 2141 3035 2197 valde
3079 2141 3434 2210 irreligiosum
3481 2151 3590 2206 est,
3639 2152 3740 2196 aut

2141 2234 2368 2296 venalis,
2411 2235 2553 2304 quod
2597 2233 2758 2298 absit,
2803 2234 3013 2288 dicatur
3054 2233 3312 2299 Ecclesia,
3359 2245 3475 2296 aut,
3521 2249 3620 2288 vos
3667 2235 3738 2288 de

2144 2325 2394 2379 humanis
2426 2324 2708 2380 videamini
2751 2324 3015 2380 mortibus
3053 2325 3332 2395 gratulari,
3363 2326 3407 2380 si
3438 2341 3505 2380 ex
3538 2340 3736 2380 eorum

2142 2417 2495 2472 cadaveribus
2537 2414 2760 2473 stttdetis
2804 2430 3048 2487 quaerere
3092 2416 3332 2486 quolibet
3371 2417 3537 2471 modo
3577 2431 3735 2471 com-

2141 2509 2415 2578 pendium.

2230 2600 2302 2654 De
2340 2601 2520 2655 eadem
2562 2618 2636 2655 re.
2681 2599 2761 2655 Ea:
2798 2599 3020 2655 concilio
3062 2599 3344 2664 Mcldensi,
3393 2618 3515 2667 cap.
3554 2601 3650 2655 72.

2213 2689 2440 2744 CXXIII.
2481 2687 2810 2760 (Capitulare
2851 2689 3183 2755 TllEODULl-‘I,
3216 2706 3266 2745 c.
3299 2689 3363 2755 9;
3399 2691 3635 2745 thnnr.
3684 2706 3733 2744 ε.

2146 2778 2244 2844 i9;
2283 2779 2559 2834 ABYTONIS
2614 2795 2661 2834 e.
2711 2779 2816 2845 23;
2848 2776 3156 2834 Βυιιςιιλιιυ,
3202 2779 3296 2833 lib.
3341 2796 3424 2845 ur,
3473 2795 3524 2834 c.
3583 2781 3735 2849 158.)

2147 2867 2214 2923 Ut
2242 2884 2400 2924 nemo
2423 2870 2719 2939 quemlibet
2743 2881 3012 2926 mortuum
3041 2871 3093 2924 in
3125 2870 3347 2926 ecclesia
3370 2872 3527 2942 quasi
3561 2873 3741 2926 hzere-

2147 2961 2344 3017 ditario
2372 2963 2524 3033 jure,
2566 2964 2668 3018 nisi
2700 2979 2861 3034 quem
2899 2965 3184 3035 episcopus
3209 2974 3299 3019 aut
3323 2966 3612 3036 presbyter
3640 2982 3740 3034 pro

2147 3053 2401 3122 qualitate
2443 3054 2866 3109 conversationis
2909 3064 3002 3108 aut
3051 3055 3178 3110 vita:
3223 3055 3442 3125 dignum
3489 3056 3740 3116 duxerit,

2148 3143 2373 3215 sepelire
2423 3154 2741 3214 praesumat;
2802 3159 2898 3199 nec
2943 3145 3226 3215 quisquam
3273 3161 3395 3200 ossa
3441 3145 3741 3214 cujuslibet

2151 3233 2350 3288 mortui
2379 3233 2445 3288 de
2473 3234 2721 3303 sepulcro
2747 3251 2846 3290 suo
2875 3232 3097 3303 ejicere,
3142 3242 3233 3289 aut
3275 3235 3615 3304 sepulturam
3646 3250 3740 3288 cu-

2143 3323 2394 3393 jusquam
2453 3326 2740 3380 temerario
2764 3341 2896 3379 ausu
2939 3341 3157 3395 quoquo
3207 3327 3366 3380 modo
3400 3325 3588 3388 violet,
3644 3324 3740 3380 sed

2150 3430 2588 3485 unumquemque
2649 3417 2703 3470 in
2763 3415 2939 3471 loculo
2988 3416 3090 3470 sibi
3139 3431 3169 3470 a
3202 3415 3312 3470 Deo
3339 3423 3530 3485 parato
3570 3424 3740 3484 atque

2152 3520 2410 3561 concesso
2443 3506 2732 3561 adventum
2772 3507 2854 3560 sui
2883 3507 3082 3577 judicis
3105 3506 3405 3576 prtestolari
3435 3507 3737 3568 concedat;

2152 3597 2390 3652 maxime
2424 3612 2546 3651 cum
2575 3612 2680 3652 non
2709 3597 2882 3652 solum
2928 3598 3121 3652 divina:
3146 3598 3310 3668 leges,
3360 3599 3457 3652 sed
3486 3598 3656 3652 etiam
3686 3607 3744 3650 et

2154 3687 2416 3752 humanae,
2452 3688 2591 3756 apud
2623 3690 2911 3743 humanam
2946 3687 3333 3757 rempublicam
3356 3685 3741 3756 sepulcrorum

2151 3779 2442 3835 violatores
2473 3794 2594 3835 reos
2617 3781 2807 3835 mortis
2832 3778 3145 3848 diiudicent.
3178 3778 3283 3833 Sed
3323 3787 3380 3832 et
3414 3793 3593 3848 neque
3638 3793 3743 3847 pro

2152 3870 2270 3925 loco
2314 3871 2619 3941 sepulturae,
2651 3881 2709 3925 ut
2756 3871 2936 3926 verbis
2977 3869 3151 3924 sancti
3203 3869 3444 3939 Gregorii
3495 3880 3742 3933 utamur,

2155 3963 2384 4032 pretium
2416 3962 2480 4016 de
2509 3969 2654 4015 terra
2699 3973 2957 4015 concessa
3011 3958 3282 4028 putredini
3311 3973 3558 4027 quaerere
3583 3967 3640 4011 et
3673 3958 3743 4011 de

2154 4051 2329 4105 alieno
2357 4050 2488 4104 velle
2516 4049 2696 4104 facere
2739 4049 2885 4104 luctu
2923 4049 3302 4118 compendium
3351 4049 3532 4118 aliquo
3572 4050 3743 4102 modo

2155 4150 2378 4196 tentent.
2437 4139 2495 4195 Si
2561 4141 2774 4210 quando
2819 4150 2996 4194 autem
3063 4141 3292 4210 proximi
3360 4141 3441 4194 vel
3493 4141 3746 4194 haerccles

2155 4243 2348 4302 sponte
2381 4232 2582 4301 aliquid
2610 4231 2804 4287 oﬁ'erre
2849 4233 2901 4286 in
2931 4231 3155 4287 ecclesia
3181 4232 3449 4286 voluerint
3495 4235 3547 4286 in
3590 4233 3741 4286 elee-

2155 4341 2378 4396 mosyna
2421 4323 2696 4388 defunctiJ
2721 4324 2965 4394 accipere
3015 4341 3119 4377 non
3161 4334 3422 4378 velamus.
3456 4323 3571 4376 I’eti
3610 4339 3744 4377 vero

2157 4425 2249 4470 aut
2278 4417 2478 4486 aliquid
2513 4417 2655 4486 exigi
2685 4417 2796 4487 80
2825 4415 3044 4470 omnino
3070 4416 3443 4483 prohibemus;
3476 4429 3561 4476 ne,
3596 4413 3745 4482 quod

2162 4506 2314 4560 valde
2351 4506 2708 4578 irreligiosum
2737 4514 2844 4570 est,
2875 4513 2968 4558 aut
3006 4504 3231 4565 venalis,
3278 4503 3420 4573 quod
3453 4503 3617 4566 absit,
3661 4503 3747 4555 dio

2163 4610 2317 4654 catur
2343 4601 2603 4664 Ecclesia,
2642 4609 2733 4653 aut
2765 4599 2831 4654 de
2856 4598 3107 4652 humanis
3152 4597 3414 4651 mortibus
3461 4595 3747 4648 videamur

471 4702 617 4758 nulla
646 4701 950 4772 praeﬁgant,
981 4715 1082 4757 nec
1113 4700 1440 4755 illationibus
1475 4698 1803 4768 quibuslibet
1839 4699 2062 4767 imposi-
2161 4690 2419 4758 gratulari
2449 4731 2464 4754 .
2513 4690 2558 4743 si
2596 4688 2973 4758 compendium
3019 4687 3212 4742 exinde
3265 4685 3544 4741 studemus
3584 4685 3746 4738 modo

473 4799 545 4852 tis
598 4795 872 4863 exagitare
923 4795 1140 4866 cupiant
1194 4801 1558 4856 renascentes,
1611 4791 1864 4860 quoniam
1913 4791 2056 4859 quod

474 4886 643 4956 gratis
683 4883 1004 4953 accepimus,
1057 4883 1224 4952 gratis
1265 4882 1394 4936 dare
1441 4879 1775 4935 mandamur.
1825 4880 1891 4933 Et
1937 4880 2057 4934 ideo

477 4975 609 5031 nihil
640 4989 670 5029 a
699 4974 969 5043 praedictis
991 4987 1215 5044 prorsus
1242 4971 1458 5041 exigere
1486 4968 1801 5034 moliantur,
1825 4982 1931 5037 quo
1971 4968 2052 5026 vel

475 5073 792 5138 paupertate
817 5073 1043 5135 cogente
1067 5059 1333 5124 deterriti,
1356 5059 1439 5114 vel
1469 5059 1831 5130 indignatione
1861 5058 2055 5123 vocati,

478 5151 865 5225 redemptionis
912 5167 1023 5208 smn
1069 5165 1264 5205 causas
1301 5149 1447 5203 adire
1477 5147 1805 5217 despiciant;
1851 5157 2056 5202 certum

477 5247 741 5301 habentes
781 5244 923 5296 nuod
963 5242 1052 5294 nui
1105 5239 1368 5296 Drobibita
1413 5237 1696 5292 anlmiSisse
1728 5236 1926 5288 {iuerint
1968 5236 2060 5291 de-

2159 4780 2398 4850 quolibet
2425 4793 2689 4849 quterere.

2161 4873 2228 4928 Ut
2265 4873 2440 4928 nullus
2488 4874 2542 4928 in
2566 4871 2782 4927 ecclesia
2809 4881 3068 4926 mortuum
3095 4868 3328 4939 sepeliat.
3366 4866 3453 4920 Ex
3485 4864 3745 4937 Capitulis

2616 4941 2954 5012 synodalibus
2977 4981 2992 5006 ,
3049 4942 3130 4994 tit.
3162 4939 3284 4994 156.

2230 5036 2464 5093 CXXIV.
2506 5035 2666 5108 (Lib.
2711 5033 3058 5105 tCapitular.
3120 5049 3170 5088 c.
3227 5030 3391 5100 159.)
3444 5029 3518 5086 Ut
3570 5027 3745 5083 nullus

2161 5128 2414 5196 deinceps
2449 5126 2502 5180 in
2547 5124 2775 5182 ecclesia
2807 5131 3078 5178 mortuum
3110 5121 3354 5193 sepeliet.

2582 5217 2658 5272 De
2690 5217 2871 5273 eadem
2919 5233 2993 5270 re.
3040 5215 3169 5285 Cap.
3226 5214 3317 5269 46.

2245 5309 2425 5342 .wvvn:
2488 5308 2531 5338 Il
2556 5310 2626 5358 ιιι,
2660 5325 2697 5352 ιι
2753 5305 3046 5360 canuntur-
3102 5325 3150 5352 ρ-
3178 5309 3274 5352 .47-
3312 5309 3504 5360 cmtcil.
3551 5309 3740 5361 Ανάαΐ.
