3944 6432
160 409 268 466 ΞΠ

1001 405 1090 460 ΒΕ
1127 403 1405 464 ECCLES.
1445 401 1728 459 DISCIPL.
1768 399 1973 467 LIBRO
2010 403 2172 464 DUO.
2212 439 2282 451 —
2319 409 2452 468 LIB.
2490 411 2513 466 I

3320 417 3429 474 218

159 521 634 594 Ρτωείρίειιόιιω,
686 520 981 577 secundum
1033 531 1299 576 canondm
1351 519 1752 582 auctoritatem,

1876 538 2020 591 super
2047 523 2192 579 illum
2228 527 2331 582 erit
2371 528 2461 597 qui
2493 506 2590 598 per
2616 543 2770 585 suam
2821 529 3199 602 negligentiam
3232 528 3432 600 ja-nuas

159 625 226 671 ut
258 615 328 670 de
365 613 629 684 sepulcris
665 623 721 669 et
755 613 1064 692 hominibus
1085 613 1413 684 sepeliendis
1451 613 1585 668 nihil
1633 629 1754 666 mu-
1850 616 2087 685 paradisi
2138 617 2515 673 innocentibus
2569 619 2800 675 clausit?
2834 620 2902 675 Et
2952 621 3073 676 ideo
3122 621 3431 694 presbyteri

160 704 317 760 neris
343 705 597 774 exigant;
647 704 752 758 nisi
775 703 913 759 forte
959 705 1049 774 qui
1083 704 1364 773 sepelitur,
1407 704 1594 758 vivens
1632 704 1749 774 jus-

162 795 304 850 serit
331 794 594 858 ecclesia,
651 797 705 852 in
766 795 921 865 cujus
985 797 1126 851 atrio
1179 797 1479 866 sepelitur,
1525 796 1592 850 de
1640 795 1753 850 suis

162 882 333 938 rebus
367 882 569 952 aliquid
608 883 881 949 trilmere,
925 893 1019 937 aut
1059 883 1221 938 etiam
1263 892 1386 953 post
1415 889 1641 937 mortem
1691 880 1754 934 il-

161 970 289 1032 lius,
314 971 509 1038 quibus
527 971 870 1026 commissum
892 979 974 1026 est
993 971 1109 1041 ejus
1131 968 1527 1041 eleemosynam
1551 971 1752 1035 facere,

159 1061 235 1116 de
271 1061 438 1114 rebus
467 1061 610 1115 illius
644 1060 845 1130 aliquid
882 1061 1012 1115 dare
1068 1069 1258 1131 sponte
1305 1059 1593 1114 voluerint.
1651 1058 1755 1113 Ta-

164 1164 295 1204 men
333 1151 642 1204 nullatenus
668 1165 698 1204 a
744 1149 1074 1220 presbyteris
1106 1148 1213 1205 illis
1251 1149 1452 1220 aliquid
1485 1147 1752 1216 exigatur,

160 1241 285 1297 sive
331 1241 403 1297 ab
433 1241 538 1297 illis
572 1242 664 1311 qui
700 1241 834 1298 locis
873 1251 929 1298 et
957 1242 1090 1297 vicis
1133 1251 1395 1312 przesunt.
1451 1240 1751 1296 Prohiben-

162 1329 295 1384 dum
322 1331 510 1398 etiam,
541 1332 840 1388 secundum
869 1331 1135 1400 majorum
1161 1331 1426 1398 instituta,
1471 1339 1533 1387 ut
1576 1332 1633 1386 in
1671 1345 1756 1387 ec-

160 1419 334 1475 clesia
381 1421 686 1479 nullatenus
727 1424 1096 1495 sepeliantur,
1149 1427 1245 1482 sed
1276 1427 1331 1482 in
1389 1426 1529 1481 atrio
1572 1434 1665 1480 aut
1699 1425 1755 1481 in

158 1514 384 1582 porticu
417 1524 510 1570 aut
539 1516 738 1571 exedra
773 1517 1034 1572 ecclesiae.
1083 1518 1227 1573 lnl'ra
1271 1518 1556 1574 ecclesiam
1598 1532 1752 1583 vero,

159 1612 261 1656 aut
309 1619 480 1674 prope
541 1605 711 1661 altare
737 1647 752 1672 ,
797 1607 888 1662 ubi
931 1621 1129 1677 corpus
1175 1607 1388 1663 Domini
1440 1615 1496 1662 et
1537 1606 1756 1675 sanguis

158 1693 499 1762 conﬁcitur,
572 1697 877 1754 nullatenus
950 1699 1187 1755 habeant
1261 1697 1537 1754 licentiam
1601 1712 1755 1768 sepe-

159 1784 352 1840 liendi.
701 1845 712 1858 ο

271 1879 382 1950 81
441 1880 516 1935 De
563 1883 741 1936 eadem
773 1899 848 1938 re.
912 1883 997 1938 Ea:
1034 1884 1253 1939 concilio
1301 1883 1643 1938 Triburiensi.

237 1970 478 2026 CXXVI.
522 1968 746 2041 (Concil.
781 1973 992 2028 Tribur.
1021 1990 1070 2029 c.
1098 1973 1184 2039 I5,
1225 1973 1338 2043 16.)
1379 1974 1469 2037 Ut,
1516 1973 1560 2028 si
1587 1970 1757 2042 possit

161 2063 290 2119 ﬁeri
317 2104 333 2128 ,
380 2065 576 2120 mortui
621 2081 727 2121 non
773 2066 900 2120 alibi
948 2067 1280 2137 sepeliantur
1332 2076 1530 2137 prznter
1562 2067 1630 2120 ad
1667 2080 1755 2120 ec-

161 2153 418 2222 clesiam,
468 2165 524 2212 et
557 2156 810 2227 deinceps
855 2157 988 2213 nihil
1019 2157 1269 2230 exigatur
1307 2175 1405 2230 pro
1445 2157 1623 2229 pretio
1663 2172 1755 2213 se-

162 2242 422 2312 pulturae.
799 2319 806 2324 ι

583 2336 664 2392 De
695 2339 877 2393 eadem
911 2355 987 2396 re.
1031 2339 1118 2394 Ea:
1151 2340 1350 2396 eodem.

243 2426 502 2483 CXXVII.
541 2429 874 2500 (Buncnaan.
923 2431 1017 2485 lib.
1069 2446 1142 2494 tv,
1175 2446 1224 2486 c.
1261 2429 1410 2499 101.)
1442 2430 1652 2485 Dictum
1675 2438 1758 2484 est

165 2518 228 2572 in
259 2519 581 2588 quibusdam
603 2520 738 2577 locis
767 2535 865 2591 pro
894 2523 1238 2594 perceptione
1270 2523 1580 2578 chrismatis
1602 2538 1758 2576 num-

165 2624 292 2664 rnos
339 2611 453 2664 dari
508 2611 727 2677 solere,
785 2627 885 2682 pro
933 2612 1200 2683 baptismo
1244 2622 1300 2668 et
1355 2613 1755 2667 communione.

169 2699 290 2756 Hoc
335 2701 647 2757 simoniacae
689 2702 911 2758 haeresis
949 2718 1132 2758 semen
1168 2703 1432 2758 detestata
1456 2712 1538 2757 est
1572 2712 1757 2758 sancta

165 2789 414 2861 synodus
467 2800 521 2846 et
567 2793 1066 2856 anathematizavit,
1127 2802 1266 2847 etut
1313 2793 1382 2848 de
1419 2803 1616 2848 caetero
1659 2807 1760 2849 nec

166 2896 273 2951 pro
314 2881 656 2938 ordinatione
710 2897 811 2937 nec
842 2897 938 2952 pro
989 2883 1284 2938 chrismate
1332 2883 1415 2936 vel
1465 2883 1755 2952 baptismo,

166 2989 276 3028 nec
319 2988 419 3043 pro
465 2975 741 3044 sepultura
777 2975 862 3028 vel
892 2975 1272 3029 communione
1312 2974 1605 3044 quidquam
1647 2975 1762 3028 exi-

170 3077 358 3135 gatur,
389 3066 483 3121 sed
517 3066 686 3138 gratis
727 3067 864 3122 dona
914 3066 1116 3121 Christi
1160 3067 1392 3136 gratuita
1448 3066 1762 3136 dispensen-

170 3164 265 3208 tur
301 3153 647 3226 [Burch’ard.,
702 3155 1106 3225 dispensatione
1151 3153 1470 3225 donentur].

171 3242 254 3299 De
279 3245 572 3314 infantibus
609 3246 829 3315 mortuis
862 3262 954 3313 per
980 3245 1344 3315 negligentiam
1377 3261 1482 3298 non
1524 3245 1763 3315 bapttza-
1790 3231 1835 3294 C

497 3316 584 3369 tis.
632 3314 719 3369 Ea:
755 3313 1146 3379 Pwnitentiali‘,
1191 3332 1303 3384 cap.
1354 3316 1440 3369 I7.

248 3403 528 3460 CXXVIII.
568 3405 792 3461 Patiens
839 3404 1077 3471 femina,
1133 3405 1286 3474 cujus
1331 3405 1474 3462 [ilius
1517 3420 1616 3475 per
1664 3420 1761 3460 ne-

173 3493 491 3564 gligentiam
534 3509 640 3548 non
675 3495 981 3564 baptizatus
1044 3495 1280 3561 obierit,
1341 3511 1541 3551 annum
1597 3511 1763 3550 unum

174 3585 483 3655 paeniteat,
537 3593 592 3640 et
639 3601 914 3655 nunquam
950 3587 1022 3641 sit
1067 3587 1184 3642 sine
1229 3587 1407 3656 aliqua
1448 3588 1764 3657 poenitentia

177 3673 352 3744 (I98).
389 3673 445 3728 Si
489 3676 776 3738 sacerdos,
839 3675 904 3729 ad
960 3690 1120 3744 quem
1162 3677 1504 3746 pertinebat,
1540 3686 1764 3733 vocatus

179 3765 346 3821 fuerit
379 3767 446 3820 ad
478 3767 856 3837 baptizandum
885 3765 1166 3832 infantem,
1197 3776 1252 3823 et
1293 3767 1478 3823 venire
1511 3768 1766 3839 neglexe-

181 3857 297 3922 rit,
348 3857 465 3926 ipse
508 3857 800 3912 secundum
855 3856 1260 3911 damnationem
1317 3856 1511 3912 anima:
1559 3856 1764 3924 judicio

178 3947 418 4017 episcopi
464 3947 546 4001 sui
591 3946 904 4017 castigetur.
951 3945 1057 4001 Sed
1107 3955 1161 4000 et
1221 3946 1472 4002 omnibus
1518 3945 1764 4002 ﬁdelibus

180 4037 328 4104 licet,
365 4039 457 4092 ubi
497 4038 637 4092 forte
677 4039 968 4092 morituros
1013 4038 1320 4093 invenerint
1367 4053 1474 4093 non
1520 4038 1765 4108 baptiza-

182 4138 300 4193 tos,
349 4129 460 4183 imo
494 4136 818 4198 praeceptum
842 4136 956 4194 est,
1005 4143 1194 4182 omnes
1225 4127 1435 4183 animas
1476 4127 1687 4197 eripere
1733 4140 1763 4180 a

180 4218 398 4274 diabolo
429 4233 523 4287 per
549 4217 836 4287 baptisma,
893 4217 947 4271 id
996 4225 1078 4272 est
1118 4216 1398 4271 benedicta
1443 4230 1580 4286 aqua
1634 4215 1766 4269 sim-

179 4310 399 4382 pliciter
444 4311 498 4364 in
557 4310 774 4364 nomine
825 4309 1075 4374 Domini,
1129 4317 1183 4364 et
1226 4308 1502 4378 baptizare
1537 4307 1657 4362 illos
1711 4307 1764 4362 in

181 4402 404 4456 nomine
439 4400 636 4465 Patris,
663 4408 720 4454 et
753 4399 895 4465 Filii,
934 4407 988 4453 et
1035 4399 1270 4469 Spiritus
1322 4397 1539 4462 sancti,
1602 4397 1766 4451 intin-

181 4500 298 4545 ctos
324 4498 417 4542 aut
446 4487 724 4558 superfusa
755 4502 916 4557 aqua.
953 4487 1107 4543 Unde
1136 4495 1350 4557 oportet
1382 4486 1492 4556 82
1528 4499 1642 4551 eos,
1669 4485 1761 4554 qui

1853 721 2062 761 summa
2106 706 2378 777 diligentia
2415 718 2645 764 caveant
2693 726 2762 766 ne
2805 711 3040 776 animas,
3092 726 3190 782 pro
3232 712 3434 782 quibus

1853 797 2072 866 sanguis
2113 796 2313 852 Christi
2359 797 2560 854 ell‘usus
2589 808 2691 865 est,
2737 815 2834 870 per
2877 816 3028 856 suam
3073 799 3346 855 incuriam
3398 816 3432 858 ε

1855 887 2060 942 εωιθειί
2101 889 2439 944 beatitudine
2480 900 2753 959 separent.
2799 891 2904 946 Sed
2952 892 3030 956 si,
3076 891 3219 960 quod
3268 889 3434 960 absit,

1854 977 2117 1042 evenerit,
2161 977 2310 1048 gravi
2337 979 2666 1048 poenitentiae
2715 980 2860 1035 luctu
2910 980 3098 1036 diebus
3143 981 3268 1036 vita:
3321 995 3434 1037 suae

1855 1086 1914 1127 se
1943 1071 2214 1128 submittat
2259 1088 2355 1143 per
2378 1072 2529 1142 cujus
2558 1075 2801 1130 evenerit
2834 1075 3156 1146 neglectum.

2226 1163 2303 1218 De
2342 1164 2521 1218 eadem
2554 1180 2627 1219 re.
2675 1162 2826 1218 Unde
2872 1182 3053 1234 supra.

1925 1255 2138 1310 CXXX.
2179 1253 2343 1324 Cujus
2386 1253 2640 1325 parvulus
2683 1255 2736 1309 in
2782 1255 3104 1326 negligentia
3135 1255 3252 1310 sine
3303 1254 3435 1323 bap-

1856 1343 2016 1409 tismo
2064 1351 2307 1399 mortuus
2347 1342 2526 1410 fuerit,
2553 1351 2664 1400 tres
2689 1358 2860 1401 annos
2891 1345 3173 1415 paeniteat,
3197 1343 3431 1415 primum

1855 1448 1919 1489 ex
1947 1433 2031 1488 his
2056 1433 2110 1488 in
2138 1448 2276 1505 pane
2303 1443 2359 1490 et
2383 1449 2544 1503 aqua.

1857 1525 1943 1582 Ne
1980 1525 2262 1596 oblationes
2303 1528 2358 1581 in
2395 1527 2636 1591 domibus
2673 1528 2993 1596 oﬁ'erantur,
3045 1535 3092 1581 et
3145 1543 3209 1580 ne
3244 1524 3436 1596 ptime

1924 1605 2072 1677 extra
2129 1595 2395 1652 ecclesiam
2469 1593 2763 1652 cantentur.
2820 1597 2906 1652 Ea:
2959 1595 3178 1652 concilio
3233 1593 3434 1648 Laodi-

1925 1682 2086 1722 εεηει.

1924 1757 2160 1814 CXXXI.
2203 1759 2425 1831 (Concil.
2452 1758 2667 1813 Laodic.
2694 1774 2744 1813 c.
2771 1757 2870 1824 58;
2903 1757 3081 1811 Addit.
3106 1772 3188 1821 ιιι,
3223 1770 3272 1809 c.
3304 1766 3340 1808 4
3384 1761 3440 1808 et

1780 1871 1828 1932 Β
1855 1849 1965 1915 Ης
2000 1849 2306 1904 Buncnann.
2346 1849 2438 1905 lib.
2487 1866 2570 1915 ιιι,
2611 1866 2661 1904 c.
2702 1850 2815 1919 60.)
2863 1849 3016 1918 Quod
3057 1863 3162 1902 non
3191 1853 3438 1917 oporteat

1855 1938 1910 1992 in
1976 1939 2226 1995 domibus
2271 1938 2573 1994 oblationes
2609 1939 2872 1995 celebrari
2922 1939 2989 1992 ab
3031 1937 3298 2009 episcopis
3351 1934 3436 1990 vel

1855 2028 2202 2100 presbyteris.

2460 2118 2608 2176 Unde
2652 2137 2833 2190 supra.

1927 2209 2185 2266 CXXXII.
2229 2210 2557 2282 (Buncaann.
2597 2211 2690 2266 lib.
2733 2225 2815 2277 ιιι,
2864 2224 2914 2264 c.
2947 2205 3061 2278 61.)
3111 2206 3320 2260 Dictum
3355 2214 3440 2258 est

1857 2303 2015 2360 nobis
2066 2304 2206 2373 quod
2239 2304 2456 2373 quidam
2502 2302 2612 2373 83
2643 2302 2765 2357 laici
2811 2303 2865 2356 in
2905 2299 3153 2356 domibus
3202 2295 3438 2366 propriis

1857 2394 2178 2465 praecipiant
2204 2393 2536 2464 presbyteris
2562 2393 2757 2447 missas
2779 2391 3062 2446 celebrare
3087 2397 3144 2442 et
3175 2387 3315 2441 inter
3336 2399 3434 2438 ca-

1857 2498 1986 2539 num
2057 2483 2334 2538 discursus
2381 2491 2435 2538 et
2505 2490 2806 2538 scortorum
2867 2495 3058 2552 greges
3133 2473 3439 2532 sanctitatis

1858 2576 2112 2648 mysteria
2181 2576 2492 2646 polluantur
2563 2574 2738 2644 magis
2804 2587 2966 2643 quam
3031 2575 3439 2626 consecrentur.

1860 2667 2199 2736 Quapropter
2245 2666 2590 2737 praecipimus
2637 2674 2698 2719 ut
2723 2664 2904 2720 nullus
2952 2662 3236 2734 presbyter
3281 2666 3437 2712 extra

1859 2755 2144 2812 ecclesiam
2174 2763 2464 2826 praesumat
2494 2754 2715 2809 missam
2744 2762 2991 2816 cantare,
3027 2750 3131 2804 nisi
3165 2748 3305 2802 forte
3352 2746 3442 2799 iti-

1861 2846 2006 2900 neris
2035 2846 2330 2899 necessitas
2369 2851 2659 2913 exposcat;
2690 2842 2782 2897 ubi
2836 2843 2888 2897 in
2943 2839 3194 2901 tentorio,
3227 2835 3439 2890 autsub

1860 2935 2005 3002 divo,
2049 2937 2252 2992 inloco
2293 2935 2461 2989 nitido
2495 2943 2550 2989 et
2587 2934 2740 3005 longe
2789 2931 2856 2986 ab
2910 2929 3058 2986 omni
3103 2923 3442 2982 immunditia

1864 3035 2071 3082 remoto
2109 3026 2305 3080 missas
2333 3022 2612 3078 celebrare
2654 3021 3024 3091 permittimus
3054 3035 3066 3071 :
3107 3024 3162 3071 et
3190 3015 3292 3069 hoc
3323 3010 3442 3066 nul-

1861 3117 2072 3172 latenus
2099 3116 2216 3171 sine
2247 3114 2423 3187 tabula
2465 3121 2800 3170 consecrata.

2047 3205 2122 3258 De
2147 3204 2326 3258 eadem
2354 3219 2426 3257 re.
2461 3201 2546 3256 Ea:
2574 3200 2794 3270 epistola
2835 3196 3074 3253 Anacleti
3098 3210 3268 3266 papas.

1938 3293 2217 3352 CXXXIII.
2260 3293 2588 3364 (Buncusnn.
2622 3291 2717 3345 lib.
2750 3306 2828 3353 ιιι,
2871 3303 2922 3344 c.
2954 3287 3066 3356 71.)
3099 3281 3442 3344 Sacerdotes,

1866 3387 2081 3459 quando
2117 3385 2444 3448 sacriﬁcant,
2495 3398 2602 3437 non
2652 3381 2748 3438 soli
2785 3382 2888 3436 hoc
2911 3392 3071 3451 agere
3099 3375 3320 3438 debent,
3352 3369 3448 3425 sed

1865 3487 2032 3533 testes
2068 3490 2250 3531 secmn
2280 3474 2590 3538 adhibeant,
2631 3479 2692 3525 ut
2733 3471 2842 3525 Deo
2865 3467 3104 3540 perfecte
3133 3465 3185 3518 in
3218 3460 3449 3516 sacratis

1867 3567 2102 3623 Domino
2147 3565 2279 3620 locis
2323 3564 2631 3618 sacrillcare
2688 3561 3002 3630 probentur.
3057 3556 3149 3610 Ait
3214 3563 3448 3618 namque

1867 3659 2161 3714 auctoritas
2196 3655 2329 3726 legis
2367 3654 2563 3709 divina:
2599 3671 2612 3706 :
2653 3651 2783 3707 Vide
2825 3667 2886 3704 ne
2923 3649 3113 3718 o/feras
3142 3643 3445 3697 holocausta

1865 3758 1956 3802 tua
1984 3749 2036 3801 in
2063 3745 2206 3800 ωιιηὶ
2234 3745 2347 3798 loco
2384 3759 2536 3815 quem
2559 3741 2767 3805 uideris,
2800 3738 2891 3794 sed
2929 3738 2982 3790 in
3013 3735 3125 3788 loco
3168 3747 3318 3804 quem
3343 3729 3444 3783 ele-

1864 3839 1994 3908 gerit
2023 3837 2280 3892 Dominus
2322 3834 2462 3889 Deus
2490 3845 2607 3887 tuus
2643 3831 2820 3903 (Deut.
2857 3827 2977 3899 xn).
3013 3823 3163 3897 (I99)

2001 3941 2114 4000 De.
2132 3940 2349 3996 ebriosis
2377 3936 2600 3992 clericis.
2629 3932 2715 3986 Ea:
2741 3929 2960 3986 concilio
2991 3925 3298 3997 Agathensi.

1936 4033 2220 4094 CXXXIV.
2259 4031 2441 4102 (Cons.
2489 4025 2680 4097 Agztlt.
2729 4038 2778 4078 c.
2815 4021 2917 4106 41.;
2984 4017 3293 4072 Buncnaun.
3351 4013 3445 4106 lib.

1866 4147 1976 4194 xtv,
2009 4145 2058 4184 c.
2089 4127 2168 4197 2.)
2215 4111 2551 4192 Itaque-eum
2587 4131 2747 4187 quem
2791 4104 3001 4168 ebrium
3044 4107 3208 4162 fuisse
3249 4104 3449 4197 consti-

1867 4192 2014 4284 terit,
2055 4225 2114 4272 ut
2138 4192 2270 4270 ordo
2320 4210 2544 4281 patitur,
2575 4214 2666 4260 aut
2713 4201 2928 4272 triginta
2955 4198 3167 4251 dierum
3205 4192 3378 4262 spatio
3413 4206 3446 4244 a

1865 4306 2243 4367 communione
2287 4299 2577 4356 statuimus
2623 4290 3073 4354 submovendum,
3117 4292 3210 4339 aut
3256 4295 3453 4352 corpo‘

1867 4401 1966 4458 rali
2006 4397 2240 4455 dandum
2275 4385 2658 4466 [subdendum]
2687 4381 2970 4454 supplicio.

2151 4486 2230 4540 De
2267 4483 2447 4538 eadem
2480 4496 2554 4533 re.
2609 4474 2894 4530 Fructuosi
2921 4471 3166 4542 episc0pi.

179 4587 448 4651 possunt,
505 4585 684 4631 tamen
740 4576 964 4642 ﬁdeles,
1033 4576 1327 4631 monachos
1391 4575 1644 4639 maxime,
1703 4583 1759 4630 et
1798 4573 1844 4631 D
1939 4578 2200 4637 CXXXV.
2242 4577 2572 4649 (Buncnaau.
2615 4569 2708 4623 lib.
2739 4582 2850 4649 xiv,
2898 4581 2947 4620 c.
2976 4563 3053 4635 9.)
3085 4563 3140 4616 Si
3184 4560 3307 4631 quis
3352 4573 3450 4614 ec-

181 4671 467 4727 scientiam
504 4668 705 4724 habere
743 4665 1089 4737 baptizandi;
1139 4675 1194 4721 et
1219 4666 1262 4720 si
1319 4665 1515 4721 alicubi
1551 4664 1762 4736 longius

178 4762 453 4826 exierint,
502 4758 891 4816 eucharistiam
948 4773 1164 4829 semper
1205 4772 1388 4812 secum
1420 4758 1621 4814 habere
1671 4759 1765 4814 de-

178 4854 330 4909 bent.
836 4850 837 4853 “

753 4945 830 4999 lle
887 4949 1066 4998 cadent
1115 4959 1186 4998 re.

250 5036 487 5093 CXXIX.
529 5036 860 5106 (Buncnann.
915 5033 1010 5090 lib.
1064 5051 1154 5099 Iv,
1211 5047 1259 5088 c.
1313 5033 1415 5098 46;
1455 5031 1763 5103 Capitulare

177 5128 513 5193 Tunonuu't,
547 5144 596 5182 c.
653 5127 782 5197 17.)
828 5125 1170 5196 Perpendant
1213 5123 1516 5194 presbyteri
1574 5122 1763 5192 quanti

179 5221 512 5276 discriminis
571 5219 664 5274 sit
712 5219 922 5272 animas
982 5217 1351 5272 innocentium
1425 5232 1523 5286 per
1571 5231 1760 5270 eorum

178 5311 566 5382 negligentiam
620 5325 651 5364 a
693 5325 859 5380 regno
908 5308 999 5362 Dei
1055 5307 1289 5362 excludi.
1345 5306 1400 5361 Si
1445 5307 1585 5361 enim
1633 5321 1762 5375 gau-

177 5403 330 5458 dium
378 5411 462 5458 est
523 5403 576 5457 in
628 5401 766 5456 coelo
815 5416 979 5472 super
1023 5417 1130 5456 uno
1174 5409 1460 5470 peccatore
1496 5399 1761 5470 pmnitcn~

184 5494 315 5550 tiam
347 5503 562 5565 agente,
601 5493 732 5564 quid
779 5502 958 5562 putas,
990 5501 1192 5562 quanta
1231 5492 1308 5546 ira
1360 5501 1415 5546 et
1460 5489 1762 5561 indignatio

253 5649 404 5718 (I98)
444 5647 580 5718 Vide
606 5644 742 5702 infra
773 5661 890 5718 cap.
921 5647 1062 5718 (ilict
1089 5661 1265 5718 seqq,
1297 5645 1417 5718 libri
1447 5659 1507 5698 ιι.

253 5714 401 5787 (I99)
440 5717 524 5771 Cf.
574 5718 710 5772 iul't'a
757 5714 877 5787 cap.
911 5717 1014 5771 559
1042 5727 1096 5770 et
1144 5717 1251 5769 540
1304 5715 1460 5782 hujus
1518 5714 1668 5787 libri.
1697 5745 1765 5754 —-

179 5785 318 5847 Vide
346 5785 435 5845 lib.
469 5805 521 5846 γι
561 5785 971 5859 Capitularium,
1012 5803 1129 5857 cap.
1178 5787 1294 5854 198,
1326 5787 1459 5841 205"
1516 5785 1607 5840 ιιι).
1666 5801 1762 5850 vn,

1871 4672 2169 4730 clesiastica
2201 4647 2458 4738 praeditus
2479 4647 2839 4722 ordinatione,
2869 4664 2961 4710 aut
3004 4652 3317 4714 monachus,
3367 4664 3452 4703 re-

1868 4775 2054 4838 pertus
2085 4761 2246 4815 fuerit
2283 4755 2396 4828 84
2433 4753 2702 4817 ebriosus,
2737 4751 2788 4804 in
2815 4763 2954 4820 pane
2997 4753 3052 4800 et
3093 4758 3232 4813 aqua
3279 4740 3451 4796 tribus

1869 4853 2125 4928 pmttiteat
2156 4849 2450 4903 mensibus.

2450 4935 2528 4990 De
2567 4935 2748 4990 eadem
2792 4948 2867 4986 re.

1940 5029 2222 5090 CXXXVI.
2266 5028 2596 5099 (Buacnann.
2639 5024 2732 5079 lib.
2765 5037 2873 5086 XIV,
2904 5035 2953 5074 c.
2982 5016 3060 5088 6.)
3103 5015 3160 5071 Si
3191 5014 3312 5084 quis
3336 5011 3452 5081 epi-

1866 5139 2063 5194 scopus
2085 5131 2178 5175 ant
2203 5117 2398 5187 aliquis
2420 5117 2698 5172 ordinatus
2722 5113 2773 5167 in
2797 5109 3185 5166 consuetudine
3204 5105 3450 5160 ebriosus

1866 5215 2052 5280 fuerit,
2093 5221 2185 5267 aut
2221 5211 2451 5273 desinat,
2508 5215 2600 5261 aut
2647 5206 2964 5276 deponatur.

2461 5296 2532 5351 De
2562 5295 2741 5350 cadent
2784 5311 2857 5347 re.

1939 5392 2241 5452 CXXXVII.
2283 5392 2496 5457 Laicus,
2531 5390 2576 5444 si
2612 5389 2837 5444 ebrosus
2875 5381 3056 5438 fuerit.
3090 5389 3201 5435 tres
3240 5376 3353 5435 dies
3397 5376 3452 5432 in

1814 5500 1823 5509 '
1866 5505 2005 5562 pane
2031 5497 2086 5544 ct
2111 5503 2249 5559 aqua
2280 5485 2559 5557 pmniteat.

1868 5664 1999 5720 cap._
2038 5645 2126 5712 99,
2142 5641 2469 5720 ’Μὴ-ὅςὴ,
2497 5648 2551 5720 et
2597 5636 2780 5693 Addit.
2813 5649 2882 5720 ιιΑ
2904 5647 3021 5702 cap.
3050 5630 3104 5699 7,
3152 5628 3238 5695 10,
3271 5636 3325 5683 et
3351 5624 3453 5684 Ca-

1869 5703 2330 5788 pit'ularc'Rit-ulli
2366 5703 2665 5773 SueSsion.,
2698 5721 2818 5774 cap.
2848 5703 2902 5757 2.
