3884 5414
496 401 606 479 313

1630 390 1993 455 RECINONIS
2029 389 2164 461 PBD
2178 395 2444 453 MIENSIS
2481 397 2770 454 Αιιωιτιθ

3185 381 3228 389 vv

3641 393 3751 463 ρει

415 502 428 507 ’
493 532 606 574 non
635 531 771 572 acea
801 554 815 569 .
857 529 998 583 ,ρυοα
1029 530 1074 569 ει
1102 511 1224 585 quis
1259 512 1445 568 talium
1474 523 1824 582 personarum
1857 511 1957 566 hac
1979 525 2074 563 vo-
2101 511 2156 572 Α
2179 520 2374 575 sextae,
2405 526 2557 566 nonae
2576 553 2590 576 ,
2637 529 2892 581 vesperae,
2918 511 3363 582 coxnptetoriique
3399 520 3653 581 tempore
3680 528 3765 568 no-

498 608 703 662 luntate
731 607 969 662 detectus
999 604 1181 671 fuerit,
1214 605 1259 659 si
1285 605 1568 674 episc0pus
1594 615 1699 665 est,
1733 603 1902 657 tribus
1931 611 2080 656 m‘en—

2184 613 2310 657 stra'.
2344 607 2619 660 servitutis
2647 607 2817 662 ollicia
2845 608 3234 677 persolvamus,
3264 607 3391 676 quia
3421 607 3493 662 de
3536 607 3624 660 eis
3647 607 3771 662 dixit

499 697 650 751 sibus
686 710 743 749 se
768 710 797 748 a
819 693 1193 748 communione
1223 693 1540 763 suspendat;
1576 691 1856 762 presbyter
1876 691 2080 746 duobus
2183 693 2472 762 Propheta.
2506 695 2638 752 Nam
2677 697 2744 753 de
2777 698 3054 754 nocturnis
3087 697 3281 768 vigiliis
3325 697 3470 753 idem
3512 699 3638 767 ipse
3667 698 3769 751 ait:

501 783 799 849 mensibus,
829 784 1089 839 diaconus
1118 800 1224 838 uno
1251 784 1319 838 ab
1344 783 1488 839 omni
1515 782 1694 838 ofﬁcio
1719 781 1806 837 vel
1833 796 2078 836 commu-

503 892 686 931 mone.

501 988 584 1043 Ne
623 987 797 1043 cterici
823 990 1065 1044 tabernas
1096 991 1477 1059 ingrediantur.
1511 989 1597 1044 Ex
1626 991 1846 1048 concilio
1883 991 2081 1047 Laodi-

1223 1077 1369 1116 ceno.

569 1147 870 1203 CLXXVII.
901 1147 1124 1220 (Concil.
1157 1147 1403 1221 Cartltag.
1439 1167 1518 1217 ιιι,
1553 1169 1600 1208 c.
1631 1153 1733 1218 27;
1768 1153 2078 1214 Buncusun.

500 1237 596 1292 lib.
632 1254 691 1304 ιι,
723 1255 774 1294 e.
808 1239 954 1310 150.)
989 1239 1058 1296 Ut
1095 1240 1277 1296 clerici
1311 1243 1501 1298 edendi
1532 1245 1615 1299 vel
1658 1245 1872 1300 bibendi
1915 1260 2078 1300 causa

501 1329 756 1383 tabernas
787 1345 891 1384 non
938 1329 1306 1400 ingrediantur
1332 1373 1348 1400 ,
1378 1333 1482 1390 nisi
1511 1336 1957 1408 peregrinationis
1989 1351 2080 1392 ne-

502 1417 755 1473 cessitate
784 1421 1068 1491 compulsi.

1003 1550 1009 1558 .
1107 1512 1256 1570 Unde
1297 1534 1477 1586 supra.

573 1596 897 1654 CLXXVIII.
943 1599 1165 1672 (Cancil.
1211 1604 1591 1670 Laodicen.,c.
1621 1606 1731 1672 εις
1769 1607 2079 1663 Βιιιιοιιλιιι).

501 1687 596 1742 lib.
626 1704 688 1753 ιι,
715 1705 763 1744 c.
788 1689 933 1760 151.)
961 1690 1112 1758 Quod
1140 1709 1246 1748 non
1266 1703 1480 1764 oportet
1499 1710 1653 1750 sacro
1676 1696 1972 1751 ministerio
1993 1697 2086 1752 de-

507 1779 648 1833 ditos
677 1795 707 1832 a
738 1782 1069 1852 presbyteris
1115 1799 1284 1853 usque
1320 1785 1386 1838 ad
1411 1785 1695 1840 diaconum
1723 1794 1778 1840 et
1820 1786 2082 1855 reliquum

2186 782 2362 837 Media
2394 795 2540 839 nocte
2566 787 2840 856 surgebam
2864 829 2877 853 ,
2903 797 3006 842 etc.
3032 787 3220 857 (Ibid)
3247 787 3386 857 Ergo
3409 788 3497 841 his
3527 787 3774 855 tempori-

2184 875 2284 929 bus
2314 875 2610 934 rel'eramus
2644 878 2831 935 laudes
2865 880 3107 935 Creatori
3153 889 3338 934 nostro
3386 877 3774 948 superjudicia

2177 962 2403 1034 iustitiae
2441 981 2572 1022 suae.

2651 1056 2736 1112 Ea:
2764 1058 2984 1113 concilio
3027 1057 3290 1114 Venetico.

2255 1144 2478 1214 (Conrn.
2516 1144 2839 1214 Venetic.,c.
2867 1149 2965 1216 14',
2997 1148 3304 1205 Buncnmn.
3341 1147 3437 1202 lib.
3465 1165 3530 1212 ιι,
3557 1163 3613 1202 c.
3647 1145 3780 1214 Im.)

2183 1237 2422 1293 Clericus
2446 1239 2537 1307 qui
2582 1239 2723 1294 intra
2774 1256 2956 1297 muros
2987 1242 3218 1297 civitatis
3260 1249 3466 1304 manet,
3499 1250 3557 1294 et
3609 1253 3682 1293 eo
3705 1239 3784 1291 die

2186 1327 2463 1382 matutinis
2515 1328 2730 1399 hymnis
2758 1330 2878 1386 sine
2904 1331 3220 1402 aegritudine
3267 1327 3525 1394 defuerit,
3575 1336 3784 1398 septem

2184 1418 2301 1473 dies
2328 1433 2357 1471 a
2379 1419 2753 1474 communione
2784 1420 3045 1476 habeatur
3069 1430 3375 1476 extraneus.

2187 1506 2256 1566 Ut
2288 1510 2460 1565 missa:
2513 1519 2633 1564 ante
2677 1513 2860 1564 horam
2891 1511 3097 1565 tertiam
3156 1528 3258 1564 non
3312 1510 3673 1565 celebrentur.
3711 1507 3785 1560 Ex

2597 1579 2816 1650 epistola
2850 1580 3147 1650 Telesphori
3176 1595 3348 1650 papae.

2259 1689 2584 1749 CLXXXVI.
2618 1692 2952 1765 (Buncusno.
2982 1693 3074 1748 lib.
3117 1709 3265 1757 nt,c.
3295 1690 3383 1758 65,
3415 1701 3471 1747 et
3507 1692 3645 1747 dist.
3676 1691 3702 1746 I
3730 1692 3787 1745 de

2189 1797 2445 1846 consecr.,
2476 1783 2660 1852 c.48.)
2685 1783 2968 1838 Missarum
3009 1782 3396 1838 celebrationes
3432 1787 3564 1836 ante
3593 1783 3784 1836 horam

504 1871 935 1926 ecclesiasticum
973 1875 1238 1942 ordinem,
1267 1876 1320 1930 id
1359 1884 1444 1931 est
1497 1892 1667 1944 usque
1702 1877 1769 1931 ad
1795 1879 2084 1933 subdiaco-
2117 1859 2160 1918 Β
2190 1870 2296 1926 diei
2338 1872 2552 1926 tertiam
2594 1873 2814 1926 minime
2853 1881 2981 1926 sunt
3011 1871 3345 1926 celebranda:
3386 1869 3540 1942 (quia
3592 1871 3784 1925 eadem

501 1977 655 2026 num,
687 1963 917 2018 lectores
940 2003 956 2026 ,
987 1975 1236 2020 cantores
1259 2006 1274 2030 ,
1310 1965 1610 2021 exorcistas
1653 1975 1708 2020 et
1732 1967 2005 2032 ostiarios,
2035 1976 2091 2022 et

501 2067 570 2108 ex
603 2067 827 2108 numero
853 2055 1243 2108 continentium
1265 2063 1320 2110 et
1341 2056 1749 2121 monachorum,
1775 2056 1980 2127 ingredi
2004 2063 2088 2110 ta-

502 2143 720 2199 bernas.

758 2233 835 2288 De
864 2236 1044 2289 eadem
1075 2252 1147 2290 re.
1183 2235 1266 2291 Ea:
1290 2237 1510 2291 decretis
1539 2238 1838 2308 Augustini.

575 2322 854 2378 CLXXIX.
888 2325 1161 2381 Tabernas
1177 2327 1350 2382 nullus
1373 2327 1712 2394 clericorum,
1743 2337 1802 2383 ut
1821 2344 2089 2385 canonum

504 2414 794 2484 prohibent
831 2416 1068 2480 decreta,
1096 2433 1259 2472 causa
1287 2419 1532 2474 sumendi
1556 2419 1660 2474 cibi
1693 2427 1784 2474 aut
1809 2429 1966 2490 potus
1989 2436 2086 2475 au-

507 2503 632 2558 deat
667 2501 895 2575 ingredi.
930 2505 986 2559 Si
1024 2507 1147 2576 quis
1174 2507 1290 2562 basc
1317 2508 1640 2572 violaverit,
1672 2517 1730 2562 ut
1773 2518 2086 2564 sanctorum

503 2608 772 2648 canonum
801 2603 1165 2667 contemptor,
1187 2599 1468 2655 acerrimis
1498 2599 1819 2670 corripiatur
1845 2599 2083 2671 discipli-

504 2700 610 2740 IIIS.

645 2775 754 2845 93
782 2775 858 2831 De
882 2779 1063 2832 eadem
1085 2796 1160 2833 re.
1179 2779 1262 2834 Ea:
1290 2780 1508 2835 concilio
1532 2778 1952 2853 Carthaginensi.

576 2864 836 2920 CLXXX.
857 2867 1080 2938 (Concil.
1098 2868 1348 2941 Carthag.
1375 2887 1446 2935 tv,
1473 2887 1522 2926 c.
1536 2871 1636 2938 48;
1667 2873 1975 2930 ΒυιιοιιΑιιι).
1994 2875 2088 2930 lib.

521 2970 583 3018 ιι,
605 2970 655 3010 c.
680 2956 828 3025 210.)
873 2957 1115 3015 Clericus
1155 2961 1245 3028 qui
1279 2976 1383 3015 non
1412 2978 1507 3030 pro
1527 2965 1754 3018 emendo
1795 2965 1995 3035 aliquid
2036 2967 2091 3022 in

511 3045 764 3100 nundinis
794 3047 878 3101 vel
922 3047 975 3102 in
1008 3046 1126 3104 foro
1154 3049 1493 3116 deambulat,
1532 3053 1600 3108 ab
1651 3052 1828 3110 oﬁicio
1871 3071 1968 3112 suo
2007 3056 2082 3111 de-

507 3140 780 3211 gradetur.

559 3231 638 3286 De
669 3233 861 3302 vigiliis
895 3235 1227 3292 clericorum.
1254 3236 1338 3292 Ex
1371 3239 1589 3293 concilio
1609 3238 2032 3309 Carthaginensi.

580 3320 862 3378 CLXXXI.
911 3323 1135 3395 (Concil.
1173 3325 1426 3398 Carthag.
1480 3344 1554 3396 tv,
1606 3345 1656 3385 c.
1709 3330 1822 3401 d9.)
1855 3329 2093 3386 Clericus

501 3414 598 3484 qui
626 3414 828 3485 absque
862 3418 1165 3488 corpusculi
1196 3420 1277 3474 sui
1300 3420 1661 3490 inaequalitate
1690 3421 1884 3493 vigiliis
1917 3423 2090 3488 deest,

510 3505 778 3574 stipendio
817 3507 1059 3576 privatus
1097 3511 1616 3578 excommunicelur,
1653 3526 1932 3582 quousque
1978 3525 2093 3567 cor-

507 3603 694 3666 reptus
726 3597 991 3654 videatur.

746 3689 823 3744 De
853 3691 1033 3745 eadem
1060 3708 1132 3746 re.
1157 3691 1240 3746 Ex
1263 3691 1482 3747 concilio
1511 3691 1857 3747 Eliberitano.

558 3780 879 3836 ~CLXXXII.
901 3781 1122 3852 (Concil.
1149 3782 1412 3850 Eliberit.,
1435 3800 1484 3838 (ι.
1513 3783 1605 3849 2i;
1627 3800 1772 3838 conc.
1801 3782 2014 3852 Agath.,
2040 3798 2088 3839 c.

510 3868 624 3940 64.)
650 3869 704 3924 Si
727 3871 850 3940 quis
880 3872 931 3925 in
962 3871 1182 3926 civitate
1205 3873 1413 3942 positus
1445 3888 1542 3942 per
1567 3881 1677 3927 tres
1701 3873 1999 3929 dominicas
2024 3872 2088 3929 ad

508 3957 806 4013 Ecclesiam
828 3975 934 4015 non
951 3961 1258 4026 accesserit,
1273 3963 1786 4030 excommunicetur,
1813 3977 2093 4034 quousque

509 4054 790 4115 correptus
809 4048 1074 4103 videatur.

760 4138 840 4194 De
863 4140 1043 4194 eadem
1076 4157 1146 4195 re.
1178 4140 1263 4195 Ea:
1284 4141 1509 4197 concilio
1535 4141 1803 4198 Toletano.

577 4233 901 4290 CLXXXIII.
954 4233 1178 4307 (Concil.
1224 4235 1387 4291 Tolet.
1433 4253 1469 4301 I,
1502 4253 1551 4292 c.
1580 4237 1659 4309 5.)
1697 4238 1766 4294 Ut
1812 4239 2094 4310 presbyter

505 4323 593 4378 vel
617 4323 874 4378 diaconus
903 4324 988 4379 vel
1013 4325 1237 4394 quilibet
1261 4326 1502 4382 ecclesia:
1529 4327 1814 4395 deputatus
1839 4328 2088 4392 clericus,

507 4414 551 4467 si
583 4413 721 4466 intra
751 4415 1026 4469 civitatem
1069 4415 1251 4481 fuerit,
1275 4417 1358 4471 vel
1399 4417 1452 4471 in
1482 4416 1600 4473 loco
1630 4418 1680 4472 in
1719 4434 1826 4488 quo
1863 4418 2090 4474 ecclesia

2192 1963 2324 2018 liora
2361 1973 2417 2018 et
2446 1963 2705 2018 Dominus
2735 1963 3031 2018 cruciﬁxus
3070 1973 3175 2026 est,
3209 1971 3262 2015 et
3305 1977 3470 2032 super
3505 1963 3785 2032 apostolos

2192 2053 2426 2124 Spiritus
2468 2064 2689 2110 sanctus
2721 2055 3063 2110 descendisse
3100 2053 3336 2124 legitur).
3369 2063 3602 2124 excepta
3635 2065 3789 2109 nocte

2190 2154 2392 2201 sancta:
2423 2143 2752 2200 Nativitatis.

2301 2234 2366 2289 Ut
2397 2236 2575 2304 ﬁdeles
2602 2247 2722 2291 ante
2768 2238 2954 2291 horam
2986 2247 3195 2292 tertiam
3225 2254 3329 2292 non
3351 2239 3687 2308 prandeant.

2259 2325 2607 2380 CLXXXVII.
2637 2325 2835 2397 (Addit.
2860 2343 2932 2392 IV,
2951 2342 3000 2382 c.
3028 2327 3128 2392 49;
3159 2326 3475 2382 BURCBARD.
3515 2326 3618 2380 lib.
3646 2343 3711 2388 ιι,
3739 2343 3786 2382 c.

2194 2416 2319 2483 I85,
2347 2425 2404 2471 et
2447 2417 2571 2472 dist.
2613 2417 2705 2483 Ν,
2735 2433 2784 2473 c.
2815 2417 2928 2487 I2.)
2985 2416 3100 2474 Non
3161 2425 3372 2488 oportet
3420 2417 3665 2472 clericos
3711 2418 3787 2470 vel

2191 2515 2362 2571 laicos
2400 2514 2678 2585 religiosos
2724 2524 2851 2570 ante
2895 2522 3138 2571 sanctam
3189 2514 3377 2568 horam
3426 2513 3536 2568 diei
3573 2512 3787 2567 tertiam

2192 2607 2330 2663 inire
2379 2607 2622 2662 convivia
2649 2646 2665 2672 ,
2717 2622 2892 2676 neque
2921 2607 3211 2678 aliquando
3253 2606 3485 2661 clericos
3505 2648 3520 2671 ,
3550 2605 3668 2678 95
3694 2607 3790 2660 nisi

2189 2697 2392 2769 hymno
2417 2697 2592 2763 dicto,
2627 2697 2789 2752 edere
2815 2711 3040 2766 panem,
3088 2705 3144 2752 et
3172 2706 3291 2768 post
3333 2696 3521 2751 cibum
3581 2697 3783 2766 gratias

2195 2789 2405 2844 auctori
2431 2789 2542 2844 Deo
2580 2788 2805 2844 referre.

2195 2897 2264 2954 Ut
2285 2909 2614 2954 sacramenta
2645 2899 2830 2970 altaris
2869 2917 2902 2953 a
2923 2899 3127 2970 jejunis
3160 2899 3508 2956 celebrentur.
3543 2898 3641 2954 Ea:
3683 2917 3796 2954 con-

2760 2969 2880 3024 cilio
2915 2969 3188 3024 Africano.

2263 3057 2634 3115 CLXXXVIII.
2673 3058 2856 3131 (Cone.
2898 3060 3062 3129 Afris.
3093 3075 3142 3115 c.
3172 3061 3235 3123 8;
3271 3059 3586 3130 Capitulare
3645 3063 3787 3114 Atu-

2197 3164 2370 3213 roms,
2394 3165 2441 3206 c.
2473 3151 2582 3220 l0.)
2609 3150 2673 3207 Ut
2706 3159 3042 3206 sacramenta
3071 3149 3257 3205 altaris
3285 3151 3502 3206 nonnisi
3535 3167 3566 3204 a
3592 3151 3793 3221 jejunis

2155 3241 2164 3258 '
2197 3239 2564 3306 celebrentur,
2595 3249 2822 3311 excepto
2855 3255 2960 3296 uno
2983 3239 3072 3295 die
3095 3240 3468 3296 anniversario
3505 3256 3620 3310 quo
3638 3255 3792 3296 cinna

2197 3332 2410 3387 Domini
2460 3333 2785 3388 celebratur.
2824 3331 3040 3398 Nam'si
3075 3332 3378 3401 aliquorum
3408 3333 3792 3402 pomeridiano

2198 3428 2440 3491 tempore
2469 3421 2842 3477 defunctorum
2891 3421 3270 3490 episcoporum
3307 3421 3423 3475 sive
3464 3429 3792 3475 caeterorum

2197 3513 2595 3568 commendatio
2618 3513 2860 3569 facienda
2891 3521 3002 3576 est,
3044 3512 3176 3567 solis
3202 3513 3545 3568 orationibus
3592 3511 3720 3575 ﬁat,
3749 3511 3790 3566 si

2200 3601 2270 3655 illi
2302 3603 2392 3672 qui
2415 3601 2743 3673 faciuntjam
2773 3602 2956 3674 pransi
2988 3601 3337 3656 inveniuntur

2199 3690 2267 3746 Ut
2294 3703 2406 3761 post
2450 3692 2818 3748 allocutionem
2846 3692 3069 3760 episcopi
3089 3693 3152 3761 in
3193 3692 3473 3761 missarum
3512 3690 3789 3744 solemniis

2231 3759 2372 3831 plebs
2402 3763 2472 3816 ad
2488 3763 2778 3817 orationem
2796 3759 3059 3817 invitetur.
3079 3759 3164 3815 Ea:
3177 3759 3398 3815 concilio
3426 3759 3758 3813 Laodiceae.

2265 3871 2592 3928 CLXXXIX.
2623 3870 2850 3944 (Concil.
2874 3872 3092 3926 Laodic.
3122 3887 3174 3928 c.
3220 3871 3306 3936 I9;
3338 3870 3664 3926 Buncmnn.
3696 3870 3787 3924 lih.

2195 3979 2258 4030 ιι,
2291 3980 2343 4019 c.
2372 3963 2484 4036 69.)
2515 3963 2665 4030 Quod
2704 3972 2950 4034 oporteat
2982 3978 3223 4018 seorsum
3252 3962 3487 4030 primum
3512 3972 3637 4032 post
3659 3963 3793 4015 allo-

2198 4054 2441 4110 cutiones
2466 4054 2843 4123 episcoporum
2877 4054 3180 4108 orationem
3227 4067 3389 4120 super
3431 4053 3790 4106 catechume-

2193 4159 2293 4200 nos
2321 4143 2602 4199 celebrari.
2631 4143 2696 4197 Et
2719 4154 3000 4214 postquam
3022 4141 3393 4198 catechumoui
3419 4140 3627 4209 egressi
3673 4141 3788 4194 fue-

2194 4236 2327 4301 rint,
2354 4250 2515 4306 super
2535 4250 2630 4290 eos
2666 4235 2756 4304 qui
2779 4244 2909 4289 sunt
2941 4235 2993 4288 in
3022 4233 3342 4304 paenitentia
3389 4246 3610 4301 precem
3644 4230 3786 4284 ﬁeri.

2195 4328 2290 4384 I‘Iis
2338 4328 2499 4382 etiam
2556 4327 2935 4381 accedentibus
2989 4326 3056 4380 ad
3115 4340 3332 4380 manum
3376 4323 3688 4378 sacerdotis
3738 4331 3789 4376 et

2195 4419 2594 4475 discedentibus
2627 4425 2736 4471 tres
2769 4418 3045 4473 orationes
3074 4415 3437 4472 consummari
3496 4413 3743 4468 ﬁdelium
3771 4452 3786 4473 ,

506 4509 615 4565 est,
643 4509 735 4555 aut
764 4503 1003 4567 castella,
1049 4513 1141 4558 aut
1173 4506 1343 4569 vicus,
1392 4514 1484 4559 aut
1527 4507 1684 4572 villae,
1715 4509 1781 4560 ad
1805 4507 2086 4562 ecclesiam
2115 4533 2168 4593 Ι)
2198 4510 2268 4563 ita
2301 4516 2361 4562 ut
2403 4508 2576 4578 prima
2605 4507 2822 4577 quidem
2871 4507 2970 4562 sub
3011 4506 3260 4569 silentio,
3287 4503 3523 4559 secunda
3569 4519 3707 4558 vero
3735 4511 3787 4557 et

508 4591 577 4646 ad
603 4592 923 4649 sacriﬁcium
953 4597 1320 4664 quotidianum
1345 4613 1449 4652 non
1473 4599 1701 4663 venerit,
1726 4599 1955 4654 clericus
1980 4615 2086 4655 non

515 4683 800 4752 habeatur,
835 4688 878 4742 si
907 4689 1201 4759 castigatus
1227 4705 1334 4745 non
1365 4691 1732 4745 emendaverit
1767 4690 1940 4762 (204).

749 4776 825 4830 De
856 4778 1037 4832 eadem
1074 4795 1148 4832 re.
1179 4777 1263 4832 Ex
1289 4778 1512 4832 concilio
1538 4779 1841 4849 Agnthensi.

579 4864 906 4921 CLXXXIV.
940 4866 1122 4936 (Cone.
1165 4867 1354 4938 Agath.
1397 4883 1446 4922 c.
1499 4867 1614 4938 64.)
1655 4867 1848 4923 Clerici
1880 4867 1972 4937 qui
1998 4883 2087 4924 ec-

507 4956 728 5012 clesiam
762 4955 1106 5027 frequentare
1137 4968 1229 5014 aut
1251 4958 1482 5014 olIicium
1525 4973 1683 5013 suum
1721 4959 1944 5029 implere
1991 4973 2085 5014 ne-

444 5067 449 5072 ·
505 5047 773 5116 glexerint
792 5088 806 5113 ,
840 5049 1121 5119 peregrina
1151 5050 1230 5106 eis
1253 5049 1558 5105 communio
1587 5051 1872 5106 tribuatur.

609 5140 720 5212 95
754 5141 828 5194 De
853 5143 1033 5196 eadem
1064 5160 1136 5197 re.
1166 5143 1251 5198 Ea:
1272 5143 1493 5198 decretis
1515 5147 1681 5198 sancti
1711 5143 1981 5196 Βρηριιὸριὸ

2192 4601 2349 4660 tertia
2388 4615 2485 4670 per
2510 4599 2934 4655 exclamationes
2968 4599 3153 4652 solitas
3183 4596 3529 4667 expleantur.

2793 4689 2872 4744 De
2893 4690 3072 4744 eadem
3104 4705 3175 4744 re.

2261 4781 2415 4838 CXC.
2446 4781 2777 4853 (Buacmno.
2811 4778 2906 4833 lib.
2957 4794 3018 4843 ιι,
3047 4793 3097 4833 c.
3135 4776 3246 4847 70.)
3285 4774 3516 4845 Oportet
3541 4771 3697 4844 (205)
3729 4779 3785 4826 ut

2191 4873 2245 4928 in
2277 4873 2464 4928 diebus
2513 4872 2665 4927 festis
2690 4870 2774 4926 vel
2803 4869 3108 4933 dominicis,
3149 4875 3271 4936 post
3293 4879 3604 4921 sermonem
3635 4865 3779 4918 intra

2193 4965 2478 5019 missarum
2531 4961 2791 5018 solemnia
2837 4959 3079 5016 habitum
3137 4958 3203 5012 ad
3249 4955 3496 5025 plebem,
3525 4955 3781 5009 sacerdos

2191 5057 2481 5111 admoneat
2531 5061 2591 5107 ut
2637 5051 2792 5122 juxta
2841 5049 3191 5120 apostolicam
3225 5047 3621 5102 institutionem
3651 5059 3778 5098 ora-

2641 5142 2677 5159 ·-
2943 5153 3008 5173 -ο
3040 5152 3139 5174 nm
3167 5135 3393 5188 diversis
3425 5133 3776 5190 necessitati-
