3884 5538
61 385 163 445 298

903 384 992 442 DE
1029 384 1312 443 ECCLES.
1354 385 1636 443 DISCIPL.
1679 387 1857 445 LIBRI
1900 390 2060 448 DUO.
2090 417 2165 437 ‘--
2205 394 2330 451 LIB.
2371 394 2412 450 l.

3204 405 3318 463 120

63 508 254 560 tionem
303 499 638 556 Dominicam
667 498 770 556 sub
792 499 1008 556 silentio
1038 503 1202 568 dicat,
1229 503 1484 558 sacerdos
1506 516 1634 556 vero
1664 510 1706 566 Α
1737 505 2019 573 percipere
2061 521 2159 559 nec
2185 507 2344 560 laudo
2388 521 2490 561 nec
2537 506 2817 578 vitupero,
2850 513 3100 572 onmibus
3147 527 3330 576 tamen

63 597 330 653 orationes
375 594 440 648 ad
493 596 592 650 hoc
617 595 946 665 pertinentes
995 613 1092 667 per
1123 598 1364 668 singulas
1390 598 1640 652 admoni-

63 688 228 741 tiones
257 684 574 739 solenmiter
617 684 848 754 expleat.
882 685 1008 741 Post
1048 688 1180 750 hzec,
1216 703 1369 743 sacra
1401 687 1641 742 celebre-

64 788 146 831 tur
195 775 419 828 oblatio.
460 774 550 828 Ait
601 776 742 829 enim
783 775 1109 844 Apostolus:
1147 775 1373 830 Obsecro
1411 778 1640 845 primum

62 867 284 921 omnium
320 866 438 934 ﬁeri
466 866 748 930 orationes,
779 867 1182 933 obsecrationes,
1210 868 1504 938 gratiarum
1546 885 1639 921 ac-

62 959 236 1020 tiones,
257 966 363 1011 etc.
393 955 445 1027 (I
471 956 606 1010 Tim.
636 955 722 1027 ιι.)

63 1068 123 1122 Ut
161 1067 342 1122 nullus
369 1068 634 1138 presbyter
660 1068 803 1122 solus
832 1077 1116 1138 prtesumat
1149 1069 1362 1122 missam
1397 1079 1634 1123 cantare.

479 1137 564 1191 Ea:
593 1137 812 1191 concilio
863 1137 1210 1194 Nannetensi.

124 1247 293 1303 CXCI.
323 1247 657 1319 (Buacmao.
684 1248 774 1303 lib.
805 1263 953 1313 tu,c.
982 1249 1094 1321 68.)
1119 1249 1638 1306 Delinivitsanctum

62 1339 335 1394 concilium
365 1351 422 1394 ut
444 1339 618 1393 nullus
645 1340 929 1409 presbyter
947 1340 1092 1395 solus
1113 1351 1398 1410 praesumat
1417 1342 1636 1397 missam

63 1437 269 1482 cantare
295 1427 466 1500 (206).
509 1428 605 1482 Cui
637 1428 780 1481 enim
805 1428 931 1482 dicit
954 1428 1210 1483 Dominus
1240 1430 1522 1496 vobiscum,
1545 1439 1637 1486 aut

63 1511 525 1582 Sursum‘corda,
574 1528 667 1574 aut
727 1519 939 1574 Gratias
989 1537 1206 1590 agamus
1259 1521 1484 1575 Domino
1529 1521 1636 1577 Deo

62 1623 243 1675 nostra,
285 1602 416 1667 eum
450 1611 626 1665 nullus
671 1611 741 1665 sit
773 1611 864 1680 qui
905 1612 1268 1680 respondeat?
1306 1615 1416 1667 Aut
1449 1613 1501 1666 in
1529 1614 1633 1666 Ca-

60 1718 205 1767 none,
236 1714 280 1756 et
331 1705 564 1755 animum
605 1703 1075 1767 circumstantium,
1104 1717 1225 1757 cum
1261 1719 1422 1757 nemo
1451 1703 1635 1757 adsit?

59 1791 156 1844 Aut
180 1806 340 1860 quem
387 1791 578 1844 invitat
608 1789 675 1843 ad
718 1790 1040 1852 orationem,
1069 1805 1192 1843 cum
1231 1791 1358 1844 dicit
1387 1788 1630 1854 Oremus,

66 1896 170 1937 eum
195 1856 373 1937 nullus
401 1882 470 1936 sit
495 1881 585 1951 qui
609 1877 792 1936 secum
814 1881 975 1934 oret?
1000 1880 1106 1933 Aut
1132 1896 1261 1950 ergo
1294 1881 1394 1936 ista
1423 1882 1635 1952 penitus
1667 1856 1709 1914 Β

60 1975 320 2030 reticenda
346 1984 495 2039 sunt,
525 1982 580 2028 et
620 1990 726 2028 non
755 1973 925 2028 solum
957 1989 1060 2028 non
1091 1973 1194 2028 erit
1221 1973 1524 2044 perfectum
1546 1992 1633 2031 sa-

61 2066 307 2121 criﬁcium
333 2107 349 2133 ,
373 2082 560 2122 verum
612 2067 791 2122 etiam
819 2066 1093 2130 incurret,
1121 2067 1366 2137 quisquis
1397 2067 1486 2123 ille
1528 2077 1632 2133 est,

62 2157 348 2212 terribilem
381 2157 702 2212 sententiam
739 2173 750 2210 :
784 2155 842 2211 Si
888 2159 1003 2227 quis
1029 2157 1206 2212 tulerit
1248 2159 1312 2213 de
1341 2160 1457 2223 hoc,
1490 2160 1633 2216 tollet

61 2248 186 2304 Deus
227 2260 429 2320 partem
478 2249 592 2320 ejus
614 2249 677 2302 de
725 2247 856 2302 libro
885 2250 1007 2302 vita:
1053 2247 1238 2320 (Apoc.
1272 2252 1430 2319 χχιι).
1458 2252 1565 2306 Aut
1588 2253 1632 2308 si

59 2339 162 2393 haec
187 2340 358 2393 muris
384 2348 439 2394 et
465 2339 763 2409 parietibus
795 2339 1214 2392 insusurraverit
1239 2379 1253 2403 ,
1287 2340 1635 2395 ridiculosum

57 2430 167 2484 erit.
219 2432 564 2500 Quapropter
605 2428 907 2498 periculosa
960 2429 1276 2496 superstitio
1326 2431 1561 2485 maxime
1604 2447 1635 2485 a

57 2514 390 2576 monasteriis
440 2523 826 2576 monachorum
864 2521 1274 2575 exterminanda
1302 2529 1404 2576 est.
1437 2521 1635 2576 Praevi-

57 2610 205 2664 deant
225 2619 410 2666 autem
441 2610 645 2680 prmlati
674 2619 731 2664 ut
750 2610 1048 2681 presbyteri
1074 2611 1124 2664 in
1154 2609 1414 2665 manubiis
1447 2627 1636 2681 coope-

56 2712 248 2757 ratores
278 2702 516 2756 habeant
552 2703 606 2756 in
660 2703 1022 2757 celebratione
1066 2704 1378 2757 missarum.
1412 2703 1469 2758 Si
1513 2705 1634 2774 quis

58 2791 158 2846 haec
186 2802 557 2864 transgressus
582 2792 744 2848 fuerit
761 2835 776 2859 ,
815 2793 884 2848 ab
906 2793 1080 2849 cilicio
1104 2795 1483 2864 suspendatur.

59 2903 152 2976 97
186 2905 257 2960 De
286 2906 600 2976 presbyteris
622 2907 743 2976 qui,
770 2905 1028 2959 celebrata
1055 2907 1213 2960 missa
1231 2947 1246 2969 ,
1272 2923 1373 2960 non
1403 2924 1634 2962 comatu-

318 2974 516 3030 nicant.
556 2974 642 3028 Ex'
662 2977 948 3029 canonibus
973 2975 1348 3046 apostolorum.

125 3086 318 3143 CXCII.
349 3087 574 3160 (Conon.
597 3087 904 3158 apostolor.,
930 3104 979 3143 c.
1006 3088 1069 3153 9;
1094 3088 1404 3143 Boncmnn.
1431 3089 1523 3144 lib.
1547 3105 1628 3155 ιιι,

64 3189 105 3228 c.
139 3176 246 3248 79.)
283 3175 340 3232 Si
369 3178 491 3248 quis
518 3177 804 3247 episcopus
831 3186 924 3231 aut
946 3179 1230 3249 presbyter
1255 3187 1348 3231 aut
1375 3179 1635 3234 diaconus
1662 3199 1706 3259 ρ

63 3264 136 3318 vel
161 3266 379 3336 quilibet
424 3282 493 3323 ex
533 3266 854 3322 sacerdotali
887 3266 1144 3337 catalogo,
1181 3267 1321 3321 facta
1361 3267 1636 3323 oblatione

66 3367 156 3406 non
181 3355 688 3419 communicaverit,
716 3363 809 3409 aut
838 3369 1056 3410 causam
1087 3355 1260 3420 dicat;
1291 3364 1343 3409 et
1391 3356 1435 3410 si
1469 3356 1636 3409 ratio-

66 3440 238 3496 nabilis
266 3441 458 3509 fuerit,
492 3444 702 3498 veniam
729 3452 1128 3514 consequatur;
1158 3454 1250 3499 aut
1281 3445 1322 3499 si
1348 3459 1454 3498 non
1486 3446 1636 3499 dixe-

69 3531 157 3595 rit,
179 3535 551 3590 communione
571 3535 837 3606 privetur,
861 3543 1115 3604 tanquam
1140 3535 1231 3606 qui
1255 3534 1450 3606 populo
1473 3549 1635 3589 causa

70 3618 280 3677 Iasionis
307 3618 598 3678 exstiterit.

72 3725 202 3792 Quod
227 3731 404 3798 ﬁdeles
435 3731 561 3786 laici
591 3731 977 3786 communicare
1001 3732 1246 3785 debeant.
1278 3728 1425 3784 Unde
1451 3747 1630 3813 supra.

127 3838 332 3896 CXCIII.
375 3842 534 3914 (Can.
563 3841 851 3912 apostolor.
884 3857 933 3897 c.
964 3841 1064 3907 10;
1101 3841 1412 3896 BURCIIABD.
1443 3840 1534 3895 lib.
1561 3855 1630 3908 ll,

67 3940 111 3980 c.
127 3927 224 4000 67.)
253 3933 450 3988 Omnes
481 3933 669 3988 ﬁdeles
697 3933 992 3988 Christiani
1023 3933 1114 4004 qui
1146 3934 1518 4006 ingrediuntur
1540 3948 1632 3989 ec-

73 4019 268 4076 clesiam
294 4025 379 4080 die
407 4025 692 4080 Dominico
712 4066 727 4090 ,
760 4035 812 4080 et
844 4025 1157 4096 Scripturas
1185 4024 1549 4094 apostolorum
1580 4033 1634 4079 et

69 4104 381 4179 Evangelium
411 4115 678 4179 audiunt,
704 4130 807 4170 non
844 4123 1022 4168 autem
1052 4123 1402 4184 perseverant
1429 4113 1482 4167 in
1509 4128 1634 4167 ora-

75 4195 195 4251 tione
213 4215 377 4270 usque
402 4204 532 4258 dum
560 4203 727 4258 missa
751 4210 1056 4280 peragatur,
1083 4216 1180 4255 nec
1208 4210 1452 4255 sanctam
1485 4214 1633 4254 com—

78 4290 356 4347 munionem
388 4295 726 4366 percipiunt,
759 4294 908 4348 velut
951 4293 1352 4362 inquietudines
1393 4289 1634 4348 ecclesia!

80 4389 445 4442 commoventes
477 4385 730 4441 convenit
755 4383 1133 4440 communione
1158 4381 1379 4451 privari.

653 4496 802 4553 Unde
824 4514 1004 4569 supra.

139 4595 445 4664 (Buncnmo.
475 4607 568 4664 lib.
593 4624 651 4671 tt,
678 4623 727 4662 c.
751 4607 864 4671 68.)
896 4606 1095 4663 Omnes
1127 4607 1216 4677 qui
1249 4606 1622 4678 ingrediuntur

81 4685 328 4746 ecclesiam
358 4695 448 4751 Dei
484 4708 540 4752 et
570 4697 878 4766 Scripturas
923 4706 1139 4752 sanctas
1165 4697 1414 4759 audiunt,
1447 4712 1622 4766 neque

84 4783 446 4843 communicant
482 4789 535 4842 in
566 4789 810 4844 oratione
837 4803 958 4843 cum
987 4787 1214 4858 pepulo,
1243 4788 1335 4842 sed
1371 4803 1468 4858 pro
1492 4804 1626 4858 qua-

84 4864 185 4920 dam
213 4870 609 4947 intemperantia
638 4896 696 4935 se
723 4897 750 4934 a
780 4881 1124 4950 perceptione
1153 4888 1353 4935 sanctae
1383 4895 1627 4935 commu-

84 4957 232 5016 nionis
250 4979 507 5036 avertunt,
533 4975 586 5028 hi
617 4977 682 5029 de
723 4973 948 5028 ecclesia
989 4982 1366 5028 removeantur
1388 4975 1622 5043 quandiu

83 5055 163 5109 Per
182 5053 553 5116 confessionem
583 5062 912 5133 paenitentiae
937 5061 1149 5120 fructus
1182 5067 1488 5119 ostendant.

87 5152 148 5208 De
172 5159 422 5234 diligentia
447 5177 676 5243 corporis
713 5173 942 5228 Domini.
993 5173 1078 5230 Ea:
1116 5175 1418 5244 deﬁnitione
1456 5175 1621 5230 eccle-

491 5245 817 5299 siasticarum
861 5247 1184 5314 dogmatum.

141 5313 344 5379 CXCIV.
376 5329 696 5397 (Boselum).
720 5334 811 5390 lib.
837 5350 890 5398 v,
915 5313 964 5386 (ἑ.
993 5335 1080 5401 15,
1101 5345 1155 5391 et
1189 5335 1316 5390 dist.
1339 5333 1374 5387 2
1403 5334 1467 5388 de
1494 5351 1622 5388 con-

555 5425 680 5460 ”-³²ιι
702 5423 1045 5480 ο-ορΙιεινίςιίω
1067 5423 1498 5481 commtminnnm
1510 5423 1623 5470 QQ

1651 4552 1704 4614 D

1745 593 2042 650 Dominicis
2064 596 2254 651 diebus
2281 599 2789 656 communicandum
2817 602 3024 660 hortor.
3053 605 3109 662 Si
3143 617 3324 666 tamen

1741 695 1894 736 mens
1920 682 1972 736 in
2000 683 2196 739 allecto
2224 687 2482 755 peccandi
2508 696 2608 752 est,
2641 693 2852 760 gravari
2878 695 3047 766 magis
3073 697 3193 753 dico
3222 713 3320 754 eu-

1741 775 2014 844 charistige
2034 778 2382 847 perceptione
2402 793 2562 846 quam
2587 782 2885 849 puriﬁcari.
2906 785 2974 840 Et
2994 788 3114 843 ideo
3134 805 3313 859 quam.

1739 865 1822 919 vis
1856 867 1977 935 quis
2020 877 2245 934 peccato
2276 870 2602 934 mordeatur,
2632 876 2890 940 peccandi
2918 879 2984 933 de
3009 889 3210 936 caztero
3233 898 3328 938 vo-

1740 953 1997 1010 luntatem
2029 973 2134 1012 non
2165 959 2386 1021 habeat,
2411 968 2466 1012 et
2494 965 2992 1022 communicaturus
3023 970 3328 1026 satisfaciat

1739 1041 1993 1112 lacrymis
2021 1053 2078 1099 et
2105 1047 2472 1112 orationibus,
2505 1057 2560 1102 et
2587 1049 2864 1107 conlidens
2896 1055 2960 1109 de
2989 1055 3082 1111 Dei
3109 1059 3324 1112 miseri-

1737 1133 1944 1196 cordia,
1963 1136 2262 1188 accedatad
2277 1136 2660 1191 eucharistiam
2684 1139 2983 1211 intrepidus
3003 1153 3058 1200 et
3080 1161 3324 1201 securus.

1738 1217 1844 1274 Sed
1878 1221 1980 1276 hoc
2008 1222 2072 1276 de
2096 1223 2189 1278 illo
2211 1224 2330 1279 dico
2353 1240 2510 1294 quem
2544 1227 2793 1282 mortalia
2821 1241 3044 1300 peccata
3071 1250 3176 1289 non
3200 1251 3325 1306 gra-

1736 1320 1864 1364 vant
1899 1312 2070 1382 (207).

1911 1422 2047 1477 Item
2087 1434 2298 1480 sanctus
2328 1426 2652 1498 Augustinus
2679 1430 2747 1483 ad
2789 1429 3133 1488 Ianuarium.

1812 1530 2071 1602 (Ancosr.
2119 1537 2269 1606 epist.
2320 1539 2452 1604 “8;
2497 1538 2806 1595 BURCBARD.
2857 1542 2948 1598 lib.
2999 1559 3052 1610 v,
3105 1560 3155 1599 c.
3207 1546 3322 1618 16.)

1736 1621 1942 1678 Dixerit
1979 1626 2248 1696 quispiam
2283 1644 2388 1682 non
2424 1631 2664 1698 quotidie
2705 1633 3072 1702 accipiendam
3121 1637 3321 1691 eueha-

1735 1712 1974 1780 ristiam,
2003 1715 2139 1769 alius
2179 1714 2408 1772 allirmet
2429 1721 2686 1788 quotidie.
2717 1721 2904 1776 Faciat
2955 1725 3324 1795 unusquisque

1736 1804 1879 1872 quod
1921 1806 2215 1860 secundum
2248 1805 2417 1862 ﬁdem
2454 1817 2605 1863 suam
2637 1811 2724 1880 pie
2753 1812 2924 1866 credit
2959 1828 3077 1868 esse
3124 1814 3325 1869 facien-

1739 1890 1888 1944 dum.
1910 1890 2095 1960 Neque
2115 1894 2258 1948 enim
2281 1895 2624 1966 litigaverunt
2651 1899 2792 1954 inter
2813 1915 2890 1964 se,
2919 1910 3012 1955 aut
3034 1903 3320 1973 quisquam

1738 1995 1923 2037 eorum
1956 1999 2013 2039 se
2041 1985 2192 2040 alteri
2216 1990 2534 2056 praeposuit,
2563 1989 2824 2046 Zachaeus
2848 2005 2903 2047 et
2926 1993 3012 2049 ille
3038 1996 3285 2051 centurio
3304 2035 3321 2063 ,

1737 2088 1860 2127 cum
1905 2074 2044 2130 alter
2089 2092 2275 2131 eorum
2313 2079 2554 2148 gaudens
2603 2082 2656 2135 in
2698 2080 2860 2137 domo
2895 2100 2990 2138 sua
3021 2087 3323 2156 susceperit

1737 2166 2023 2222 Domimun
2067 2165 2216 2236 (Luc.
2270 2169 2416 2236 nx),
2465 2169 2603 2225 alter
2646 2171 2843 2227 dixerit
2873 2193 2886 2227 :
2916 2174 3163 2240 Domine,
3217 2193 3321 2232 non
3368 2189 3370 2191 ‘

1735 2274 1849 2311 sum
1870 2259 2060 2328 dignus
2087 2270 2140 2311 ut
2181 2259 2339 2313 intres
2367 2259 2461 2312 sub
2492 2270 2681 2314 lectum
2718 2280 2886 2318 meum
2915 2249 3127 2336 (.llattlt.
3161 2268 3316 2339 vm)‘;

1735 2348 1892 2402 ambo
1924 2347 2260 2402 Salvatorem
2294 2349 2712 2406 Itonorilicantes
2741 2393 2755 2417 ,
2794 2357 3041 2424 quamvis
3073 2373 3177 2412 non
3211 2376 3320 2414 uno

1737 2441 1917 2504 modo,
1961 2440 2118 2493 ambo
2147 2441 2384 2510 peccatis
2426 2443 2646 2508 miseri,
2685 2447 2846 2499 ambo
2893 2447 3320 2505 misericordiam

1735 2530 2028 2584 consecuti.
2061 2531 2140 2584 Ad
2170 2531 2274 2584 hoc
2296 2530 2437 2584 valet
2468 2533 2610 2600 quod
2641 2548 2836 2587 manna
2877 2538 3170 2591 secundum
3203 2554 3323 2607 pro-

1734 2621 1908 2690 priam
1935 2621 2266 2676 voluntatem
2298 2621 2350 2676 in
2386 2637 2482 2677 ore
2512 2621 2772 2694 cujusque
2799 2627 3060 2696 sapiebat.

1880 2733 1954 2788 De
1985 2734 2163 2788 eadem
2209 2750 2283 2789 re.
2318 2734 2404 2788 Ex
2444 2736 2664 2805 epistola
2700 2736 2978 2794 Clementis
3003 2757 3175 2812 papae.

1801 2849 2001 2906 CXCV.
2041 2850 2329 2922 (Caeneus,
2359 2854 2508 2922 epist.
2563 2854 2630 2919 2;
2685 2854 2964 2912 Rsusotus
3011 2856 3320 2926 Curiensis,

1732 2956 1782 2995 c.
1818 2942 1881 3006 1;
1925 2942 2228 2997 Buucnano.
2260 2943 2353 2998 lib.
2385 2960 2440 3010 v,
2469 2961 2516 3000 c.
2555 2946 2666 3017 ll.)
2695 2945 2853 3002 Certe
2883 2957 3029 3004 tanta
3072 2949 3124 3004 in
3162 2950 3321 3007 altari

1730 3030 2044 3087 holocausta
2092 3033 2394 3088 oderantur
2441 3045 2640 3105 quanta
2689 3037 2886 3107 populo
2933 3039 3177 3096 suﬂicere
3229 3041 3321 3097 de-

1733 3123 1916 3178 beant.
1947 3124 2098 3191 Quod
2143 3126 2185 3179 si
2218 3127 2607 3190 remanserint,
2659 3129 2712 3182 in
2759 3129 3058 3184 crastinum
3089 3146 3195 3185 non
3229 3147 3317 3187 re-

1741 3225 2046 3279 serventur,
2075 3213 2188 3285 99
2212 3215 2306 3269 sed
2351 3231 2472 3270 cum
2505 3217 2696 3272 timore
2738 3227 2792 3273 et
2837 3229 3072 3276 tremore
3095 3221 3319 3277 clerico-

1740 3318 1857 3356 rum
1887 3303 2158 3373 diligentia
2186 3316 2591 3360 consumantur.
2616 3307 2715 3374 Qui
2747 3318 2926 3363 autem
2957 3311 3170 3366 residua
3197 3328 3320 3368 cor-

1738 3393 1886 3463 poris
1915 3394 2156 3459 Domini,
2190 3411 2310 3464 quae
2341 3395 2393 3449 in
2419 3398 2660 3452 sacrario
2705 3397 2891 3452 relicta
2925 3409 3051 3454 sunt
3072 3441 3087 3463 ,
3122 3417 3319 3456 consu-

1739 3494 1928 3550 munt,
1976 3501 2082 3540 non
2132 3487 2314 3540 statim
2366 3487 2432 3542 ad
2475 3503 2789 3544 communes
2831 3493 3119 3547 sumendos
3167 3493 3319 3549 cibos

1737 3577 2091 3640 conveniant,
2125 3592 2223 3632 nec
2250 3586 2437 3646 putent
2463 3587 2660 3632 sanctae
2697 3580 2932 3647 portioni
2965 3581 3318 3636 commiscere

1736 3667 1914 3721 cibum
1945 3667 2036 3735 qtti
2083 3681 2180 3736 per
2208 3666 2485 3721 cuniculos
2512 3668 2751 3736 digestus
2783 3670 2833 3722 in
2862 3684 3131 3724 secessum
3161 3671 3319 3726 emit-

1738 3755 1868 3810 titur
1899 3757 2067 3828 (208).
2098 3757 2155 3811 Si
2186 3757 2350 3828 igitur
2381 3772 2536 3813 mane
2564 3759 2840 3815 Dominica
2877 3762 3194 3833 porrigitur,
3228 3778 3321 3818 us-

1736 3866 1841 3921 que
1876 3852 1941 3904 ad
1988 3859 2196 3905 sextam
2241 3849 2487 3921 jejunent
2532 3853 2765 3907 ministri
2794 3854 2883 3923 qui
2917 3869 3033 3908 eam
3067 3869 3320 3909 consum-

1735 3942 1971 4011 pserint,
2025 3951 2079 3996 et
2124 3941 2167 3995 si
2210 3943 2368 3996 tertia
2410 3941 2492 3996 vel
2539 3954 2730 4012 quarta
2777 3944 2909 3998 hora
2973 3946 3315 4014 acceperint,

1729 4031 1973 4101 jejunent
2019 4046 2186 4101 usque
2231 4033 2298 4086 ad
2347 4045 2645 4102 vesperam.
2695 4032 2787 4088 Sic
2831 4042 3037 4089 secreta
3071 4034 3316 4089 sanctiﬁ-

1743 4123 1957 4176 catione
1987 4131 2186 4176 aeterna
2211 4121 2561 4177 custodienda
2591 4133 2718 4177 sunt
2744 4135 3105 4177 sacramenta.

2028 4212 2553 4284 ExCapitularibns,
2593 4213 2682 4266 lib.
2716 4229 2764 4278 ι,
2792 4231 2908 4283 cap.
2940 4215 3032 4268 52.

1805 4303 1941 4375 (Lib.
1975 4321 1990 4360 ι
2021 4303 2312 4374 Capitular.
2334 4342 2348 4366 ,
2377 4317 2427 4356 c.
2461 4302 2605 4373 158.)
2645 4303 2707 4357 Ut
2732 4319 2922 4358 omnes
2957 4303 3143 4359 ﬁdeles
3165 4320 3314 4361 com-

1734 4430 1766 4450 ..
1790 4395 2039 4458 unicent,
2067 4403 2123 4448 et
2153 4393 2219 4447 ad
2252 4393 2445 4448 missas
2469 4402 2786 4464 exspectent
2810 4393 3025 4450 ﬁnalem
3053 4395 3310 4466 depreca-

1733 4490 1931 4545 tionem
1961 4485 2132 4558 (209).

2230 4577 2316 4632 Ex
2340 4577 2430 4632 lib.
2464 4593 2534 4642 ιι,
2563 4595 2676 4648 cap.
2711 4577 2807 4635 34.

1798 4692 2021 4766 (Coneil.
2045 4693 2283 4748 Cabuon.
2309 4707 2371 4754 tt,
2393 4705 2443 4746 c.
2466 4690 2568 4756 46;
2596 4690 2686 4744 lib.
2721 4705 2757 4744 ιι
2779 4689 3101 4760 Capitular.,
3123 4706 3176 4747 c.
3200 4691 3300 4753 40:

1726 4787 2034 4844 Buucnaau.
2065 4785 2158 4839 lib.
2192 4799 2244 4848 ν,
2281 4798 2331 4838 c.
2367 4782 2479 4852 M.)
2513 4782 2568 4835 In
2597 4782 2940 4850 perceptione
2987 4784 3227 4850 corporis
3253 4789 3308 4836 et

1731 4879 2012 4950 sanguinis
2042 4874 2305 4930 Dominici
2353 4888 2543 4943 magna
2573 4872 2830 4927 discretio
2868 4873 3172 4927 adhibenda
3201 4883 3305 4926 est.

1729 4970 2040 5025 Cavendum
2071 4967 2212 5022 enim
2243 4973 2326 5020 est
2354 4981 2422 5020 ne
2448 4965 2492 5019 si
2524 4963 2748 5017 nimium
2797 4962 2850 5016 in
2898 4963 3114 5033 longum
3153 4961 3309 5015 diffe-

1731 5069 1900 5125 ratur,
1947 5058 2012 5112 ad
2048 5055 2340 5127 perniciem
2390 5054 2584 5109 anima:
2623 5052 2922 5122 pertineat,
2959 5053 3169 5107 dicente
3205 5051 3310 5106 Do-

1728 5147 1874 5202 mino
1906 5165 1917 5200 :
1951 5143 2071 5199 Nisi
2097 5143 2538 5198 manducaveritis
2565 5155 2774 5194 carnem
2812 5140 2944 5194 Filii
2985 5136 3231 5201 hominis,
3259 5151 3310 5192 et

1729 5235 1956 5290 biberitis
1985 5233 2098 5303 ejus
2121 5232 2452 5301 sanguinem,
2471 5244 2575 5284 non
2603 5227 2856 5282 habebitis
2899 5228 3056 5281 vitam
3080 5223 3133 5276 in
3161 5224 3306 5280 vobis

1728 5327 1910 5398 (Joan.
1941 5326 2038 5398 γι).
2085 5323 2142 5380 Si
2171 5339 2302 5378 vero
2330 5324 2628 5379 indiscrete
2654 5319 2972 5387 accipiatur,
3013 5316 3307 5370 timendum

1725 5430 1805 5462 βυ
1857 5421 1984 5462 ill-III
2012 5420 2152 5456 "Im"
2191 5420 2266 5462 σιίι
2297 5417 2583 5462 Δηηαιηιιις
2609 5430 2622 5460 2
2660 5411 2763 5460 ηυὶ
2792 5412 3075 5458 mandarat
3103 5419 3151 5448 οι
3183 5410 3309 5446 Lib-ie
