3944 6394
601 374 706 430 εει

1629 347 1995 410 RECINONIS
2033 343 2446 405 PRUMIENSIS
2470 340 2757 400 ABBATIS
2803 419 2812 426 κ

3724 339 3802 395 ns
3890 303 3891 318 ᾖ

598 483 848 552 indigne,
887 475 1150 549 judicium
1180 472 1278 526 sibi
1315 468 1596 525 mandarat
1629 465 1680 538 (ι
1728 463 1854 520 Cor.
1887 463 1984 532 ιιι).
2015 459 2175 514 Juxta
2204 464 2252 522 Α
2279 457 2486 519 sciunt,
2520 456 2572 510 id
2615 462 2699 510 est
2737 452 3046 508 discernere
3089 448 3232 504 inter
3273 446 3450 504 cibum
3479 447 3748 517 spiritalem
3769 461 3807 506 et

599 569 843 639 ejusdem
871 563 1108 635 Apostoli
1144 575 1328 614 vocem
1360 559 1587 628 probare
1611 570 1670 610 se
1703 554 1862 608 debet
1897 553 2086 612 homo,
2121 557 2178 602 et

603 662 684 719 sic
708 662 773 715 de
800 673 938 729 pane
968 656 1060 711 illo
1089 653 1243 718 edat;
1278 659 1336 705 ut
1365 648 1610 704 videlicet
1652 646 1926 701 abstinens
1975 642 2178 712 aliquot

601 755 792 810 diebus
813 753 882 808 ab
907 749 1160 819 operibus
1187 745 1366 802 carnis
1383 785 1396 808 ,
1427 753 1483 798 et
1510 741 1802 813 puriﬁcans
1843 753 2038 808 corpus
2063 737 2178 791 ani-

601 857 855 912 mamque
899 841 1056 910 100
1081 852 1254 898 suam,
1289 840 1564 904 praeparet.
1580 845 1638 886 se
1667 830 1734 884 ad
1777 828 2177 899 percipiendum

602 942 809 988 tantum
839 939 1268 992 sacramentum,
1297 923 1544 994 exemplo
1571 921 1736 976 David
1773 919 1822 992 (I
1875 919 2002 989 Reg.
2045 917 2136 987 21)
2159 958 2175 983 ,

602 1027 694 1095 qui
721 1025 824 1079 nisi
855 1023 1134 1078 confessus
1164 1019 1356 1074 fuisset
1401 1014 1728 1071 abstinuisse
1759 1011 1908 1084 [edit.
1951 1010 2181 1064 "eluta:-

603 1117 767 1181 stad.,
798 1115 990 1171 fuisset
1017 1108 1428 1179 abstinentiam]
1462 1108 1530 1163 ab
1573 1120 1742 1176 opere
1789 1103 2057 1174 conjugali
2111 1102 2180 1156 ab

603 1206 718 1260 heri
750 1214 804 1260 et
826 1203 1250 1267 nudiustertius,
1282 1211 1624 1270 nequaquam
1652 1209 1822 1266 panes
1856 1190 2181 1264 propositio-

603 1296 688 1349 nis
718 1311 748 1349 a
776 1293 1060 1349 sacerdote
1089 1291 1408 1361 accepisset.

1161 1381 1247 1434 Ea:
1270 1381 1447 1434 eodem
1471 1375 1624 1431 libro.

673 1473 815 1545 (Lib.
847 1489 885 1528 ιι
911 1470 1204 1542 Capitular.
1230 1486 1280 1525 c.
1305 1469 1404 1534 45;
1455 1466 1765 1522 Βυιιοιιλιιι).
1794 1462 1888 1517 lib.
1918 1477 1972 1527 ν,
2001 1476 2049 1516 c.
2071 1459 2180 1532 17.)

603 1562 675 1619 Ut
701 1565 746 1618 si
776 1580 880 1619 non
906 1562 1258 1633 frequentius,
1284 1559 1365 1614 vel
1391 1567 1471 1612 ter
1506 1555 1626 1610 laici
1665 1554 1911 1609 homines
1949 1553 2001 1606 in
2041 1564 2182 1605 anno

604 1655 1032 1719 communicent,
1080 1651 1182 1706 nisi
1217 1651 1355 1704 forte
1384 1649 1505 1718 quis
1537 1646 1831 1716 majoribus
1854 1643 2183 1713 quibuslibet

2280 546 2602 620 carnalem:
2628 542 2769 614 quod
2798 548 3057 611 quantum
3087 537 3159 593 sit
3185 537 3332 593 omni
3358 535 3720 592 ecclesiasticae
3743 554 3806 594 re-

2280 637 2459 707 ligioni
2488 621 2824 690 contrarium
2843 673 2858 698 ,
2889 631 3062 702 pietas
3095 629 3330 685 ﬁdelium
3364 629 3536 683 novit.
3567 627 3704 684 Unde
3725 643 3808 682 om-

2280 728 2439 782 nibus
2463 724 2794 797 presbyteris
2824 720 3192 778 interdicimus
3225 728 3284 773 ut
3310 718 3490 772 nullus
3515 717 3807 786 imposterutn

2285 819 2441 888 102
2477 818 2579 872 hoc
2607 815 2785 870 facere
2814 821 3139 884 praesumat;
3171 810 3267 866 sed
3293 819 3379 864 aut
3412 811 3527 880 ipse
3551 824 3665 863 cum
3691 823 3809 863 rere-

2283 912 2452 966 rentia
2484 918 2696 974 sumat,
2726 918 2819 961 aut
2853 904 3080 960 diacono
3124 903 3208 959 vel
3249 901 3611 965 subdiacono,
3635 900 3714 970 qui
3737 902 3810 956 mi-

2281 1001 2440 1058 nistri
2469 1000 2656 1054 altaris
2677 1005 2836 1061 sunt,
2870 995 3168 1066 colligenda
3199 993 3394 1047 tradat.
3428 989 3559 1044 Illud
3587 990 3728 1044 etiam
3749 999 3808 1044 at-

2285 1097 2470 1152 tendat
2503 1105 2562 1150 ut
2588 1109 2681 1149 eos
2708 1091 2924 1164 propria
2955 1105 3115 1144 manu
3157 1097 3283 1143 ante
3316 1085 3682 1142 communicet.
3707 1081 3809 1158 Nulli

2285 1198 2465 1243 autem
2511 1186 2650 1240 laico
2692 1192 2786 1238 aut
2835 1181 3047 1237 feminae
3077 1177 3466 1235 eucharistiam
3517 1174 3570 1230 in
3617 1173 3812 1228 manibus

2281 1285 2478 1348 ponat,
2508 1275 2602 1328 sed
2633 1282 2841 1327 tantum
2875 1271 2926 1324 in
2949 1283 3043 1324 ore
3072 1283 3197 1322 cum
3225 1266 3310 1321 his
3335 1264 3520 1320 verbis
3553 1280 3566 1316 :
3594 1261 3810 1331 Corpuset

2282 1366 2494 1436 sanguis
2533 1363 2743 1417 Domini
2765 1359 2926 1432 prosit
2950 1359 3042 1412 tibi
3064 1357 3132 1411 ad
3157 1357 3517 1410 remissionem
3543 1361 3810 1421 peccatorum

2283 1468 2331 1513 et
2367 1458 2436 1510 ad
2468 1458 2627 1510 vitam
2660 1464 2930 1508 aeternam.
2978 1448 3036 1504 Si
3064 1449 3185 1518 quis
3216 1448 3328 1502 lucc
3358 1456 3708 1515 transgressus
3729 1441 3809 1495 iue-

2285 1550 2389 1612 rit,
2420 1547 2545 1618 quia
2572 1545 2743 1600 Deum
2769 1543 3191 1613 omnipotentem
3216 1537 3514 1593 contemnit
3537 1546 3590 1590 et
3607 1544 3811 1606 quantum
3890 1535 3891 1538 “

2286 1641 2340 1698 in
2371 1641 2487 1711 ipso
2515 1648 2600 1695 est
2626 1637 2950 1700 inhonorat,
2985 1633 3052 1688 ab
3083 1631 3240 1686 altari
3276 1637 3637 1685 removeatur.

603 1745 920 1800 criminibus
950 1744 1296 1814 impediantur,
1327 1741 1380 1796 id
1399 1750 1492 1795 .est
1535 1738 1591 1793 iu
1621 1735 1842 1802 Pascha,
1872 1733 2048 1789 Natali
2073 1733 2179 1787 Do-

2290 1751 2356 1807 Ut
2401 1751 2570 1806 omnis
2612 1749 2876 1820 presbyter
2907 1747 2998 1820 qui
3026 1743 3323 1820 ecclesiam
3343 1742 3507 1811 regit,
3545 1739 3810 1794 muribqu

603 1836 736 1890 mini
771 1844 825 1890 et
850 1834 1227 1890 Pentecosten.

852 1926 930 1980 De
953 1925 1262 1996 presbyteris
1289 1926 1376 1995 qui
1408 1939 1511 1976 non
1538 1922 1945 1975 communicant.

673 2017 813 2090 (Lib.
845 2034 862 2072 ι
907 2016 1201 2088 Capitular.
1232 2031 1282 2071 c.
1309 2016 1374 2080 6;
1417 1998 1728 2070 Bononiae.
1759 2011 1853 2066 lib.
1885 2025 1970 2074 ιιι,
1995 2023 2046 2064 c.
2070 2006 2184 2079 78.)

601 2110 858 2165 Auditum
879 2119 963 2165 est
987 2109 1194 2179 aliquos
1218 2108 1559 2178 presbyteros
1585 2105 1805 2161 missam
1833 2101 2109 2158 celebrare
2131 2109 2187 2154 et

600 2217 710 2256 nou
737 2201 1171 2264 communicare,
1199 2199 1342 2268 quod
1370 2197 1592 2252 omnino
1633 2196 1686 2250 in
1731 2196 2027 2250 canonibus
2058 2208 2187 2263 apo-

602 2291 864 2346 stolorum
894 2291 1241 2347 interdictum
1271 2305 1391 2346 esse
1426 2288 1640 2359 legitur.
1673 2287 1766 2343 Vel
1797 2287 2065 2357 quomodo
2102 2287 2188 2342 di-

601 2395 726 2436 cere
754 2389 898 2436 recte
926 2389 1140 2450 potest,
1186 2380 1229 2435 si
1274 2394 1378 2434 non
1414 2377 1918 2444 communicaverit,
1950 2371 2189 2448 Sumpsi-

582 2487 750 2546 ‘mus,
778 2472 1028 2538 Domine,
1060 2479 1390 2526 sacramenta
1415 2509 1430 2533 ,
1462 2477 1516 2523 et
1550 2477 1745 2523 caetera
1773 2467 1948 2539 (210).

603 2560 689 2616 Ne
739 2561 962 2633 populus
1013 2571 1292 2633 antequam
1353 2559 1523 2633 missa
1566 2559 1807 2633 ﬁniatur,
1858 2559 1923 2633 de
1971 2557 2188 2614 ecclesia

878 2627 1193 2701 egrediatur.
1227 2627 1312 2682 Ex
1338 2629 1558 2682 concilio
1603 2627 1914 2682 Arelatensi.
2009 2658 2022 2673 ι

591 2752 599 2759 ·
673 2721 899 2778 CXCVl.
942 2719 1165 2791 (Concil.
1212 2717 1483 2772 Aurelian.
1537 2733 1587 2782 t,
1635 2731 1685 2770 c.
1731 2716 1835 2782 26;
1879 2716 2186 2772 Buncuano.

603 2816 701 2871 lib.
733 2829 828 2880 ιιι,
870 2829 920 2868 c.
949 2811 1064 2880 29.)
1093 2811 1228 2866 Cum
1258 2810 1326 2864 ad
1354 2807 1732 2863 celebrandam
1765 2808 1980 2863 missam
2014 2810 2066 2863 in
2096 2809 2189 2863 Dei

605 2906 822 2960 nomine
849 2902 1188 2964 convenitur,
1214 2899 1442 2969 populus
1472 2914 1577 2954 non
1603 2907 1729 2954 ante
1759 2899 2000 2954 discedat
2027 2915 2188 2969 quam

599 2995 781 3050 Missae
805 2992 1118 3048 solemnitas
1145 2989 1514 3060 compleatur;
1560 2998 1619 3044 et
1644 2988 1733 3044 ubi
1764 2990 2047 3060 episcopus
2075 2989 2191 3046 fue-

603 3084 678 3139 rit
707 3083 854 3154 (2H)
872 3122 888 3148 ,
918 3079 1347 3136 benedictionem
1375 3077 1603 3147 accipiat
1626 3077 1940 3132 sacerdotis.

2213 1811 2260 1872 B

2591 1811 2638 1874 et
2668 1811 2938 1872 incEnsuni
2959 1816 3166 1870 habeat.
3205 1811 3355 1866 Unde
3382 1827 3564 1881 supra.

2356 1910 2463 1968 CC.
2507 1910 2844 1984 (Buucuaun.
2883 1907 2977 1962 lib.
3025 1922 3124 1971 ιιι,
3162 1919 3212 1960 c.
3257 1903 3387 1968 227',
3425 1918 3492 1956 ex
3520 1898 3716 1954 concilio
3743 1898 3809 1950 Ro-

2286 2004 2540 2074 tltomag.,
2561 2018 2625 2070 ,c.
2657 2001 2733 2073 1.)
2766 1999 2835 2056 Ut
2870 2009 3110 2069 tempore
3138 2012 3244 2068 quo
3278 1995 3623 2067 Evangelium
3649 1993 3809 2062 legitur,

2285 2099 2340 2147 et
2367 2091 2521 2146 ﬁnito
2549 2089 2860 2154 otl‘ertorio,
2907 2102 3067 2157 super
3111 2087 3442 2141 oblationem
3475 2086 3750 2146 incensum,
3773 2089 3810 2133 ut

2288 2183 2342 2240 in
2373 2191 2600 2237 mortem
2637 2180 2888 2236 videlicet
2922 2178 3339 2248 Redemptoris,
3371 2185 3621 2248 ponatur.

2287 2294 2366 2351 De
2412 2294 2787 2364 praedicatione
2815 2291 3254 2413 presbgitlerarétm.
3299 2286 3386 2342 Ex
3425 2283 3648 2357 ϐαρεῖαι.
3682 2283 3808 2343 ιιιω.

3004 2377 3019 2413 ι
3050 2398 3064 2412 .
3103 2379 3118 2412 ι
3168 2398 3183 2412 .

3004 2367 3064 2413 ξι.
3096 2367 3183 2412 76.
3816 2367 3818 2370 ’

2359 2453 2484 2510 CCI.
2517 2452 2657 2526 (Lib.
2707 2468 2724 2506 ι
2780 2450 3075 2522 Capitular.
3123 2466 3174 2506 c.
3219 2449 3332 2520 82.)
3369 2447 3480 2505 Sed
3508 2454 3560 2504 et
3589 2443 3810 2510 unicuique

2289 2554 2528 2601 vestrum
2558 2544 2844 2600 videndum
2889 2551 3003 2604 est,
3053 2541 3396 2597 dilectissimi
3441 2549 3497 2596 et
3542 2536 3809 2594 venerabiles

2291 2647 2536 2708 pastores
2563 2635 2916 2692 ecclesiarum
2953 2632 3043 2688 Dei
3067 2673 3080 2696 ,
3122 2643 3180 2686 ut
3211 2631 3512 2702 presbyteri
3555 2643 3675 2700 quos
3713 2642 3808 2697 prae-

2292 2729 2508 2784 mittitis
2547 2745 2645 2800 per
2672 2727 2979 2798 partechias
3007 2733 3214 2780 vestras
3237 2723 3304 2778 ad
3344 2730 3623 2793 regendum
3650 2729 3809 2786 etpra-

2293 2820 2579 2876 dicandum
2625 2825 2722 2889 per
2765 2817 3023 2872 ecclesias
3063 2815 3317 2886 populum
3369 2814 3498 2879 Dei,
3545 2822 3602 2866 ut
3641 2809 3808 2864 honeste

2291 2913 2618 2983 praedicent,
2648 2919 2701 2965 et
2730 2925 2836 2964 non
2871 2907 3061 2963 sinatis
3090 2921 3225 2961 nova
3255 2905 3337 2960 vel
3363 2922 3470 2960 non
3494 2900 3726 2958 canonica
3746 2897 3808 2948 ali-
3890 2927 3891 2934 η

2292 3017 2428 3071 quos
2458 2999 2660 3073 [Editio
2707 2996 3078 3059 Helmcrstad.,
3122 3009 3259 3049 nova
3307 3003 3406 3049 aut
3432 2992 3670 3047 inusitata
3696 2983 3805 3055 aliq.]

2295 3107 2363 3146 ex
2407 3107 2506 3145 suo
2558 3103 2719 3143 sensu
2751 3094 2802 3140 ct
2843 3102 2950 3139 non
2999 3083 3294 3139 secundum
3341 3098 3526 3138 sacras
3568 3080 3807 3148 Scriptum

680 3176 833 3246 101
875 3173 953 3228 De
981 3172 1160 3227 eadem
1203 3187 1277 3224 re.
1312 3167 1399 3251 Ea:
1423 3168 1656 3251 concilio
1687 3167 2120 3237 Carthaginensi,

2300 3181 2499 3251 tingere
2528 3188 2580 3234 et
2608 3177 2902 3249 praedicare
2932 3175 3148 3248 populo.
3201 3174 3306 3230 Sed
3348 3184 3404 3230 et
3435 3171 3716 3239 vosmetipSI
3739 3167 3808 3220 uti-

1234 3242 1388 3294 canit.
1423 3229 1556 3292 .147.

675 3331 922 3390 CXCVII.
968 3329 1192 3402 (Concil.
1226 3257 1600 3398 liv,
1632 3342 1681 3382 c.
1732 3326 1833 3394 24;
1881 3326 2189 3382 Bunannn.

606 3427 702 3482 lib.
729 3442 789 3490 ιι,
816 3441 865 3480 c.
891 3424 1006 3495 66.)
1039 3422 1333 3478 Sacerdote
1359 3421 1423 3497 in.
1436 3420 1666 3475 ecclesia
1694 3421 1915 3474 verbum
1941 3419 2190 3484 faciente,

606 3520 698 3591 qui
729 3533 982 3590 egressus
1001 3517 1068 3571 de
1096 3513 1362 3570 auditorio
1397 3512 1581 3579 fuerit,
1602 3513 2120 3569 excommunicetur.

609 3628 677 3686 Ut
725 3629 1019 3685 sacrarium
1062 3626 1304 3748 mulieris
1353 3642 1467 3747 gon
1512 3625 1792 3679 introeant.
1843 3623 1930 3678 Ea:
1973 3623 2194 3679 concilio

1285 3711 1348 3748 ao
1392 3711 1557 3748 iceno.

1285 3711 1557 3748 aoatceno.

683 3787 953 3844 CXCVIII.
984 3785 1208 3856 (Concil.
1252 3783 1471 3837 Laodic.
1505 3798 1556 3837 c.
1603 3782 1708 3848 44;
1755 3781 2064 3838 Boncuaun.
2097 3782 2192 3839 lib.

610 3899 702 3946 ιιι,
737 3896 786 3936 c.
814 3879 961 3947 100.)
989 3877 1138 3944 Quod
1167 3891 1272 3931 non
1305 3883 1551 3944 oporteat
1594 3874 1847 3929 mulieres
1883 3873 2090 3944 ingredi
2128 3873 2195 3928 ad

612 3972 780 4028 altare
799 4009 814 4034 ,
861 3977 914 4024 et
943 3983 1005 4022 ea
1034 3967 1348 4038 contingere
1374 3979 1495 4035 quae
1523 3964 1766 4020 virorum
1799 3961 1991 4021 ciliciis
2024 3963 2194 4035 depu-

613 4071 726 4118 tata
752 4071 876 4117 sunt
905 4057 1079 4132 (2l2).

1030 4173 1116 4230 Ea;
1138 4171 1358 4244 epistola
1395 4168 1584 4226 Leonis
1609 4186 1782 4242 papae.

683 4271 925 4338 (Decreta
952 4267 1153 4324 Ceus.
1181 4252 1230 4322 c.
1253 4265 1355 4332 26;
1381 4263 1692 4320 Bononiae.
1723 4263 1815 4319 lib.
1845 4278 1942 4330 ιιι,
1966 4277 2014 4318 c.
2047 4260 2194 4332 IOI.)

611 4361 976 4421 Nihilominus
1025 4358 1369 4428 impatienter
1399 4356 1702 4410 audivimus
1733 4363 1941 4409 tantum
1989 4355 2197 4408 divina-

613 4469 734 4509 rum
760 4466 939 4507 rerum
970 4449 1202 4503 subiisse
1231 4447 1564 4516 despectum,
1588 4453 1647 4497 ut
1671 4443 1884 4499 femina:
1918 4444 2090 4500 sacris
2119 4442 2195 4496 al-

2295 3270 2364 3324 lia
2382 3313 2398 3338 ,
2432 3273 2655 3326 honesta
2695 3279 2749 3324 et
2776 3279 2920 3323 recta
2943 3309 2957 3330 ,
2985 3278 3039 3322 et
3064 3281 3181 3336 quae
3209 3267 3275 3321 ad
3298 3267 3468 3320 vitam
3499 3265 3677 3318 ducant
3695 3268 3806 3312 :etcr-

2295 3377 2453 3426 nam,
2485 3359 2801 3431 praedicate;
2830 3357 2963 3411 alios
2998 3371 3212 3428 quoque
3238 3357 3523 3421 instruite,
3553 3361 3608 3408 ut
3635 3351 3725 3404 lucc
3743 3362 3804 3401 ca-

2294 3453 2416 3509 dem
2445 3451 2754 3523 pranlicent.
2957 3458 2959 3460 '

2445 3545 2601 3616 103
2632 3545 2773 3611 Quid
2798 3545 2863 3598 sit
2885 3562 2915 3597 a
2953 3543 3262 3614 presbyteris
3292 3540 3687 3611 prmdicandunt.

2365 3637 2515 3694 CCII.
2541 3637 2678 3708 (Lib.
2709 3634 3040 3706 tCapitular.
3069 3649 3119 3689 c.
3159 3631 3268 3699 82;
3307 3631 3609 3688 Buacnano.
3652 3627 3725 3681 lib.
3764 3637 3804 3684 ιι,

2296 3745 2344 3786 c.
2372 3729 2485 3800 59.)
2528 3729 2709 3784 Primo
2765 3727 3004 3782 onmium
3058 3724 3461 3796 prcedicandum
3505 3729 3584 3778 est
3619 3717 3807 3774 omnibus

2295 3819 2699 3892 generaliterut
2727 3815 2951 3871 credant
2975 3814 3217 3880 Patrem,
3243 3825 3299 3868 et
3343 3812 3385 3866 F
3392 3814 3558 3878 ilium,
3598 3819 3648 3863 et
3685 3803 3805 3874 Spiri-

2297 3923 2410 3967 tum
2446 3921 2691 3967 sanctum
2722 3924 2886 3964 unum
2919 3908 3089 3963 Deum
3125 3921 3245 3962 esse
3280 3907 3708 3976 omnipotentem,
3743 3893 3803 3962 qui

2271 3991 2475 4061 omnia
2501 4003 2649 4069 fecit,
2681 4012 2734 4058 et
2755 4017 2915 4056 unam
2971 4015 3090 4054 esse
3141 3999 3397 4054 deitatem
3427 4007 3481 4052 et
3515 3990 3802 4050 substantiam

2297 4103 2352 4151 et
2379 4093 2719 4164 maiestatem
2774 4094 2827 4148 in
2877 4091 3049 4147 tribus
3095 4090 3342 4162 personis
3388 4089 3581 4153 Patris,
3621 4081 3738 4142 Filii,
3769 4084 3805 4128 et

2298 4185 2534 4256 Spiritus
2563 4182 2755 4238 sancti.

2368 4269 2699 4342 (Buucmno.
2732 4267 2824 4320 lib.
2867 4283 2909 4321 ιι
2942 4281 2994 4320 c.
3035 4264 3148 4336 60.)
3177 4265 3309 4320 Item
3338 4259 3707 4335 praedicandum
3749 4255 3804 4302 est

2296 4360 2564 4432 quomodo
2588 4358 2758 4413 Filius
2794 4357 2886 4412 Dei
2915 4358 3229 4412 incarnatus
3257 4366 3340 4412 est
3371 4358 3438 4411 de
3501 4351 3683 4424 Spiritu
3719 4356 3803 4396 ωηο

2297 4463 2384 4508 cto
2409 4468 2472 4506 ex
2515 4450 2683 4504 Maria
2728 4449 2936 4519 virgine
2991 4463 3092 4517 pro
3134 4446 3324 4502 sal'ute’
3360 4443 3574 4500 humani
3616 4435 3797 4512 generis.

613 4542 825 4598 taribus
873 4539 1184 4592 ministrare
1235 4535 1538 4598 ﬁrmentur,
1585 4541 1886 4600 cunctaque
1937 4548 2042 4587 non
2093 4532 2194 4587 nisi
2229 4527 2274 4589 D
2300 4561 2516 4618 passus,
2552 4541 2822 4614 sepultus,
2860 4539 3024 4596 tertia
3067 4538 3155 4596 die
3213 4539 3539 4602 ιιεευη-οςῖι,
3567 4543 3616 4590 ει
3657 4527 3800 4584 caelum

615 4633 858 4686 virorum
887 4625 1170 4682 famulatui
1193 4625 1449 4695 deputata
1477 4638 1668 4680 sexum
1697 4622 1782 4677 cui
1814 4638 1919 4678 non
1941 4624 2199 4693 competit

613 4722 888 4780 exhibere.

856 4833 935 4888 De
962 4832 1144 4888 eadem
1173 4846 1244 4884 re.
1272 4828 1354 4883 Ex
1391 4825 1610 4882 conciiio
1643 4825 1955 4882 Turonensi.

2301 4639 2570 4703 ascendit,
2599 4637 2653 4691 in
2712 4636 2818 4691 ﬁne
2876 4631 3058 4687 mundi
3112 4631 3332 4687 veniens
3384 4629 3622 4700 judicare
3665 4627 3802 4673 omnes

2301 4728 2548 4785 homines
2568 4729 2869 4782 secundum
2895 4739 3059 4792 opera
3115 4723 3367 4794 propria;
3399 4737 3504 4792 quo
3555 4714 3692 4772 modo
3730 4709 3800 4762 im-

2299 4821 2372 4890 pii
2402 4836 2523 4876 cum
2571 4819 2782 4875 diabolo
2828 4818 2882 4872 in
2918 4817 3092 4889 ignem
3125 4824 3385 4870 internum
3419 4814 3691 4869 mittentur,
3708 4794 3800 4871 justi

685 4923 914 4982 CXCIX.
947 4922 1283 4994 (Buucuann.
1314 4918 1407 4972 lib.
1432 4934 1531 4982 ιιι,
1561 4932 1611 4972 c.
1636 4915 1734 4981 76,
1756 4932 1821 4970 ea:
1843 4914 2064 4970 concilio
2091 4913 2200 4968 Ro-
2299 4928 2424 4970 cum
2452 4912 2666 4968 Christo
2694 4911 2750 4965 in
2798 4909 2965 4963 vitam
2993 4917 3248 4962 aeternam
3273 4916 3449 4960 erunt.

611 5019 870 5086 thomag.,
895 5029 946 5069 c.
976 5012 1057 5083 2.)
1084 5011 1295 5066 Dictum
1323 5016 1406 5064 est
1440 5007 1594 5063 nobis
1638 5007 1782 5076 quod
1811 5005 2031 5075 quidam
2067 5019 2194 5074 pre.

615 5107 852 5180 sbyleri,
884 5102 1155 5160 celebrata
1187 5101 1382 5164 missa,
1428 5097 1791 5152 detrectantes
1835 5095 1935 5166 ipsi
1981 5110 2195 5150 sumere

614 5202 798 5257 divina
839 5197 1094 5269 mysteria
1120 5209 1240 5264 qua:
1268 5199 1686 5254 consecrarunt,
1723 5189 1947 5244 calicem
1982 5187 2191 5242 Domini

618 5290 980 5354 mulierculis,
1025 5301 1145 5357 qua
1183 5284 1251 5340 ad
1287 5283 1479 5338 missas
1511 5279 1774 5346 offerunt,
1826 5281 2079 5345 tradunt,
2112 5279 2194 5334 vel

617 5382 940 5454 quibusdam
967 5379 1150 5444 laicis,
1181 5377 1272 5448 qui
1303 5373 1596 5444 diiudicare
1621 5389 1817 5443 corpus
1857 5373 2068 5429 Domini
2101 5386 2194 5426 ne-

691 5493 839 5565 (2710)
867 5492 1039 5565 Caput
1072 5490 1214 5565 istud
1255 5505 1358 5544 non
1392 5487 1656 5565 exstatin
1686 5487 1924 5565 editione
1958 5485 2194 5565 Ilelmte-

619 5556 882 5620 SIadiensi
903 5603 918 5627 ,
945 5556 998 5616 et
1026 5563 1262 5616 additum
1293 5566 1377 5612 est
1403 5573 1468 5612 ex
1500 5558 1687 5612 codice
1735 5572 1837 5611 ms.
1881 5556 2195 5610 Parisiensi.

694 5633 840 5704 (2H)
871 5626 926 5686 ιη
955 5631 1190 5708 editione
1228 5627 1572 5708 Helm-zeum.
1606 5627 1802 5708 legitur
1832 5644 1844 5679 :
1978 5626 2196 5708 ubiepi-

623 5696 942 5773 scopns'non
977 5702 1164 5770 fuerit,
1194 5707 1297 5773 etc.
1329 5699 1460 5773 Vide
1488 5696 1868 5773 concilium)"
1892 5696 2192 5773 Aureliam,

623 5767 745 5848 cap.
782 5774 879 5842 29,
913 5767 1084 5828 et'lib.
1121 5787 1189 5825 ru
1227 5768 1548 5839 Capitular.,
1597 5784 1716 5840 cap.
1746 5769 1842 5822 ⁴201
1870 5810 1884 5836 ,
1915 5777 1968 5822 et
2011 5767 2191 5822 Addit.

2373 5005 2704 5077 (Bonarum.
2732 5001 2830 5058 lib.
2859 5018 2921 5068 ιι,
2943 5018 2993 5057 c.
3023 5000 3139 5070 61.)
3179 5000 3310 5054 Item
3339 4991 3709 5068 praedicandum
3744 4984 3798 5077 εξί

2301 5098 2445 5167 quod
2469 5108 2658 5149 omnes
2693 5094 2939 5149 homines
2988 5092 3041 5146 in
3075 5092 3298 5160 propria
3337 5103 3496 5143 carne
3553 5075 3795 5143 resursem‘

2373 5189 2706 5261 (BURCHARD.
2738 5185 2830 5241 lib.
2854 5202 2916 5248 ιι,
2949 5200 3000 5240 c.
3033 5183 3144 5254 65.)
3168 5182 3298 5238 Item
3341 5172 3702 5250 praedicandum
3743 5162 3798 5261 esi

2300 5259 2399 5352 pro
2421 5278 2616 5350 quibus
2643 5277 2961 5333 criminibus
2993 5289 3117 5329 cum
3140 5272 3353 5329 diabolo
3372 5271 3699 5352 deponuntur,
3715 5259 3798 5352 ιιυὲ

2299 5344 2588 5441 λροέιοιιιε
2614 5377 2916 5434 enumerat,
2949 5363 3258 5432 fornicatio,
3310 5353 3648 5417 immunditia,
3688 5344 3796 5397 Ιιιιυ·

2299 5499 2374 5550 ιν,
2403 5498 2523 5552 cap.
2551 5482 2643 5537 49..

2549 5515 2685 5625 Vide
2712 5551 2806 5625 li_h.
2839 5567 2912 5625 vn
2940 5549 3260 5625 Capitu_lar.,
3279 5561 3406 5625 cap.
3439 5539 3552 5625 ιξξι,
3579 5515 3792 5625 17ξ;“¹ίξξ)ζ

2300 5636 2356 5681 et
2374 5592 2698 5692 Ὲῖιῦἕιιίιὶὶὶῖὲ
2716 5592 3612 5692 ἱὶεὸίῑυῖἄνὲὄίὲέὸῥιᾝέτῐιάᾑ.τ
3622 5592 3792 5692 ragiff

2299 5670 3294 5820 attigimusﬂagitauiti7
3315 5670 3370 5758 et
3421 5675 3643 5757 Capitula
3685 5670 3792 5732 81""

2296 5781 2455 5838 capp
2519 5802 2536 5820 .
