3884 5426
83 392 198 449 229

941 395 1028 452 DE
1064 394 1344 452 ECCLES.
1386 395 1667 452 DISCIPL.
1707 394 1886 456 LIBRI
1919 402 2077 460 DUO.
2113 435 2186 448 --
2221 405 2348 465 LIB.
2380 410 2419 466 Ι.

3243 417 3358 478 350

89 519 196 567 na,
227 501 490 558 idolorum
509 505 762 568 servitus,
789 507 1066 571 veneltcia,
1088 516 1196 561 etc.
1221 505 1462 573 Quitalia
1483 516 1668 578 agunt,
1699 509 1744 568 Α
1777 510 2072 584 b05pitnm,
2101 520 2340 578 maxime
2367 536 2662 592 pauperum
2723 533 2887 596 atque
2938 527 3217 596 debilium,
3265 549 3357 590 or-

89 611 322 663 regnum
357 595 450 650 Dei
479 611 582 650 non
643 608 1064 667 consequentur.
1105 599 1172 653 Et
1215 599 1336 656 ideo
1391 599 1504 654 haec
1552 615 1674 654 cum

87 691 240 744 omni
270 689 450 744 studio
474 691 891 760 prohibeantur.

163 783 500 853 (Buacman.
531 783 624 838 lib.
663 800 726 848 ιι,
767 801 816 840 c.
843 786 956 856 64.)
985 787 1118 842 Item
1151 789 1545 858 prtedicandum
1593 799 1676 846 est

87 875 159 928 de
179 875 468 930 dilectione
501 875 594 930 Dei
629 885 682 930 et
711 879 966 946 proximi,
1001 879 1068 933 de
1097 879 1202 932 fide
1237 889 1293 934 et
1315 895 1412 950 spe
1460 881 1512 933 in
1543 881 1672 944 Deo,

83 964 155 1018 de
179 967 504 1032 humilitate,
529 967 818 1037 patientia,
855 971 1128 1034 castitate,
1165 971 1520 1041 benignitate,
1573 973 1674 1026 mi-

83 1056 402 1121 sericordia,
431 1057 499 1112 de
541 1057 921 1130 eleemosynis,
961 1062 1028 1114 de
1055 1062 1418 1126 confessione,
1453 1073 1512 1116 ut
1559 1063 1672 1117 fra-

85 1144 264 1212 tribus
285 1161 350 1200 ex
383 1147 546 1200 corde
578 1148 908 1202 remittatur.
943 1149 1042 1216 Qui
1095 1152 1210 1206 lucc
1231 1159 1288 1205 et
1337 1152 1423 1206 bis
1477 1152 1672 1208 similia

81 1246 276 1307 agunt,
303 1253 525 1308 regnum
549 1237 644 1294 Dei
685 1250 1106 1310 consequentur.

233 1327 310 1381 De
364 1329 546 1383 cadent
584 1347 656 1384 re.
695 1329 1098 1394 Excedentlib.
1139 1349 1178 1397 ι,
1237 1351 1353 1403 cap.
1405 1334 1528 1390 154.

156 1418 328 1474 CCIII.
355 1421 494 1490 (Lib.
525 1439 541 1476 I
571 1421 864 1494 Capitular.
925 1440 974 1480 c.
1009 1425 1148 1491 I68;
1201 1427 1450 1482 WALTER
1495 1429 1671 1485 Aure-

79 1507 242 1574 lian.,
264 1525 314 1564 c.
347 1511 410 1576 7;
443 1511 751 1568 Buacmno.
779 1515 870 1568 lib.
897 1531 1012 1581 xix,
1055 1532 1104 1569 c.
1129 1517 1242 1586 99.)
1263 1517 1334 1573 Ut
1379 1519 1668 1587 unusquis-

79 1615 192 1668 que
247 1604 530 1672 presbyter
562 1605 790 1672 capitula
840 1606 998 1678 1041
1029 1609 1224 1662 habeat
1267 1611 1334 1664 de
1377 1611 1670 1678 majoribus

79 1691 170 1744 vel
194 1692 494 1748 minoribus
523 1695 688 1760 vitiis,
717 1711 813 1766 per
859 1713 978 1767 qua:
1015 1715 1344 1770 cognoscere
1369 1702 1540 1757 valeat
1581 1704 1668 1758 vel

77 1783 378 1850 praedicare
401 1785 630 1840 subditis
649 1795 706 1840 ut
731 1799 956 1843 caveant
981 1792 1052 1845 ab
1101 1792 1311 1846 insidiis
1341 1791 1558 1848 diaboli.

361 1875 442 1930 De
467 1877 646 1930 eadem
673 1895 748 1932 rc.
783 1876 868 1934 Ea:
886 1882 1088 1945 eodem,
1111 1899 1228 1952 cap.
1257 1882 1378 1938 159.

154 1965 872 2040 CCIV.(Lib.1l.‘apitulai-.
903 1988 952 2027 e.
1011 1973 1151 2038 I65;
1203 1975 1514 2032 BUIICIIARD.
1567 1975 1679 2034 lib.

77 2071 142 2119 ιι,
173 2054 358 2124 (3972.)
385 2059 454 2114 Ut
481 2061 790 2116 sacerdotes
811 2063 1138 2118 admoneant
1159 2064 1410 2134 populum
1441 2065 1664 2122 utelee-

73 2151 516 2220 mosynamdent
557 2161 613 2208 et
664 2154 966 2208 orationem
1035 2154 1237 2210 faciant
1281 2171 1380 2226 pro
1433 2157 1666 2212 diversis

69 2239 252 2311 plagis
271 2256 410 2311 quas
423 2241 640 2296 assidue
653 2259 748 2312 pro
762 2245 996 2312 peccatis
1019 2246 1224 2300 nostris
1245 2247 1478 2316 patimur
1493 2248 1574 2320 (‘ll
1585 2249 1661 2319 5).

467 2332 544 2386 De
565 2333 745 2386 eadem
771 2351 842 2388 re.
887 2333 972 2388 Ea:
998 2352 1116 2404 cap.
1153 2335 1274 2390 161).

145 2419 300 2478 CCV.
333 2423 518 2494 (Lib.t
553 2421 846 2492 Capitular.
879 2440 930 2478 c.
973 2424 1126 2496 I66.)
1162 2425 1230 2486 Ut
1257 2427 1356 2496 ipsi
1413 2429 1666 2483 sacerdo-

63 2522 180 2578 tes,
214 2515 584 2584 unusquisque
622 2515 918 2568 secundum
942 2517 1191 2570 ordinem
1247 2533 1425 2582 suum,
1469 2520 1666 2587 prandi-

61 2619 202 2658 care
225 2615 281 2657 et
309 2604 502 2660 docere
522 2604 778 2659 studeant
802 2604 1016 2674 plebem
1049 2607 1150 2660 sibi
1174 2609 1545 2662 commissam.

217 2694 520 2748 Admouitio
544 2695 612 2748 ad
655 2697 944 2766 episcopos.
1001 2695 1090 2752 Ea:
1115 2697 1206 2752 lib.
1238 2714 1298 2762 ιι,
1326 2715 1442 2768 cap.
1465 2699 1520 2754 5.

139 2784 326 2840 CCVI.
363 2783 504 2855 (Lib.
533 2800 572 2839 ιι
617 2783 922 2855 Capitular.
951 2801 1002 2840 c.
1033 2786 1112 2857 5.)
1169 2787 1244 2842 De
1293 2787 1664 2844 sacerdotibus

59 2877 139 2932 ad
167 2885 404 2930 vestram
427 2892 610 2932 curam
654 2877 1054 2947 pertinentibus
1105 2895 1358 2950 magnum
1412 2880 1664 2936 adhibete

59 2969 310 3024 studium
340 2977 398 3022 ut
431 2970 665 3039 qualiter
693 2973 876 3026 vivere
903 2973 1156 3036 debeant,
1177 2981 1232 3027 et
1262 2975 1534 3043 quomodo
1562 2989 1660 3044 po-

61 3060 218 3128 pulis
242 3061 310 3114 ad
343 3077 500 3116 suam
530 3063 794 3130 portionis
813 3078 1002 3118 curam
1041 3065 1439 3134 pertinentibus
1463 3080 1656 3120 exem-

61 3151 162 3222 plo
192 3159 248 3206 et
271 3151 435 3208 verbo
482 3154 720 3222 prosint,
755 3169 786 3208 a
809 3156 959 3210 vobis
991 3171 1182 3226 magna
1213 3173 1340 3210 cura
1397 3159 1660 3212 edocean-

1775 606 2076 676 phanorum
2137 625 2354 682 quoque
2429 626 2592 684 atque
2661 618 3070 688 peregrinorum
3127 623 3352 692 habeat,

1775 698 1982 769 hosque
2021 701 2088 756 ad
2117 705 2405 771 prandium
2455 721 2612 760 suum
2651 707 3069 779 quotidiejuxta
3124 717 3355 784 possibi-

1775 787 1976 846 litatem
2003 803 2286 862 convocet,
2327 795 2514 866 eisque
2573 798 2864 868 hospitium
2918 802 3122 859 tribuat
3177 805 3352 879 (214).

2303 905 2390 960 Ea:
2413 907 2590 962 eodem
2635 909 2820 978 capite.

1843 989 2090 1063 Capitula
2119 993 2464 1051 CARLOMANNI
2501 997 2580 1051 tit.
2606 999 2660 1062 2,
2687 1015 2737 1054 e.
2773 1001 2868 1060 l2:
2891 1001 3208 1058 Bonorum).
3247 1003 3349 1061 lib.

1771 1083 1830 1148 2.
1856 1101 1905 1140 c.
1939 1085 2085 1158 167.)
2127 1085 2193 1142 Ut
2214 1097 2393 1144 autem
2423 1090 2604 1145 omnis
2629 1093 2842 1146 occasio
2869 1094 3070 1162 rapinae
3096 1095 3344 1162 tollatur,

1773 1177 2022 1231 volumus
2048 1187 2108 1231 ut
2131 1179 2458 1251 presbyteri,
2499 1181 2589 1252 qui
2617 1182 2812 1236 bonum
2837 1183 3138 1253 exemplum
3171 1187 3348 1240 chari-

1775 1268 1901 1322 tatis
1945 1269 2197 1324 omnibus
2243 1271 2534 1324 ostendere
2593 1271 2817 1338 debent,
2876 1273 3172 1344 hospitales
3239 1277 3352 1330 exi-

1772 1370 1940 1426 stant,
1958 1360 2114 1431 juxta
2145 1363 2483 1418 Dominicum
2513 1372 2567 1418 et
2609 1365 2965 1435 apostolicum
2997 1379 3348 1437 przeceptum,

1772 1461 1827 1508 et
1871 1453 2258 1508 humanitatem
2331 1455 2607 1522 praebeant
2666 1455 2769 1510 iter
2821 1455 3161 1520 facientibus,
3222 1458 3349 1526 quia

1771 1559 1868 1614 per
1913 1544 2334 1610 hospitalitatem
2387 1545 2706 1616 placuerunt
2767 1546 2926 1620 106
2957 1547 3174 1618 quidam
3215 1547 3348 1612 Deo,

1771 1633 1974 1704 angelis
1999 1633 2230 1704 hospitio
2258 1635 2523 1704 receptis;
2553 1645 2606 1690 et
2627 1635 2886 1691 Dominus
2929 1637 2982 1690 in
3028 1637 3114 1692 die
3154 1634 3349 1704 jndicii

1771 1726 2010 1781 dicturus
2035 1734 2118 1781 est
2140 1725 2326 1780 electis
2360 1744 2372 1780 :
2403 1725 2604 1796 Hospes
2639 1745 2813 1792 erant,
2861 1738 2909 1783 et
2937 1729 3234 1799 suscepistis
3269 1745 3350 1783 me

1772 1815 1984 1888 (Matth.
2013 1831 2118 1870 xxv
2139 1814 2180 1886 ).
2215 1816 2282 1871 Et
2323 1815 2425 1872 .lob
2461 1815 2594 1872 dicit
2624 1832 2638 1871 :
2671 1815 2878 1872 Ostium
2931 1835 3102 1872 meum
3149 1834 3352 1890 semper

1769 1912 1956 1966 viatori
1984 1914 2150 1983 patuit
2181 1911 2323 1985 (Job.
2347 1913 2522 1986 xx“).

1839 2025 1914 2080 De
1935 2043 2071 2098 aqua
2120 2026 2408 2084 benedicta.
2443 2028 2526 2084 Ea:
2553 2029 2770 2099 cpistola
2797 2029 3086 2086 Alexandri
3107 2049 3277 2104 papa.

1836 2115 1994 2174 CCX.
2048 2119 2346 2192 (Accusa.
2387 2121 2432 2188 l,
2481 2123 2632 2190 epist.
2661 2138 2697 2186 ι,
2733 2138 2785 2178 c.
2819 2123 2891 2180 5:
2943 2123 3220 2182 Reaemus
3237 2127 3348 2182 Cu-

1768 2207 1984 2274 riensis,
2010 2224 2064 2264 c.
2089 2211 2190 2276 εις
2223 2211 2532 2269 Benenann.
2555 2212 2652 2272 lib.
2673 2231 2738 2282 ιι,
2761 2232 2810 2272 c.
2834 2215 2948 2286 55.)
2974 2215 3182 2287 Aquam
3203 2219 3348 2275 enim

1767 2299 1880 2354 sale
1909 2315 2256 2370 conspersam
2299 2305 2514 2374 populis
2553 2306 2947 2370 benedicimus,
2973 2318 3117 2363 utea
3166 2307 3349 2366 cuncti

1769 2390 1974 2459 aSpersi
2014 2391 2450 2460 sanctiﬁcentur;
2485 2396 2627 2464 quod
2658 2405 2714 2452 et
2735 2397 2990 2452 omnibus
3057 2400 3350 2454 sacerdoti-

1767 2479 1870 2534 bus
1897 2479 2205 2536 l'aciendum
2236 2497 2358 2538 esse
2383 2486 2726 2542 mandamus.
2752 2487 2885 2542 Nam
2909 2487 2952 2541 si
2997 2488 3136 2550 cinis
3165 2488 3348 2544 vitulm

1769 2587 2022 2642 aspersus
2095 2573 2348 2644 populum
2413 2577 2790 2632 sanctiﬁcabat
2836 2586 3000 2648 atque
3055 2579 3352 2634 mandabat.

1769 2663 1957 2736 (Hebr.
1992 2665 2093 2738 Ix),
2120 2675 2326 2736 quanto
2354 2669 2528 2739 magis
2576 2682 2740 2738 aqua,
2795 2683 2916 2739 quae
2954 2669 3067 2726 sale
3121 2685 3346 2740 aspersa

1768 2755 2069 2825 divinisque
2095 2758 2348 2827 precibus
2387 2768 2600 2814 sacrata
2631 2770 2739 2824 est,
2787 2759 3041 2830 populum
3099 2761 3350 2816 sanctifi-

1767 2847 2416 2916 catatquemundat?Et
2447 2849 2493 2904 si
2545 2849 2656 2904 sale
2706 2865 2932 2919 asperso
2975 2867 3074 2921 per
3115 2851 3350 2906 Eliseum

1767 2937 2088 3008 prophetam
2111 2939 2376 2994 sterilitas
2404 2955 2559 3010 aqua:
2611 2948 2804 2995 sanata
2847 2950 2932 2996 est
2967 2939 3020 3012 (Ι
3073 2939 3208 3012 Reg.
3261 2941 3351 3010 tt),

1767 3043 1973 3103 quanto
2011 3035 2184 3106 magis
2234 3035 2430 3092 divinis
2475 3036 2726 3106 precibus
2778 3045 2995 3093 sacrata
3053 3052 3192 3106 aqua
3243 3047 3354 3092 ste-

1770 3125 2028 3182 rilitatem
2072 3143 2253 3182 rerum
2287 3127 2467 3182 aufert
2491 3128 2878 3193 humanarum,
2927 3135 2984 3183 et
3039 3129 3354 3197 coinquina-

65 3203 1732 3312 :..‘.,'..'trariis};‘.t.1&.1..‘.1;°;5.;;(.;'iugabit.0
1765 3219 2261 3312 "F‘m‘maiﬁci‘i
2293 3227 2664 3312 e‘P,‘,“'8“Fr°‘
2715 3227 2914 3312 cerva
2973 3219 3114 3274 ¹’⁰¹¹³
3165 3219 3353 3312 ἕ¹¹¹¹¹ιί⁶

63 3331 537 3400 constt-iugantur.

65 3444 142 3500 Ut
165 3444 380 3515 quisque
403 3446 667 3519 presbyter
693 3449 782 3519 qui
807 3447 1074 3519 ecclesiam
1105 3457 1260 3510 tenet,
1287 3451 1532 3506 clericum
1559 3451 1660 3505 Ita-

437 3516 568 3570 beat.
603 3516 933 3574 Ex'concilio
963 3517 1308 3580 Nannctcnsi.

143 3603 346 3660 CCVII.
374 3605 708 3673 (Buacuaao.
753 3607 846 3663 lib.
873 3625 934 3677 ιι,
959 3626 1009 3665 c.
1033 3609 1138 3675 56;
1169 3608 1464 3681 Capitular.
1491 3613 1664 3670 THEO-

67 3712 260 3762 DULFI,
297 3713 348 3753 e.
378 3696 494 3770 20.)
548 3695 930 3770 Unusquisque
975 3699 1261 3774 presbyter
1311 3703 1402 3771 qui
1449 3701 1661 3770 plebem

67 3788 520 3856 regit,clericum
557 3791 754 3848 habeat
775 3793 863 3862 qui
889 3801 1090 3857 cantet,
1137 3805 1193 3849 et
1235 3793 1538 3865 Epistolam
1605 3805 1662 3852 et

67 3878 388 3934 Lectionem
425 3880 586 3950 legat,
630 3891 686 3936 et
733 3883 823 3951 qui
870 3884 1042 3952 possit
1089 3884 1328 3940 scholam
1361 3895 1578 3954 tenere;
1611 3897 1664 3942 et

64 3971 364 4024 admoneat
383 3987 510 4028 suos
561 3975 939 4043 parmchianos
959 3985 1020 4031 ut
1072 3979 1210 4034 ﬁlios
1253 3995 1382 4036 suos
1401 3982 1468 4036 ad
1512 3981 1666 4036 Psal-

65 4061 273 4114 terium
301 4059 614 4116 discendum
665 4066 883 4118 mittant
911 4065 980 4120 ad
1031 4067 1187 4138 105
1209 4069 1520 4137 ecclesiam,
1553 4085 1662 4140 quo

65 4150 258 4218 ipsein
289 4150 435 4206 omni
467 4153 714 4207 castitate
739 4155 976 4211 erudiat.

65 4239 144 4294 Ut
177 4243 347 4296 euntis
372 4242 639 4318 presbyter
660 4244 818 4318 horas
870 4261 1148 4318 canomcas
1182 4249 1486 4318 solemntter
1537 4267 1658 4318 per-

461 4313 648 4366 solvat.
681 4313 766 4368 Ea“-
786 4314 986 4381 codem,
1023 4333 1138 4386 cap.
1168 4317 1254 4372 19.

137 4402 360 4458 CCVIII.
387 4401 674 4472 (Htxcmal
698 4403 962 4477 Capitula,
990 4407 1070 4461 tit.
1103 4409 1152 4474 l,
1179 4425 1227 4464 c.
1255 4410 1318 4474 9;
1345 4409 1652 4469 Buncusnu.

61 4497 162 4550 lib.
199 4512 260 4560 ιι,
295 4512 342 4552 c.
379 4497 531 4570 101.)
585 4495 898 4569 Presbyter,
937 4515 1094 4553 mane
1141 4500 1444 4555 matutinali
1477 4499 1652 4556 oﬂicio

61 4589 303 4657 expleto,
326 4606 552 4660 pensum
604 4592 878 4645 servitutis
935 4609 1044 4648 suae
1091 4595 1335 4650 canendo
1381 4597 1644 4665 primam,

63 4680 311 4746 tertiam,
339 4691 547 4736 sextam
576 4697 881 4753 nonamque
905 4689 1200 4756 persolvat,
1229 4685 1302 4740 ita
1360 4696 1540 4742 tamen
1597 4697 1658 4742 ut

59 4779 260 4841 postea
327 4771 479 4826 horis
535 4775 968 4842 competentibus
1021 4773 1178 4844 juxta
1238 4779 1654 4847 possibilitatem

59 4871 160 4916 aut
203 4879 232 4916 a
284 4879 344 4918 se
383 4873 474 4917 aut
515 4879 546 4917 a
593 4865 929 4922 scholaribus
978 4869 1194 4937 publice
1249 4872 1652 4942 compleantur;

60 4954 270 5008 deinde
305 4953 544 5022 peractis
568 4955 772 5022 missis,
804 4957 1108 5013 etinlirmis
1137 4958 1392 5028 visitatis,
1421 4963 1490 5018 ad
1515 4979 1654 5034 opus

59 5043 252 5098 rurale
279 5043 702 5114 exeatjejunus,
757 5055 816 5100 ut
863 5047 1058 5102 iterum
1105 5053 1517 5112 necessitatibus
1568 5070 1657 5125 pe-

59 5134 410 5206 regrinorum
439 5143 491 5189 et
517 5135 813 5204 hospitum,
841 5137 956 5191 sive
977 5137 1317 5195 diversorum
1341 5159 1654 5199 commean-

61 5229 220 5296 tium,
254 5227 594 5284 inlirmorum
642 5243 857 5298 quoque
896 5238 1057 5300 atque
1104 5230 1473 5290 defunctorum
1536 5251 1660 5290 suc-

1529 5341 1626 5352 η...-

1762 3310 1948 3380 plicat,
2001 3319 2055 3366 et
2105 3309 2330 3366 insidias
2379 3311 2579 3366 diaboli
2632 3311 2856 3373 avertit,
2923 3317 2981 3365 et
3023 3325 3055 3364 a
3127 3308 3356 3379 phanta-

1761 3412 1996 3458 smatum
2051 3402 2308 3458 versutiis
2338 3401 2614 3459 hominem
2635 3401 2898 3458 defendit.

1903 3513 1980 3567 De
2001 3512 2180 3566 eadem
2203 3529 2276 3567 re.
2309 3511 2396 3566 Ea:
2412 3513 2711 3584 supradicto
2735 3512 2978 3578 concilio,
3009 3527 3124 3581 cap.
3157 3511 3212 3567 5.

1831 3603 2009 3659 CCXI.
2038 3602 2326 3673 (Iimcuaa.
2352 3602 2509 3666 ibid.,
2540 3617 2590 3656 c.
2619 3601 2684 3668 5;
2711 3601 3020 3658 Buacuttan.
3055 3601 3148 3656 lib.
3175 3617 3253 3664 ιιι,
3298 3617 3349 3656 c.

1763 3695 1879 3766 52.)
1911 3694 1982 3752 Ut
2002 3695 2148 3750 omni
2169 3694 2258 3749 die
2285 3695 2567 3749 Dominico
2597 3693 2826 3763 quisque
2847 3693 3146 3764 presbyter
3172 3695 3223 3747 in
3255 3707 3352 3748 sua

1761 3787 1990 3842 ecclesia
2020 3793 2148 3838 ante
2169 3784 2460 3840 missarum
2517 3784 2777 3840 solemnia
2833 3799 3032 3853 aquam
3091 3783 3353 3839 benedic-

1764 3886 1873 3932 tam
1903 3875 2066 3930 faciat
2101 3876 2154 3930 in
2179 3889 2306 3929 vase
2328 3873 2502 3930 nitido
2525 3883 2581 3930 et
2618 3883 2772 3930 tanto
2824 3875 3093 3947 mysterio
3153 3889 3354 3930 conve-

1766 3971 1953 4034 nienti,
1991 3968 2059 4024 de
2089 3983 2194 4038 qua
2216 3969 2448 4039 populus
2499 3969 2710 4024 intrans
2754 3969 3044 4025 ecclesiam
3093 3983 3350 4039 asperga—

1763 4069 1884 4128 tur;
1913 4071 1968 4116 et
1997 4060 2086 4130 qui
2119 4060 2412 4125 voluerint,
2456 4063 2510 4116 in
2535 4062 2768 4117 vasculis
2793 4062 2906 4119 suis
2953 4061 3226 4130 accipiant
3278 4076 3342 4113 ex

1763 4154 1900 4222 ipsa,
1928 4161 1980 4207 et
2003 4166 2099 4221 per
2117 4153 2430 4207 mansiones
2469 4161 2525 4206 et
2553 4168 2717 4220 agros
2734 4161 2789 4206 et
2823 4154 3040 4216 vineas,
3070 4167 3234 4221 super
3253 4165 3350 4220 pe-

1759 4259 1888 4299 cora
1914 4256 2128 4312 quoque
2151 4257 2271 4304 sua,
2301 4251 2462 4309 atque
2491 4255 2655 4309 super
2690 4241 2882 4311 pabula
2945 4257 3161 4304 eorum,
3218 4255 3348 4295 nee-

1759 4349 1867 4390 non
1896 4347 2058 4410 super
2096 4330 2248 4386 cibos
2266 4339 2320 4386 et
2349 4340 2532 4401 potum
2565 4345 2723 4385 suum
2752 4339 3149 4399 conspergunt.

1763 4457 1917 4528 107
1937 4457 2012 4508 De
2030 4453 2447 4532 presbyterisqai
2475 4451 2656 4532 culpas
2679 4452 3003 4532 peccantlinnt
3034 4453 3244 4532 reticent
3268 4451 3348 4532 pel

1825 4520 1999 4581 minus
2028 4520 2200 4594 iligne'
2221 4520 2521 4594 pwnitentcs
2561 4520 2630 4576 ad
2677 4520 3147 4578 reconciliationem
3176 4525 3348 4577 addu-

1834 4607 1976 4653 cunt.
2004 4594 2155 4650 Unde
2183 4611 2365 4667 supra.

1833 4705 2031 4762 CCXII.
2073 4703 2364 4772 (llixcuan.
2420 4701 2548 4757 ibid.
2597 4718 2717 4774 cap.
2761 4704 2867 4770 l5;
2911 4703 3219 4759 nonanno.
3247 4701 3340 4757 lib.

1762 4813 1878 4861 nx,
1901 4812 1952 4852 c.
1985 4793 2120 4860 me;
2167 4792 2324 4848 Liber
2363 4792 2762 4859 Paenitentialis,
2803 4795 2944 4864 apud
2995 4791 3346 4858 Stevartium,

1761 4905 1882 4960 pag.
1917 4887 2068 4959 711.)
2085 4887 2154 4943 Ut
2175 4900 2335 4942 nemo
2361 4887 2798 4958 presbyterorum
2825 4887 3040 4940 xeniium
3067 4885 3152 4938 vel
3179 4889 3354 4952 quod-

1764 4995 1975 5049 cunque
2001 4979 2422 5034 emolumentum
2467 4975 2780 5046 temporale,
2835 4976 2944 5030 imo
2971 4975 3352 5030 detrimentum

1766 5071 2030 5140 spiritale,
2071 5085 2100 5125 a
2159 5083 2480 5142 quocunque
2515 5067 2726 5137 publice
2776 5061 3160 5134 peccantevel
3209 5061 3356 5114 ince-

1766 5170 1953 5218 stuoso
1973 5161 2204 5233 accipiat
2231 5169 2291 5216 ut
2327 5160 2581 5230 episcOpo
2607 5157 2685 5212 vel
2733 5156 3000 5212 ministris
3027 5153 3140 5221 ejus
3166 5164 3360 5219 pecea-

1770 5261 1882 5306 tum
1909 5253 2052 5308 illius
2098 5255 2344 5314 reticeat,
2378 5265 2476 5306 nec
2516 5265 2612 5320 pro
2660 5257 2910 5316 respectu
2948 5245 3207 5314 cujusque
3235 5255 3362 5307 per-

1770 5357 1790 5364 “
1886 5359 1914 5374 η
1941 5352 2026 5372 ·“··⁶
2055 5341 2538 5400 nnnsanmlinitulic
2582 5339 2662 5374 ωλι
2713 5336 3094 5382 ΐειιιιίΙίεδτίιειιῖα
3167 5331 3357 5366 ﬁlim-in
