3884 5534
513 391 616 448 231

1547 365 1912 425 REGINONIS
1962 361 2381 422 PRUMIENSIS
2418 361 2708 420 ABBATIS

3699 358 3792 415 25!

513 514 621 571 gne
676 461 1024 568 pmnitentem
1052 489 1121 545 ad
1167 484 1661 544 reconciliationem
1689 482 1940 547 adducat,
1965 488 2020 536 et
2045 479 2096 536 ei
2126 489 2172 546 Α
2200 486 2320 571 post
2342 485 2619 571 peractum
2642 475 2882 531 divinum
2910 473 3284 571 ministerium
3329 470 3790 571 etnecessariam

516 587 887 645 testimonium
932 578 1391 638 reconciliationis
1441 579 1620 641 ferat,
1667 583 1722 630 et
1777 587 2098 643 quocunque

516 681 683 736 livore
731 677 892 731 alium
921 671 1212 744 quemlibet
1239 669 1451 740 dignius
1481 667 1834 738 posuitentem
1858 680 1886 717 a
1910 679 2100 718 recou-

513 768 788 824 ciliatioue
811 768 1105 825 removeat,
1155 759 1280 828 quia
1313 759 1413 812 hoc
1454 755 1808 810 simoniacam
1835 762 1891 808 et
1919 755 2028 808 Deo
2045 761 2101 807 et

512 857 821 913 hominibus
857 851 1189 907 contrarium
1216 857 1301 904 est
1322 847 1494 918 (215).

1077 939 1160 993 Ex
1191 935 1562 991 Pmnitentiali.

584 1035 919 1109 (BUBCBARD.
958 1031 1051 1086 lib.
1073 1047 1187 1095 nx,
1215 1044 1262 1083 c.
1298 1029 1444 1099 121.)
1472 1027 1573 1094 Qui
1605 1025 1879 1083 reticuerit
1907 1040 2098 1096 pecea-

515 1141 627 1183 tum
665 1127 850 1181 fratris
876 1126 1018 1194 quod
1047 1131 1132 1179 est
1156 1123 1225 1177 ad
1264 1133 1516 1184 mortem,
1545 1135 1647 1175 nec
1668 1134 1791 1174 eum
1818 1120 2098 1188 corripue-

513 1219 602 1280 rit,
635 1215 1002 1271 autEcclesite
1045 1211 1139 1267 Dei
1175 1220 1234 1265 ut
1259 1210 1579 1266 emendetur
1611 1209 1828 1275 dixerit,
1861 1207 2098 1279 quaudiu

512 1305 810 1369 consensit,
837 1303 1019 1358 tandiu
1055 1301 1336 1372 poeniteat.

512 1417 591 1472 De
619 1417 926 1488 presbyteris
950 1416 1040 1486 qui
1077 1433 1118 1488 _a_
1145 1415 1387 1488 ﬁdelibus
1424 1415 1492 1468 ad
1536 1413 1818 1488 prandium
1875 1413 2100 1470 invitan-

929 1483 1034 1540 tur.
1071 1484 1218 1540 Unde
1245 1502 1426 1554 supra,
1449 1483 1564 1553 cap.
1595 1483 1679 1537 14.

586 1576 810 1632 CCXIII.
853 1575 1070 1648 (HINCI.
1104 1575 1257 1640 ibid.,
1288 1592 1336 1630 c.
1371 1575 1468 1638 III;
1529 1573 1837 1630 Buncuano.
1887 1573 1978 1628 lib.
2034 1590 2097 1639 ιι,

516 1684 568 1724 c.
598 1668 743 1740 161.)
797 1667 867 1722 Ut
914 1666 1090 1721 nullus
1119 1667 1576 1736 presbyterorum,
1602 1667 1815 1735 quando
1847 1665 1913 1718 ad
1949 1664 2101 1718 anni-

515 1758 815 1810 versarium
863 1756 1005 1809 diem
1035 1795 1050 1819 ,
1085 1753 1438 1819 tricesimum,
1490 1764 1582 1807 aut
1635 1755 1953 1823 septimum,
2013 1752 2097 1808 vel

2200 568 2573 632 collationem,
2617 582 2720 622 non
2769 566 2924 637 quasi
2974 565 3042 619 ad
3088 563 3372 634 prandium
3397 561 3789 634 [Burchardug

2201 675 2306 714 non
2337 658 2490 729 quasi
2533 659 2598 712 ad
2643 659 2854 728 plenam
2906 651 3306 724 refectionem],
3349 652 3426 707 ibi
3478 650 3550 705 ad
3593 651 3792 705 tabulas

2202 749 2494 813 residcant,
2545 756 2601 802 et
2621 763 2717 818 per
2753 747 2877 801 talia
2923 746 3212 800 inhonesta
3263 742 3524 798 convivia
3573 742 3791 796 invicem

2198 847 2509 910 graventur,
2563 838 2689 908 quia
2745 837 3002 892 indecens
3049 845 3132 890 est
3177 844 3232 890 et
3271 848 3602 889 onerosum.
3659 832 3794 899 Saepe

2198 930 2360 985 etiam
2389 930 2538 984 tarde
2581 930 2648 984 ad
2675 927 2938 984 ecclesias
2987 929 3294 992 redeuntes,
3323 927 3503 996 magis
3548 926 3794 980 damnum

2199 1021 2267 1076 de
2319 1020 2734 1092 reprehensione
2784 1022 3114 1091 conquirunt
3167 1028 3222 1075 et
3261 1020 3326 1073 de
3352 1018 3668 1089 gravedine
3699 1033 3795 1069 mu-

2201 1121 2291 1166 tua
2318 1113 2649 1166 contrahunt
2695 1127 2860 1182 quam
2911 1111 3124 1166 lucrum
3181 1110 3252 1165 ibi
3301 1109 3538 1164 faciant.
3577 1106 3796 1176 Narqdc

2200 1203 2509 1274 bujusmodi
2565 1213 2831 1259 conventu
2881 1203 3080 1258 Paulus
3113 1203 3424 1258 Corinthios
3451 1200 3798 1271 reprehendit

2201 1293 2250 1365 (ι
2279 1293 2382 1347 Cor
2419 1293 2495 1364 ιι)
2521 1333 2536 1359 ,
2580 1294 2670 1362 qui
2728 1294 3167 1348 inconvenienter
3202 1307 3416 1348 caenam
3456 1292 3796 1346 DOIllillicam

2200 1385 2529 1439 manducare
2566 1385 2984 1439 conveniebant.
3029 1384 3120 1439 Sic
3152 1393 3206 1440 et
3229 1383 3321 1452 qui
3355 1385 3422 1436 ad
3450 1397 3685 1437 cmnam
3718 1381 3789 1433 Du

2201 1476 2476 1538 minicam,
2509 1477 2560 1531 id
2594 1484 2678 1531 est
2726 1477 2794 1531 ad
2832 1476 3175 1532 collationem
3214 1475 3363 1530 verbi
3390 1475 3496 1529 sub
3518 1474 3799 1528 occasione

2200 1558 2632 1633 conveniuttt,‘et
2662 1568 2816 1622 exuri
2859 1578 3018 1622 mtate
3057 1567 3330 1622 ventrisca
3378 1564 3534 1636 [edit.
3573 1563 3797 1616 "clme-

2202 1657 2366 1720 stad.,
2428 1655 2724 1712 Burchard.
2779 1667 2826 1714 et
2879 1657 3176 1722 Hincmar..
3205 1673 3270 1713 ex
3319 1656 3556 1711 veritate
3601 1658 3800 1709 ventris

2201 1747 2597 1803 causa.—-Vide
2625 1750 2905 1804 concilium
2952 1750 3210 1815 Nannet.,
3250 1767 3297 1804 c.
3336 1748 3423 1820 Ib]
3456 1749 3798 1818 conjungun-

518 1847 736 1901 tertium
767 1843 992 1912 alicujus
1029 1843 1287 1908 defuncti,
1332 1852 1425 1897 aut
1471 1857 1795 1912 quacunque
1820 1842 2100 1897 vocatione
2133 1841 2175 1901 Β
2205 1847 2310 1905 tur,
2343 1841 2792 1910 reprehensibiles
2821 1857 3006 1897 coram
3039 1845 3146 1899 Deo
3173 1853 3229 1898 et
3257 1843 3574 1897 hominibus
3603 1843 3800 1896 haben-

516 1936 584 1989 ad
617 1934 896 1989 collectam
943 1934 1242 2004 presbyteri
1287 1934 1448 2004 108
1477 1933 1850 1998 convenerint,
1896 1949 1954 1988 se
1990 1933 2102 1988 ine-

516 2026 697 2081 briare
727 2025 1030 2079 nullatenus
1071 2035 1382 2094 praesumat,
1437 2040 1535 2079 nec
1584 2025 1792 2096 precari
1836 2025 1888 2078 in
1921 2040 2104 2080 amore

518 2125 833 2171 sanctorum
864 2115 949 2169 vel
978 2115 1142 2184 ipsius
1184 2117 1376 2170 anima:
1413 2116 1601 2170 bibere
1631 2126 1725 2170 aut
1769 2116 1902 2171 alios
1932 2117 1998 2171 ad
2029 2117 2106 2172 bi-

518 2206 752 2261 hendum
768 2220 982 2275 cogere,
1014 2221 1113 2260 nec
1134 2221 1192 2260 se
1225 2205 1396 2260 aliena
1421 2205 1729 2276 precatione
1752 2205 2104 2276 ingurgitare,

519 2312 620 2352 nec
648 2297 865 2367 plausus
926 2305 981 2351 et
1037 2297 1179 2352 risus
1226 2297 1530 2351 inconditos
1575 2305 1630 2352 et
1682 2297 1870 2351 inanes
1897 2295 2106 2353 fabulas

521 2388 724 2444 referre
774 2398 866 2442 attt
899 2396 1122 2443 cantare
1171 2399 1466 2458 praesumat
1513 2389 1598 2442 vel
1646 2390 1821 2459 turpia
1869 2390 1990 2461 joca
2022 2390 2107 2446 vel

518 2493 643 2533 cum
673 2492 800 2532 urso
824 2479 908 2538 vel
940 2479 1324 2534 tornatricibus
1369 2489 1495 2534 ante
1519 2494 1576 2534 se
1604 2479 1782 2535 facere
1804 2483 2104 2550 permittat,

519 2587 621 2626 nec
656 2571 832 2625 larvas
857 2572 1182 2636 daemonum,
1210 2587 1345 2640 quas
1374 2571 1531 2642 vulgo
1551 2571 1874 2626 talamascas
1899 2573 2105 2639 dicunt,

517 2673 645 2717 ante
678 2677 737 2716 se
769 2662 896 2716 ferri
925 2662 1250 2724 consentiat,
1292 2663 1417 2730 quia
1457 2662 1560 2716 huc
1596 2661 1918 2717 diabolicum
1944 2673 2028 2718 est
2055 2671 2110 2717 ct

521 2767 554 2806 a
578 2754 750 2806 sacris
770 2752 1069 2806 canouibus
1099 2753 1452 2820 prohibitum.

841 2842 918 2894 De
955 2843 1083 2894 rixis
1111 2851 1156 2894 et
1189 2857 1362 2910 pugna
1396 2842 1747 2896 sacerdotum.

591 2930 818 2986 CCXIV.
850 2930 1319 3002 (111Νειιλιι.ἱι›ἰά.;
1345 2931 1654 2986 Buncnanu.
1681 2932 1771 2987 lib.
1792 2947 1853 2998 tt,
1877 2947 1927 2987 c.
1959 2932 2105 3003 I03.)

523 3023 876 3091 Summopere
917 3025 1080 3077 etiam
1115 3024 1344 3093 quisque
1399 3024 1679 3095 presbyter
1715 3035 1926 3090 caveat,
1966 3026 2108 3080 sicut

521 3116 590 3168 de
620 3124 762 3168 statu
792 3129 890 3169 suo
923 3115 1035 3168 vult
1075 3117 1309 3185 gaudere
1329 3156 1344 3181 ,
1385 3125 1443 3170 ιιι
1474 3132 1578 3170 non
1601 3131 1919 3186 quacunque
1948 3133 2106 3172 occa-

523 3207 678 3260 sione
707 3220 892 3274 parem
934 3221 1090 3260 suum
1125 3218 1217 3260 aut
1259 3207 1422 3260 alium
1454 3207 1750 3276 quemlibet
1788 3210 1854 3262 ad
1891 3209 2025 3262 iram
2050 3218 2104 3264 et

525 3295 719 3359 rixam,
750 3294 917 3350 multo
939 3297 1116 3350 minus
1145 3297 1212 3350 ad
1256 3312 1488 3367 pugnam
1535 3297 1619 3352 vel
1669 3298 1734 3350 ad
1762 3299 1982 3362 caedem,
2004 3299 2107 3353 ali-

524 3402 630 3456 quo
659 3388 818 3440 verbo
865 3387 1040 3442 irritet
1083 3403 1176 3442 seu
1216 3398 1492 3457 provocet,
1546 3403 1644 3445 nec
1691 3401 2016 3460 provocatus
2039 3392 2108 3447 ad

523 3477 627 3533 hoc
669 3479 952 3548 quisquam
1019 3481 1304 3550 prosiliat,
1360 3483 1486 3551 quia
1530 3483 1581 3536 iu
1640 3483 1837 3538 talibus
1898 3499 2110 3538 comes-

524 3567 824 3623 satiouibus
886 3577 942 3623 et
1011 3570 1376 3638 potationibus
1447 3585 1663 3638 semper
1722 3585 1782 3626 se
1841 3569 2111 3627 immiscet

523 3661 794 3718 diabolus.

920 3752 997 3806 De
1024 3756 1256 3808 convivio
1283 3755 1723 3824 presbyterorum.

595 3844 802 3902 CCXV.
864 3844 1170 3914 (HINCIAR.
1248 3847 1414 3910 ibid.;
1490 3846 1802 3901 Buucuano.
1873 3849 1968 3904 lib.
2027 3865 2111 3916 ιι,

527 3952 580 3994 c.
621 3936 767 4005 162.)
815 3936 1042 4004 Quando
1087 3945 1266 3993 autem
1307 3939 1654 3992 convenerint
1713 3941 2012 4011 presbyteri
2045 3941 2112 3996 ad

526 4030 858 4093 convivium,
890 4028 1128 4084 decanus
1175 4037 1269 4084 aut
1316 4029 1510 4098 aliquis
1564 4031 1712 4100 prior
1739 4030 1949 4085 illorum
1989 4047 2111 4087 ver-

525 4138 647 4178 sum
689 4129 814 4174 ante
863 4134 1102 4174 mensam
1160 4119 1414 4189 incipiat,
1436 4130 1490 4174 et
1515 4121 1693 4175 cibum
1719 4120 2024 4187 benedicat,
2057 4129 2112 4176 et

531 4225 663 4272 tunc
693 4213 991 4269 secundum
1017 4226 1173 4267 suum
1214 4213 1457 4267 ordinem
1501 4213 1758 4277 sedeant,
1796 4212 1933 4269 alter
1960 4214 2113 4270 alteri

527 4309 786 4363 honorem
825 4314 1103 4373 portantes
1131 4345 1146 4370 ,
1191 4312 1246 4360 et
1291 4319 1389 4374 per
1446 4304 1594 4360 vices
1630 4305 1810 4360 cibum
1843 4314 1899 4360 et
1929 4316 2113 4376 potum

528 4396 881 4457 benedicant;
911 4401 968 4448 et
1000 4393 1195 4462 aliquis
1240 4395 1304 4448 de
1332 4394 1542 4448 illorum
1572 4393 1790 4450 clericis
1820 4396 2022 4465 aliquid
2047 4396 2114 4450 de

530 4495 716 4544 sancta
748 4483 1026 4551 Scriptura
1061 4483 1219 4549 legat,
1272 4493 1326 4538 et
1368 4493 1488 4554 post
1529 4486 1878 4541 refectionem
1924 4486 2111 4541 simili-
2143 4517 2191 4577 υ

531 4589 614 4636 ter
634 4587 880 4632 sanctum
921 4574 1058 4648 [cod.
1093 4575 1265 4630 Paris.
1297 4575 1617 4647 secundum]
1641 4577 1900 4648 hymnum
1930 4579 2115 4633 dicant

532 4675 597 4728 ad
627 4675 931 4744 exemplum
957 4673 1191 4737 Domini,
1231 4671 1372 4726 sicut
1402 4671 1452 4724 in
1483 4685 1636 4725 caena
1673 4670 1862 4727 fecisse
1887 4672 2112 4742 legitur;

530 4773 586 4818 et
612 4764 690 4818 sic
711 4779 769 4819 se
797 4763 958 4833 109
975 4762 1292 4818 contineant
1317 4775 1507 4815 omnes
1530 4759 1856 4829 presbyteri,
1881 4762 2115 4819 maxime

532 4857 586 4911 in
614 4855 807 4911 talibus
834 4857 988 4920 locis,
1012 4863 1070 4908 ut
1097 4868 1202 4910 non
1248 4853 1583 4920 vituperetur
1615 4851 1977 4906 ministerium
2019 4866 2115 4906 no-

531 4958 702 5004 strum
720 4947 1102 5021 [Burcltardus,
1131 4954 1190 5000 ut
1214 4960 1321 5000 non
1349 4945 1519 5014 vitup.
1539 4944 1669 4999 min.
1689 4943 1930 5009 illorum;
1951 4945 2116 5002 codex

535 5037 902 5103 llelmwstad.,
932 5052 999 5092 ne
1025 5037 1156 5092 min.
1193 5044 1438 5091 nostrum
1462 5033 1840 5108 vituperetur].

533 5146 612 5202 De
655 5147 912 5202 Kalendis
939 5188 953 5212 ,
996 5147 1206 5217 quando
1254 5147 1541 5217 presbyteri
1580 5146 1738 5200 simul
1786 5158 2114 5202 conveniunt.

891 5216 1043 5273 Unde
1063 5216 1384 5288 supra,cap.
1411 5216 1496 5272 16.

605 5327 831 5384 CCXVI.
856 5327 1121 5384 Hmcnn.
1146 5328 1302 5392 ibid.,
1337 5344 1387 5382 c.
1421 5328 1487 5383 15
1515 5344 1530 5393 ;
1557 5329 1857 5401 thucr.:c.
1888 5329 1989 5396 2ος
2019 5329 2122 5384 Ca-

536 5416 762 5486 pitulare
787 5418 1077 5482 Attvrouts,
1106 5433 1156 5474 c.
1193 5418 1262 5473 29
1288 5436 1302 5483 ;
1335 5420 1639 5476 Boncuann.
1672 5421 1764 5477 Iib.
1794 5438 1855 5486 ιι,
1882 5437 1932 5476 c.
1972 5423 2118 5493 164.)

2202 1937 2310 1986 tur.
2341 1931 2406 1986 Et
2432 1932 2551 1987 ideo
2579 1934 2811 2001 peractis
2858 1935 3128 1996 omnibus,
3178 1936 3270 2005 qui
3314 1935 3572 1997 voluerit,
3605 1949 3798 2003 panem

2203 2037 2324 2077 cum
2355 2024 2621 2079 charitate
2652 2025 2704 2078 in
2736 2026 2895 2081 domo
2921 2026 3108 2081 fratris
3137 2027 3220 2080 sui
3265 2027 3432 2080 simul
3461 2042 3594 2081 cum
3622 2026 3800 2080 fratri-

2205 2113 2304 2169 bus
2326 2113 2543 2183 frangat
2567 2125 2626 2169 et
2677 2116 2920 2187 singulos
2963 2118 3182 2173 biberes
3227 2118 3518 2187 accipiant,
3568 2117 3802 2170 maxime

2205 2205 2344 2259 ultra
2375 2206 2588 2260 tertiam
2621 2207 2792 2262 vicem
2838 2209 3089 2278 poculum
3118 2223 3226 2264 non
3253 2209 3612 2278 contingant;
3660 2218 3716 2263 et
3735 2209 3798 2262 sic

2204 2298 2269 2350 ad
2299 2297 2556 2352 ecclesias
2585 2299 2824 2353 redeant.

2204 2408 2283 2463 De
2310 2409 2390 2462 Itis
2411 2412 2500 2479 qui
2539 2410 2604 2464 de
2631 2411 2761 2464 nihil
2791 2413 3097 2467 habentibus
3126 2413 3462 2467 ordinantur.
3512 2411 3611 2466 Ea:
3641 2415 3798 2467 conci.

2730 2483 2801 2535 lio
2849 2483 3272 2552 Carthaginensi.

2275 2570 2524 2626 CCXVII.
2555 2570 2753 2641 (Cede-1:
2779 2571 2986 2627 Canon.
3021 2573 3168 2627 Eccl.
3203 2574 3399 2643 Afric.,
3429 2589 3486 2629 c.
3511 2581 3628 2642 οἶες
3658 2590 3798 2630 .rzsss

2203 2663 2484 2728 Autbian.,
2515 2681 2564 2720 c.
2602 2665 2656 2730 6;
2687 2663 2998 2718 Boncuann.
3035 2666 3128 2721 lib.
3173 2681 3235 2720 ιιι
3270 2705 3287 2730 ,
3320 2682 3370 2720 c.
3413 2665 3578 2737 120.)
3603 2666 3799 2720 Placuit
3879 2679 3881 2716 ε

2206 2768 2265 2812 ιιι
2291 2757 2556 2826 episcopi,
2580 2757 2911 2826 presbyteri,
2940 2758 3102 2827 110
3125 2757 3356 2821 diaconi,
3381 2756 3468 2811 vel
3493 2759 3800 2827 quicunque

2204 2849 2406 2912 clerici,
2453 2853 2546 2918 qui
2583 2851 2722 2906 nihil
2774 2852 3037 2906 habentes
3081 2850 3427 2914 ordinantur,
3469 2860 3531 2904 et
3561 2861 3801 2920 tempore

2204 2945 2546 3012 episcopatus
2570 2946 2653 2998 vel
2693 2945 2988 3001 clericatus
3028 2945 3114 2998 sui
3151 2958 3310 3012 agros
3341 2943 3429 2997 vel
3460 2956 3801 3014 quascunque

2205 3034 2404 3102 praedia
2434 3051 2532 3090 suo
2559 3036 2766 3089 nomini
2818 3043 3152 3105 comparant,
3185 3043 3444 3102 tanquam
3483 3049 3682 3087 rerum
3716 3033 3803 3086 Du-

2208 3127 2526 3181 minicarutn
2552 3128 2848 3182 invasionis
2875 3128 3104 3183 crimine
3129 3118 3436 3193 teneantur,
3465 3127 3581 3182 nisi
3615 3129 3797 3181 admo-

2208 3219 2308 3275 niti
2338 3220 2390 3274 in
2418 3219 2646 3275 ecclesia
2672 3221 2860 3275 eadem
2910 3221 3023 3290 ipsa
3055 3218 3402 3274 contulerint.

2283 3329 2357 3384 De
2384 3331 2565 3385 eadem
2593 3348 2666 3385 re.
2699 3331 2780 3385 Ex-
2802 3329 3190 3402 Capitulariunt
3215 3329 3348 3383 libro
3380 3345 3424 3394 ι,
3457 3346 3588 3399 cap.
3620 3330 3762 3384 150..

2278 3421 2548 3476 CCXVIII.
2588 3423 2729 3494 (Lib.
2767 3439 2782 3478 ι
2825 3421 3141 3494 Capitular..
3186 3439 3236 3478 c.
3282 3421 3384 3476 156
3412 3437 3427 3486 ;
3452 3421 3801 3482 Bonarum,

2209 3514 2304 3569 lib.
2330 3530 2412 3580 Ill,
2448 3530 2569 3584 cap.
2621 3515 2768 3586 121.)
2808 3514 3192 3586 Unusquisque
3226 3515 3519 3584 presbyter
3547 3529 3642 3568 res
3681 3526 3807 3583 quas

2209 3614 2332 3674 post
2377 3605 2521 3658 diem
2567 3605 2992 3660 consecrationis
3031 3602 3400 3674 acquisiverit,
3442 3602 3693 3672 propriae
3723 3601 3807 3655 Ec-

2207 3692 2390 3747 clesiae
2413 3694 2701 3764 relinquat.

2459 3787 2537 3841 De
2564 3789 2749 3842 eadem
2789 3805 2863 3844 re.
2892 3804 2976 3843 ,π
3003 3804 3223 3842 concuo
3293 3787 3557 3840 nemensi.

2283 3875 2513 3932 CCXIX.
2560 3877 2854 3950 (HINCIARI
2891 3877 3124 3948 Capitul.
3173 3877 3256 3930 tit.
3308 3877 3363 3942 2,
3411 3891 3460 3931 c.
3517 3877 3628 3941 i8;
3677 3877 3807 3931 Bcs-

2213 3983 2408 4023 cum).
2437 3969 2528 4023 lib.
2561 3985 2644 4034 ιιι,
2684 3984 2733 4024 c.
2772 3969 2920 4041 IIS.)
2963 3968 3395 4039 Investigandum
3443 3978 3532 4023 est
3587 3969 3637 4022 si
3687 3968 3807 4022 nihil

2215 4061 2520 4130 patrimonii
2561 4062 2765 4116 habens
2798 4063 3078 4133 presbyter
3126 4062 3343 4132 quando
3394 4069 3701 4131 provectus
3739 4069 3812 4114 est

2217 4152 2280 4206 ad
2309 4153 2554 4206 ordinem
2593 4153 3046 4218 ecclesiasticum,
3096 4163 3279 4222 postea
3330 4153 3527 4207 emerit
3584 4153 3809 4222 pnedia,

2217 4241 2370 4311 cujus
2393 4240 2534 4311 juris
2561 4242 2690 4308 sint,
2725 4243 2980 4312 quoniam
3011 4243 3257 4298 ecclesiae
3294 4242 3362 4297 ad
3387 4257 3552 4312 quam
3585 4242 3658 4296 de
3684 4241 3811 4295 nihil

2219 4331 2454 4385 habente
2489 4341 2768 4402 promotus
2794 4341 2899 4400 est,
2939 4347 3060 4388 csse
3087 4332 3284 4388 debent
3308 4330 3463 4400 juxta
3488 4333 3811 4386 canonicam

2221 4422 2621 4477 auctoritatem.

2499 4512 2582 4567 Ex
2612 4515 2833 4569 concilio
2879 4516 3227 4580 Arausicano,
3279 4531 3396 4584 cap.
3426 4513 3519 4568 51.

2291 4601 2475 4673 (Cone.
2511 4605 2698 4674 Agatlt.
2725 4621 2775 4660 c.
2823 4605 2924 4671 54;
2959 4607 3266 4661 Buncnano.
3299 4605 3390 4659 lib.
3442 4621 3538 4670 ιιι,
3583 4620 3636 4660 c.
3675 4605 3814 4672 II9.)

2291 4691 2599 4764 Presbyter,
2630 4711 2753 4750 cum
2800 4696 3075 4750 dimcesim
3108 4705 3284 4759 tenet,
3320 4694 3387 4750 de
3415 4695 3498 4749 his
3527 4710 3655 4764 qua:
3681 4710 3816 4750 eme

2219 4782 2376 4838 ritad
2393 4784 2635 4840 ecclesia:
2665 4801 2859 4842 nomen
2906 4787 3230 4857 scripturam
3265 4785 3449 4848 faciat,
3479 4795 3576 4838 aut
3601 4787 3672 4840 ab
3705 4783 3814 4854 ejus

2217 4890 2378 4945 quam
2409 4887 2556 4931 tenet
2583 4877 2823 4932 ecclesia:
2847 4878 3184 4932 ordinatione
3215 4877 3456 4932 discedat
3487 4876 3669 4947 (216).

2429 4969 2508 5024 De
2549 4971 2796 5024 reditibus
2830 4969 2908 5024 vel
2959 4969 3307 5024 oblationibus
3337 4970 3596 5023 ecclesiw.

2313 5059 2518 5116 CCXX.
2569 5060 2863 5133 (HINCMARI
2892 5059 3157 5131 Capitula,
3193 5063 3276 5116 tit.
3310 5061 3365 5126 2,
3399 5076 3448 5118 c.
3481 5061 3598 5132 19.)
3642 5059 3815 5128 Inqui-

2223 5154 2449 5208 rendum
2478 5163 2563 5208 est
2607 5155 2653 5206 si
2680 5156 2962 5210 occasione
2999 5155 3156 5222 hujus
3185 5155 3543 5225 praecedentis
3587 5152 3810 5223 capituli

2224 5244 2417 5315 aliquis
2459 5245 2900 5316 presbyterorum
2967 5244 3034 5299 de
3091 5245 3390 5300 redditibus
3443 5242 3692 5298 ecclesia:
3736 5239 3811 5292 vel

2225 5338 2587 5393 oblationibus
2635 5353 2700 5392 ac
2729 5341 2868 5394 votis
2895 5339 3132 5392 fidelium
3165 5339 3272 5393 alio
3306 5337 3524 5392 nomine
3556 5351 3647 5389 res
3667 5349 3812 5387 com-

2226 5428 2519 5491 paraverit.
2554 5429 2588 5478 ¹Ι
2610 5429 2642 5474 1
2665 5429 2698 5472 'l
2742 5439 2793 5472 at
2841 5430 2937 5479 ibi.
2961 5439 3267 5479 structuras
3318 5427 3549 5482 fecerit.
3581 5425 3666 5479 vel
3697 5435 3812 5486 qm:
