3944 6440
130 397 249 454 233

999 395 1086 453 DE
1111 393 1387 455 ECCLES.
1429 393 1710 454 DISCIPL.
1742 389 1924 450 LIBRI
1964 389 2121 449 DUO.
2162 420 2229 434 --
2267 385 2394 448 LIB.
2426 389 2465 448 I.

3320 397 3426 457 ἓδό

133 512 342 570 lierum
380 507 869 581 frequentationem
920 493 1068 566 inibi.
1101 510 1219 569 fieri
1263 512 1588 584 permiserit,
1617 515 1720 582 vel,
1752 513 1804 573 Λ
1829 509 1976 573 dunt,
2009 515 2101 562 aut
2132 505 2320 574 lilium,
2373 515 2465 562 aut
2509 506 2758 564 libertum
2787 549 2804 576 ,
2864 519 2957 566 ³1η
3000 515 3425 585 mercenarium.

132 608 293 680 quod
343 607 558 679 turpius
598 614 702 674 est,
754 605 892 663 tales
945 605 1198 665 mulieres
1246 609 1450 666 ibidem
1483 610 1736 666 habuerit

131 716 265 773 quae
322 699 616 756 laniﬁcium
670 712 830 755 suum
871 709 1165 756 exerceant
1213 708 1269 756 et
1325 715 1514 757 curam
1545 700 1736 757 domus

133 800 329 865 agant,
376 800 433 847 et
470 790 524 846 in
578 786 769 848 eodem
812 791 1100 862 presbyter
1152 790 1470 862 frequenter
1512 791 1736 846 veniens

135 884 431 938 manserit.
464 881 669 938 Contra
691 880 905 939 decreta
949 897 1217 938 canonum
1253 884 1358 938 hoc
1387 883 1587 938 malum
1619 884 1733 954 agi-

133 984 250 1028 tur.
277 972 416 1040 Quia
454 973 593 1031 sicut
616 985 721 1030 nec
747 987 865 1043 suo,
891 973 965 1030 ita
1000 988 1102 1032 nec
1139 973 1317 1031 alieno
1342 977 1561 1031 nomine
1583 989 1738 1044 pres-

132 1066 302 1136 byter
328 1065 489 1122 fenus
532 1079 795 1124 exercere
828 1067 1021 1134 debet,
1062 1066 1232 1124 multo
1281 1068 1462 1124 minus
1490 1066 1737 1124 fraudem

133 1160 326 1216 facere
367 1160 434 1216 de
483 1158 831 1217 facultatibus
873 1159 1296 1217 ecclesiasticis:
1335 1161 1588 1231 quoniam
1635 1163 1737 1218 hoc

132 1250 492 1321 sacrilegium
528 1257 636 1316 est,
671 1257 728 1306 et
764 1264 864 1319 par
897 1249 1103 1307 crimen
1127 1249 1278 1306 Iuda:
1324 1248 1484 1317 furis,
1511 1250 1604 1321 qui
1650 1265 1736 1307 sa-

131 1358 264 1398 cras
289 1341 595 1400 oblationes
621 1342 936 1412 asportabat
962 1348 1017 1397 et
1036 1341 1338 1419 furabatur.

412 1431 491 1487 De
517 1433 714 1487 usuris.
745 1431 833 1487 E9;
861 1447 1060 1488 canone
1085 1431 1464 1502 apostolorum.

201 1523 440 1584 CCXXI.
456 1524 683 1596 (Canon.
701 1524 985 1596 apostolor.
1009 1539 1058 1581 c.
1077 1525 1146 1580 44
1171 1542 1186 1591 ;
1211 1524 1522 1582 Buucuann.
1551 1526 1643 1582 lib.
1672 1543 1733 1594 ιι,

127 1632 177 1671 c.
212 1618 369 1685 119.)
401 1615 732 1687 Episcopus,
781 1618 1101 1689 presbyter,
1138 1627 1232 1674 aut
1261 1619 1519 1676 diaconus
1545 1634 1737 1676 usuras

126 1707 526 1765 adebitoribus
567 1708 811 1778 exigens,
857 1717 950 1766 aut
1001 1708 1243 1777 desinat,
1284 1721 1378 1768 aut
1403 1721 1550 1770 certe
1585 1713 1736 1770 dam-

126 1812 316 1857 netur.
1462 1880 1464 1882 ν

406 1894 488 1952 De
514 1897 696 1952 eadem
728 1913 802 1952 re.
843 1895 930 1952 Ea:
964 1897 1183 1956 concilio
1215 1895 1457 1956 Nicazno.

195 1987 460 2044 CCXXII.
520 1987 767 2060 (Concil.
824 1989 1034 2049 Nicwn.
1107 2009 1159 2048 c.
1229 1995 1330 2062 17;
1419 1994 1732 2053 Buacuann.

126 2077 227 2134 lib.
261 2095 324 2146 ιι,
359 2095 409 2136 c.
445 2080 594 2154 120.)
623 2082 892 2151 Quoniam
933 2085 1090 2141 multi
1122 2086 1222 2143 sub
1247 2087 1433 2159 regula
1457 2091 1736 2147 constituti

126 2172 425 2228 avaritiam
457 2182 512 2230 et
562 2175 738 2246 turpia
771 2175 922 2233 lucra
951 2186 1249 2248 sectantur,
1293 2180 1556 2252 oblitique
1584 2183 1733 2238 Scriv

129 2274 315 2336 plura:
358 2264 589 2322 dicentis
638 2266 790 2334 :Qui
815 2271 1092 2339 pecuniam
1124 2287 1276 2327 suam
1302 2288 1430 2328 'non
1471 2275 1613 2330 dedit
1666 2276 1735 2331 ad

127 2371 379 2421 usuram,
410 2365 518 2412 etc.
546 2397 562 2424 ,
593 2365 838 2414 mutuum
875 2360 1097 2429 dantes,
1126 2363 1452 2420 centesimas
1488 2365 1733 2438 exigunt,

123 2448 282 2517 juste
333 2449 545 2505 censuit
587 2458 776 2506 sancta
830 2452 1068 2525 synodus
1121 2463 1182 2510 ut
1217 2455 1264 2512 si
1307 2455 1428 2526 quis
1484 2456 1735 2515 inventus

128 2539 304 2594 fuerit
352 2555 545 2596 usuras
590 2541 860 2613 accipiens
911 2552 1005 2602 aut
1037 2545 1313 2613 bemiolia,
1344 2548 1399 2604 id
1444 2559 1736 2607 estsescu-

128 2631 241 2700 pla,
275 2631 544 2704 exigens,
593 2633 682 2689 vel
731 2633 934 2707 aliquid
980 2636 1086 2693 tale
1129 2653 1356 2710 prorsus
1397 2643 1731 2714 excogitans,

130 2723 313 2791 turpis
364 2722 502 2780 lucri
554 2725 730 2797 gratia
778 2725 1060 2796 dejiciatur
1106 2743 1138 2784 a
1175 2729 1323 2788 clero
1350 2771 1367 2798 ,
1410 2741 1466 2788 et
1525 2733 1735 2792 alienus

129 2816 343 2871 existat
367 2832 399 2872 a
424 2817 625 2887 regula.

359 2905 440 2962 De
475 2907 658 2964 eadem
687 2923 764 2966 re.
803 2909 894 2967 Ea:
931 2912 1153 2968 concilio
1180 2912 1514 2973 Laodicensi.

200 2997 487 3054 CCXXIII.
529 3000 754 3073 (Concil.
783 3001 1002 3060 Laodic.
1035 3021 1085 3062 c.
1117 3005 1198 3078 5.)
1244 3007 1400 3076 Quod
1427 3025 1535 3066 non
1566 3027 1728 3083 opor-

129 3103 247 3149 teat
298 3096 613 3153 sacerdotes
653 3105 709 3152 et
751 3097 980 3156 clericos
1022 3100 1332 3158 fenerantes
1385 3117 1580 3161 usuras
1605 3145 1621 3173 ,
1647 3106 1733 3162 vel

128 3203 254 3254 qua:
303 3188 460 3259 112
490 3189 744 3246 dicuntur
769 3192 1039 3263 sescupla,
1069 3192 1124 3250 id
1148 3203 1234 3252 est
1273 3211 1541 3254 summam
1579 3199 1729 3272 capi-

133 3277 201 3331 tis
228 3285 292 3332 ct
321 3279 603 3335 dimidium
634 3297 881 3350 summae,
903 3285 1183 3356 percipere
1211 3286 1380 3358 (217).

418 3370 495 3425 De
531 3373 712 3428 eadem
752 3391 825 3430 re.
865 3374 952 3431 Ea:
988 3378 1209 3448 epistola
1244 3377 1456 3436 Leonis.

198 3461 487 3519 CCXXIV.
527 3453 791 3536 (Decreta
843 3469 1043 3526 LEONIS
1094 3471 1136 3540 l,
1189 3487 1239 3528 c.
1297 3474 1363 3540 3;
1413 3472 1727 3534 Buacmnn.

128 3550 222 3605 lib.
256 3568 319 3614 ιι,
371 3567 489 3624 cap.
541 3555 690 3629 125.)
724 3557 834 3614 Nec
875 3559 979 3617 hoc
1030 3576 1246 3634 quoque
1295 3567 1733 3635 praetereundum

128 3659 255 3698 esse
308 3643 582 3716 duximus,
627 3651 889 3720 quosdam
937 3654 1108 3724 turpis
1160 3655 1295 3712 lucri
1321 3659 1614 3728 cupiditate
1645 3673 1736 3714 ca-

128 3746 257 3804 ptos
289 3739 593 3794 usurariam
631 3757 889 3799 exercere
909 3746 1289 3820 ptenam(218)
1318 3757 1374 3804 et
1394 3750 1580 3807 fenore
1598 3751 1735 3809 velle

132 3829 405 3885 ditescere
436 3850 448 3885 :
483 3834 626 3901 quod
655 3850 765 3891 non
796 3837 972 3893 dicam
1016 3839 1072 3894 in
1112 3853 1207 3896 eos
1235 3841 1326 3910 qui
1356 3852 1486 3899 sunt
1522 3844 1576 3899 in
1618 3843 1731 3901 cle-

134 3919 294 3976 n‘cali
322 3918 500 3978 ollicio
537 3925 837 3992 constituti,
877 3927 971 3983 sed
1008 3934 1063 3984 et
1114 3931 1169 3983 in
1199 3929 1368 3988 laicos
1397 3935 1613 4004 cadere,
1641 3936 1733 4007 qui

132 4012 480 4071 Christianos
501 4030 561 4072 se
586 4017 693 4074 dici
721 4019 968 4090 cupiunt,
995 4023 1362 4081 condolemus.

304 4126 376 4183 Ut
401 4131 497 4185 sub
525 4132 705 4208 alieno;
731 4136 940 4208 nomine
978 4137 1128 4208 fenus
1159 4155 1267 4195 non
1289 4152 1563 4198 exerceant

529 4203 725 4260 clerici.
768 4206 855 4261 Ea:
886 4203 1070 4263 eadem
1095 4210 1335 4280 epistola.

205 4291 468 4352 CCXXV.
507 4295 664 4368 (Leo
718 4297 740 4352 I
789 4300 848 4353 in
890 4300 1145 4369 Decretis,
1194 4319 1244 4359 c.
1300 4304 1366 4370 4;
1420 4304 1730 4363 BURCHARD.

136 4387 230 4443 lib.
274 4405 339 4454 ιι,
368 4389 594 4466 c.121.)
636 4390 767 4449 Illud
795 4393 961 4451 etiam
992 4398 1459 4467 praemonendum,
1505 4408 1566 4454 ut
1594 4400 1734 4456 sicut

138 4500 249 4538 non
276 4497 396 4550 suo,
428 4485 502 4540 ita
552 4501 655 4543 nec
691 4487 870 4545 alieno
905 4491 1124 4547 nomine
1165 4491 1360 4564 aliquis
1407 4490 1733 4550 clericorum

135 4590 399 4633 exercere
437 4579 594 4635 l‘enus
617 4588 863 4638 attentet.

336 4712 414 4769 De
443 4715 626 4772 eadem
653 4733 728 4775 re.
752 4717 840 4774 Ea:
871 4719 1091 4776 concilio
1131 4719 1536 4779 Tarraconensi.

209 4805 492 4864 CCXXV].
521 4806 744 4880 (Concil.
781 4810 1000 4868 Tarrac.
1029 4829 1078 4869 c.
1099 4813 1169 4880 2;
1209 4815 1520 4874 Buncuann.
1542 4815 1636 4873 lib.
1668 4831 1730 4884 ιι,

138 4915 192 4958 c.
231 4902 384 4974 122.)
430 4903 748 4976 Quicunque
776 4906 833 4962 in
856 4906 1004 4963 clero
1025 4923 1148 4965 esse
1195 4908 1429 4966 voluerit
1461 4950 1477 4979 ,
1521 4910 1735 4968 emendi

141 4991 304 5047 vilius
339 4994 425 5050 vel
461 4995 725 5053 vendendi
749 4998 930 5054 carius
955 4999 1135 5055 studio
1155 5015 1262 5056 non
1290 5009 1492 5057 utatur.

393 5082 473 5138 De
493 5085 676 5140 eadem
696 5102 771 5141 re.
795 5085 881 5142 Ea:
900 5089 1119 5143 concilio
1139 5088 1484 5146 Eliberitam.

211 5174 518 5233 CCXXVII.
575 5178 820 5249 (Concil.
872 5179 1113 5236 Eliberit.
1164 5198 1215 5239 c.
1265 5183 1395 5254 18.)
1448 5183 1733 5256 Episcopi,

144 5267 470 5338 presbyteri,
505 5269 985 5342 et113diacoui
1020 5271 1088 5328 de
1111 5271 1244 5328 locis
1276 5272 1394 5330 suis
1426 5274 1734 5346 negotiandi

147 5377 309 5419 causa
339 5380 448 5422 non
473 5366 770 5431 discedant,
819 5381 922 5423 nec
963 5368 1361 5426 circumeuntes
1408 5371 1733 5441 provincias,

148 5456 423 5514 nundinas
446 5468 738 5516 sectentur.
773 5457 920 5516 Sane
954 5463 1022 5518 ad
1044 5461 1248 5518 victum
1274 5462 1377 5519 sibi
1407 5464 1732 5534 conquiren—

183 5593 418 5720 a(21,77)
480 5593 618 5652 Vide
683 5595 932 5667 Capitula
1005 5597 1276 5670 Abytonis
1362 5598 1685 5656 Basilecnsis
1716 5641 1731 5668 ,

215 5681 272 5720 ι).
397 5706 411 5720 .

152 5680 272 5735 cap.
323 5680 411 5722 17.

224 5735 413 5813 (218)
450 5738 878 5813 Admonendum
905 5739 1008 5797 hoc
1051 5741 1172 5812 loco
1210 5751 1330 5805 est,
1370 5756 1467 5813 pro
1497 5757 1562 5798 eo
1593 5744 1736 5812 quod

153 5808 327 5864 codex
353 5808 460 5864 ms.
507 5810 765 5882 Regionis
796 5811 959 5868 habet
1004 5808 1306 5868 usurariam
1350 5808 1586 5868 exercere
1611 5808 1738 5939 γοε-

157 5895 278 5934 nam
303 5922 318 5939 .
354 5881 496 5939 apud
529 5881 764 5938 Leonem
803 5882 1036 5939 primunt
1082 5885 1138 5939 in
1165 5883 1395 5939 epistola
1424 5884 1599 5939 prima
1655 5885 1738 5939 eui

157 5895 278 5934 nam
303 5922 318 5949 ,
354 5881 496 5952 apud
529 5881 764 5938 Leonem
803 5882 1036 5951 primum
1082 5885 1138 5940 in
1165 5883 1395 5954 epistola
1424 5884 1599 5956 prima
1631 5881 1738 5957 legi

440 5997 711 6062 Ρηιιοι..
757 6000 926 6062 CXX
937 6001 1073 6064 XII.

1758 1899 1808 1961 B

1761 4637 1818 4700 D

1840 607 1932 653 aut
1956 599 2188 654 amicum
2218 600 2456 654 mittant.
2489 598 2559 654 Et
2590 600 2638 656 si
2671 599 2939 657 voluerint
2967 604 3253 684 negotiari,
3282 606 3427 666 intra

1835 692 2168 762 provinciam
2197 691 2559 762 negotientur.

2031 783 2110 839 De
2143 786 2322 840 eadem
2346 801 2418 840 re.
2449 783 2534 841 Ex
2554 785 2772 842 concilio
2800 785 3221 861 Carthaginensi.

1907 874 2225 932 CCXXVIII.
2284 875 2505 948 (Concil.
2559 875 2808 950 Carthag.
2856 895 2958 946 ιιι,
3021 895 3071 936 c.
3141 881 3239 949 I6;
3286 883 3428 943 Bun-

1835 983 2028 1024 cmnn.
2067 969 2158 1026 lib.
2192 984 2252 1036 ιι,
2281 984 2333 1024 c.
2363 968 2511 1041 151.)
2542 968 2751 1026 Placuit
2781 978 2840 1026 ut
2886 971 3158 1044 episcopi,
3203 977 3430 1050 presby-

1837 1062 1938 1115 teri
1971 1061 2264 1118 etdiaconi
2294 1076 2401 1119 non
2427 1062 2535 1119 sint
2561 1063 2938 1133 conductores,
2970 1075 3065 1122 aut
3104 1079 3428 1137 procurato-

1836 1171 1946 1222 res,
1983 1170 2156 1227 neque
2195 1155 2305 1210 ullo
2340 1157 2484 1226 turpi
2521 1159 2736 1230 negotio
2790 1169 2846 1214 ct
2890 1159 3174 1218 inhonesto
3221 1164 3426 1220 victum

1835 1243 2102 1318 quaerant,
2150 1248 2275 1318 quia
2327 1249 2587 1319 scriptum
2636 1260 2721 1306 est
2781 1249 3000 1308 :Nemo
3036 1255 3269 1311 militans
3295 1256 3426 1324 Deo,

1835 1343 2065 1413 implicat
2094 1358 2148 1397 se
2177 1345 2393 1413 negotiis
2422 1342 2764 1399 swcularibus
2803 1343 2889 1415 (11
2934 1345 3068 1401 Tim.
3098 1347 3180 1403 ιιὶ.

2151 1433 2229 1488 De
2248 1435 2430 1490 eadem
2452 1453 2524 1490 re.
2559 1434 2644 1490 Ea;
2670 1435 2848 1490 eodem
2871 1438 3112 1494 concilio.

1905 1521 2183 1579 CCXXIX.
2215 1523 2440 1595 (Concil.
2469 1526 2717 1598 Carthag.
2751 1543 2838 1592 ιιι,
2868 1543 2919 1583 c.
2953 1528 3052 1596 16;
3111 1515 3425 1588 Buncnsnn.

1835 1613 1928 1672 lib.
1959 1631 2022 1682 ιι,
2055 1631 2104 1671 c.
2136 1614 2288 1688 124.)
2318 1616 2452 1673 Item
2499 1618 2702 1688 placuit
2730 1627 2790 1675 ut
2818 1619 3066 1685 clericus,
3111 1622 3155 1676 si
3188 1638 3431 1679 commo-

1836 1706 2045 1763 daverit
2089 1709 2394 1779 pecuniam,
2447 1711 2732 1779 pecuniam
2784 1713 3048 1782 accipiat;
3079 1714 3126 1769 si
3168 1714 3428 1786 speciem,

1836 1801 2085 1856 eamdem
2114 1801 2372 1872 speciem,
2408 1803 2907 1872 quantum,dederit
2935 1806 3186 1878 accipiat.

2142 1891 2229 1947 Ea:
2255 1890 2644 1964 Capitularium
2667 1893 2762 1950 lib.
2790 1909 2851 1962 II,
2877 1911 2994 1967 cap.
3019 1895 3108 1952 56.

1908 1980 2165 2040 CCXXX.
2237 1982 2379 2056 (Lib.
2436 2000 2476 2040 ιι
2519 1984 2811 2056 Capitular.
2863 2001 2916 2043 c.
2971 1987 3069 2056 '57;
3117 1987 3426 2049 Buncmlnn.

1838 2075 1933 2132 lib.
1964 2092 2028 2144 ιι,
2065 2092 2113 2132 c.
2149 2076 2299 2148 125.)
2351 2075 2419 2133 Ut
2464 2078 2771 2149 presbyteri
2800 2094 2833 2134 a
2877 2081 3125 2151 turpibus
3161 2081 3327 2140 lucris
3375 2093 3432 2141 et

1839 2166 2017 2223 usuris
2052 2181 2159 2222 non
2187 2167 2360 2223 solum
2405 2167 2506 2237 ipsi
2557 2168 2884 2236 abstineant,
2933 2172 3288 2229 verumetiam
3317 2174 3431 2244 ple-

1837 2258 1933 2314 bes
1962 2258 2066 2316 sibi
2093 2259 2336 2316 subditas
2359 2259 2635 2318 abstinere
2667 2260 2957 2316 instruant.

2014 2350 2094 2404 De
2119 2351 2302 2406 eadem
2344 2368 2418 2406 re.
2447 2351 2533 2407 Ex
2565 2355 2786 2409 concilio
2814 2354 3249 2412 Chalcedonensi.

1906 2441 2184 2500 CCXXXI.
2241 2442 2466 2515 (Concil.
2519 2443 2838 2500 Chalcedon.
2891 2463 2941 2502 c.
2992 2447 3063 2514 5;
3115 2448 3425 2504 Buncuun.

1836 2533 1930 2590 lib.
1956 2550 2021 2601 ιι,
2053 2549 2101 2590 c.
2133 2532 2282 2605 145.)
2306 2532 2560 2591 Pervenit
2596 2535 2662 2591 ad
2711 2545 2958 2594 sanctam
2985 2541 3249 2610 synodum
3287 2543 3430 2611 quod

1837 2624 2054 2694 quidam
2083 2624 2175 2695 qui
2207 2624 2264 2680 in
2311 2624 2456 2682 clero
2500 2627 2752 2683 videntur
2795 2628 2986 2697 electi,
3017 2639 3237 2700 propter
3278 2631 3430 2688 lucra

1835 2715 2013 2786 turpia
2065 2713 2423 2773 conductores
2468 2716 2768 2774 alienarum
2812 2720 3214 2789 possessionum
3272 2722 3429 2788 ﬁant,

1833 2816 1888 2864 et
1915 2807 2196 2866 surcularia
2216 2811 2434 2884 negotia
2455 2812 2558 2869 sub
2578 2828 2706 2870 cura
2727 2830 2823 2871 sua
2844 2817 3160 2887 suscipiant,
3190 2816 3284 2873 Dei
3307 2820 3428 2889 qui-

1835 2897 1959 2954 dem
1981 2899 2345 2958 ministerium
2393 2904 2865 2976 parvipendentes,
2916 2908 3251 2964 saecularium
3300 2925 3430 2965 vero

1834 2990 2202 3049 discurrentes
2221 2994 2432 3062 domos,
2453 3004 2512 3050 et
2531 3005 2754 3068 propter
2773 2999 3055 3055 avaritiam
3076 3001 3433 3070 patrimonio-

1835 3100 1952 3142 rum
1983 3086 2145 3160 ιιή
2170 3087 2587 3146 sollicitudinem
2616 3099 2914 3150 sumentes.
2945 3092 3198 3150 Decrevit
3247 3093 3430 3165 itaque

1832 3190 2082 3237 sanctum
2104 3183 2415 3252 concilium,
2440 3185 2648 3242 nullum
2663 3187 2939 3260 deinceps,
2963 3203 3070 3246 non
3091 3189 3428 3261 episcopum,

1757 3265 1806 3330 C
1833 3291 1940 3332 non
1965 3277 2244 3348 clericum,
2265 3295 2374 3337 non
2399 3284 2745 3352 monachum,
2767 3293 2861 3340 aut
2879 3286 3252 3357 possessiones
3297 3301 3430 3342 con-

1835 3372 2054 3439 ducere,
2081 3381 2176 3429 aut
2199 3376 2434 3447 negotiis
2467 3378 2814 3435 saecularibus
2857 3394 2917 3435 se
2950 3381 3196 3444 miscere,
3227 3387 3430 3450 pratter

1834 3462 2330 3523 ecclesiasticarum
2357 3482 2538 3525 rerum
2569 3471 3006 3527 sollicitudinem.

1978 3554 2059 3610 De
2078 3556 2260 3610 eadem
2286 3574 2360 3613 re.
2394 3557 2480 3611 Ex
2501 3559 2720 3614 concilio
2743 3559 3025 3626 Meldensi,
3047 3577 3162 3631 cap.
3192 3561 3283 3619 49.

1904 3645 2208 3703 CCXXXII.
2249 3646 2474 3722 (Concil.
2501 3650 2667 3708 Meld.
2701 3666 2752 3708 c.
2779 3652 2877 3719 49;
2904 3653 3214 3710 Buacnann.
3237 3655 3334 3710 lib.
3365 3670 3429 3723 ιι,

1835 3755 1885 3798 c.
1915 3741 2064 3813 146.)
2097 3742 2167 3798 Ut
2195 3757 2355 3804 nemo
2381 3744 2644 3802 laicorum
2683 3749 3030 3819 presbyteros
3076 3749 3429 3805 ecclesiarum

1835 3847 2056 3889 suarum
2103 3835 2249 3906 turpi
2285 3835 2600 3894 villicationi
2647 3847 2723 3906 et,
2757 3831 3068 3896 secundum
3114 3841 3432 3912 Apostolum

1837 3926 1923 3998 (ll
1981 3927 2118 3982 Tim.
2165 3929 2271 4002 ιι),
2324 3932 2568 3988 saeculari
2618 3942 2675 3989 et
2723 3933 3022 3992 inhonestae
3074 3937 3433 4006 ncgotiationi

1834 4021 2118 4093 implicare
2178 4039 2280 4081 nec
2349 4040 2534 4084 secum
2609 4027 2744 4086 alios
2803 4026 2997 4100 [Apud
3045 4027 3386 4084 Sirmondum
3413 4069 3428 4092 ,

1837 4115 2123 4184 aliorsum;
2155 4119 2232 4172 sic
2270 4118 2430 4173 etiam
2463 4121 2518 4174 in
2551 4129 2647 4174 vet.
2681 4119 2797 4175 cod.
2827 4118 3054 4190 nostra.)
3105 4131 3291 4177 contra
3339 4136 3434 4175 au-

1836 4206 2145 4263 ctoritatem
2175 4209 2375 4266 ducere
2414 4221 2728 4282 praesumat,
2762 4226 2871 4282 quo
2917 4212 3277 4268 ministerium
3325 4213 3431 4266 sibi

1837 4300 2186 4357 commissum
2256 4313 2521 4374 cogantur
2567 4304 2882 4376 (negligere.
2935 4303 3091 4371 Quod
3143 4304 3191 4359 si
3245 4313 3433 4359 contra

1837 4393 2124 4451 interdicta
2153 4397 2584 4468 praesumpserit,
2617 4395 3144 4452 excommunicetur.

1835 4508 1914 4564 De
1951 4509 2032 4564 his
2069 4509 2159 4579 qui
2187 4525 2278 4579 per
2303 4511 2552 4579 pecunias
2583 4509 2782 4578 fuerint
2805 4507 3077 4580 fordinati.
3115 4505 3200 4563 Ex
3234 4525 3433 4565 canone

2431 4580 2806 4650 apostolorum.

1912 4695 2236 4754 CCXXXIII.
2300 4695 2523 4770 (Conon.
2574 4696 2858 4767 apostolor.
2906 4713 2958 4754 c.
3009 4695 3145 4770 50.)
3204 4698 3262 4754 Si
3312 4699 3434 4770 quis

1840 4795 2126 4865 episcopus
2162 4797 2258 4849 aut
2296 4792 2582 4864 presbyter
2608 4801 2702 4847 aut
2728 4791 2985 4848 diaconus
3031 4807 3128 4863 per
3177 4793 3433 4863 pecunias

1839 4887 1982 4942 lianc
2020 4883 2315 4942 obtinuerit
2357 4885 2701 4955 dignitatem,
2733 4884 3017 4953 dejiciatur
3064 4885 3179 4956 ipse
3205 4894 3259 4939 et
3287 4885 3436 4939 ordi-

1838 4991 1998 5037 nator
2022 4979 2138 5048 ejus
2182 4989 2237 5034 et
2267 4994 2296 5034 a
2332 4979 2711 5035 communione
2742 4979 2916 5034 modis
2942 4979 3190 5034 omnibus
3219 4977 3434 5033 abscin-

1842 5074 2019 5140 datur,
2042 5073 2181 5126 sicut
2210 5067 2397 5124 Simon
2430 5068 2614 5139 Magus
2634 5082 2664 5122 a
2685 5068 2870 5124 Petro.

2018 5189 2098 5246 De
2139 5188 2320 5244 eadem
2349 5204 2420 5243 re.
2465 5187 2551 5244 Ex
2573 5189 2793 5245 concilio
2825 5188 3252 5255 Cltalccdoncnsi.

1913 5279 2238 5340 CCXXXIV.
2280 5279 2524 5352 (Concil.
2557 5279 2875 5336 Chalcedon.
2917 5295 2968 5335 c.
3011 5280 3076 5344 2;
3116 5278 3428 5333 Buncuann.

1844 5378 1937 5434 lib.
1969 5393 2010 5443 ι,
2037 5391 2088 5431 c.
2115 5373 2263 5446 112.)
2291 5369 2348 5428 Si
2371 5373 2495 5445 quis
2523 5373 2807 5443 episcopus
2833 5385 2930 5441 per
2952 5370 3212 5441 pecunias
3245 5369 3434 5426 fecerit

1845 5467 2241 5526 ordinationem
2269 5474 2325 5522 et
2353 5466 2453 5521 sub
2481 5465 2656 5536 pretio
2684 5463 2955 5535 redegerit
2996 5460 3232 5532 Spiritus
3257 5464 3429 5518 sancti

1839 5622 2077 5684 exercere
2118 5605 2429 5684 pecuniam;
2488 5603 2634 5674 quod
2678 5601 2878 5684 rectius
2903 5610 3052 5674 puto.
3100 5601 3278 5658 Editio
3304 5601 3432 5684 Ile]-

1842 5673 2231 5736 maestadiensis
2266 5689 2463 5745 neque"
2487 5673 2689 5745 prunam
2721 5673 2882 5730 habet
2907 5673 3101 5745 neque
3128 5675 3430 5745 pecuniam,

1840 5751 1930 5807 Ivo
1955 5758 2108 5820 parte
2135 5763 2226 5820 v1,
2249 5742 2369 5816 cap?
2399 5742 2496 5811 65,
2520 5743 2891 5805 ct.Gratianus
2924 5742 3028 5814 14,
3055 5761 3110 5816 ιι.
3129 5742 3194 5808 4,
3221 5759 3342 5816 cap.
3373 5742 3432 5795 ’1⁸

1839 5819 2023 5892 legunt
2045 5819 2337 5891 pecuniam.

3034 5976 3078 6052 8
