3944 6412
554 528 659 585 253
1055 570 1062 579 .
1581 518 1877 585 REGINON
1886 524 1943 583 IS
1972 518 2383 584 PRUMIENSIS
2418 518 2705 584 ABBATIS
3705 535 3812 591 236

554 646 810 720 gratiam,
839 658 959 715 quae
984 657 1110 719 non
1149 650 1327 713 potest
1350 643 1530 713 vendi,
1559 647 1996 720 ordinaverltque
2026 662 2126 723 per
2147 649 2203 710 Δ
2230 645 2381 714 Quod
2412 661 2600 701 munus
2630 647 2698 702 sit
2731 646 2889 703 etiam
2930 662 2966 701 a
3005 644 3208 719 lingua.
3255 646 3341 704 Ea;
3388 649 3539 706 dictis
3569 647 3811 726 Gregorii

555 735 813 807 pecunias
842 735 1156 806 episcopum
1186 742 1281 791 aut
1307 736 1689 809 presbyterum
1725 747 1820 796 aut
1844 741 2127 800 diaconem
2927 734 3096 789 Ραρω·

550 828 753 899 prop‘rii
793 827 991 898 gradus
1016 826 1257 898 periculo
1294 828 1611 899 subiacebit,
1639 839 1696 888 et
1733 834 1825 903 qui
1855 833 2134 892 ordinatus
2292 817 2627 888 CCXXXIX.‘
2660 829 2680 907 (
2711 830 2768 890 S.
2810 831 3049 890 Gnaeos.
3093 832 3275 890 homit.
3311 833 3346 890 4
3389 833 3447 889 in
3480 831 3806 907 Evangelia;

549 927 647 984 est,
673 916 894 975 nihilex
920 919 1026 975 hac
1050 918 1390 977 ordinatione
1416 922 1681 993 protlciat,
1705 924 1797 980 scd
1830 925 1986 997 115
2011 927 2135 984 alie-
2219 921 2530 987 Buncnsuo.
2563 924 2657 981 lib.
2702 940 2757 994 1,
2789 940 2839 981 e.
2888 922 3055 999 “5.)
3084 922 3223 981 Sunt
3264 925 3503 983 nonnulli
3530 927 3625 1000 qui
3651 944 3808 984 num-

548 1025 650 1067 nus
677 1010 749 1066 sit
772 1027 806 1066 n
840 1012 1125 1084 dignitate.
1155 1011 1216 1070 Si
1240 1014 1362 1085 quis
1400 1029 1530 1071 vero
1563 1016 1828 1073 mediator
1864 1018 2005 1075 datis
2048 1018 2133 1076 vel
2220 1027 2431 1070 morum
2485 1013 2703 1084 quidem
2736 1012 2962 1085 praemia
2996 1027 3063 1069 ex
3110 1015 3449 1072 ordinatione
3500 1032 3613 1073 non
3665 1018 3806 1075 acci-

547 1104 783 1174 acceptis
843 1105 1120 1162 exstiterit
1143 1146 1162 1174 ,
1216 1105 1265 1162 si
1341 1105 1575 1164 clericus
1636 1107 1799 1165 fuerit
1828 1147 1845 1177 ,
1908 1111 2129 1183 proprio
2216 1104 2391 1176 piunt,
2436 1113 2493 1162 et
2518 1114 2702 1165 tamen
2746 1122 2933 1164 sacros
2960 1106 3181 1165 ordines
3221 1124 3321 1183 pro
3367 1110 3608 1168 humana
3634 1112 3805 1185 gratia

544 1198 713 1269 gradu
739 1198 983 1268 decimi;
1012 1199 1063 1257 σί
1096 1200 1394 1259 monachus
1441 1210 1536 1258 ιω
1580 1201 1791 1271 laicus,
1818 1203 2129 1261 anathema;
2216 1195 2539 1269 largiuntur.
2601 1197 2672 1255 Hi
2735 1199 2990 1257 nimirum
3047 1198 3192 1273 quod
3266 1202 3432 1275 gratis
3492 1204 3805 1275 accipiunt,

543 1288 762 1349 tizetur.
2215 1290 2382 1362 gratis
2411 1307 2521 1349 non
2564 1291 2825 1359 tribuunt,
2857 1294 2983 1366 quia
3029 1310 3311 1353 nummum
3337 1295 3538 1354 favoris
3583 1297 3652 1353 de
3700 1298 3807 1353 im.

749 1424 831 1485 De
857 1428 1036 1485 eadem
1053 1444 1129 1485 re.
1157 1426 1248 1488 Ea:
1270 1430 1491 1505 epistola
1518 1431 1715 1490 Gelasii
1742 1450 1911 1507 papte.

613 1542 915 1601 CCXXXV.
966 1545 1232 1619 (Decreta
1286 1546 1509 1608 Gsusn
1563 1566 1613 1609 c.
1661 1552 1764 1621 24;
1811 1552 2120 1611 Buucuann.

538 1637 633 1696 lib.
684 1654 743 1708 1,
777 1653 827 1696 c.
862 1638 998 1711 22.)
1038 1640 1184 1709 Quos
1236 1644 1543 1701 constiterit
1589 1644 1836 1716 indignos
1897 1645 2111 1703 meritis

432 1798 443 1805 ,
538 1755 748 1797 sacram
793 1749 1059 1798 mercatos
1106 1755 1227 1823 esse
1254 1741 1429 1813 pretio
1470 1741 1814 1816 dignitatem,
1844 1743 2124 1800 convictos

535 1838 748 1903 oportet
771 1831 945 1888 arceri
982 1846 997 1886 :
1032 1830 1160 1903 quia
1183 1831 1401 1891 dantem
1426 1833 1632 1904 pariter
1655 1832 2123 1907 accipientemque

535 1924 813 1983 damnatio
836 1923 1093 1995 Simonis,
1132 1939 1296 1996 quam
1335 1940 1494 1983 sacra
1544 1925 1704 1983 lectio
1750 1933 2001 1996 testatur,
2038 1925 2123 1983 in-

536 2020 723 2078 volvit.

680 2133 760 2190 De
789 2133 971 2191 eadem
995 2149 1073 2191 re.
1118 2132 1208 2190 Ea:
1233 2132 1453 2207 epistola
1481 2131 1782 2191 Hormisda
1804 2148 1975 2206 papae.

603 2254 933 2317 CCXXXVI.
978 2256 1310 2333 (Buncmnn.
1338 2255 1435 2315 lib.
1470 2272 1509 2325 1,
1539 2269 1589 2313 c.
1621 2255 1754 2329 25.)
1794 2253 1908 2312 Hoc
1939 2253 2121 2325 itaque

532 2349 597 2406 ad
622 2351 802 2422 priora
852 2349 1245 2423 conjungimus,
1280 2364 1348 2406 ne
1388 2347 1690 2406 benedictio
1738 2360 1836 2418 per
1886 2346 2112 2419 imposi-

530 2443 729 2499 tionem
766 2457 988 2511 manus,
1038 2456 1157 2514 quae
1202 2457 1233 2495 a
1287 2438 1401 2498 Deo
1447 2453 1568 2497 esse
1621 2439 1901 2504 creditur,
1938 2438 2114 2509 pretio

527 2547 900 2609 comparetur;
946 2535 1073 2608 quia
1110 2535 1299 2592 Simon
1329 2533 1593 2606 Spiritum
1638 2540 1887 2589 sanctum
1926 2530 2113 2587 volens

526 2635 900 2708 redemptione
929 2631 1181 2699 mercari,
1219 2628 1447 2704 apostoli
1474 2628 1576 2686 fuit
1610 2628 1969 2686 detestatione
1986 2641 2113 2698 per-

525 2745 714 2789 cussus
736 2729 878 2801 (Act.
905 2726 1047 2801 vm).

724 2864 804 2920 De
846 2864 1029 2919 eadem
1056 2877 1131 2927 re.
1185 2859 1272 2916 Ea:
1306 2858 1529 2916 concilio
1559 2856 1906 2915 Nameteusi.

596 2976 947 3038 CCXXXVII.
1011 2975 1254 3050 (Caunii.
1306 2973 1539 3031 Nannet.
1586 2987 1638 3029 c.
1687 2971 1751 3043 7;
1797 2971 2105 3027 Buncnsnu.

524 3072 617 3128 lib.
666 3088 732 3138 1,
780 3086 829 3127 c.
880 3067 1050 3141 106.)
1108 3064 1371 3124 Omnibus
1414 3063 1678 3121 ministris
1727 3060 2109 3118 ecclesiasticas

525 3160 802 3236 dignitatis
830 3159 1206 3217 interdicimus
1226 3167 1288 3213 ut
1316 3155 1497 3213 nullus
1531 3166 1855 3227 quocunque
1883 3164 2109 3208 munere

523 3261 617 3311 aut
664 3255 849 3312 favore
900 3259 1187 3324 corruptus
1238 3249 1496 3308 clericum
1568 3246 1792 3303 alterius
1836 3244 2108 3316 parochias

522 3346 754 3402 latenter
788 3360 852 3402 ac
886 3343 1083 3401 furtive
1114 3343 1184 3401 ad
1220 3341 1618 3400 ordinationem
1658 3337 2109 3396 subintroducere

520 3443 829 3508 praesumat.
881 3432 1035 3503 Quod
1094 3433 1141 3490 si
1186 3430 1421 3501 fecerit,
1462 3431 1616 3505 juxta
1669 3429 2109 3486 Chalcedonense

522 3535 796 3591 decretum
832 3531 880 3589 is
919 3530 1013 3603 qui
1048 3530 1330 3588 ordinatus
1355 3537 1442 3587 est
1471 3527 1689 3600 {donum
1714 3525 1893 3584 uncti
1934 3522 2107 3595 Spiri-

521 3634 629 3694 tu’s,
677 3625 822 3698 quod
852 3623 1022 3682 furari
1054 3632 1279 3682 conatus
1310 3630 1397 3680 est
1417 3662 1435 3692 ,
1480 3621 1725 3689 amittat;
1761 3627 1820 3677 et
1845 3618 1940 3691 qui
1985 3631 2104 3673 me-

522 3722 714 3777 diator.
748 3719 1001 3787 exstitit,
1062 3719 1115 3775 si
1177 3717 1409 3775 clericus
1472 3723 1598 3784 est,
1654 3714 1876 3788 proprio
1933 3710 2106 3784 gradu

2214 1396 2382 1453 penso
2425 1382 2601 1442 cilicio
2630 1385 2936 1443 sanctitatis
2974 1394 3252 1461 expetunt.
3283 1384 3436 1444 Unde
3458 1404 3583 1445 cum
3622 1389 3802 1446 virum

2092 1478 2097 1483 ’
2205 1471 2414 1543 justum
2450 1475 2783 1534 describeret
2826 1476 3017 1549 Isaias,
3074 1478 3194 1535 ait:
3228 1478 3333 1547 Qui
3376 1481 3574 1535 excutit
3619 1498 3806 1537 manus

2211 1585 2337 1625 suas
2362 1567 2427 1625 ab
2456 1570 2597 1625 omni
2643 1568 3006 1643 munere(1sa
3053 1570 3273 1642 χχχιιι).
3329 1568 3468 1641 Quia
3520 1570 3667 1627 aliud
3715 1582 3797 1627 est

2212 1675 2406 1719 munus
2426 1661 2495 1719 ab
2514 1661 2800 1736 obsequio,
2828 1661 2974 1720 aliud
3006 1677 3201 1720 munus
3229 1677 3260 1717 a
3289 1677 3472 1727 manu,
3497 1662 3642 1718 aliud
3674 1678 3795 1718 mu-

2211 1768 2316 1810 nus
2341 1768 2375 1809 a
2392 1752 2593 1827 lingua.
2619 1753 2814 1811 Munus
2840 1755 2923 1811 ab
2950 1753 3209 1825 obsequio
3235 1761 3319 1811 est
3354 1750 3615 1822 subjectio
3644 1753 3802 1808 inde-

2210 1844 2322 1902 bite
2368 1845 2633 1917 impensa.
2662 1845 2855 1905 Munus
2883 1862 2916 1902 a
2963 1861 3151 1915 manu,
3207 1846 3366 1917 117
3414 1846 3641 1918 pecunia
3695 1855 3803 1901 est.

2211 1936 2405 1996 Munus
2431 1954 2462 1995 a
2501 1938 2716 2011 lingua,
2755 1938 2927 1996 favor.
2984 1937 3090 2006 Qui
3138 1952 3268 2009 ergo
3320 1952 3507 1994 sacros
3572 1938 3804 1994 ordines

2211 2030 2421 2101 tribuit,
2445 2041 2572 2091 tunc
2598 2034 2666 2090 ab
2694 2031 2842 2090 omni
2872 2047 3099 2089 munere
3126 2046 3321 2088 manus
3346 2032 3553 2088 excutit
3583 2031 3807 2103 quando

2210 2122 2267 2180 in
2314 2124 2511 2183 divinis
2562 2125 2724 2183 rebus
2759 2141 2868 2183 non
2898 2123 3070 2183 solum
3120 2124 3283 2180 ullam
3325 2125 3615 2196 pecuniam
3638 2164 3658 2193 ,
3714 2121 3812 2180 sed

2209 2218 2374 2277 etiam
2406 2219 2697 2276 humanam
2723 2218 2954 2293 gratiam
2980 2233 3089 2275 non
3113 2215 3341 2290 requirit
3367 2215 3543 2292 (219).

2218 2332 2301 2389 Ne
2326 2334 2607 2405 presbyteri
2627 2342 2746 2405 ,ξω
2772 2333 3023 2405 ecclesias
3044 2333 3346 2405 ,obtiueant,
3394 2348 3612 2389 munera
3646 2331 3799 2389 dent.

2646 2403 2733 2459 Ea:
2757 2402 3144 2476 Capit'ularinm
3171 2403 3303 2458 libro
3334 2418 3375 2459 ι.

2286 2498 2483 2557 CCXL.
2515 2497 2651 2569 (Lib.
2684 2515 2701 2555 1
2730 2496 3048 2570 Capitular.,
3083 2513 3132 2554 c.
3166 2495 3320 2569 146.)
3352 2494 3423 2553 Ut
3446 2495 3622 2552 nullus
3650 2510 3805 2569 pres-

2213 2594 2369 2666 byter
2403 2594 2470 2649 ad
2499 2590 2781 2650 introitum
2813 2590 3055 2649 ecclesiae
3081 2589 3240 2649 xenia
3278 2587 3441 2646 donet
3467 2588 3638 2662 (220).

2213 2705 2291 2761 De
2328 2705 2421 2779 [iis
2474 2705 2834 2779 sacerdotibus
2882 2704 2960 2762 uel
3014 2702 3218 2779 clericis
3266 2702 3358 2779 qui
3411 2719 3503 2779 per
3535 2701 3808 2779 Δρει-τιθείης

2284 2776 2508 2831 aliorum
2546 2777 2880 2833 sacerdotum
2918 2775 3162 2833 ecclesias
3203 2772 3293 2830 aut
3336 2772 3583 2843 beneﬁcia
3625 2772 3807 2828 subn-

2283 2850 2430 2917 piunt
2470 2847 2546 2903 vel
2577 2848 2899 2904 subvertant.

2281 2958 2420 3031 (Lib.
2465 2974 2540 3015 v11
2592 2956 2885 3031 Capitular.
2913 2998 2929 3027 ,
2980 2974 3030 3015 c.
3072 2954 3197 3027 146,
3229 2956 3538 3015 Buttmann.
3583 2954 3688 3011 lib.
3722 2972 3807 3022 111,

2209 3068 2276 3111 ο..
2297 3052 2447 3125 114.)
2495 3052 2773 3110 Sancitum
2803 3059 2887 3111 est
2919 3061 3083 3126 atque
3111 3051 3365 3109 omnibus
3402 3050 3573 3107 modis
3604 3049 3807 3120 prohi-

2209 3145 2401 3213 bitum,
2442 3153 2501 3201 ut
2549 3146 2746 3218 siquis
2786 3146 3069 3220 presbyter
3097 3152 3400 3217 praeventus
3446 3140 3606 3198 fuerit
3636 3138 3809 3194 alicui

2209 3236 2409 3293 clerico
2439 3244 2533 3292 aut
2561 3235 2701 3294 laico
2733 3252 2958 3294 munera
2999 3234 3130 3292 dare
3156 3244 3251 3291 aut
3275 3234 3485 3291 dedisse
3516 3240 3607 3287 aut
3638 3229 3809 3286 alicui

2207 3327 2492 3399 pecuniam
2534 3327 2774 3384 tribuere
2809 3333 2871 3382 ut
2909 3326 3134 3382 alterius
3165 3323 3473 3398 presbyteri
3509 3320 3808 3405 ecclesiam

2210 3420 2493 3491 subripiat,
2529 3436 2627 3492 pro
2651 3416 2753 3477 hac
2780 3418 3073 3490 cupiditate
3105 3432 3202 3476 seu
3238 3416 3427 3489 rapina
3456 3415 3631 3487 turpis
3664 3413 3809 3470 lucri

2207 3514 2383 3586 gratia
2414 3511 2696 3584 dejiciatur
2722 3527 2754 3571 a
2782 3511 2927 3570 clero
2967 3520 3023 3569 et
3049 3510 3258 3569 alienus
3287 3510 3488 3568 existat
3524 3520 3555 3562 a
3579 3506 3805 3579 regula,

2207 3607 2343 3665 Nam
2389 3609 2434 3665 si
2482 3623 2583 3681 pro
2611 3606 2984 3666 misericordia
3015 3606 3266 3680 episcopo
3316 3599 3579 3676 placuerit
3638 3598 3809 3671 longo

2208 3707 2449 3770 tempore
2490 3713 2651 3768 eum,
2703 3694 3014 3771 paenitendo
3044 3711 3164 3769 qua:
3210 3695 3407 3768 gessit,
3455 3692 3511 3749 in
3550 3691 3803 3747 carceris

521 3812 766 3881 decidat;
829 3812 877 3870 si
952 3782 1126 3869 laicus
1196 3818 1291 3867 aut
1343 3782 1678 3878 monachus;
1738 3782 2101 3863 έιοιικίωιί-
2127 3789 2173 3856 C
2203 3806 2444 3848 terumna
2496 3789 2811 3860 recludere,
2861 3798 2916 3846 et
2949 3803 3124 3862 usque
3173 3786 3242 3843 ad
3268 3782 3804 3881 satisfactionem

525 3912 697 3960 261111³.

561 4016 721 4092 116
749 4016 829 4075 De
851 4018 1031 4075 eadem
1055 4033 1132 4073 re.
1166 4015 1254 4074 Ex
1279 4017 1500 4079 concilio
1525 4014 1805 4086 Meldensi,
1835 4033 1950 4089 cap.
1978 4017 2068 4073 45.

591 4153 962 4213 CCXXXVIII.
1024 4155 1249 4229 (Concit.
1304 4154 1506 4213 ΗΜΛ
1534 4170 1586 4212 c.
1651 4156 1753 4224 45;
1792 4153 2100 4213 Buncusun.

517 4247 609 4304 lib.
646 4265 690 4316 1,
727 4265 777 4306 c.
815 4249 932 4322 21.)
968 4248 1278 4307 Cavendum
1329 4257 1415 4305 est
1463 4255 1521 4306 et
1569 4262 1912 4318 summopere
1965 4261 2104 4316 pra:-

519 4340 819 4398 cavendum
844 4380 861 4409 ,
892 4356 956 4397 ac
994 4358 1090 4412 per
1119 4342 1372 4399 virtutem
1401 4341 1605 4399 Christi
1636 4340 1912 4414 sanguinis
1937 4339 2131 4423 interi

519 4442 805 4499 dicendum
838 4443 1102 4514 episcopis
1152 4452 1208 4499 et
1257 4443 1499 4513 regibus,
1528 4450 1583 4497 et
1628 4442 1881 4498 omnibus
1938 4437 2104 4496 subli-

523 4535 784 4591 mioribus
828 4534 1183 4605 potestatibus
1222 4541 1388 4606 atque
1441 4534 1650 4590 cunctis
1698 4531 1997 4589 fautoribus
2049 4539 2105 4589 et

514 4627 839 4691 electoribus
861 4639 1303 4699 quorumcunque
1328 4665 1347 4693 ,
1377 4633 1539 4698 atque
1557 4625 1975 4684 consensoribus
2006 4640 2101 4683 seu

517 4706 920 4773 ‘ordinatoribus
961 4716 1018 4773 in
1058 4718 1227 4790 gradu
1263 4716 1664 4783 ecclesiastico,
1713 4726 1774 4773 ut
1820 4732 1977 4773 nemo
2006 4733 2102 4788 per

519 4811 871 4868 simoniacam
894 4810 1139 4868 haeresim
1171 4809 1446 4882 regiminis
1474 4809 1649 4868 locum
1677 4808 1920 4867 obtineat
1962 4824 2099 4881 qua-

519 4892 1026 4975 cunqne't‘actione,
1054 4903 1347 4961 calliditate
1365 4944 1380 4973 ,
1404 4904 1782 4976 promissione,
1812 4918 1910 4961 seu
1945 4918 2096 4960 com-

511 4996 821 5085 lmoditate,
880 5006 973 5050 aut
1016 4996 1237 5085 datioue
1277 5010 1375 5065 per
1435 5010 1494 5052 se
1550 5003 1642 5050 aut
1705 5008 1803 5065 per
1844 4994 2098 5050 emissam

515 5100 830 5155 personam,
860 5100 982 5141 cum
1007 5083 1243 5158 Spiritus
1271 5093 1494 5143 sanctus
1523 5085 1664 5142 inter
1697 5097 1896 5143 cmtera
1928 5086 2093 5142 docu-

514 5189 700 5236 menta
726 5194 825 5252 per
866 5194 929 5236 os
958 5179 1129 5235 sancti
1162 5178 1306 5236 dicat
1333 5177 1578 5253 Gregorii
1621 5177 1736 5252 (lib.
1765 5194 1874 5246 v11,
1911 5179 2094 5234 indict.
2120 5174 2176 5235 D

514 5270 571 5339 2,
615 5273 767 5344 epist.
805 5269 947 5345 110)
1001 5288 1015 5326 :
1065 5289 1084 5323 ι
1129 5270 1240 5327 Cur
1292 5284 1400 5328 non
1453 5269 1733 5342 perpendit
1772 5269 1897 5341 quia
1934 5269 2097 5326 bene—

516 5361 681 5418 dictio
710 5362 786 5419 illi
826 5363 882 5419 in
921 5358 1354 5419 maledictionem
1385 5361 1754 5417 convertitur?
1793 5379 1814 5413 1
1863 5361 1931 5417 Et
1968 5359 2095 5417 alibi

517 5454 631 5525 (lib.
665 5455 879 5522 1v,1'nd.
919 5454 1011 5525 tt,
1046 5440 1200 5528 epist.
1244 5455 1378 5528 51):
1417 5474 1437 5509 ι
1468 5453 1686 5521 Dolens,
1724 5452 1915 5524 inquit,
1948 5454 2093 5522 dico,

515 5563 738 5619 gemens
785 5550 1041 5608 denuntio
1064 5589 1082 5616 ,
1133 5549 1262 5621 quia
1314 5547 1678 5606 sacerdotium
1702 5586 1723 5617 ,
1762 5546 1906 5618 quod
1953 5547 2098 5619 apud

515 5652 613 5697 vos
660 5639 809 5697 intus
844 5640 1043 5697 cecidit
1070 5681 1086 5711 ,
1134 5639 1272 5699 foris
1316 5639 1413 5697 diu
1456 5646 1607 5696 stare
1652 5652 1761 5694 non
1801 5637 2021 5709 poterit.
2066 5657 2087 5693 ι

598 5795 745 5870 (219)
773 5794 909 5852 Vide
935 5796 1340 5870 SLGregorium
1356 5795 1459 5854 lib.
1482 5811 1541 5853 ιι
1564 5792 1753 5853 Dioni.
1778 5806 1901 5866 cup.
1924 5793 2012 5863 17,
2034 5800 2094 5852 et

514 5864 619 5923 lib.
641 5864 758 5935 κη’,
787 5882 908 5935 cap.
940 5866 1032 5922 25.

593 5883 758 6010 (2’23),
934 5883 1240 6010 apitulare
1287 5936 1589 6010 Theodulﬁ,
1634 5952 1750 6010 cap.
1779 5936 1883 6010 i6,
1927 5935 2090 6008 Capi-

518 6007 632 6065 tula
654 6007 951 6080 ‘Ahytonis
998 6007 1237 6078 episcopi
1286 6008 1608 6083 Basilecnsis
1634 6008 1701 6061 ad
1749 6007 2092 6087 progiyttios

2207 3881 2482 3952 detineri,
2538 3890 2592 3938 et
2649 3889 2837 3954 postea
2867 3922 2884 3951 ,
2948 3881 2998 3938 si
3049 3895 3108 3937 se
3164 3876 3493 3943 correxerit,
3558 3883 3618 3932 et
3674 3874 3807 3929 talia

2208 3979 2460 4051 deinceps
2515 3979 2735 4037 minime
2779 3994 2840 4037 se
2882 3976 3063 4038 facere
3112 3976 3456 4051 promiserit,
3498 3973 3803 4030 humanius

2204 4086 2332 4143 erga
2357 4086 2480 4126 eum
2525 4085 2705 4141 agere,
2744 4070 2967 4142 poterit,
3012 4069 3057 4126 si
3087 4066 3356 4136 voluerit,
3382 4074 3437 4124 et
3460 4065 3573 4137 ipse
3600 4064 3801 4137 dignus

2206 4162 2456 4217 inventus
2484 4159 2665 4216 fuerit.

2212 4254 2372 4325 118
2532 4250 2705 4307 nullus
2758 4252 3113 4334 presbyterum
3139 4247 3472 4334 littuecclesia
3499 4246 3686 4334 mittat
3723 4246 3798 4302 rei

2383 4322 2583 4392 ejiciat,
2628 4339 2692 4377 ea:
2723 4316 3351 4392 eisdem'Capitularibus,
3381 4334 3496 4389 cap.
3523 4316 3613 4371 11.

2274 4434 2497 4494 CCXLI.
2537 4435 2675 4503 (Lib.
2704 4452 2722 4491 1
2751 4434 3065 4508 Capitular.,
3100 4449 3148 4491 c.
3181 4434 3283 4490 M7
3311 4434 3669 4502 ;Buncusnn,
3704 4432 3794 4487 lib.

2202 4547 2283 4597 111,
2316 4546 2365 4585 c.
2392 4529 2538 4600 111.)
2565 4525 2637 4585 Ut
2669 4529 2843 4584 nullus
2869 4528 3038 4584 laicus
3072 4528 3447 4601 presbyterum
3476 4526 3530 4581 in
3559 4525 3795 4580 ecclesia

2201 4624 2415 4681 mittere
2438 4623 2524 4678 vel
2569 4621 2764 4692 ejicere
2795 4630 3087 4692 prtesumat
3113 4663 3128 4690 ,
3173 4619 3277 4677 nisi
3326 4633 3423 4691 per
3462 4631 3789 4675 consensum

2202 4716 2437 4788 episcopi
2468 4716 2641 4787 (221).

2830 4807 2916 4862 Ea;
2950 4806 3153 4863 eodem.

2270 4902 2403 4960 item
2458 4902 2883 4959 interdicendum
2930 4901 3147 4958 videtur
3188 4896 3406 4957 clericis
3457 4896 3574 4953 sive
3633 4894 3783 4951 laicis

2200 5012 2270 5052 ne
2316 4997 2436 5068 quis
2461 4996 2683 5053 cuilibet
2722 4995 3041 5073 presbytero
3077 5002 3372 5065 praesumat
3422 4990 3555 5047 dare
3609 4988 3782 5046 eccle-

2200 5089 2336 5145 siam
2376 5090 2491 5146 sine
2516 5088 2732 5145 licentia
2756 5096 2811 5144 et
2839 5102 3102 5144 consensu
3135 5086 3375 5158 episcopi
3416 5085 3521 5141 sui.

2755 5179 2891 5235 Item
2922 5195 2993 5235 ea:
3018 5178 3220 5235 eodem.

2276 5273 2418 5349 (Lib.
2451 5290 2482 5331 v
2502 5271 2824 5345 ϐεβίωται,
2863 5289 2913 5330 c.
2942 5272 3035 5339 45,
3063 5281 3120 5329 et
3145 5273 3327 5327 Addit.
3371 5287 3449 5339 1v,
3478 5285 3532 5326 e.
3572 5268 3666 5335 72,
3692 5267 3776 5321 lib.

2202 5382 2285 5433 111,
2310 5365 2433 5438 Leg.
2458 5363 2713 5437 Longob.,
2741 5366 2824 5421 tit.
2850 5366 2904 5432 1,
2928 5379 2979 5420 c.
3005 5365 3122 5436 ιι.)
3158 5364 3235 5420 De
3267 5363 3355 5420 his
3376 5362 3473 5434 qui
3510 5362 3634 5418 sine
3658 5374 3774 5416 con-

2201 5475 2361 5518 sensu
2389 5460 3014 5532 episcopi-presbyteros
3050 5459 3106 5515 in
3147 5458 3391 5516 ecclesiis
3431 5457 3547 5513 suis
3574 5451 3772 5510 consti-

2201 5561 2380 5620 tuunt,
2412 5552 2497 5609 vel
2544 5551 2611 5608 de
2657 5552 2904 5611 ecclesiis
2939 5551 3180 5625 ejiciunt,
3229 5558 3283 5607 et
3319 5549 3389 5607 ab
3426 5539 3770 5619 episcopon

2200 5644 2440 5719 quolibet
2465 5643 2631 5701 misso
2652 5640 2922 5703 dominico
2958 5638 3221 5701 admoniti
3244 5640 3467 5700 obedire
3486 5635 3767 5699 uoluerint.

2202 5816 2329 5860 suos
2350 5813 2470 5871 cap.
2501 5797 2593 5883 12,
2618 5807 2680 5855 et
2700 5796 3307 5882 Cepimus-eamdem,
3336 5810 3459 5870 cap.
3480 5788 3578 5853 53.

2274 5872 2425 5954 (221)
2457 5871 2592 5954 Vide
2630 5869 2925 5954 concalqu
2971 5867 3277 5954 Yiennense
3318 5868 3419 5927 sub
3466 5862 3763 5954 Fprmosoi

2203 5935 2323 6016 cap.
2365 5935 2421 6010 4,
2453 5949 2509 6002 et
2536 5939 2825 5999 concilium
2847 5939 3325 6013 Eugelheimense,
3351 5953 3472 6013 cap.
3502 5935 3551 5994 4.
