3944 6418
135 504 244 562 257

130 713 392 785 palatium
421 710 606 767 venire
628 709 948 782 iubeantur;
994 718 1055 766 ut
1085 719 1212 766 tunc
1237 726 1336 768 nos
1361 711 1715 768 decernamus

131 819 314 864 utrum
362 806 515 863 nobis
557 805 770 876 placeat
815 814 877 861 ut
906 804 1057 862 illum
1106 805 1343 864 bannum
1381 807 1713 879 persolvant,

130 909 224 957 aut
267 899 432 956 aliam
460 899 816 956 armiscaram
840 900 1164 956 sustineant.

233 993 319 1052 De
347 992 574 1050 ecclesiis
595 993 735 1053 inter
753 994 1046 1050 coheredes
1072 993 1270 1051 diuisis.
1295 993 1382 1049 Ea:
1406 994 1605 1050 eodem.

198 1084 447 1144 CCXLil.
481 1085 624 1157 (Lib.
661 1103 698 1143 v
736 1085 1054 1159 Capitular.,
1109 1101 1161 1144 c.
1188 1086 1291 1155 44;
1345 1087 1439 1143 lib.
1474 1103 1536 1143 ιιι
1585 1084 1715 1156 Leg.

125 1176 391 1249 Longob.,
431 1177 516 1233 tit.
561 1177 617 1244 l,
641 1191 692 1234 c.
719 1177 826 1244 aM;
847 1177 1156 1233 BURCIIARD.
1183 1175 1279 1232 lib.
1311 1191 1371 1244 ιι,
1395 1190 1444 1231 c.
1473 1174 1590 1245 41.)
1639 1175 1716 1230 De

125 1267 375 1325 ecclesiis
400 1269 699 1342 quaeinter
727 1268 1036 1326 cohasredes
1076 1275 1202 1326 sunt
1236 1267 1422 1325 divisae
1462 1266 1715 1324 conside-

124 1358 360 1416 randum
379 1368 467 1417 est
487 1368 755 1431 quatenus
794 1362 842 1418 si
886 1361 1183 1418 secundum
1224 1358 1618 1432 providentiam
1662 1365 1714 1413 et

123 1452 554 1509 admonitionem
587 1453 827 1524 episcopi
861 1452 964 1525 ipsi
988 1452 1303 1510 cohaeredes
1329 1465 1421 1509 eas
1448 1449 1717 1507 voluerint

124 1553 316 1602 tenere
341 1554 397 1603 et
420 1544 712 1613 honorare,
748 1545 971 1603 faciant.
1013 1546 1110 1603 Sin
1146 1553 1330 1604 autem
1357 1545 1462 1602 hoc
1502 1547 1717 1601 contra-

121 1638 402 1706 dixerint,
445 1641 503 1696 tu
529 1641 766 1713 episcOpi
813 1649 1079 1713 potestate
1124 1647 1344 1699 maneat
1386 1648 1570 1698 utrum
1623 1651 1716 1695 eas

126 1727 293 1802 ιιο
327 1730 404 1788 ita
431 1733 728 1791 consistere
762 1734 1066 1808 permittat,
1090 1742 1183 1793 aut
1227 1733 1484 1806 reliquias
1521 1731 1717 1790 exinde

121 1821 360 1881 auferat.

341 1917 422 1976 De
447 1920 627 1977 eadem
671 1937 745 1977 re.
781 1919 868 1977 Ea:
901 1921 1121 1978 concilio
1151 1920 1500 1978 Triburiensi.

194 2038 424 2112 (Concil.
449 2039 680 2110 Tribun,
697 2056 746 2097 c.
769 2039 1197 2110 52,8u1tcnsrm.
1217 2039 1316 2096 lib.
1337 2056 1424 2108 ιιι,
1443 2053 1491 2095 c.

117 2130 308 2200 plures
337 2125 578 2190 haeredes
620 2133 997 2189 contenderint
1028 2133 1094 2189 de
1139 2131 1412 2190 communi
1452 2129 1710 2199 ecclesia,

119 2224 330 2280 auferri
375 2224 563 2295 iubeat
611 2227 896 2299 episcopus
932 2227 1191 2298 reliquias
1231 2241 1416 2284 sacras
1454 2235 1510 2284 et
1540 2225 1715 2282 eccle-

118 2315 261 2370 siam
299 2314 498 2384 claudi,
524 2318 692 2375 donec
721 2319 996 2379 communi
1043 2333 1308 2378 consensu
1351 2325 1594 2376 statuant
1637 2315 1710 2374 ibi

117 2410 500 2482 presbyterum
528 2420 583 2469 et
621 2415 766 2470 unde
792 2413 959 2471 vivat.

119 2522 193 2579 Ut
215 2524 272 2580 in
302 2523 774 2601 ecclesiaunanou
797 2528 975 2601 plures
995 2529 1278 2601 presbyteri
1302 2525 1707 2601 constituantur.

483 2598 570 2654 Ea:
598 2598 816 2655 concilio
843 2598 1286 2672 Rhentensi,‘cap.
1318 2599 1371 2655 8.

184 2689 460 2748 CCXLIU.
490 2691 822 2762 (Bonosus.
857 2691 952 2749 lib.
991 2709 1076 2761 ιιι,
1100 2707 1149 2749 c.
1175 2692 1292 2764 44.)
1328 2691 1713 2763 Unusquisque

117 2784 412 2857 presbyter
455 2785 682 2842 ecclesia
707 2801 836 2854 una,
866 2785 959 2842 ubi
985 2785 1262 2843 ordinatus
1289 2793 1393 2854 est,
1426 2791 1712 2841 contentus

117 2875 223 2944 sit,
275 2884 336 2933 et
363 2877 543 2936 nullus
587 2878 644 2937 in
671 2879 881 2938 duabus
916 2878 1162 2938 ecclesiis
1212 2879 1526 2938 ministrare
1569 2891 1710 2949 pra:-

115 2964 308 3026 sumat
348 2968 526 3043 (222).

571 3083 660 3142 Ea:
693 3085 916 3144 concilio
949 3101 1056 3161 quo
1092 3103 1274 3158 supra.

183 3173 509 3250 (Buacuaan
537 3217 554 3246 ,
603 3177 700 3235 lib.
732 3195 818 3249 ιιι,
871 3195 921 3237 c.
954 3177 1072 3253 45.)
1111 3179 1265 3237 Sicut
1305 3175 1362 3235 in
1388 3191 1715 3264 unaquaque

115 3267 353 3325 ecclesia
380 3269 662 3344 presbyter
688 3271 848 3330 debet
871 3287 992 3330 esse
1009 3313 1024 3342 ,
1054 3273 1130 3329 ita
1158 3274 1276 3343 ipsa
1305 3272 1558 3337 ecclesia,
1593 3287 1713 3344 quae

114 3369 321 3453 Sponsa
349 3359 438 3416 vel
463 3376 600 3418 uxor
627 3361 744 3433 ejus
784 3363 1001 3432 dicitur,
1029 3379 1138 3420 non
1165 3371 1344 3435 potest
1371 3363 1537 3421 dividi
1573 3362 1715 3418 inter
1743 3388 1788 3453 ρ

114 3449 310 3522 plures
344 3454 728 3527 presbyteros;
757 3457 855 3513 sed
880 3471 1049 3512 unum
1077 3455 1452 3512 tantummodo
1494 3454 1716 3511 habebit

117 3543 488 3615 sacerdotem,
513 3547 605 3618 qui
645 3563 766 3605 eam
789 3557 938 3607 caste
962 3557 1019 3606 et
1045 3549 1330 3608 sinceriter
1362 3557 1537 3623 regat.
1565 3547 1720 3605 Unde

118 3633 503 3693 interdicimus
551 3645 613 3693 ut
659 3638 837 3696 nullus
880 3642 1188 3711 praesumat
1236 3639 1525 3697 ecclesiam
1579 3637 1720 3693 inter

119 3728 260 3785 duos
286 3729 376 3786 vel
413 3730 596 3802 plures
625 3732 896 3804 dividere,
928 3735 1056 3807 quia
1085 3734 1314 3793 ecclesia
1342 3733 1547 3791 Christi
1583 3749 1720 3790 uxor

118 3829 173 3876 et
200 3837 409 3893 sponsa
430 3823 588 3882 debet
627 3840 785 3895 esse,
823 3841 932 3883 non
955 3835 1230 3897 scortum,
1283 3827 1426 3886 sicut
1473 3825 1718 3886 Calixtus

121 3929 268 3988 papa
297 3925 534 3975 testatur
556 3919 708 3994 (225)
733 3920 812 3994 [7,
850 3936 908 3996 q.
931 3937 972 3992 ι,
1004 3938 1056 3981 c.
1083 3921 1200 3998 59].

127 4029 297 4103 120
350 4031 422 4088 Ut
466 4034 589 4091 laici
634 4035 878 4092 ecclesias
933 4053 1038 4093 non
1087 4045 1292 4094 teneant
1342 4052 1436 4094 nec
1488 4036 1718 4093 decimas

273 4105 554 4174 accipiant.
576 4105 662 4163 Ea:
683 4107 900 4164 concilio
934 4107 955 4182 [
982 4107 1262 4185 Meldensij
1289 4150 1305 4178 ,
1326 4126 1442 4180 cap.
1485 4109 1573 4166 65.

194 4195 472 4252 ccxuv.
506 4197 727 4271 (Concil.
769 4197 1007 4258 Meld.c.
1049 4201 1163 4273 75.)
1222 4203 1506 4274 Indignum
1554 4203 1717 4262 valde

125 4298 208 4345 est
235 4295 300 4343 ut
328 4287 422 4360 qui
452 4289 507 4344 in
550 4289 695 4362 regia
733 4290 993 4362 dignitate
1022 4300 1248 4350 caeteros
1289 4293 1547 4351 Ecclesia:
1580 4295 1716 4351 Iilios

125 4393 354 4439 auctore
398 4382 509 4438 Deo
541 4384 882 4454 praecellitis,
920 4385 1281 4458 negligentius
1301 4403 1423 4460 qua:
1447 4387 1546 4444 Dei
1590 4396 1719 4445 sunt

123 4475 357 4546 exsequi
411 4475 718 4531 videamini.
763 4476 918 4534 Unde
953 4478 1175 4552 dignum
1211 4488 1331 4537 erat
1374 4487 1437 4536 ut
1482 4479 1720 4551 capellas

121 4565 380 4620 villarum
431 4575 734 4623 vestrarum
775 4566 927 4623 laicis
961 4583 1068 4626 non
1132 4571 1578 4638 committeretis,
1621 4571 1718 4628 sed

122 4662 309 4730 potius
361 4659 464 4716 illis
513 4661 693 4733 quiet
737 4663 927 4718 eadem
979 4672 1196 4720 sacrata
1243 4665 1366 4721 loca
1412 4665 1718 4738 religiosius

124 4762 432 4808 tractarent
452 4765 506 4808 et
525 4755 678 4811 vobis
703 4755 940 4811 debitum
963 4759 1284 4828 obsequium
1311 4722 1709 4832 impenderent.
1741 4766 1796 4827 Ι)
1818 4722 2058 4832 Ῥωπάξῆ
2184 4722 2295 4793 eius
2321 4723 2459 4832 ῑίςίτῖ

121 4843 414 4902 Monemus
438 4847 622 4920 itaque
646 4858 701 4904 et
749 4850 1031 4905 hortamur
1054 4889 1069 4920 ,
1096 4866 1166 4907 ne
1188 4891 1204 4919 ,
1236 4853 1379 4923 quod
1403 4853 1582 4922 absit,
1613 4869 1712 4925 pe-

123 4939 366 4996 riculum
408 4943 771 5001 anathematis
796 4958 863 4999 ex
891 4944 1115 5000 decimis
1151 4946 1493 5016 prmsumptis
1531 4946 1714 5004 incur-

125 5034 264 5088 ratis
280 5075 295 5101 ,
331 5042 392 5089 ut
414 5035 518 5091 hoc
540 5038 814 5107 corrigere
839 5039 1120 5095 studeatis.

434 5153 513 5210 De
527 5156 710 5210 eadem
737 5173 812 5212 re.
846 5157 931 5213 Ex
952 5159 1129 5213 eodem
1155 5159 1407 5231 capitulo.

199 5247 452 5305 CCXLV.
494 5248 720 5322 (Concit.
749 5249 914 5306 Metd.
946 5251 1100 5322 ibid.)
1149 5253 1206 5308 Si
1234 5252 1468 5324 capellas
1496 5263 1718 5310 vestras

123 5342 461 5412 presbyteris
485 5351 580 5398 aut
604 5344 736 5400 viris
779 5345 1160 5402 ecclesiasticis
1182 5347 1441 5403 dederitis
1472 5387 1486 5416 ,
1517 5356 1571 5403 et
1618 5349 1721 5404 Do-

127 5433 365 5489 minicas
392 5434 634 5494 decimas
663 5438 1004 5509 acceperint,
1031 5448 1179 5495 sarta
1211 5447 1354 5496 tecta
1382 5439 1626 5496 ecclesiae
1659 5449 1717 5498 ct

125 5524 422 5581 luminaria
449 5527 644 5585 exinde
661 5538 1031 5601 competenter
1049 5531 1390 5604 provideant,
1421 5538 1474 5587 et
1493 5532 1719 5604 presby-

125 5617 236 5672 teri
277 5619 638 5689 parochianas
674 5621 909 5678 decimas
951 5621 1252 5696 accipiant,
1278 5629 1334 5681 et
1373 5623 1555 5696 populi
1607 5639 1709 5680 ne—

128 5707 481 5769 cessitatibus
516 5710 694 5772 debite
723 5715 1018 5786 invigilent.

206 5869 356 5945 (222)
377 5871 550 5945 Caput
576 5873 718 5931 istud
743 5875 981 5932 additum
1002 5883 1168 5932 estex
1186 5875 1369 5931 codice
1381 5873 1719 5944 manuscrip

128 5940 226 5995 to.
247 5940 362 5997 Non
387 5940 565 6001 exstat
591 5946 733 6002 enim
756 5945 810 6001 in
822 5947 1060 6003 editione
1081 5945 1568 6004 Helmacstadicnsi.
1588 5940 1719 6002 Vide

127 6010 234 6068 lib.
258 6026 313 6068 vi
341 6013 663 6088 Capitular.,
695 6034 743 6075 c.
775 6017 860 6086 75,
896 6019 1237 6104 etAddit.n,
1267 6033 1384 6091 cap.
1424 6018 1478 6076 8.

1001 501 1089 559 DE
1125 500 1407 562 ECCLES.
1449 492 1735 563 DISCIPL.
1777 503 1957 564 LIBRI
1995 505 2158 568 DUO.
2199 540 2269 553 —
2299 511 2429 570 LIB.
2465 513 2510 570 l.

131 629 195 677 ut
221 620 463 675 bannum
483 620 725 672 nostrum
748 613 1048 674 rewadiare
1074 625 1129 673 et
1154 633 1252 690 per
1279 617 1626 690 ﬁdeiussores
1653 620 1723 677 ad
1747 622 1803 684 Α

3292 518 3400 578 258

2248 625 2327 682 De
2347 626 2528 682 eadem
2548 642 2626 682 re.
2662 625 2750 682 Est
2765 616 2966 683 eodem.

1892 714 2164 776 CCXLVI.
2199 714 2424 789 (Caucil.
2459 718 2623 775 Meld.
2646 720 2800 793 ibid.)
2845 720 2904 776 Si
2934 729 3112 778 autent
3142 721 3267 780 laici
3302 740 3394 781 ca-

1823 806 1992 879 pellas
2012 817 2223 866 vestras
2242 811 2558 879 habuerint,
2590 829 2620 869 a
2641 814 2849 870 ratione
2892 822 2947 871 et
2972 816 3040 870 ab
3074 817 3398 874 auctoritate

1820 899 2059 957 alienum
2088 901 2319 960 habetur
2336 911 2396 959 ut
2421 903 2526 974 ipsi
2570 904 2808 960 decimas
2841 906 3110 975 accipiant
3154 913 3211 961 et
3265 907 3390 963 inde

1817 1007 1978 1052 canes
2028 1003 2124 1052 aut
2153 997 2470 1068 genitiarias
2499 1012 2593 1053 eas
2621 998 2915 1068 accipiant,
2945 1007 2999 1054 et
3031 999 3153 1054 inde
3181 1008 3390 1056 restau-

1817 1086 2084 1143 rationem
2109 1089 2463 1145 ecclesiarum
2489 1104 2616 1146 suas
2641 1096 2886 1160 pascant.
2911 1087 3022 1144 Sed
3041 1089 3218 1160 potius
3239 1105 3395 1161 pres‘

1815 1175 1992 1246 byteri
2015 1177 2361 1234 ecclesiarum
2394 1188 2450 1236 et
2481 1178 2770 1235 luminaria
2792 1186 2847 1234 et
2873 1178 3146 1248 hospitum
3173 1189 3238 1234 ac
3257 1193 3395 1249 pau-

1815 1279 2006 1336 perum
2034 1271 2395 1340 receptionem
2418 1271 2740 1336 exhibeant,
2766 1279 2822 1326 et
2844 1284 2942 1342 pro
2968 1270 3121 1326 vobis
3154 1286 3218 1326 ac
3245 1280 3390 1327 statu

1816 1359 1970 1430 regni
1990 1362 2155 1417 vestri
2194 1361 2292 1419 Dei
2312 1363 2748 1421 misericordiam
2799 1363 3038 1420 studiose
3087 1363 3394 1433 implorent.

1821 1473 1972 1544 121
2003 1473 2080 1548 De
2117 1476 2198 1531 his
2221 1477 2310 1548 qui
2339 1477 2585 1533 ecclesias
2608 1479 2850 1532 deserunt
2881 1479 2938 1532 in
2962 1478 3147 1548 quibus
3176 1478 3400 1548 provecti

1886 1554 2007 1600 sunt
2045 1545 2094 1601 'et
2122 1549 2190 1601 ad
2234 1545 2375 1604 alias
2414 1559 2704 1604 transeunt.
2763 1548 2850 1603 Ea:
2880 1545 3100 1603 concilio
3147 1547 3390 1604 Nicwno.

1886 1633 2180 1693 CCXLV“.
2207 1636 2434 1710 (Concil.
2473 1636 2598 1693 Nic.
2622 1654 2672 1695 c.
2702 1638 2816 1704 '16;
2852 1637 3161 1694 Buncuaan.
3197 1639 3289 1693 lib.
3337 1655 3397 1703 ιι,

1817 1742 1866 1784 c.
1893 1727 2006 1800 98).
2035 1729 2352 1800 Quicunque
2378 1739 2584 1788 temere
2611 1739 2667 1786 et
2696 1731 3016 1802 periculose,
3045 1746 3220 1802 neque
3243 1730 3402 1786 timo—

1817 1835 1932 1882 rem
1974 1819 2190 1877 Domini
2214 1838 2327 1893 prte
2355 1822 2526 1879 oculis
2565 1823 2846 1889 habentes,
2891 1837 2991 1878 nec
3044 1832 3404 1893 agnoscentes

1817 1912 2240 1970 ecclesiasticam
2273 1914 2537 1986 regulam,
2565 1914 2846 1971 discedunt
2885 1914 2953 1969 ab
2989 1914 3221 1970 ecclesia
3253 1929 3404 1985 pres-

1517 2035 1712 2111 um‘sﬁ
1740 2000 1788 2063 B
1815 2007 1992 2111 byteri
2024 2015 2078 2063 et
2110 2007 2332 2111 diaconi
2365 2008 2447 2063 vel
2479 2009 2786 2111 quicunque
2811 2007 3152 2111 .subnregula
3181 2023 3402 2111 prorsus

1817 2100 2078 2166 existunt,
2109 2100 2164 2154 hi
2201 2113 2541 2171 nequaquam
2569 2101 2767 2157 debent
2809 2101 2866 2156 in
2908 2100 3071 2157 aliam
3111 2101 3397 2157 ecclesiam

1816 2191 2006 2262 recipi,
2047 2191 2140 2247 sed
2164 2206 2381 2248 omnem
2421 2192 2799 2248 necessitatem
2850 2191 3104 2248 convenit
3153 2187 3259 2247 illis
3301 2191 3405 2247 im—

1813 2285 1942 2356 poni
1969 2291 2028 2340 ut
2056 2285 2122 2341 ad
2149 2301 2275 2341 suas
2319 2286 2606 2357 parochias
2635 2293 2996 2342 revertantur.
3026 2283 3182 2354 Quod
3219 2285 3268 2340 si
3298 2299 3405 2342 non

1814 2377 2062 2445 fecerint,
2091 2386 2304 2448 oportet
2331 2393 2426 2435 eos
2453 2381 2831 2436 communione
2852 2378 3079 2450 privari.

1815 2467 1894 2523 De
1932 2469 2112 2522 eadem
2160 2485 2234 2524 re.
2275 2465 2615 2524 Esconcilio
2659 2467 3108 2536 Chalcedonensi,
3143 2484 3260 2540 cap.
3310 2465 3399 2524 10.

1885 2557 2199 2615 CCXLVIII.
2235 2559 2570 2632 (Bnacuaan.
2611 2559 2704 2616 lib.
2738 2575 2799 2628 ιι,
2849 2575 2900 2618 c.
2923 2559 3038 2632 96.)
3083 2557 3407 2618 Nonlicere

1815 2653 2073 2709 clericum
2102 2653 2156 2709 in
2187 2654 2413 2710 duarum
2441 2653 2724 2710 civitatum
2750 2654 3023 2712 conscribi
3043 2654 3206 2712 simul
3230 2653 3403 2710 eccle-

1815 2745 1931 2812 siis,
1956 2752 2011 2801 et
2044 2741 2099 2800 in
2127 2761 2234 2816 qua
2270 2744 2428 2802 initio
2456 2745 2740 2803 ordinatus
2768 2750 2872 2814 est,
2904 2754 2961 2804 et
2985 2747 3054 2803 ad
3083 2759 3244 2818 quam
3275 2761 3406 2802 con-

1816 2835 1973 2906 fugit,
2004 2837 2158 2908 quasi
2189 2837 2254 2892 ad
2287 2837 2574 2908 potiorem,
2605 2838 2675 2894 ob
2719 2838 2897 2896 inanis
2934 2837 3118 2912 gloria:
3143 2838 3410 2910 cupidita-

1817 2941 1925 2989 tem
1959 2951 1971 2987 :
2009 2933 2114 2989 hoc
2149 2941 2326 2989 autem
2356 2929 2614 2990 facientes
2640 2929 2887 2990 revocari
2927 2933 3124 2990 debere
3152 2931 3221 2988 ad
3250 2945 3407 2990 suam

1819 3025 2124 3092 ecclesiam,
2172 3026 2227 3081 in
2274 3042 2381 3097 qua
2430 3026 2684 3098 primitus
2728 3025 2963 3084 ordinati
3025 3032 3171 3095 sunt,
3220 3035 3278 3085 et
3333 3017 3409 3079 ibi

1822 3117 2191 3172 tantummodo
2227 3117 2540 3174 ministrare
2579 3115 2752 3190 (224).

2172 3225 2310 3284 Item
2347 3246 2413 3284 ea:
2450 3229 2670 3284 concilio
2707 3226 3051 3285 Antiocheno.
3245 3299 3252 3308 ο

1890 3314 2164 3374 CCXLIX.
2193 3317 2418 3390 (Concit.
2446 3320 2690 3375 Antioch.
2720 3335 2771 3376 c.
2800 3317 2892 3386 21;
2913 3318 3224 3376 BUttcuAttb.
3241 3315 3336 3372 lib.
3365 3327 3408 3385 t,

1821 3423 1870 3466 c.
1933 3410 2045 3484 75).
2105 3409 2405 3482 Episcopus
2481 3413 2549 3468 ab
2599 3412 2706 3468 alia
2759 3411 3018 3484 parochia
3067 3423 3413 3482 nequaquam

1821 3501 2020 3573 migret
2047 3501 2117 3557 ad
2145 3501 2327 3569 aliam,
2375 3515 2476 3557 nec
2506 3510 2698 3573 sponte
2743 3515 2842 3558 sua
2881 3517 3108 3572 prorsus
3135 3500 3405 3567 insiliens,

1819 3610 1922 3651 nec
1948 3594 2004 3650 vi
2029 3603 2245 3651 coactus
2279 3608 2309 3648 a
2340 3594 2572 3666 populis.
2610 3592 2826 3650 Maneat
2851 3603 3034 3651 autem
3070 3593 3126 3650 in
3164 3591 3410 3650 Ecclesia

1820 3702 1983 3758 quam
2012 3685 2261 3760 primitus
2286 3702 2315 3741 a
2341 3683 2454 3744 Dco
2482 3685 2706 3744 sortitus
2731 3695 2837 3758 est,
2859 3703 2962 3745 nec
2991 3687 3116 3745 inde
3148 3686 3407 3746 transmi-

1821 3787 1955 3850 gret.

1919 3892 2076 3964 122
2117 3890 2193 3948 De
2218 3892 2398 3949 cadent
2443 3911 2518 3952 re.
2541 3891 2629 3950 Ea:
2658 3891 2895 3950 Decretis
2921 3892 3119 3950 Calicti
3136 3909 3308 3965 papa.

1891 3983 2036 4040 CCL.
2079 3983 2336 4058 (Cauxr.
2367 3989 2517 4062 epist.
2549 3987 2614 4056 2;
2649 3987 2963 4049 Buacmnn.
3000 3987 3094 4045 lib.
3126 4002 3211 4054 ιιι,
3239 4003 3288 4043 c.
3313 3985 3405 4054 49,

1820 4086 1874 4134 et
1899 4080 2038 4149 apud
2063 4078 2330 4137 Gnarus.
2354 4082 2405 4147 7,
2431 4098 2488 4154 q.
2514 4081 2568 4150 l,
2591 4099 2639 4138 c.
2664 4073 2779 4153 59.)
2815 4081 3080 4150 Quoniam
3110 4079 3253 4138 sicut
3274 4079 3410 4135 alte-

1820 4170 1933 4227 rius
1969 4187 2102 4228 uxor
2145 4190 2248 4230 nec
2293 4174 2584 4230 adulterari
2631 4176 2700 4231 ab
2727 4174 2907 4245 aliquo
2939 4174 3020 4229 vel
3041 4173 3274 4244 judicari
3315 4180 3410 4228 aut

1820 4263 2030 4335 disponi
2060 4264 2162 4320 nisi
2189 4280 2219 4319 a
2245 4266 2462 4336 proprio
2499 4269 2639 4333 viro,
2680 4280 2746 4322 eo
2768 4267 3001 4330 vivente,
3045 4264 3402 4335 permittitur,

1820 4352 1898 4408 sic
1927 4367 2027 4422 nec
2057 4368 2191 4408 uxor
2214 4353 2451 4427 episcopi
2481 4362 2534 4411 et
2560 4354 2878 4426 presbyteri,
2917 4367 3036 4424 qua:
3069 4351 3185 4422 ejus
3210 4352 3402 4409 Eccle-

1819 4445 1899 4501 sia
1926 4445 2010 4501 vel
2029 4447 2287 4517 parochia
2307 4447 2672 4504 indubitanter
2691 4446 3026 4519 intelligitur,
3064 4461 3129 4504 eo
3165 4447 3403 4514 vivente,

1820 4537 1973 4593 alteri
1999 4536 2245 4606 judicare
2272 4537 2358 4594 vel
2393 4538 2677 4611 disponere
2715 4548 2807 4595 aut
2835 4538 2952 4611 ejus
2982 4539 3270 4596 concubitu
3298 4538 3406 4594 frui

1818 4630 2168 4701 permittitur.
2202 4629 2354 4686 Unde
2383 4630 2673 4703 Apostolus
2709 4649 2722 4686 :
2751 4632 2980 4704 Alligata
3007 4642 3082 4688 est
3116 4649 3252 4688 uxor
3283 4631 3404 4704 legi,

2493 4721 2575 4777 Eo
2609 4740 2724 4778 vero
2750 4723 3019 4794 defuncto,
3049 4725 3222 4780 soluta
3259 4711 3335 4779 est
3375 4741 3409 4778 a

1822 4816 1930 4888 lege
1956 4817 2058 4872 viri
2082 4815 2255 4897 (Rom.
2295 4816 2418 4888 vn).
2453 4817 2715 4873 Similiter
2746 4825 2800 4874 ct
2834 4816 3096 4888 Ecclesia,
3124 4833 3243 4890 quae
3270 4831 3410 4874 uxor

1822 4908 2125 4966 sacerdotis
2153 4909 2368 4974 dicitur,
2400 4923 2464 4963 eo
2487 4909 2700 4966 vivente
2722 4909 2774 4966 ci
2802 4910 3015 4982 alligata
3045 4921 3158 4978 est;
3189 4926 3253 4967 eo
3279 4924 3409 4966 vero

1821 5003 2094 5069 defuncto,
2134 5001 2301 5057 nubat
2347 5001 2400 5056 in
2449 5003 2707 5071 Domino,
2751 5003 2807 5059 id
2853 5013 2934 5060 est
2966 5003 3304 5074 regulariter.
3349 4999 3407 5056 Si

1822 5095 1967 5151 enim
2015 5109 2080 5150 co
2120 5094 2334 5150 vivente
2384 5091 2541 5151 altcri
2582 5096 2854 5168 nupserit,
2908 5095 3151 5152 adultera
3197 5094 3408 5167 judica-

1821 5188 1986 5244 bitur.

1827 5283 1910 5339 Ne
1967 5283 2083 5354 quis
2136 5282 2364 5340 alienam
2407 5286 2712 5356 parochiam
2763 5283 3026 5356 usurpati
3052 5281 3140 5338 Ea:
3193 5281 3415 5354 epistola

2419 5355 2618 5411 Calixti
2647 5373 2815 5428 papaz.

1890 5444 2059 5501 CCLI.
2117 5446 2376 5523 (Cum.
2429 5446 2592 5518 ibid.)
2652 5446 2820 5503 Nemo
2868 5444 3089 5504 alterius
3149 5447 3411 5506 terminos

1824 5547 2071 5609 nsurpet,
2102 5553 2202 5593 nec
2232 5537 2457 5595 alterius
2492 5536 2879 5608 parochianum
2914 5533 3163 5607 iudicum
3188 5547 3283 5595 aut
3308 5553 3409 5596 ex-

1829 5630 2233 5686 communicare
2283 5635 2602 5701 praesumat;
2661 5628 2788 5699 quia
2847 5625 2972 5686 talis
3011 5627 3272 5702 judicatio
3317 5637 3412 5689 aut

1831 5722 2321 5779 excommunicatio
2355 5725 2455 5777 nec
2483 5727 2602 5777 rata
2637 5719 2746 5778 erit
2775 5734 2879 5778 nec
2908 5721 3055 5780 vires
3081 5723 3219 5788 ullas
3244 5723 3410 5781 habe-

1901 5875 2052 6019 ἓ225)
2082 5874 2218 5957 Vide
2248 5874 2429 5956 Addit.
2455 5889 2514 5930 ιιι
2540 5875 2866 5961 Capituiar.,
2917 5893 3038 5951 cap.
3093 5877 3184 5935 25.

1923 5945 2029 6002 224
2092 5947 2228 6008 Vide
2256 5946 2437 6006 Addit.
2465 5961 2524 6005 ιιι
2550 5946 2960 6019 Capttulartum,
2992 5963 3112 6019 cap.
3139 5949 3184 6007 51

2049 5971 2052 6028 γ
2092 5947 2228 6008 Vide
2256 5946 2437 6006 Addit.
2465 5961 2524 6005 ιιι
2550 5946 2960 6021 Capitularium,
2982 5946 3112 6021 'cap.
3139 5947 3230 6008 50.
