3944 6432
135 521 257 580 201

1051 536 1138 592 DE
1177 538 1458 599 ECCLES.
1501 541 1786 601 DISCIPL.
1819 545 2006 607 LIBRI
2046 553 2208 613 DUO.
2249 588 2320 600 —
2359 562 2485 618 Llll.
2527 566 2569 621 I.

127 656 222 709 tv,
252 658 306 699 c.
346 643 404 725 2,
430 643 545 717 123)
574 645 727 704 Unde
745 653 870 719 quia
910 652 1354 714 manifestissime
1391 667 1539 730 patet
1562 660 1737 731 hapti-
1763 665 1818 723 A

128 718 446 794 zandis'iin
471 737 713 796 Ecclesia
744 718 935 800 electis
975 745 1092 802 haec
1119 748 1227 803 duo
1270 718 1538 820 tempora,
1573 751 1626 807 id
1654 760 1741 807 est

126 827 360 884 Pascha
409 837 466 885 et
494 829 875 901 Pentecosten,
904 849 1026 892 esse
1069 837 1336 908 legitima,
1385 842 1738 899 dilectionem

123 929 388 978 vestram
412 938 695 987 monemus
719 935 776 981 ut
800 927 975 985 nullos
999 929 1134 986 alios
1155 932 1270 987 dies
1297 933 1422 988 huic
1443 933 1733 990 observan-

126 1010 227 1066 tiae
277 1013 594 1070 misceatis:
631 1016 759 1085 quia
810 1017 953 1074 sicut
996 1030 1124 1076 sunt
1169 1024 1272 1078 alia
1301 1039 1517 1094 quoque
1567 1026 1732 1092 festa,

122 1104 339 1175 quibus
370 1108 539 1164 multa
581 1108 637 1163 in
677 1110 938 1169 honorem
982 1114 1079 1197 Dei
1106 1120 1410 1175 reverentia
1441 1121 1727 1194 debeatur,

3317 579 3423 638 242

2167 696 2254 752 Ea:
2285 704 2506 759 concilio
2561 707 2834 778 Meldensi,
2877 731 2990 786 cap.
3019 718 3112 775 48.

2194 807 2420 879 (Concil.
2454 815 2614 874 Meld.
2661 836 2712 877 c.
2740 823 2848 889 48;
2879 825 3188 886 Buncmnn.
3224 832 3315 887 lib.
3347 851 3416 900 Iv,

1840 903 1888 943 c.
1926 892 2038 964 M.)
2085 893 2252 955 Nemo
2286 906 2728 978 presbyterorum
2787 916 3065 986 baptizare
3117 892 3419 992 praesumat

1837 983 1940 1038 nisi
1975 987 2026 1040 in
2062 989 2197 1046 vicis
2226 1002 2282 1049 et
2309 997 2554 1056 ecclesiis
2588 1003 3018 1078 baptismalibus,
3064 1020 3225 1083 atque
3275 1025 3414 1072 tem-

1833 1077 2056 1144 poribus
2077 1085 2406 1155 constitutis,
2433 1092 2538 1148 nisi
2584 1110 2744 1158 causa
2771 1103 3107 1174 aegritudinis
3136 1108 3221 1164 vel
3247 1117 3414 1164 certae

139 1169 160 1175 -
200 1197 213 1208 ο
300 1198 313 1210 ,
415 1199 426 1209 ,
905 1207 916 1216 ,
979 1190 1001 1219 ,.
1036 1169 1052 1172 τ
1446 1169 1727 1225 ““”“,“’“”
1833 1169 2170 1249 necessitatis
2203 1192 2216 1230 :
2244 1185 2301 1234 et
2325 1178 2431 1237 vici
2458 1169 2845 1248 auctoritatem
2856 1205 2913 1250 et
2931 1196 3212 1270 privilegia
3233 1199 3414 1257 debita

122 1198 461 1269 prmerpahs
484 1207 667 1258 tamen
692 1211 749 1258 et
773 1219 996 1261 maxumi
1019 1221 1348 1266 sacramenti
1377 1213 1727 1271 custodienda
1832 1259 2027 1280 ,μιηη
2060 1274 2097 1280 ν,
2498 1258 2502 1262 -
2575 1265 2577 1267 ι
2640 1266 2667 1271 τε
2775 1270 2780 1275 ι
2987 1276 2991 1280 .

118 1289 292 1345 nobis
321 1300 409 1347 est
436 1295 682 1366 mysticae
723 1297 953 1354 rationis
978 1302 1246 1370 exceptio,
1287 1318 1393 1358 non
1440 1304 1723 1362 interdicta

117 1378 378 1449 licentia,
404 1397 511 1453 qua
540 1385 595 1440 in
613 1386 886 1458 baptismo
910 1390 1196 1449 tribuendo
1217 1396 1460 1465 quolibet
1483 1406 1724 1468 tempore

112 1472 566 1541 periclitantibus
607 1481 942 1538 subvenitur.
991 1487 1148 1557 127
1195 1487 1271 1544 Ita
1320 1491 1464 1545 enim
1514 1493 1582 1547 ad
1627 1496 1721 1548 has

113 1561 259 1620 duas
310 1564 639 1627 festivitates
675 1587 950 1631 connean
989 1577 1207 1634 sibimet
1254 1590 1419 1651 atque
1463 1595 1718 1656 cognatas

1831 1259 2120 1322 retineant.

2116 1379 2194 1436 De
2228 1383 2460 1451 fontibus
2502 1396 2688 1450 sacris.
2751 1395 2900 1456 Unde
2947 1419 3130 1474 supra.

1899 1489 2172 1550 CCLXXI.
2219 1498 2547 1566 (Bnncmnn.
2582 1508 2676 1565 lib.
2712 1526 2786 1576 tv,
2817 1528 2867 1571 c.
2896 1516 2988 1580 15,
3018 1526 3076 1574 et
3103 1519 3243 1590 apud
3264 1518 3411 1578 GRA-

1827 1595 1974 1636 rmv.
2003 1584 2126 1639 dist.
2152 1587 2318 1654 4,.de
2366 1611 2597 1653 consecr.
2625 1614 2675 1656 c.
2717 1601 2867 1673 106.)
2897 1603 3089 1663 Omnis
3121 1584 3408 1682 presbyter

2198 1653 2204 1654 κ
2638 1653 2669 1656 νν
2722 1653 2864 1673 --νν
2904 1653 3088 1663 ν---κ--σ
3123 1653 3398 1682 r"‘-'"”J""

112 1653 479 1713 incolumium
507 1670 565 1716 et
600 1662 665 1718 in
699 1666 851 1735 pacis
899 1668 1193 1726 securitate
1239 1673 1544 1744 degentium
1594 1687 1715 1734 vota
1824 1672 1913 1741 (Ιυί
1939 1673 2117 1732 fomes
2164 1679 2409 1751 lapideos
2461 1688 2666 1747 habere
2717 1695 3049 1764 nequiverit.
3079 1714 3177 1755 V38
3204 1717 3408 1759 οοηνθ⁴

112 1743 177 1764 Ιὲι.
198 1761 278 1764 _._-
333 1747 420 1764 ’θ’
476 1752 489 1764 ο
759 1756 773 1764 ι
992 1762 1001 1764 4
1162 1763 1167 1764 ,

108 1743 290 1803 libera
314 1747 638 1820 diderimus,
671 1766 730 1811 ut
757 1756 812 1813 in
844 1762 1035 1817 mortis
1056 1743 1327 1832 periculo,
1352 1767 1406 1820 in
1423 1767 1717 1826 obsidionis
1819 1761 1978 1819 ηίθιιε
2002 1767 2070 1820 ad
2098 1768 2202 1826 hoc
2229 1771 2566 1833 εοιυηιιηοάο
2588 1779 2898 1850 δίψιίῑδηάί
2925 1769 3159 1842 οίῖἶοίυηι
3182 1789 3401 1846 habeat-

106 1836 460 1911 discrimine’
512 1845 584 1919 in}
617 1852 1014 1917 persecutionis
1072 1860 1354 1926 angustiis,
1413 1860 1467 1915 ίη
1518 1861 1716 1920 “more
1822 1849 2084 1946 Similiter
2114 1860 2182 1914 ad
2229 1865 2511 1934 corporale
2562 1867 2851 1927 lavandum
2879 1883 2934 1929 et
2963 1877 3031 1930 ad
3065 1877 3234 1946 pallas
3265 1879 3404 1935 alta-

103 1929 409 2003 naul‘ragii,
437 1935 585 1993 nullo
615 1945 858 2012 tempore
901 1944 1004 2002 hoc
1042 1961 1185 2004 vera:
1213 1950 1403 2009 salutis
1442 1953 1713 2024 singulare
1740 2017 1786 2056 Ὠ
1819 1944 2137 2056 propria
2158 1966 2288 2010 vasa
2307 1954 2628 2027 habeantur,
2655 1961 2712 2020 in
2732 1964 2930 2035 quibus
2951 1967 3087 2024 nihil
3125 1969 3281 2056 aliud
3303 1970 3402 2029 ﬁat

103 2025 425 2056 ηιιηαοῖδξηννι
473 2031 720 2056 ι...ξ-.--...
762 2035 1005 2056 J-_-_----
1064 2055 1069 2056 ,
1851 2052 1858 2056 .
1888 2052 1894 2056 .

102 2025 426 2092 praesidium
471 2031 725 2102 cuiquam
756 2035 1100 2108 denegemus.

100 2135 178 2193 De
211 2142 457 2210 gravidis
492 2144 848 2215 baptizandis.
868 2149 957 2207 Ea;
993 2156 1219 2212 concilio
1260 2158 1702 2219 Neocwsariensi.

163 2247 428 2307 CCLXV.
471 2253 694 2325 (Concil.
724 2260 1027 2320 Neocwsar.
1080 2283 1130 2322 c.
1157 2270 1229 2334 6;
1262 2270 1570 2330 Buncnann.
1603 2277 1699 2332 sib.

98 2354 168 2402 ιν,
197 2356 251 2398 e.
285 2343 408 2416 51.)
434 2344 727 2404 Gravidam
753 2362 966 2423 oportet
986 2355 1252 2427 baptizari
1275 2365 1492 2431 quando
1519 2366 1700 2423 volue-

95 2430 186 2485 rit.
218 2431 375 2488 Nihil
394 2436 541 2492 enim
570 2438 624 2492 in
655 2439 760 2497 hoc
797 2458 916 2512 quae
943 2447 1087 2515 parit
1107 2430 1372 2507 nescienti
1397 2458 1698 2512 communi-

95 2533 202 2589 cat,
233 2535 531 2597 propterea
551 2533 694 2601 quod
721 2535 1144 2607 uniuscujusoue
1178 2556 1336 2599 suum
1358 2549 1692 2617 propositum

95 2612 147 2665 in
181 2615 537 2676 confessione
565 2621 891 2682 declaratur.

96 2722 454 2796 Baptizentur
494 2734 559 2822 de
593 2735 796 2822 quibus.
841 2740 1121 2822 ignoratur
1165 2763 1233 2800 an
1265 2750 1378 2822 sint
1420 2751 1690 2822 baptizati.

491 2801 579 2858 Ea:
605 2801 828 2864 concilio
860 2801 1294 2886 'Carthaginensi.

159 2885 440 2945 CCLXVI.
472 2891 695 2965 (Concil.
719 2897 972 2973 Carthag.
1007 2885 1144 2970 v,7c.
1177 2907 1231 2973 5;
1259 2909 1350 2965 lib.
1377 2927 1449 2966 vn
1477 2912 1694 2980 Capitu-

90 2972 186 3029 lar.
227 2991 284 3031 c.
317 2977 454 3046 507;
518 2983 828 3044 Buncnann.
877 2972 968 3046 lib.
1001 3010 1075 3058 IV,
1108 3011 1158 3050 c.
1187 2997 1300 3068 45.)
1329 2999 1463 3056 Item
1489 2972 1690 3072 placuit

91 3062 152 3117 de
202 3065 532 3137 infantibus,
584 3077 796 3144 quoties
844 3095 951 3136 non
991 3083 1341 3143 inveniuntur
1386 3093 1685 3150 certissimi

91 3163 256 3214 testes
291 3162 506 3230 quieos
523 3165 827 3237 baptizatos
876 3188 998 3230 esse
1045 3177 1163 3233 sine
1213 3181 1551 3239 dubitatione
1575 3195 1686 3242 tes-

90 3256 314 3317 tentur,
347 3268 524 3325 neque
552 3257 654 3328 ipsi
696 3272 824 3317 sunt
869 3279 966 3334 per
989 3275 1204 3324 aetatem
1251 3272 1316 3326 de
1341 3275 1552 3331 traditis
1581 3278 1685 3332 sibi

86 3348 450 3404 sacramentis
477 3350 654 3408 idonei
685 3359 1032 3428 respondere,
1055 3363 1261 3434 absque
1290 3366 1402 3423 ullo
1427 3371 1682 3442 scrupulo
1708 3401 1759 3470 ο

87 3447 175 3470 Anc
199 3451 333 3470 ωηο
359 3440 714 3470 h--.:........r-_

87 3447 177 3490 eos
199 3451 334 3494 esse
359 3440 736 3513 baptizandos.

85 3549 158 3607 De
195 3555 484 3626 baptizatus
511 3579 602 3634 qut
633 3583 738 3643 non
776 3573 1073 3643 conﬁrmati
1100 3580 1414 3636 moriuntur.
1446 3582 1529 3640 Ea:
1554 3603 1679 3643 con-

638 3637 758 3694 cilio
782 3637 1131 3701 Eliberitano.

149 3736 456 3831 εριιιγιι.
497 3744 723 3817 (ϐοησὶι.
770 3752 968 3812 Eliber.
1019 3775 1067 3817 c.
1098 3761 1187 3828 77,
1226 3763 1542 3826 Buncusnn.
1576 3774 1673 3831 lib.

87 3838 234 3888 Iv,c.
283 3829 399 3902 92.)
433 3832 491 3889 Si
550 3838 672 3907 quis
728 3841 988 3902 diaconus
1041 3865 1237 3922 regens
1292 3857 1502 3925 plebem
1557 3829 1677 3920 sine

84 3919 337 3992 episcopo
382 3927 468 3982 vel
513 3932 829 4005 presbytero
864 3939 1074 4010 aliquos
1108 3919 1506 4020 ibaptiz-averit,
1554 3958 1673 4027 epi-

83 4025 280 4082 scopus
349 4031 442 4074 eos
484 4036 580 4091 per
631 4026 1064 4095 benedictionem
1120 4041 1384 4109 perﬁcere
1432 4025 1668 4108 debebit.

84 4102 233 4168 Quod
277 4107 323 4163 si
364 4121 491 4166 ante
523 4115 588 4170 de
639 4120 836 4177 sazcnlo
884 4130 1231 4198 recesserint,
1283 4135 1384 4191 sub
1427 4137 1531 4193 ﬁde
1565 4156 1669 4212 qua

83 4199 317 4270 quisque
342 4206 573 4264 credidit
601 4213 801 4279 poterit
845 4231 967 4275 esse
991 4221 1189 4292 justus.

185 4315 356 4389 128
378 4319 458 4375 De
485 4325 841 4395 rebaptizatis.
875 4331 961 4387 Ea:
985 4337 1204 4392 concilio
1232 4339 1556 4402 Hilerdensi.

144 4424 466 4488 CCLXVIII.
503 4435 728 4508 (Concil.
766 4443 973 4502 Hilerd.
1009 4465 1058 4505 c.
1082 4451 1161 4524 9.)
1194 4454 1270 4510 De
1319 4458 1404 4515 his
1458 4463 1550 4532 qui
1612 4465 1665 4520 in

79 4521 523 4582 prevaricatione
544 4527 860 4602 rebaptizati
893 4547 1018 4593 sunt
1046 4521 1163 4598 sine
1209 4545 1390 4617 aliqua
1428 4521 1664 4609 accessi-

81 4616 183 4665 tate
245 4613 332 4669 vel
387 4625 678 4688 tormento,
721 4625 925 4695 placuit
964 4641 1023 4686 ut
1088 4635 1236 4693 circa
1281 4613 1376 4696 eos
1434 4640 1663 4702 Nicaenze

1738 2017 1786 2078 B
1815 2035 1988 2111 (228).

1814 2147 1975 2259 12ρ
2007 2151 2568 2259 Ηξοοιηηίεηρνεξὺριεν
2586 2168 3070 2259 δᾳίερανρερξαηίε
3108 2177 3400 2259 symbolum

1877 2232 1926 2275 et
1951 2230 2237 2303 orationem
2259 2230 2598 2303 iDominicam
2617 2230 2865 2297 insinuet.
2893 2242 2981 2300 Ea:
3000 2230 3221 2303 concilio
3251 2230 3397 2303 Rhei-

1877 2296 2062 2360 mensi,
2100 2298 2181 2352 tit.
2210 2300 2301 2356 20.

1876 2404 2171 2467 CCLXXII.
2215 2413 2572 2487 (BURCHARD.,
2625 2423 2718 2480 lib.
2768 2442 2807 2481 ιι
2846 2444 2894 2484 c.
2947 2430 3060 2497 62.)
3101 2429 3172 2486 Ut
3210 2433 3390 2487 omnis

1801 2498 2084 2570 presbyter
2131 2509 2382 2564 omnibus
2431 2515 2777 2582 parochianis
2835 2521 2949 2575 suis
2990 2522 3292 2592 symbolum
3337 2533 3392 2578 et

1802 2592 2103 2649 orationem
2141 2597 2480 2658 Dominicam
2512 2618 2605 2660 aut
2635 2609 2861 2678 ipsemet
2886 2613 3126 2669 insinuet
3153 2625 3248 2670 aut
3271 2615 3391 2671 aliis

1799 2680 2176 2742 insinuandum
2224 2690 2659 2769 injungat(229).
2712 2701 2778 2756 Et
2823 2719 2945 2758 cum
2989 2707 3055 2758 ad
3096 2708 3420 2763 confessior

1799 2788 1921 2830 nem
1963 2786 2204 2849 tempore
2234 2788 2684 2860 quadragesimali
2716 2797 2970 2863 veniunt,
3007 2799 3125 2855 haec
3158 2802 3225 2856 ab
3253 2817 3393 2856 uno-

1796 2878 2011 2937 quoque
2036 2875 2350 2932 memoriter
2370 2879 2470 2934 sibi
2498 2883 2773 2940 decantari
2799 2886 2962 2944 faciat
2988 2905 3086 2946 nec
3118 2900 3243 2948 ante
3263 2908 3386 2949 san-

1797 2968 1936 3015 ctam
1966 2969 2399 3026 communionem
2438 2974 2594 3030 alicui
2623 2979 2800 3034 tradat
2839 2982 2941 3037 nisi
2974 2982 3091 3040 haec
3115 2999 3182 3039 ex
3219 2986 3384 3042 corde

1794 3056 2148 3121 pronuntiare
2189 3065 2431 3130 noverit;
2467 3069 2730 3136 siquidem
2763 3074 2884 3130 sine
2922 3075 3113 3130 hormn
3157 3078 3385 3133 scientia

1792 3145 1970 3200 nullus
1992 3147 2171 3204 salvus
2197 3166 2318 3208 esse
2345 3158 2562 3226 poterit.
2605 3160 2661 3214 lu
2691 3177 2798 3217 uno
2835 3164 2981 3219 enim
3012 3165 3143 3222 ﬁdes
3173 3176 3227 3222 et
3265 3183 3385 3224 cre-

1792 3235 1989 3294 dulitas
2015 3237 2326 3298 Christiana
2365 3249 2697 3317 continetur,
2741 3253 2792 3306 in
2842 3255 2948 3310 alio
2980 3257 3108 3327 quid
3146 3274 3305 3315 orare
3329 3272 3384 3315 et

1790 3334 1975 3394 petere
2005 3345 2035 3384 a
2062 3331 2172 3387 Deo
2195 3333 2490 3393 debeamus
2531 3343 2869 3412 exprimitur.
2919 3346 3071 3414 Quod
3103 3347 3244 3406 vero
3266 3351 3383 3405 sine

1789 3416 1893 3473 ﬁde
1922 3435 2081 3478 nemo
2109 3425 2281 3494 possit
2305 3443 2426 3484 esse
2456 3431 2655 3499 salvus,
2686 3434 2945 3493 Dominus
2971 3440 3228 3505 ostendit,
3254 3457 3377 3496 cum

1790 3510 1959 3566 dicit:
1996 3511 2100 3579 Qui
2138 3518 2417 3574 crediderit
2449 3532 2497 3576 et
2533 3523 2827 3595 baptizatus
2854 3530 3053 3597 fuerit,
3081 3530 3254 3586 salvus
3280 3534 3378 3586 erit

1787 3594 1980 3669 (Marc.
2024 3605 2156 3675 xvi).
2214 3605 2402 3665 Nullus
2440 3594 2620 3668 autem
2660 3594 2880 3674 credere
2905 3594 3084 3689 potest
3112 3622 3254 3691 quod
3282 3636 3378 3677 ne-

1784 3695 1884 3750 scit
1913 3712 2013 3753 nec
2038 3701 2263 3757 audivit.
2302 3705 2393 3761 Ait
2418 3710 2561 3764 enim
2586 3710 2784 3769 Paulus
2809 3731 2822 3767 :
2858 3713 3130 3780 Quomodo
3161 3718 3371 3772 credent

1780 3787 1827 3839 ei
1857 3803 2010 3856 quem
2041 3807 2144 3846 non
2188 3794 2510 3854 audierunt?
2537 3801 2709 3872 (Rom.
2743 3803 2823 3870 χ.)
2876 3803 2986 3860 Nec
3021 3807 3135 3864 sola
3175 3808 3373 3864 sulIicit

1780 3875 1914 3933 ﬁdes
1943 3880 1998 3934 in
2031 3883 2216 3950 corde,
2248 3888 2352 3942 nisi
2378 3891 2542 3944 etiam
2569 3893 2748 3949 verbis
2776 3897 3110 3962 enuntietur,
3139 3905 3200 3952 ut
3226 3898 3369 3953 idem

1778 3965 2070 4037 Apostolus
2095 3976 2250 4031 testis
2278 3987 2362 4032 est
2387 3995 2400 4031 :
2431 3981 2632 4047 Corde,
2662 3983 2866 4054 inquit,
2911 3987 3143 4040 creditur
3181 3988 3250 4040 ad
3271 3987 3369 4057 ju-

1776 4059 1996 4128 stitiam,
2027 4079 2114 4118 ore
2145 4075 2320 4122 autem
2348 4069 2604 4138 confessio
2631 4073 2691 4140 ﬁt
2717 4075 2788 4128 ad
2813 4076 3038 4130 salutem
3071 4074 3252 4145 (Rom.
3285 4075 3365 4147 x).

1773 4150 1964 4210 Nullus
2012 4166 2194 4213 autem
2230 4161 2296 4217 de
2333 4163 2629 4220 stoliditate
2655 4182 2846 4222 sensus
2879 4168 2963 4223 vel
2993 4169 3255 4223 tenuitate
3282 4169 3362 4222 in-

1772 4245 1917 4313 genii
1946 4256 2232 4306 causetur:
2266 4253 2393 4322 quia
2438 4256 2554 4310 haec
2597 4265 2709 4310 tam
2754 4272 2920 4326 parva
2962 4267 3177 4315 suntut
3204 4275 3364 4315 nemo
3418 4317 3430 4328 ,

1772 4347 1882 4392 tam
1911 4340 2079 4397 hebes
2106 4351 2162 4399 et
2188 4344 2452 4402 barbarus
2483 4348 2555 4403 sit
2586 4350 2678 4419 qui
2709 4349 2812 4406 hoc
2842 4350 3053 4408 discere
3086 4361 3143 4408 et
3176 4352 3359 4410 verbis

1768 4434 2148 4490 communibus
2197 4440 2549 4508 pronuntiare
2587 4455 2694 4496 non
2736 4442 2940 4514 possit;
2990 4453 3101 4500 tam
3138 4459 3357 4516 magna,

1768 4529 1829 4575 ut
1866 4523 1959 4592 qui
1998 4524 2191 4580 horum
2244 4527 2526 4584 scientiam
2574 4530 2806 4600 pleniter
2853 4547 3049 4605 capere
3096 4533 3352 4604 potuerit,

1765 4612 2014 4670 suﬁicere
2062 4631 2125 4672 ea
2175 4619 2278 4674 sibi
2324 4621 2580 4676 credatur
2625 4624 2694 4678 ad
2746 4623 2976 4681 salutem
3011 4633 3352 4695 perpetuam.

77 4703 258 4768 synodi
291 4715 496 4766 statuta
550 4724 855 4784 serventur,
890 4720 944 4775 id
984 4732 1087 4788 est,
1126 4735 1185 4781 ut
1235 4737 1439 4800 septem
1490 4749 1661 4793 annos
1691 4755 1737 4816 ο
1765 4705 2097 4816 ξςξξήίξίίξτῆ
2118 4711 2461 4816 Τέξεθθυιξηη
2491 4730 2541 4771 θ’
2569 4716 2660 4816 22}
2689 4717 2862 4775 θίιίδ·
2887 4717 3350 4816 νίξῖαΡίωίαΪίθ·

79 4794 215 4854 inter
241 4804 667 4880 catechumenos
703 4821 882 4878 orent,
915 4823 970 4870 et
1011 4817 1149 4876 duos
1173 4821 1315 4878 inter
1335 4827 1654 4896 catholicos,

77 4897 127 4942 et
156 4903 345 4960 postea
384 4896 634 4958 ﬁdelibus
681 4903 738 4960 in
763 4904 1040 4965 oblatione
1059 4920 1113 4967 et
1139 4914 1468 4974 eucharistia
1509 4935 1657 4976 com-

77 4985 370 5044 municent.

78 5091 222 5160 Quod
244 5101 459 5195 nonnisi
484 5105 541 5159 in
567 5105 886 5195 Ιξἀθιειιαηςε
923 5115 1240 5195 fentecoste
1265 5124 1333 5177 sit
1363 5124 1642 5195 baptizan-

385 5174 534 5231 dum.
557 5176 645 5233 Ea:
671 5183 893 5239 concilio
923 5174 1317 5247 Wormatiensi.

136 5277 409 5368 CCLXIX.
439 5285 664 5359 (Concil.
688 5290 949 5352 Wormat.
970 5299 1100 5365 -c.I;
1127 5300 1434 5360 Buncmtnn.
1458 5304 1551 5362 lib.
1569 5324 1645 5375 tv,
1704 5333 1710 5339 -

72 5365 600 5442 ρ.7.)’ὃαοι·οεειιιριί
643 5381 898 5455 baptismi
960 5402 1361 5450 sacramentum
1427 5399 1645 5455 nonnisi

73 5457 122 5513 in
149 5465 392 5531 paschali
442 5467 734 5532 festivitate
773 5486 830 5532 et
878 5477 1234 5538 Pentecosten
1278 5490 1647 5559 unusquisque

73 5547 305 5648 ﬁdelium
330 5560 541 5616 noverit
568 5577 689 5620 esse
735 5568 1108 5637 praebendum,
1139 5577 1380 5645 exceptis
1414 5547 1498 5633 his
1526 5547 1645 5648 qui-

73 5637 169 5698 bus
195 5650 412 5716 Vmortis
459 5664 685 5726 urgente
728 5660 988 5729 periculo,
1017 5678 1086 5719 ne
1110 5664 1164 5719 in
1209 5675 1470 5727 aeternum
1523 5686 1644 5742 per-

77 5742 217 5804 eant,
249 5739 447 5798 talibus
473 5755 688 5814 oportet
715 5749 972 5808 remediis
994 5753 1303 5814 subvenire.

159 5918 316 5995 (228),
334 5920 469 5984 Vide
489 5940 654 6000 supra
687 5945 809 6002 cap.
838 5931 906 5992 79
928 5934 1088 6008 hujus
1115 5937 1258 5996 libri.

1764 4800 1909 4872 172).
1964 4802 2098 4859 Illud
2127 4805 2291 4860 etiam
2334 4807 2765 4878 observandum,
2796 4821 2858 4866 ut
2885 4811 3065 4870 nullus
3094 4812 3356 4883 suscipiat

1758 4891 2023 4950 infantem
2053 4896 2105 4950 in
2135 4895 2402 4966 baptismo
2433 4914 2464 4954 a
2493 4915 2651 4980 sacro
2688 4903 3165 4976 fonte.antequam
3193 4919 3350 4960 eum-

1760 4982 1880 5038 dem
1909 4987 2214 5056 symbolum
2243 4998 2298 5046 et
2317 4991 2614 5048 orationem
2640 4993 2800 5065 130
2817 4995 3140 5052 dominicam
3164 5011 3349 5051 coram

1757 5075 2072 5145 presbytero
2102 5078 2381 5147 decantet;
2422 5089 2476 5136 et
2504 5090 2564 5138 ut
2589 5084 2872 5156 presbyter
2897 5087 3147 5142 omnibus
3173 5085 3346 5155 patri-

1757 5164 1844 5220 nis
1872 5167 2155 5223 annuntiet
2186 5170 2329 5239 quod
2379 5171 2651 5229 debitores
2697 5175 2806 5231 sint
2844 5178 2958 5233 suis
2983 5176 3182 5241 ﬁliolis,
3219 5191 3343 5232 cum

1758 5256 1826 5311 ad
1856 5255 2248 5330 intelligibilem
2295 5269 2508 5320 aetatem
2552 5265 2832 5336 venerint,
2877 5267 2994 5325 haec
3027 5266 3216 5325 eadem
3261 5266 3344 5323 in-

1755 5362 1989 5406 smuare.

2182 5463 2270 5520 Ea:
2300 5464 2690 5540 Capitularium
2719 5470 2811 5525 lib.
2843 5485 2905 5527 tt.

1823 5572 2140 5632 CCLXXII].
2190 5577 2414 5650 (Concil.
2466 5580 2705 5653 Magum.
2745 5583 2841 5638 sub
2882 5579 3007 5638 Car.
3038 5583 3115 5639 11.
3148 5600 3199 5641 c.
3228 5583 3330 5654 47;

1753 5669 1844 5726 lib.
1877 5687 1915 5727 ιι
1943 5671 2235 5743 Capitular.
2263 5689 2314 5730 c.
2351 5675 2467 5746 '59.)
2503 5676 2850 5746 Praecipimus
2873 5685 2935 5733 ut
2962 5680 3332 5751 unusquisque

1823 5845 1980 5924 (229)Δ
2011 5842 2792 5924 Vide;CapitulareATheodulﬁ
2813 5869 2862 5910 c.
2891 5854 2991 5921 22;
3019 5853 3327 5924 Citpltulat‘e

1749 5915 2030 6040 ἓὴῧὲιιὶδ,
2056 5934 2102 5974 c.
2135 5915 2359 5988 97;'lib.
2397 5936 2430 5975 v
2474 5919 2766 5992 Capitular.
2802 5915 3003 6002 c405,
3056 5915 3110 5984 ei
3148 5923 3241 5981 lib.
3267 5940 3321 5979 vr

1748 6000 1798 6040 C.
1830 6000 1950 6041 112.
