3944 6388
580 490 684 547 2⁸47

1674 485 2036 545 REGINONIS
2074 482 2490 543 PRUMIENSIS
2528 483 2819 542 ABBATIS

3729 486 3835 544 258

579 601 748 657 frater
782 601 1121 666 charissime,
1153 600 1445 656 secundum
1485 599 1856 655 auctoritatem
1895 597 2049 653 nobis
2077 597 2159 652 in-
2183 600 2238 661 Α
2259 595 2454 651 blande
2485 595 2800 666 leniterque.
2836 596 2994 672 ιω
3017 599 3205 657 Crcdis
3242 604 3294 658 in
3325 603 3492 661 Deum
3518 605 3765 672 Patrem,
3794 618 3842 663 et

581 691 754 762 dignis
776 707 809 746 a
835 690 1061 747 Domino
1086 690 1431 747 commissam
1475 689 1800 746 absolvimus
1825 699 1878 743 te
1906 687 1972 744 ab
2010 689 2158 744 omni

579 783 794 840 vinculo
820 785 1138 840 delictorum
1155 826 1170 849 ,
1210 792 1270 839 ut
1296 785 1555 840 merearis
1593 784 1790 840 habere
1817 782 1985 838 vitam
2009 789 2160 838 teter-

587 890 620 930 n
637 891 725 931 am
754 889 852 946 per
873 890 998 931 eum
1025 877 1120 946 qui
1143 876 1297 942 vivit,
1319 885 1424 932 etc.
1459 875 1607 945 (254)

649 968 984 1036 (ΒΠΒΟΗΛΡΦ.
1002 967 1096 1024 lib.
1113 983 1229 1033 χιχ,
1247 983 1298 1024 c.
1317 967 1468 1037 155.)
1492 965 1644 1022 Sicut
1666 967 1809 1021 enim
1834 963 2159 1019 sacriﬁcium

577 1057 770 1116 oﬁ'erre
798 1074 906 1115 non
938 1058 1135 1115 debent
1165 1059 1324 1130 138
1352 1059 1452 1113 nisi
1491 1057 1726 1128 episcopi
1751 1067 1806 1111 et
1834 1051 2157 1128 presbyteri,

575 1149 768 1218 quibus
797 1149 980 1206 claves
1021 1149 1173 1220 regni
1211 1149 1446 1206 caelestis
1489 1148 1700 1204 traditae
1743 1154 1888 1208 sunt,
1936 1146 2016 1203 sic
2059 1158 2159 1200 nec

575 1243 950 1311 ptenitentium
969 1241 1175 1314 judicia
1198 1242 1288 1320 alii
1318 1256 1578 1313 usurpare
1603 1241 1816 1297 debent.

608 1349 675 1406 Ut
706 1353 980 1422 diaconus,
1017 1355 1062 1409 si
1091 1371 1293 1411 necesse
1323 1356 1412 1420 sit,
1441 1353 1689 1424 suscipiat
1721 1351 2117 1420 confessionem.

640 1461 909 1523 CCXCVI.
942 1466 1262 1538 (Harman.
1292 1469 1348 1522 in
1373 1468 1580 1537 prarfat.
1610 1467 1699 1520 lib.
1727 1482 1812 1533 vt;
1842 1465 2150 1522 Buncusnn.

571 1555 661 1612 lib.
695 1572 817 1621 xrx,
847 1574 898 1614 c.
933 1543 1080 1629 i54.)
1121 1559 1183 1614 Si
1227 1569 1403 1614 autem
1445 1558 1740 1615 necessitas
1780 1557 2048 1618 evenerit,
2101 1564 2156 1609 ct

571 1648 854 1721 presbyter
904 1664 1012 1707 non
1062 1650 1222 1706 fuerit
1270 1665 1540 1720 praesens,
1592 1650 1849 1705 diaconus
1896 1646 2157 1718 suscipiat

565 1739 918 1806 poenitentem
941 1741 1008 1797 ad
1032 1751 1274 1798 sanctam
1299 1741 1752 1798 communionem.

568 1847 699 1904 Item
732 1853 796 1906 de
827 1853 1152 1923 suscipienda
1188 1853 1526 1921 confessione.
1577 1851 1660 1923 E_.-r
1690 1850 1950 1923 Theodori
1985 1851 2156 1906 archi-

741 1919 972 1992 episcopi
992 1923 1072 1978 vef
1099 1922 1254 1980 Beda:
1287 1919 1568 1994 presbyteri
1599 1919 1968 1978 Paenitentiali.

635 2029 928 2089 CCXCVII.
947 2033 1273 2104 (HALITGAR.
1291 2034 1420 2089 ibid.
1437 2033 1746 2092 BURCKARD.
1767 2033 1858 2090 lib.
1874 2049 1985 2098 χιχ,
2004 2049 2053 2090 c.
2070 2033 2148 2104 2.)

568 2121 816 2194 Episcopi
855 2123 941 2179 vel
978 2124 1303 2194 presbyteri,
1349 2125 1563 2194 quando
1607 2123 1844 2180 ﬁdelium
1886 2124 2153 2194 recipiunt

566 2210 955 2276 confessiones,
999 2212 1282 2268 humiliare
1325 2227 1384 2268 se
1412 2211 1624 2277 debent,
1666 2221 1871 2269 etcum
1917 2212 2154 2268 tristitiae

568 2302 768 2370 gemitu
802 2302 1164 2375 lacrymisque
1197 2319 1385 2369 orare,
1418 2319 1525 2360 non
1568 2304 1740 2359 solum
1776 2319 1875 2374 pro
1912 2304 2024 2359 suis
2063 2304 2153 2358 de-

562 2391 723 2457 lictis,
769 2396 860 2448 sed
891 2395 1054 2449 etiam
1095 2411 1192 2465 pro
1234 2395 1415 2451 fratris
1441 2411 1590 2451 casu.
1630 2395 1721 2450 Ait
1746 2397 1892 2452 enim
1925 2396 2155 2466 Aposto-

568 2483 681 2540 lus:
705 2483 834 2553 Quis
857 2485 1176 2552 inﬁrmatur,
1193 2497 1239 2540 et
1259 2503 1350 2556 ego
1373 2503 1476 2542 non
1499 2486 1776 2556 inﬁrmor?
1797 2485 1884 2558 (II
1907 2484 2027 2542 Cor.
2050 2488 2151 2556 χι.)

1178 2599 1328 2656 Unde
1351 2617 1531 2671 supra.

550 2686 554 2692 ’
631 2688 942 2746 CCXCVlll.
988 2691 1326 2762 (llaurcsn.
1364 2692 1508 2755 ibid;
1536 2691 1844 2746 Buucusnn.
1886 2691 1978 2746 lib.
2022 2707 2149 2757 xu,

561 2796 608 2834 c.
637 2780 719 2851 2.)
745 2781 880 2836 Cum
911 2797 1039 2852 ergo
1070 2781 1276 2838 venerit
1303 2782 1496 2851 aliquis
1527 2783 1593 2836 ad
1636 2783 1970 2838 sacerdotem
2016 2796 2147 2836 con-

562 2871 702 2926 litori
731 2879 952 2941 peccata
995 2889 1112 2938 sua,
1141 2873 1358 2930 mandet
1384 2873 1434 2929 ei
1479 2873 1731 2929 sacerdos
1772 2880 1831 2926 ut
1873 2881 2152 2942 exspectet

562 2963 862 3028 modicum,
919 2963 1093 3020 donec
1147 2965 1310 3020 intret
1361 2965 1644 3022 ecclesiam
1698 2974 1792 3020 aut
1842 2964 2149 3020 cubiculum

561 3069 718 3108 suum
745 3054 812 3110 ad
840 3055 1160 3111 orationem.
1211 3057 1268 3112 Si
1314 3067 1494 3119 autem
1536 3072 1642 3112 non
1675 3066 1759 3112 est
1805 3056 1955 3114 locus
1995 3065 2149 3128 aptus

561 3143 627 3199 ad
654 3142 778 3214 hoc,
814 3144 956 3202 dicat
984 3146 1124 3202 hanc
1151 3148 1448 3205 orationem
1475 3148 1529 3205 in
1558 3147 1721 3205 corde
1743 3162 1860 3205 suo.

1251 3261 1454 3318 Oratio.

2260 689 2475 756 Filium,
2519 698 2574 745 et
2602 690 2860 761 Spiritum
2891 696 3171 748 sanctum?
3215 695 3366 767 Resp.
3414 698 3607 756 Credo.
3652 699 3841 756 Credis

2260 783 2402 851 quod
2426 783 2543 838 istae
2565 791 2676 838 tres
2698 798 2944 853 persona:
2975 801 3113 840 unus
3148 787 3290 844 Deus
3312 789 3414 844 sit?
3457 788 3616 859 Resp.
3645 790 3838 847 Credo.

2259 872 2448 931 Credis
2488 874 2630 944 quod
2660 875 2714 929 in
2745 874 2860 946 ipsa
2903 876 3003 932 ista
3033 892 3217 943 carne,
3262 879 3314 934 in
3345 895 3450 950 qua
3494 896 3638 937 nunc
3675 897 3762 948 es,
3795 882 3843 936 in

2262 969 2376 1040 ipsa
2416 985 2698 1042 resurgere
2729 968 2893 1024 habes
2938 968 2993 1024 in
3018 968 3106 1024 die
3133 970 3318 1039 judieii
3348 981 3400 1025 et
3445 973 3688 1040 recipere
3733 972 3844 1027 sive

2260 1059 2460 1116 bonum
2491 1060 2602 1116 sive
2629 1058 2828 1114 malum
2859 1059 3002 1129 quod
3031 1059 3280 1130 gessisti?
3317 1058 3510 1117 Credo.
3544 1057 3640 1115 Vis
3669 1059 3845 1115 dimit-

2260 1158 2376 1207 tere
2404 1149 2508 1206 illis
2538 1158 2758 1221 peccata
2787 1149 2877 1220 qui
2913 1150 2967 1205 in
2999 1158 3050 1205 te
3080 1160 3469 1220 peccaverunt,
3501 1150 3738 1207 Domino
3764 1150 3843 1204 di-

2261 1253 2417 1300 cente
2435 1262 2447 1299 :
2465 1241 2525 1300 Si
2547 1260 2652 1299 non
2673 1243 2973 1298 remiseritis
2995 1242 3289 1298 hominibus
3309 1252 3516 1313 peccata
3537 1259 3747 1308 eorum,
3763 1258 3847 1296 nec

2262 1333 2423 1391 Pater
2453 1345 2616 1391 vester
2641 1334 2862 1389 dimittet
2897 1333 3039 1389 vobis
3061 1343 3277 1404 peccata
3303 1342 3470 1389 vestra
3500 1333 3724 1404 (Matth.
3751 1335 3844 1402 rt).

2261 1425 2417 1496 Resp.
2453 1423 2609 1482 Volo.
2652 1424 2721 1480 Et
2763 1425 2976 1494 require
3007 1425 3075 1481 ab
3121 1439 3187 1480 eo
3217 1425 3501 1496 diligenter
3544 1427 3590 1482 si
3637 1434 3727 1482 est
3774 1425 3847 1478 in-

2259 1525 2566 1586 cestuosus,
2612 1526 2703 1574 aut
2747 1532 2845 1574 suo
2888 1519 3085 1574 seniori
3123 1518 3371 1575 inﬁdelis.
3417 1519 3485 1574 Et
3527 1519 3574 1574 si
3606 1533 3716 1573 non
3741 1519 3845 1572 vult

2259 1611 2520 1668 incestum
2558 1610 2848 1674 dimittere,
2877 1625 2984 1667 non
3027 1619 3178 1682 potes
3205 1611 3257 1667 ei
3291 1612 3418 1667 dare
3447 1610 3840 1682 paenitentiam.

2261 1701 2318 1757 Si
2363 1710 2541 1760 autem
2591 1700 2721 1766 vult,
2771 1711 2947 1773 potes.
2999 1701 3092 1758 His
3133 1702 3446 1771 prtemissis,
3492 1701 3842 1772 poeuitentcm

2259 1789 2459 1862 alloqui
2486 1789 2776 1848 affectuose
2803 1791 2961 1846 debet
2990 1792 3246 1848 sacerdos
3271 1791 3356 1847 his
3387 1793 3570 1848 verbis
3597 1809 3611 1846 :

2327 1879 2540 1946 Frater,
2567 1881 2674 1938 noli
2705 1881 3026 1938 erubescere
3051 1890 3273 1951 peccata
3299 1892 3388 1937 tua
3418 1881 3692 1938 conﬁteri.
3718 1879 3840 1935 Nam

2181 1975 2226 2034 B
2254 1980 2311 2028 et
2353 1985 2453 2042 ego
2485 1980 2742 2040 peccator
2784 1985 2924 2036 sum,
2967 1979 3025 2026 et
3072 1970 3321 2028 fortassis
3364 1969 3548 2042 pejora
3582 1986 3750 2042 quam
3792 1979 3840 2024 tu

2258 2061 2452 2120 feceris
2486 2062 2657 2119 habeo
2683 2061 2845 2118 facta.
2880 2061 3009 2120 Haec
3035 2063 3238 2120 idcirco
3267 2064 3552 2130 admoneo,
3583 2064 3715 2135 quia
3744 2064 3840 2120 usi-

2259 2162 2428 2209 tatum
2473 2154 2685 2226 generis
2711 2154 2931 2210 humani
2961 2155 3152 2211 vitium
3180 2163 3295 2224 est,
3325 2164 3386 2211 ut
3427 2157 3618 2212 beatus
3645 2155 3839 2226 Grego-

2259 2247 2372 2301 rius
2401 2246 2528 2302 dicit
2563 2246 2678 2317 (lib.
2709 2262 2824 2302 xxu
2867 2246 3061 2302 Moral.
3094 2264 3144 2303 c.
3175 2247 3257 2321 9),
3295 2257 3351 2304 et
3382 2248 3615 2306 labendo
3658 2263 3838 2319 pecca-

2259 2353 2372 2398 tum
2394 2344 2753 2411 committere,
2784 2352 2839 2400 et
2869 2345 3218 2400 commissum
3247 2343 3552 2401 conﬁtendo
3586 2359 3698 2400 non
3724 2358 3836 2414 pro-

2257 2433 2404 2498 dere,
2435 2435 2529 2488 sed
2573 2436 2817 2506 negando
2852 2434 3166 2501 defendere,
3209 2443 3370 2506 atque
3402 2435 3712 2492 convictum
3757 2433 3836 2487 de.

2256 2525 2524 2582 fendcndo
2578 2526 2956 2598 multiplicare.
3013 2527 3080 2581 Et
3139 2527 3230 2598 qui
3288 2527 3499 2584 diabolo
3555 2527 3835 2599 instigante

2255 2615 2484 2671 nefanda
2538 2617 2765 2672 erimina
2821 2627 3136 2688 perpetrare
3191 2631 3298 2672 non
3351 2617 3674 2678 metuimus,
3732 2617 3831 2671 haec

2255 2705 2442 2762 eadem
2466 2721 2585 2775 quae
2606 2721 2769 2776 opere
2794 2709 2996 2777 absque
3017 2707 3124 2762 ulla
3146 2706 3463 2762 verecundia
3489 2705 3826 2777 perfecimus.

2253 2795 2442 2851 eodem
2468 2795 2732 2853 suadente
2757 2795 2939 2852 saltim
2966 2796 3146 2852 verbis
3169 2795 3418 2852 conﬁteri
3445 2797 3827 2858 erubescimus,

2252 2895 2308 2942 et
2347 2901 2529 2944 coram
2571 2887 2807 2952 homine,
2837 2886 2929 2958 qui
2971 2886 3165 2942 similis
3192 2886 3361 2942 nostri
3387 2895 3488 2952 est,
3529 2887 3831 2956 eisdemque

2252 2977 2481 3036 fortasse
2525 2977 2868 3049 passionibus
2917 2978 3189 3051 subiacet,
3237 2978 3616 3035 confundimur
3664 2979 3828 3035 dicere

2252 3070 2394 3139 quod
2422 3086 2608 3125 coram
2639 3070 2884 3135 Domino,
2915 3071 3006 3141 qui
3034 3071 3216 3127 omnia
3245 3071 3478 3143 inspicit,
3505 3071 3708 3143 absque
3733 3070 3827 3127 ullo

2251 3160 2452 3216 mentis
2497 3160 2694 3218 rubore
2741 3162 3082 3218 committere
3126 3175 3233 3217 non
3287 3159 3694 3219 formidavimus
3747 3161 3826 3217 dc-

2252 3252 2498 3308 testanda
2542 3253 2774 3310 actione.
2813 3252 3017 3324 Sponte
3043 3269 3175 3325 ergo
3203 3253 3470 3310 fateamur
3509 3255 3652 3324 quod
3691 3254 3825 3310 nullo

628 3372 899 3430 CCXCIX.
941 3374 1264 3448 (HALITGAB.
1310 3377 1807 3441 ibid.;BuucuAun.
1830 3377 1958 3431 ibid.
1984 3392 2034 3433 c.
2069 3375 2147 3448 3.)
2176 3350 2222 3414 Ο
2253 3353 2477 3448 θθβθηιίῗ
2525 3345 2916 3448 θθωηξίξίίξυδζ
3075 3358 3204 3402 vero
3240 3359 3355 3448 ,³3οξ
3393 3353 3581 3448 {mura
3630 3343 3824 3448 δθθὲθη

554 3463 780 3519 Domine
801 3465 945 3522 Deus
968 3469 1322 3538 omnipotens,
1357 3468 1620 3539 propitius
1647 3477 1765 3526 esto
1793 3469 1925 3525 mihi
1954 3483 2146 3540 pecca-

553 3556 682 3622 tori,
712 3566 785 3626 ¹ιιι
812 3559 1075 3630 condigne
1112 3560 1209 3618 tibi
1247 3561 1445 3633 possim
1477 3561 1684 3632 gratias
1712 3575 1889 3634 agere,
1924 3561 2018 3632 qui
2058 3575 2146 3618 me

553 3651 830 3720 indignum
889 3664 1108 3726 propter
1154 3664 1301 3712 tuam
1353 3657 1780 3713 misericordiam
1834 3656 2140 3712 ministrum

553 3743 730 3800 fecisti
761 3745 922 3802 cilicii
962 3747 1121 3818 139
1153 3748 1527 3814 sacerdotalis,
1555 3757 1608 3802 et
1638 3763 1724 3805 me
1752 3749 2006 3819 exiguum
2043 3748 2142 3804 hu-

554 3830 848 3904 milemque
890 3836 1243 3892 mediatorem
1291 3838 1619 3894 constituisti
1668 3839 1737 3894 ad
1779 3837 2042 3894 orandum
2085 3845 2142 3894 et

555 3922 996 3980 intercedendum
1041 3926 1110 3982 ad
1149 3925 1434 3983 Dominum
1479 3935 1720 3984 nostrum
1759 3927 1944 3985 Jesum
1983 3927 2141 3985 Chri-

551 4023 694 4071 stum
718 4015 911 4072 Filium
935 4026 1085 4074 tuum
1108 4033 1206 4088 pro
1225 4020 1575 4089 peccantibus
1595 4030 1651 4078 et
1673 4021 1741 4076 ad
1766 4021 2137 4092 paenitentiam

551 4109 966 4165 revertentibus.
1005 4109 1252 4181 Ideoque,
1282 4111 1587 4168 dominator
1611 4111 1860 4179 Domine,
1893 4112 1986 4182 qui
2021 4127 2140 4167 om-

553 4212 649 4255 nes
677 4201 922 4258 homines
948 4203 1030 4259 vis
1058 4202 1233 4260 salvos
1259 4202 1377 4260 fieri
1405 4214 1458 4260 et
1486 4205 1553 4260 ad
1584 4197 1910 4277 agnitionem
1935 4205 2140 4261 verita-

552 4292 622 4347 tis
649 4294 852 4359 venire,
883 4295 975 4365 qui
1018 4311 1122 4352 non
1150 4297 1233 4352 vis
1273 4304 1502 4354 mortem
1533 4305 1897 4368 peccatorum,
1943 4299 2038 4355 sed
2078 4307 2138 4354 ut

549 4389 935 4437 convertantur
979 4393 1034 4439 et
1073 4385 1289 4450 vivant,
1333 4387 1546 4457 suscipe
1589 4385 1889 4442 orationem
1937 4401 2134 4453 meam,

547 4487 713 4542 quam
761 4472 928 4529 fundo
975 4483 1101 4530 ante
1145 4486 1489 4546 conspectum
1539 4477 1838 4533 clementiae
1886 4486 1993 4534 tua:
2038 4495 2138 4549 pro

547 4559 769 4616 famulis
793 4570 849 4618 et
870 4561 1175 4619 famulabus
1205 4567 1312 4620 tuis
1340 4566 1431 4634 qui
1461 4566 1528 4621 ad
1553 4566 1926 4649 ptenitentiam
1969 4582 2135 4624 vene-

549 4661 696 4718 runt,
743 4662 803 4708 ut
847 4653 942 4709 des
985 4654 1088 4710 illis
1125 4657 1373 4727 spiritum
1413 4658 1858 4728 compunctionis,
1901 4667 1961 4714 ut
1997 4661 2135 4718 resi-

545 4744 758 4815 piscant
784 4761 816 4800 a
844 4745 1040 4802 diaboli
1067 4747 1295 4818 laqueis,
1323 4765 1353 4804 a
1381 4764 1489 4820 quo
1513 4751 1758 4807 adstricti
1785 4760 2056 4820 tenentur,
2081 4765 2136 4812 et

548 4834 617 4890 ad
647 4844 700 4893 te
723 4850 820 4907 per
847 4837 1164 4909 condignam
1209 4841 1632 4901 satisfactionem
1666 4854 2010 4903 revertantur
2035 4864 2134 4920 per

545 4927 799 4984 eumdem
828 4928 1133 4988 Dominum.

617 5017 820 5076 Videas
845 5029 1026 5078 autem
1053 5022 1141 5079 ille
1168 5025 1261 5096 qui
1287 5026 1354 5081 ad
1380 5027 1752 5098 paenitentiam
1775 5032 1924 5088 venit
1948 5048 2131 5092 sacer-

545 5111 726 5168 dotem
754 5113 963 5170 tristem
997 5123 1056 5170 et
1081 5114 1469 5189 lacrymantem
1500 5134 1599 5190 pro
1626 5121 1740 5177 suis
1779 5121 2131 5194 facinoribus,

545 5203 718 5274 magis
746 5205 861 5274 ipse
884 5204 1082 5262 timore
1104 5207 1198 5264 Dei
1226 5199 1523 5281 perculsus,
1550 5212 1778 5284 amplius
1807 5215 2048 5274 tristetur
2073 5227 2126 5276 ct

543 5293 889 5354 exhorrescat
913 5307 1137 5369 peccata
1165 5315 1263 5357 sua
1291 5301 1460 5373 (255).

687 5409 833 5467 Ordo
858 5414 926 5466 ad
959 5415 1190 5470 dandam
1218 5417 1592 5485 paenitentiam.
1625 5417 1774 5475 Unde
1799 5437 1978 5490 supra.

615 5520 761 5580 CCC.
796 5526 1127 5598 (BDRCHABD.
1154 5531 1310 5601 ibid.)
1353 5531 1482 5588 Post
1526 5533 1639 5589 haec
1684 5533 1955 5605 interroga
1998 5549 2122 5592 eum

801 5660 973 5743 caput
998 5665 1138 5720 istud
1167 5683 1270 5747 non
1297 5675 1472 5724 exstat
1496 5668 1552 5722 in
1579 5683 1679 5724 ms.

637 5729 740 5784 2'50
801 5731 899 5787 llic
946 5733 1095 5788 locus
1137 5752 1215 5790 sne
1261 5739 1421 5793 habet
1470 5739 1523 5792 in
1572 5746 1679 5793 vett

637 5729 762 5797 2'55)
801 5729 899 5787 llic
946 5733 1095 5788 locus
1137 5737 1215 5790 sic
1261 5739 1421 5793 habet
1470 5739 1523 5792 in
1572 5739 1742 5793 veteri
1789 5739 1973 5796 codice
2016 5757 2118 5797 ms.

543 5803 855 5884 monasterii
885 5802 1305 5884 Divipullensis:
1345 5828 1372 5884 ι⁵
1402 5808 1596 5863 Videns
1617 5818 1796 5884 autem
1820 5810 1907 5884 ille
1933 5811 2119 5884 frater,

542 5871 634 5945 qui
669 5871 734 5925 ad
764 5871 1132 5941 pcenitentiam
1160 5877 1326 5942 venit,
1360 5878 1498 5931 hanc
1527 5880 1823 5935 sacerdotis
1851 5871 2122 5937 humilita—l

447 5991 452 5996 .
545 5947 678 6011 tem,
719 5945 888 6015 magis
929 5953 1151 6016 peccata
1180 5959 1276 6002 sua
1309 5946 1661 6018 cxhorrcscit,
1706 5951 1875 6023 magis
1920 5952 2119 6009 scelera

2250 3435 2620 3503 celaverimus,
2668 3436 2820 3510 ιιι
2870 3438 2938 3494 ab
2980 3436 3070 3494 illo
3109 3436 3599 3494 manifestabuntur
3644 3438 3737 3510 qui
3780 3448 3824 3492 et

2249 3539 2532 3586 accusator
2577 3527 2716 3602 [cod.
2750 3528 3026 3600 Rivipull.,
3073 3527 3284 3602 auctor]
3314 3537 3398 3585 est
3435 3530 3644 3599 peccati
3678 3537 3732 3585 et
3760 3530 3823 3584 in-

2247 3631 2439 3677 centor
2461 3621 2632 3693 (236).
2663 3621 2782 3693 ipse
2815 3621 2958 3676 enim
3003 3621 3094 3677 hic
3125 3637 3223 3678 nos
3252 3629 3310 3676 ut
3350 3635 3638 3691 peccemus
3676 3622 3819 3676 insti-

2245 3723 2366 3784 gat;
2393 3715 2544 3784 tipse,
2590 3729 2713 3769 cum
2755 3715 3178 3784 peccaverimus,
3227 3722 3464 3769 accusat.
3516 3712 3574 3768 Si
3602 3728 3733 3785 ergo
3775 3713 3817 3765 in

2245 3805 2350 3860 hac
2388 3803 2498 3860 vita
2538 3803 2930 3873 praeveniamus
2972 3817 3098 3858 eum
3142 3811 3200 3858 et
3245 3802 3348 3874 ipsi
3394 3801 3616 3859 sceleris
3662 3801 3816 3857 nostri

2242 3907 2585 3956 accusatores
2609 3899 2802 3962 simus,
2829 3895 3104 3966 nequitias
3126 3894 3321 3951 diaboli
3350 3894 3555 3950 inimici
3580 3895 3752 3950 nostri
3774 3903 3816 3946 ct

2242 3989 2577 4047 accusatoris
2626 3986 2966 4057 eﬁ'ugiemus,
3023 3986 3189 4042 Paulo
3234 3993 3405 4052 teste,
3455 3987 3547 4055 qui
3581 3985 3658 4039 ait
3704 4004 3716 4038 :
3768 3982 3815 4039 Si

2242 4084 2580 4153 nosmetipsos
2619 4079 3004 4152 judicaremus,
3051 4094 3155 4136 non
3195 4079 3372 4152 utique
3414 4077 3814 4149 dijudiearemur

2267 4171 2294 4226 Ι
2326 4171 2447 4228 Cor.
2476 4171 2576 4228 vt).

2267 4171 2294 4226 Ι
2326 4171 2447 4228 Cor.
2476 4186 2528 4226 vt
2560 4209 2576 4225 .

2241 4175 2260 4244 (
2314 4260 2516 4317 Videas
2534 4171 2732 4317 )autem
2755 4275 2877 4318 eum
2905 4259 3160 4317 sacerdos
3181 4260 3634 4316 verecundantem
3652 4301 3667 4324 ,
3707 4274 3810 4313 rur-

2239 4366 2360 4407 sum
2391 4358 2789 4422 prosequatur:
2829 4350 3108 4418 Fortasse,
3136 4350 3476 4417 charissime,
3509 4367 3616 4406 non
3651 4349 3808 4404 omnia

2239 4459 2360 4514 quae
2407 4443 2622 4514 gessisti
2673 4443 2740 4498 ad
2789 4443 3105 4499 memoriam
3150 4443 3310 4498 modo
3347 4442 3586 4496 veniunt.
3641 4442 3807 4511 Egolc

2239 4534 2598 4606 interrogabo.
2651 4534 2732 4589 Tu
2777 4528 2906 4591 cave
2952 4550 3022 4592 ne
3063 4535 3276 4592 diabolo
3323 4535 3583 4592 suadente
3628 4534 3804 4602 aliquid

2241 4625 2416 4683 celare
2442 4641 2757 4698 praisumas.
2794 4626 2862 4682 Et
2899 4635 3028 4684 tunc
3066 4643 3190 4685 eum
3216 4627 3295 4686 ita
3333 4643 3430 4699 per
3465 4627 3709 4684 ordinem
3736 4627 3803 4679 in-
3839 4697 3842 4706 ‘

2161 4720 2216 4782 D
2241 4725 2496 4789 terroget.

2305 4807 2503 4866 Fecisti
2539 4807 2888 4866 homicidium
2930 4820 3022 4866 aut
3059 4827 3187 4869 casu
3229 4819 3321 4867 aut
3343 4813 3564 4877 volens,
3608 4819 3697 4865 aut
3723 4824 3801 4878 pm

2234 4897 2469 4954 vindicta
2494 4909 2802 4971 parentum,
2835 4909 2926 4955 aut
2956 4899 3177 4969 jubente
3218 4900 3437 4957 domino
3481 4909 3608 4967 tuo,
3645 4906 3736 4953 aut
3759 4899 3797 4948 in

2234 4989 2450 5058 publico
2490 4989 2648 5045 bello.
2697 4989 2758 5046 Si
2800 4990 3098 5045 voluntarie
3142 4989 3346 5056 fecisti,
3393 4998 3601 5059 septem
3650 4999 3795 5042 annos

2233 5079 2496 5146 poenitere
2526 5079 2691 5136 debes
2715 5097 2730 5145 ;
2770 5081 2815 5136 si
2841 5081 3028 5136 nolens
3052 5087 3143 5134 aut
3171 5094 3322 5144 casu,
3349 5079 3587 5149 quinque
3626 5089 3791 5130 annos.

2235 5165 2292 5223 Si
2325 5182 2424 5239 pro
2449 5168 2685 5225 vindicta
2724 5171 2984 5240 parentis,
3010 5184 3178 5224 unum
3201 5183 3400 5222 annum
3417 5207 3432 5235 ,
3461 5175 3520 5222 et
3544 5163 3792 5236 sequenti-

2232 5258 2334 5314 bus
2371 5259 2579 5314 duobus
2617 5259 2773 5316 annis
2817 5268 2926 5316 tres
2969 5257 3409 5330 quadragesimas
3451 5266 3507 5313 et
3548 5254 3790 5326 legitimas

2231 5348 2416 5405 ferias.
2451 5346 2508 5404 Si
2541 5349 2596 5403 in
2619 5348 2779 5414 bello,
2811 5346 3167 5420 quadraginta
3193 5347 3328 5404 dies.
3372 5345 3431 5401 Si
3467 5344 3607 5401 liber
3627 5359 3713 5407 es,
3746 5349 3788 5393 et

2225 5439 2447 5509 jubente
2475 5439 2692 5496 domino
2714 5455 2931 5496 servum
2952 5439 3291 5497 innocentem
3316 5437 3586 5501 occidisti,
3610 5444 3783 5490 annum

2230 5544 2427 5596 unum,
2456 5528 2510 5584 in
2540 5529 2750 5585 duobus
2788 5527 2908 5585 aliis
2949 5529 3106 5586 annis
3147 5537 3257 5586 tres
3292 5526 3721 5599 quadragesimas
3741 5529 3786 5575 et

2227 5676 2324 5716 sua
2359 5664 2707 5732 pertimescit.
2753 5663 2881 5720 Post
2908 5664 3022 5718 haec
3047 5663 3364 5719 charitative
3404 5660 3658 5732 sacerdos
3679 5671 3784 5732 euut

2227 5726 2506 5803 suscipiat,
2533 5733 2808 5788 humiliter
2829 5749 2950 5789 eum
2977 5734 3164 5788 sedere
3189 5733 3349 5786 faciat
3378 5747 3583 5796 secum,
3614 5726 3784 5786 blande

2227 5817 2348 5857 eum
2375 5802 2697 5872 hujus-modi
2749 5805 3086 5859 sermonibus
3132 5803 3387 5858 attrahat.
3437 5803 3647 5868 Frater,
3691 5812 3781 5856 non

2227 5872 2783 5955 erubescasucon'fitcri
2810 5882 3033 5955 peccata
3062 5882 3169 5938 tua,
3207 5883 3365 5955 t‘ete.‘

2303 5943 2451 6012 (25G)
2482 5943 2613 6000 Vide
2638 5942 2937 6012 Ruricium,
2963 5942 3054 6002 lib.
3076 5959 3134 6011 ιι,
3165 5943 3321 6016 epist.
3356 5942 3440 5998 12.
