3884 5684
205 392 310 452 249

1157 393 1245 450 DE
1272 393 1550 451 ECCLES.
1586 395 1869 452 DISCIPL.
1909 396 2088 452 unm
2127 383 2288 456 DUO.
2329 430 2398 440 —
2436 400 2562 458 LIB.
2605 400 2644 456 ι.

3347 400 3451 457 230

205 507 468 578 legitimas
499 506 678 565 ferias.
712 506 768 563 Si
795 520 981 566 servus
1016 507 1204 580 dignus
1229 517 1311 566 est
1335 519 1528 579 morte,
1553 511 1785 582 quadra-
1807 518 1864 579 Α
1958 514 2149 571 Dixisti
2181 515 2371 572 falsum
2403 519 2766 574 testimonium
2793 531 2892 591 pro
2919 516 3211 588 cupiditate
3240 524 3332 573 aut
3359 531 3456 574 ne-

204 600 356 670 ginta
382 599 499 657 dies
527 599 806 670 poeniteat.

275 691 472 748 Fecisti
505 695 868 750 truncationes
896 709 1150 751 manuum
1180 705 1274 752 aut
1302 697 1520 768 pedum,
1547 705 1640 752 aut
1658 710 1786 752 ocu-

204 783 285 838 los
334 783 566 841 hominis
611 786 832 853 eruisti,
873 793 967 841 aut
1011 787 1302 843 vulnerasti
1347 788 1642 842 hominem.
1679 785 1786 843 Pro

202 878 546 934 truncatione
576 893 774 934 annum
800 893 965 935 unum
1004 881 1271 950 paenitere
1298 881 1497 947 debes;
1537 894 1633 950 pro
1670 877 1785 934 vul-

199 984 352 1036 nere,
375 972 730 1042 quadraginta
758 972 872 1030 dies
896 974 1178 1044 pteniteat.

270 1061 467 1118 Fecisti
515 1063 810 1136 periurium
852 1076 943 1122 aut
983 1082 1083 1138 pro
1123 1068 1416 1137 cupiditate
1457 1067 1656 1133 smeuli,
1695 1072 1786 1121 aut

197 1163 419 1212 coactus
446 1164 501 1212 et
544 1171 644 1227 pro
672 1159 993 1216 necessitate
1034 1168 1126 1215 aut
1164 1159 1465 1230 pervicacia
1503 1159 1658 1232 142
1697 1168 1787 1214 aut

196 1256 506 1316 parentum,
538 1258 634 1305 aut
663 1251 917 1307 nesciens
942 1259 1037 1308 aut
1064 1251 1198 1308 alios
1226 1253 1280 1307 in
1315 1253 1610 1322 perjurium
1632 1252 1786 1307 indu-

197 1340 325 1394 xisti
357 1342 613 1398 scienter.
655 1341 712 1399 Si
753 1344 931 1401 sciens
971 1344 1243 1416 pejerasti,
1279 1355 1333 1400 et
1361 1345 1495 1401 alios
1524 1345 1577 1400 in
1607 1343 1788 1414 perju-

196 1429 341 1486 rium
365 1430 648 1502 induxisti,
675 1442 880 1504 septem
909 1449 1078 1491 annos
1103 1437 1368 1504 poenitere
1399 1435 1580 1491 debes.
1603 1435 1661 1490 Si
1691 1451 1786 1492 ne-

193 1523 392 1589 sciens,
423 1539 625 1582 annum
658 1543 826 1583 unum
861 1536 917 1585 et
953 1537 1064 1583 tres
1091 1528 1549 1600 quadragesimas.
1592 1527 1648 1584 Si
1686 1543 1785 1598 pro

193 1616 303 1670 vita
325 1617 408 1672 vel
437 1619 715 1687 membris,
745 1629 855 1678 tres
877 1620 1346 1692 quadragesimas:

266 1711 468 1768 Fecisti
499 1711 706 1770 furtum
740 1723 834 1770 aut
861 1715 1200 1785 sacrilegium
1227 1724 1320 1771 aut
1347 1715 1670 1772 infracturas
1700 1712 1784 1768 vel

193 1805 464 1874 rapinam,
494 1805 689 1864 tollens
711 1810 854 1878 quod
885 1818 1034 1864 tuum
1063 1824 1168 1864 non
1193 1817 1331 1865 erat.
1376 1806 1431 1863 Si
1465 1808 1652 1864 domos
1689 1820 1784 1875 per

1884 607 2080 672 sciens,
2110 623 2308 662 annum
2332 623 2496 664 unum
2526 591 2806 680 pdﬁiiteas.

1955 699 2237 755 Truncasti
2279 699 2447 755 ullum
2484 703 2802 766 membrum,
2836 710 2944 760 tres
2971 716 3143 758 annos
3167 702 3451 772 paenitens.

1955 791 2128 848 Odisti
2157 791 2377 848 fratrem
2414 802 2582 848 tuum.
2615 793 2861 860 Quandiu
2899 794 2956 851 in
2979 793 3098 865 ipso
3123 793 3247 850 odio
3271 793 3454 862 fuisti,

1887 887 2069 942 tandiu
2099 887 2361 956 pueniteas
2386 885 2439 939 in
2461 901 2599 955 pane
2626 893 2679 940 et
2711 900 2866 954 aqua.

1956 977 2243 1033 Detraxisti
2277 978 2440 1032 ullum
2466 978 2737 1033 hominem
2770 978 2837 1032 ad
2874 980 3142 1034 seniorem
3164 978 3248 1033 vel
3274 978 3338 1034 ad
3363 993 3455 1048 pa-

1888 1083 1972 1125 res
2002 1077 2222 1140 propter
2248 1069 2521 1135 invidiam,
2554 1069 2908 1140 quadraginta
2934 1068 3052 1124 dies
3080 1071 3362 1140 pmniteas.

1957 1161 2177 1217 Violasti
2202 1161 2254 1215 in
2284 1161 2426 1216 furto
2452 1161 2778 1231 sepulcrum,
2812 1174 2982 1216 annos
3011 1161 3146 1216 duos
3173 1163 3455 1230 pteniteas.

1955 1252 2187 1326 Contigit
2214 1253 2307 1308 tibi
2333 1252 2440 1308 ulla
2476 1253 2797 1322 negligentia
2837 1254 2901 1308 de
2923 1251 3193 1308 sacriﬁcio
3219 1253 3456 1317 lloniini,

1886 1355 2102 1403 centum
2127 1345 2478 1415 quadraginta
2508 1344 2622 1400 dies
2652 1345 2936 1414 poeniteas.

1955 1437 2284 1493 Consuluisti
2323 1451 2509 1507 magos
2537 1445 2632 1490 aut
2657 1435 2938 1505 aruspices
2980 1443 3073 1487 aut
3101 1433 3464 1488 incantatorcs

1887 1537 1979 1583 aut
1999 1527 2303 1599 sortilegos,
2333 1525 2417 1582 vel
2450 1537 2578 1582 vota
2604 1540 2724 1596 qua:
2747 1528 2814 1579 ad
2845 1524 3067 1581 arbores
3089 1521 3173 1578 vel
3197 1521 3263 1577 ad
3287 1521 3466 1578 fontes

1885 1622 2021 1677 fiunt
2049 1622 2264 1686 vovisti,
2293 1634 2466 1675 annos
2498 1628 2610 1675 tres
2629 1617 2916 1688 pueniteas.

1961 1711 2119 1784 ιω
2152 1711 2341 1767 Tulisti
2366 1711 2568 1780 aliquid
2599 1708 2840 1780 pecunia:
2864 1708 2932 1763 de
2971 1706 3234 1763 Ecclesia.
3275 1705 3382 1759 Aut
3410 1704 3466 1760 in

1887 1806 2241 1877 quadruplum
2274 1804 2520 1870 restitue,
2548 1811 2640 1858 aut
2669 1812 2780 1857 tres
2805 1816 2977 1858 annos
3002 1801 3286 1870 pumileas.

192 1905 408 1953 noctem
431 1897 696 1971 infregisti
727 1909 783 1956 et
800 1901 1170 1972 quadrupedia
1195 1902 1363 1958 tulisti
1391 1902 1475 1957 vel
1503 1900 1782 1956 fortiorem
1809 1885 1858 1948 Β
1957 1898 2244 1954 Perdidisti
2286 1897 2522 1968 aliquem
2560 1910 2658 1968 per
2700 1894 2956 1966 injustam
2985 1893 3318 1956 delaturam,
3357 1900 3466 1944 tres

191 2002 413 2044 causam
436 1991 704 2048 valentem
735 1992 922 2050 solidis
958 1993 1332 2066 quadraginta,
1375 2009 1574 2049 annum
1614 2007 1780 2048 unum

189 2083 457 2151 pmnitere
485 2085 650 2141 debes
678 2095 732 2142 et
754 2087 984 2156 pretium
1027 2087 1274 2143 reddere.
1321 2085 1377 2143 Si
1419 2102 1524 2141 non
1565 2086 1777 2150 reddis,

191 2188 364 2229 annos
405 2175 540 2231 duos
580 2177 864 2246 pueniteas.
912 2178 968 2231 Si
1013 2176 1274 2248 majorem
1322 2176 1497 2232 fecisti
1542 2175 1779 2241 furtum,

190 2276 302 2321 tres
357 2284 526 2324 annos
587 2272 854 2340 pcenitere
907 2273 1085 2327 debes.
1143 2273 1210 2326 Et
1264 2273 1306 2327 si
1360 2287 1499 2342 saepe
1561 2271 1778 2335 fecisti,

188 2372 363 2414 annos
407 2369 632 2429 septem.
671 2360 779 2416 Pro
815 2361 1025 2417 modico
1056 2361 1198 2417 furto
1227 2362 1416 2430 viginti
1447 2362 1558 2416 dies
1578 2402 1590 2425 ,
1632 2361 1780 2429 pueri

187 2448 380 2503 decem
413 2450 546 2505 dies.
573 2449 629 2507 Si
660 2452 725 2505 de
767 2451 994 2507 ecclesia
1039 2452 1240 2522 aliquid
1287 2453 1487 2518 tulisti,
1528 2453 1669 2522 quod
1703 2460 1786 2509 est

187 2539 555 2611 sacrilegium,
581 2550 784 2613 septem
813 2559 982 2600 annos
1007 2545 1295 2615 pteniteas.

263 2628 465 2686 Fecisti
509 2631 832 2688 adulterium
863 2649 984 2688 cum
1014 2651 1182 2689 uxore
1227 2635 1401 2692 aliena
1430 2635 1514 2690 vel
1556 2637 1786 2704 despon-

190 2731 329 2787 sata,
354 2723 439 2779 vel
467 2725 730 2795 virginem
752 2727 1067 2796 corrupisti,
1098 2727 1212 2783 sive
1235 2744 1360 2783 cum
1386 2726 1783 2784 sanctimoniali

189 2811 274 2867 vel
299 2812 410 2867 Deo
436 2814 630 2881 dicata,
661 2814 745 2870 vel
769 2830 891 2871 cum
932 2816 1176 2872 absoluta
1208 2817 1428 2884 femina,
1456 2818 1509 2871 id
1535 2825 1638 2884 est,
1667 2817 1784 2872 sine

190 2905 409 2970 marito,
459 2905 540 2960 vel
587 2921 711 2964 cum
756 2906 950 2963 ancilla
993 2909 1231 2978 propria.
1287 2907 1346 2963 Si
1394 2908 1694 2965 moechatus
1723 2923 1783 2964 es

191 3010 313 3049 cum
355 2995 577 3052 alterius
607 3011 776 3053 uxore
815 2981 908 3052 aut
946 3014 1068 3053 eum
1114 2997 1544 3065 sanctimoniali,
1577 3007 1783 3068 septem

191 3104 362 3145 annos
388 3090 684 3161 poeniteas;
719 3090 765 3145 si
791 3105 913 3146 cum
941 3092 1169 3162 virgine,
1200 3092 1334 3147 duos
1355 3107 1557 3157 annos;
1590 3092 1634 3146 si
1661 3107 1781 3146 cmn

191 3183 372 3245 vidua,
411 3197 611 3238 annum
652 3198 838 3238 unum.
889 3181 946 3239 Si
989 3193 1132 3239 tuam
1170 3199 1393 3240 uxorem
1432 3183 1681 3239 dimisisti
1728 3192 1782 3238 et

1883 2008 2052 2049 annos
2074 1993 2358 2062 pteniteas.
3489 2057 3492 2062 _

1953 2083 2163 2140 Duxisti
2191 2091 2285 2138 aut
2325 2080 2671 2139 transmisisti
2701 2079 2936 2152 aliquem
2972 2077 3028 2134 in
3063 2075 3463 2148 captivitatem,

1884 2182 1996 2231 tres
2017 2191 2189 2232 annos
2214 2175 2481 2246 poeniteas
2505 2172 2676 2244 (257).

1956 2267 2220 2325 Cremasti
2263 2268 2480 2324 domum
2520 2277 2615 2323 aut
2655 2279 2839 2324 aream
2879 2263 3132 2327 alterius,
3165 2269 3274 2317 tres
3299 2271 3467 2315 annos

1884 2357 2172 2427 peeniteas.

1956 2446 2153 2503 Fecisti
2198 2448 2459 2504 vomitum
2502 2461 2604 2518 per
2643 2446 2980 2509 ebrietatem,
3008 2443 3316 2515 quindecim
3356 2442 3469 2497 dies

1886 2541 2171 2612 poeniteas.
2208 2537 2264 2595 Si
2289 2555 2386 2610 per
2414 2539 2840 2604 contentionem,
2879 2535 3252 2607 quadraginta.
3293 2533 3352 2590 Si
3375 2546 3469 2588 ne-

1886 2636 2084 2701 sciens,
2112 2649 2208 2690 sex
2238 2634 2354 2690 dies
2385 2633 2650 2704 pteniteas
2681 2630 2831 2703 (258)

1959 2726 2292 2781 Mandueasti
2343 2724 2625 2780 morticina
2678 2734 2773 2779 aut
2824 2721 3114 2776 dilacerata
3166 2735 3197 2774 a
3248 2717 3468 2784 bestiis,

1887 2818 2242 2890 quadraginta
2293 2817 2406 2872 dies
2445 2815 2727 2888 paeniteas.
2761 2812 3025 2870 Similiter
3065 2811 3111 2868 si
3154 2808 3469 2880 sanguinem

1885 2909 2204 2967 comederis.

1957 3003 2145 3061 Bibisti
2187 3004 2251 3060 de
2282 3002 2572 3084 liquorem
2599 3018 2706 3072 quo
2733 3017 2855 3058 mus
2879 2999 2964 3055 vel
2997 2995 3230 3054 mustela
3257 3004 3468 3052 mortua

1888 3096 2104 3152 inventa
2133 3095 2312 3160 fuerit,
2337 3095 2694 3167 quadraginta
2723 3092 2838 3148 dies
2858 3091 3145 3162 pmniteas.

1961 3189 2342 3260 Contempsisti
2389 3187 2650 3244 indictum
2691 3185 2953 3258 jejunium
2999 3184 3052 3238 in
3099 3179 3338 3237 Ecclesia
3385 3176 3468 3232 vel

190 3271 416 3330 alterius
441 3273 703 3343 junxisti,
749 3282 953 3346 septem
1003 3291 1173 3331 annos
1219 3277 1518 3346 pmniteas;
1567 3275 1612 3331 si
1657 3289 1778 3330 cum
1808 3250 1853 3312 C
1887 3282 2105 3338 decreta
2146 3250 2456 3348 seniorum,
2481 3250 2840 3352 quadraginta
2876 3276 2990 3360 dies
3013 3273 3296 3347 pumileas.
3331 3271 3387 3325 Si
3415 3270 3467 3324 in

189 3374 420 3421 vacante
445 3364 663 3431 femina,
695 3374 804 3422 tres
829 3365 1272 3437 quadragesimas
1309 3374 1364 3422 et
1403 3365 1670 3436 legitimas
1705 3367 1785 3420 fe-

189 3453 334 3520 rias;
368 3455 412 3510 si
447 3470 570 3511 cum
598 3457 816 3528 propria
845 3456 1059 3525 ancilla,
1088 3456 1443 3528 quadraginta
1473 3457 1587 3513 dies
1607 3457 1784 3528 poeni-

189 3553 307 3600 tere
335 3545 516 3603 debes.

263 3634 500 3705 Nupsisti
530 3650 654 3693 cum
679 3652 849 3694 uxore
870 3646 961 3694 tua
981 3637 1067 3694 vel
1090 3637 1285 3694 ancilla
1315 3647 1480 3694 retro.
1506 3637 1564 3696 Si
1583 3637 1779 3707 fecisti,

188 3727 549 3799 quadraginta
577 3729 694 3785 dies
720 3729 885 3786 debes
922 3731 1206 3802 pcenitere.
1723 3717 1781 3732 κ

263 3819 502 3892 Nupsisti
525 3837 647 3878 cum
672 3837 843 3879 uxore
868 3833 958 3879 tua
983 3825 1339 3897 quadraginta
1371 3826 1485 3882 dies
1512 3835 1636 3882 ante
1653 3842 1784 3898 par-

187 3919 329 3978 tum,
350 3912 706 3985 quadraginta
737 3914 851 3970 dies
887 3914 1049 3970 debes
1078 3917 1361 3986 poenitere.

265 4004 421 4080 143
449 4005 688 4078 Nupsisti
712 4007 767 4062 in
793 4007 880 4064 die
906 4008 1204 4077 Dominico,
1237 4017 1343 4066 tres
1376 4011 1490 4066 dies
1515 4011 1781 4081 poenitere

186 4097 374 4155 debes.

1885 3372 2336 3442 Quadragesima,
2367 3386 2532 3426 unum
2561 3383 2784 3426 annum.

1958 3465 2114 3538 145
2153 3465 2481 3538 Oppressisti
2509 3463 2770 3521 infantem
2800 3473 2951 3520 tuum
2980 3501 2996 3530 ,
3027 3460 3265 3532 quinque
3293 3441 3466 3513 annos

1883 3565 1974 3612 aut
2007 3566 2116 3612 tres
2153 3555 2418 3626 poenitere
2444 3555 2625 3610 debes.

1951 3649 2142 3705 Bibisti
2171 3647 2337 3703 ullum
2369 3646 2728 3711 maleficium,
2760 3645 2814 3701 id
2841 3652 2954 3711 est,
2978 3641 3173 3698 herbas
3199 3637 3285 3694 vel
3331 3636 3466 3692 alias

1882 3757 2074 3799 causas
2095 3783 2110 3808 ,
2133 3751 2194 3796 ut
2225 3756 2330 3796 non
2380 3740 2650 3810 potuisses
2679 3737 2914 3794 infantes
2955 3736 3188 3800 habere,
3231 3740 3323 3788 aut
3363 3731 3467 3786 alio

1882 3834 2125 3902 donasti,
2154 3840 2248 3887 aut
2276 3831 2550 3888 hominem
2581 3843 2680 3900 per
2704 3826 3042 3886 mortiferam
3069 3823 3342 3896 potionem
3377 3836 3467 3876 oc-

1881 3926 2064 3984 cidere
2105 3925 2352 3992 voluisti,
2379 3931 2474 3979 aut
2501 3923 2666 3980 alium
2709 3923 2815 3979 hoc
2861 3919 3041 3977 facere
3085 3915 3343 3980 docuisti,
3376 3921 3468 3966 aut

1881 4020 1949 4075 de
1975 4019 2185 4076 semine
2213 4019 2316 4074 viri
2363 4017 2593 4088 gustasti
2623 4025 2683 4071 ut
2704 4017 2760 4071 in
2790 4028 3030 4071 amorem
3060 4020 3209 4065 tuum
3237 4009 3466 4062 exarde-

1881 4117 2058 4165 sceret
2075 4149 2089 4175 ,
2113 4117 2206 4163 aut
2232 4107 2470 4164 chrisma
2490 4106 2676 4164 bibisti
2699 4113 2795 4160 aut
2823 4105 2889 4159 ad
2921 4099 3340 4167 subvertendum
3368 4094 3465 4150 Dei

259 4190 459 4246 Fecisti
496 4198 711 4262 raptum
755 4189 822 4246 de
860 4190 1068 4261 virgine
1101 4191 1186 4247 vel
1217 4192 1412 4261 vidua,
1455 4200 1568 4250 tres
1609 4209 1780 4250 annos
1876 4199 2138 4268 judicium
2166 4199 2321 4255 alteri
2358 4198 2576 4263 dedisti,
2601 4205 2707 4253 etc.
2743 4196 2800 4250 Si
2827 4193 2960 4264 quid
2989 4190 3298 4262 hujusmodi
3327 4203 3461 4259 0pc-

186 4283 455 4354 paanitere
477 4284 662 4341 debes.

259 4374 462 4432 Fecisti
507 4376 954 4443 fornicationem,
996 4377 1138 4434 sicut
1178 4371 1470 4436 Sodomita:
1499 4378 1778 4446 fecerunt,

187 4484 315 4525 cum
342 4469 629 4541 pecoribus
657 4479 900 4527 autcum
931 4479 1104 4527 matre
1132 4473 1217 4527 vel
1243 4487 1451 4542 sorore,
1474 4474 1778 4544 quindecim

187 4579 362 4620 annos
388 4565 472 4619 vel
503 4565 781 4621 duodecim
804 4566 1067 4636 paenitere
1091 4567 1272 4623 debes.

259 4655 652 4726 Coinquinatus
672 4671 734 4714 es
757 4670 882 4712 cum
907 4671 1078 4713 uxore
1119 4666 1208 4712 tua
1241 4658 1293 4713 in
1332 4659 1774 4731 Quadragesima.

187 4747 248 4804 Si
288 4749 395 4806 hoc
416 4747 624 4815 fecisti,
664 4764 866 4806 annum
894 4766 1058 4806 unum
1099 4751 1363 4822 paanitere
1391 4753 1553 4808 debes
1581 4761 1671 4808 aut
1700 4755 1780 4808 vi-

185 4840 322 4909 ginti
347 4853 443 4896 sex
478 4840 679 4897 solidos
708 4841 761 4894 in
788 4841 1185 4914 eleemosynam
1217 4843 1370 4898 dare.
1402 4843 1456 4898 Si
1484 4859 1580 4914 per
1603 4843 1780 4901 ebrie-

189 4937 360 4985 tatem
388 4931 591 4998 evenit,
613 4931 969 5004 quadraginta
995 4933 1108 4991 dies
1131 4934 1418 5006 pmniteas.

258 5019 378 5077 Hoc
401 5022 566 5079 etiam
588 5024 769 5079 caveri
790 5023 967 5093 debet,
1009 5036 1068 5083 ut
1090 5029 1276 5099 viginti
1302 5029 1418 5085 dies
1443 5037 1568 5085 ante
1593 5027 1780 5088 Natale
1861 5089 1864 5093 ,

189 5115 404 5171 Domini
458 5126 513 5172 et
560 5117 918 5176 Pentecosten
967 5129 1022 5176 et
1065 5123 1212 5177 omni
1263 5123 1350 5178 die
1398 5123 1676 5180 Dominica
1724 5132 1780 5180 et

187 5217 314 5278 post
339 5210 747 5283 conceptionem
775 5201 1185 5270 manifestatam'
1197 5213 1283 5270 vir
1306 5215 1579 5274 contineat
1613 5229 1674 5273 se
1708 5215 1778 5272 ab

188 5311 378 5357 uxore.
1147 5315 1202 5324 ”“
1231 5324 1252 5332 ⁷·

259 5472 412 5546 (257)
440 5472 621 5530 Editio
649 5470 1141 5546 Heimaest’adiensis
1165 5480 1241 5535 ita
1271 5479 1470 5537 habet:
1516 5499 1534 5534 ι
1565 5463 1776 5540 Duxrsti

188 5553 283 5597 aut
310 5545 661 5602 tra’nsmisisti
690 5546 854 5600 ullum
895 5549 1166 5608 hominem
1188 5549 1555 5609 Christianum
1594 5554 1649 5608 in
1682 5569 1778 5610 ca-

190 5613 518 5660 olivitninm,
557 5627 669 5656 11⁵1³1³
714 5632 881 5660 anime
960 5643 978 5660 ι
1027 5623 1368 5664 Ωιηιιιιιιινλιιρ
1413 5624 1464 5662 in
1510 5623 1645 5660 “han
1686 5641 1777 5670 τιν

1884 4295 2034 4344 ratus
2057 4302 2148 4354 es,
2178 4296 2385 4359 septem
2411 4301 2586 4343 annos
2625 4285 2914 4356 posuiteas.

1955 4379 2167 4438 Necasti
2197 4381 2505 4438 voluntarie
2551 4387 2741 4451 partus
2765 4386 2908 4445 tuos,
2939 4379 3126 4434 decem
3157 4389 3328 4431 annos
3351 4387 3463 4446 pm-

1883 4471 2076 4530 niteas.
2105 4472 2173 4528 Et
2215 4473 2263 4528 si
2313 4472 2481 4527 filium
2517 4471 2601 4528 vel
2627 4470 2790 4527 filiam
2839 4468 3122 4535 occidisti,
3155 4465 3459 4523 duodecim.

1800 4601 1852 4634 ι,
1883 4565 1950 4620 Ει
1997 4565 2042 4621 si
2075 4565 2128 4620 in
2184 4573 2339 4620 utero
2367 4573 2495 4620 ante
2530 4573 2887 4634 conceptum,
2933 4576 3100 4618 unum
3134 4574 3355 4615 annum.
3406 4559 3466 4614 Si

1882 4665 2005 4728 post
2021 4666 2358 4728 conceptum,
2389 4665 2502 4712 tres
2529 4671 2718 4713 annos.
2754 4656 2811 4710 Si
2840 4663 2963 4711 tuus
2993 4651 3171 4709 infans
3197 4666 3293 4723 per
3315 4659 3465 4706 tuam

1883 4748 2264 4820 negligentiam
2317 4747 2432 4802 sine
2479 4747 2747 4818 baptismo
2802 4755 3046 4802 mortuus
3095 4755 3209 4808 est,
3263 4759 3467 4799 annum

1881 4859 2046 4899 unum
2075 4844 2374 4914 pteniteas,
2419 4850 2476 4898 et
2500 4855 2766 4912 nusquam
2795 4841 2872 4898 sis
2923 4840 3040 4896 sine
3077 4837 3254 4908 aliqua
3293 4837 3470 4907 poeni-

1885 4936 2075 4992 tentia.

1956 5027 2159 5085 Fecisti
2188 5025 2425 5098 aliquid,
2457 5023 2599 5097 quod
2628 5023 2824 5095 pagani
2856 5021 3061 5078 faciunt
3102 5019 3157 5072 in
3205 5014 3473 5077 Kalendis

1885 5119 2160 5188 Januarii,
2193 5119 2248 5175 in
2293 5117 2510 5173 cervulo
2541 5115 2625 5170 vel
2662 5116 2715 5171 in
2762 5113 2949 5185 vegula
2972 5152 2988 5179 ,
3021 5119 3134 5166 tres
3159 5119 3331 5162 annos
3358 5125 3483 5180 pce.

1886 5215 2082 5270 niteas.

1954 5306 2155 5366 Fecisti
2202 5304 2407 5376 aliquid
2453 5303 2539 5362 vel
2581 5299 2765 5359 dixisti
2814 5299 2870 5356 in
2930 5304 3258 5371 quocunque
3303 5305 3483 5364 opere

1883 5483 1988 5540 duc
2009 5499 2154 5548 eum,
2185 5481 2230 5536 si
2265 5478 2488 5550 poteris.
2519 5473 2616 5530 Sin
2639 5478 2842 5538 autem,
2863 5467 2999 5526 duos
3024 5479 3199 5525 annos
3218 5477 3317 5536 per
3350 5465 3497 5542 legi.

1884 5554 2046 5611 timas
2075 5553 2238 5609 ferias
2267 5547 2602 5624 poeniteasq
2659 5611 2690 5624 η
2741 5619 2745 5621 ί
2796 5612 2808 5624 σ
2976 5612 3017 5624 ﬂ
3088 5612 3100 5624 .
3140 5585 3173 5624 μ,

1953 5627 2103 5684 (258i
2140 5611 2320 5677 Editio
2350 5611 2840 5672 Helnnestadiensis
2866 5630 2878 5666 :
2926 5631 2945 5665 ι
2976 5611 3176 5671 Fecisti
3206 5611 3494 5668 vomimm
