3884 5674
461 410 561 465 251

1600 396 1964 458 REGINONIS
1996 394 2411 455 PBUMIENSIS
2448 376 2737 457 [tunsus

3616 380 3733 460 ass.

465 519 607 591 quod
636 518 856 575 inchoas
896 530 993 589 per
1039 495 1347 593 sortilegam
1374 494 1475 572 vel
1516 515 1782 591 magicam
1824 523 2029 585 artem,
2056 515 2115 585 Α
2139 514 2254 571 triae
2281 523 2644 587 comparatur,
2675 522 2731 573 et
2766 515 2886 574 ideo
2915 515 3124 591 largum
3151 527 3204 577 te
3229 532 3355 584 esse
3380 531 3639 595 oportet.
3673 525 3729 582 Si

468 608 664 667 annum
700 627 862 666 unum
891 609 1172 682 paenitens.

538 703 727 758 Misisti
764 703 931 758 tilium
974 711 1121 759 tuum
1155 718 1317 776 super
1357 712 1558 761 tectum
1594 714 1687 763 aut
1718 719 1877 778 super
1922 706 2034 764 for-

470 810 654 853 nacem
682 811 778 867 pro
805 795 982 866 aliqua
1024 796 1284 863 sanitate,
1317 796 1401 852 vel
1432 797 1717 854 incendisti
1753 814 1918 871 grana
1948 799 2039 856 ubi

468 893 710 939 mortuus
751 884 913 941 homo
944 884 1154 952 fuerat,
1197 887 1434 958 quinque
1462 902 1630 943 annos
1658 888 1944 959 paenitens.

537 974 775 1031 Cantasti
805 976 1045 1032 carmina
1075 977 1338 1034 diabolica
1368 993 1532 1050 super
1558 987 1821 1048 mortuos,
1852 981 2041 1054 viginti

468 1069 581 1125 dies
616 1071 926 1140 poeniteas.‘

536 1158 766 1215 Junxisti
801 1171 851 1217 te
873 1160 1083 1218 mulieri
1112 1171 1353 1236 tempore
1372 1174 1668 1235 menstruo,
1689 1169 2043 1242 quadraginta

466 1252 580 1307 dies
605 1254 886 1323 poeniteas.

540 1346 780 1416 Nupsisti
807 1364 930 1404 cum
976 1364 1145 1406 uxore
1175 1356 1264 1404 tua
1284 1391 1298 1417 ,
1322 1359 1606 1423 postquam
1634 1354 1866 1425 peperit,
1894 1362 2044 1411 ante-

468 1457 628 1512 quam
673 1445 1030 1516 quadraginta
1080 1446 1195 1502 (Iies
1242 1446 1685 1521 adimplerentur,
1948 1450 2045 1505 tri-

470 1537 615 1605 ginta
666 1536 779 1592 dies
808 1539 1092 1609 puertileas.

541 1630 959 1688 Communicasti
1003 1635 1067 1691 de
1093 1635 1360 1694 sacriﬁcio
1384 1636 1631 1705 Domini,
1677 1648 1733 1694 et
1766 1654 1873 1696 non
1897 1638 2047 1710 prius

471 1721 776 1780 abstinuisti
817 1725 884 1780 ab
914 1727 1100 1784 uxoris
1142 1729 1392 1800 amplexu
1438 1730 1674 1803 quinque
1724 1741 1815 1788 aut
1841 1743 2047 1807 septem

470 1818 677 1885 diclms,
714 1820 828 1877 dies
857 1822 1045 1894 viginti
1075 1826 1365 1894 pmniteas.

2138 608 2218 663 ira
2243 614 2294 664 te
2316 619 2495 675 vexat,
2519 624 2639 680 quae
2662 609 2715 664 in
2744 607 3027 665 stultorum
3050 609 3172 668 sinu
3190 612 3512 683 requiescit,
3547 618 3733 672 domi-

2136 700 2253 756 nari
2271 700 2433 757 debes
2450 701 2628 756 animo
2640 708 2754 769 tuo,
2766 707 2822 756 et
2837 701 2980 758 hanc
2999 716 3027 757 a
3053 710 3105 758 te
3117 705 3312 762 mentis
3322 706 3735 778 tranquillitate

2139 794 2288 869 fuga.
2321 795 2379 852 Si
2403 797 2610 853 ventris
2660 795 2923 866 ingluvies
2953 798 3019 855 ad
3061 801 3356 856 vorandum
3402 801 3732 871 pects-amt,

2137 890 2484 949 sobrietatem
2530 899 2760 948 sectam.
2812 890 2868 946 Si
2914 890 3154 957 luxuria,
3186 893 3490 949 castitatem
3523 909 3700 950 vove.

2210 983 2360 1040 Tunc
2387 992 2694 1055 prosternat
2731 999 2790 1041 se
2825 985 3096 1056 ptenitens
3125 985 3180 1042 in
3221 994 3453 1053 terram,
3494 997 3558 1044 et
3608 1003 3735 1043 cum

2139 1076 2393 1149 lacrymis
2414 1079 2558 1135 dicat
2579 1095 2592 1133 :
2618 1078 2685 1135 Et
2710 1078 2762 1137 in
2785 1078 2870 1134 his
2889 1087 2945 1135 et
2963 1079 3020 1135 in
3041 1079 3163 1135 aliis
3182 1079 3612 1151 quibuscunque
3636 1082 3736 1135 hn-

2142 1186 2302 1228 mana
2327 1171 2590 1244 fragilitas
2615 1182 2803 1229 contra
2830 1172 3000 1229 Deum
3026 1181 3085 1229 et
3109 1183 3412 1229 creatorem
3437 1190 3612 1230 suum
3642 1184 3733 1228 aut

2144 1262 2425 1335 cogitando
2452 1303 2465 1329 ,
2495 1271 2588 1319 aut
2614 1262 2903 1334 loquendo,
2943 1271 3038 1319 aut
3078 1264 3385 1333 operando,
3431 1275 3531 1320 aut
3588 1265 3738 1319 dele-

2143 1356 2356 1420 ctando,
2371 1364 2463 1411 aut
2484 1355 2912 1426 concupiscendo
2925 1371 3150 1427 peccare
3173 1365 3367 1427 potest,
3392 1357 3449 1412 in
3474 1358 3738 1413 omnibus

2144 1460 2234 1501 me
2258 1460 2514 1517 peccasse
2540 1454 2597 1502 et
2622 1461 2773 1503 reum
2807 1446 2863 1502 in
2891 1454 3180 1517 conspectu
3212 1447 3307 1503 Dei
3335 1462 3503 1517 super
3533 1464 3737 1503 omnes

2146 1538 2391 1595 homines
2424 1554 2543 1596 esse
2566 1554 2832 1610 cognosco
2855 1548 2911 1596 et
2929 1539 3210 1596 confiteor.
3236 1540 3530 1596 liumiliter
3565 1542 3734 1596 etiam

2148 1636 2240 1697 te,
2298 1633 2549 1688 sacerdos
2597 1631 2735 1698 Dei,
2783 1646 3014 1702 exposco
3057 1640 3117 1688 ut
3156 1633 3460 1689 intercedas
3489 1647 3601 1703 pro
3655 1648 3737 1684 me

2146 1732 2202 1779 et
2227 1738 2327 1794 pro
2353 1725 2590 1796 peccatis
2616 1724 2753 1782 meis
2776 1724 2844 1781 ad
2872 1726 3157 1783 Dominum
3178 1734 3239 1782 et
3281 1737 3593 1783 creatorem
3648 1742 3739 1780 no~

2148 1822 2342 1882 strum,
2356 1815 2699 1885 quatenusde
2721 1815 2806 1872 his
2824 1823 2879 1872 et
2898 1816 2964 1873 de
2975 1817 3223 1875 omnibus
3249 1818 3411 1892 ιω
3429 1818 3739 1875 sceleribus

541 1907 807 1981 Operatus
834 1928 893 1972 es
913 1884 1127 1989 aliquid
1156 1918 1211 1974 in
1239 1917 1523 1979 Dominica
1551 1917 1669 1987 die,
1696 1927 1903 1990 septem
1933 1917 2048 1977 dies
2075 1884 2123 1945 Β
2148 1910 2288 1966 meis
2311 1884 2526 1967 “illam
2551 1918 2609 1967 θα
2636 1910 3027 1983 ίηάιηϐθηιίδω
3055 1884 3591 1984 “inﬁgi-60"“?-

470 2005 755 2075 pceniteas.

543 2098 830 2155 Detraxisti
854 2100 940 2157 vel
980 2101 1307 2163 maledixisti
1332 2103 1564 2176 aliquem
1599 2118 1763 2165 causa
1800 2103 2047 2172 invidiae,

390 2222 401 2230 -
472 2201 680 2263 septem
725 2192 842 2249 dies
876 2195 1163 2265 paenitens.

545 2288 881 2361 (Buncnann.
916 2291 1010 2349 lib.
1036 2309 1167 2363 xu,
1190 2308 1242 2350 c.
1274 2293 1335 2360 6;
1374 2293 1674 2366 Capitulare
1703 2292 2007 2357 Turonum
2032 2334 2049 2363 ,
2139 2352 2147 2365 ,

392 2432 395 2437 .
474 2397 523 2438 c.
553 2382 667 2455 5i.)
698 2383 851 2440 Nunc.
892 2385 986 2441 tibi
1032 2394 1154 2442 octo
1206 2386 1522 2458 principalia
1549 2387 1679 2443 vitia
1734 2388 2049 2459 explicabo,

474 2473 527 2530 id
547 2485 633 2532 est
649 2516 663 2542 ,
687 2476 994 2547 superbiam
1011 2517 1027 2545 ,
1052 2493 1249 2537 vanam
1270 2479 1498 2551 gloriam
1514 2518 1531 2547 ,
1562 2480 1822 2537 invidiam
1844 2520 1859 2548 ,
1890 2481 2049 2546 iram,

475 2568 788 2637 tristitiam,
848 2572 1169 2639 avaritiam,
1237 2574 1444 2631 ventris
1514 2572 1828 2646 ingluviem,
1899 2574 2056 2633 luxu-

475 2660 631 2715 riam.
666 2661 744 2717 Ex
775 2662 972 2734 quibus
1020 2665 1067 2720 si
1097 2672 1150 2721 te
1191 2664 1510 2736 culpabilem
1542 2665 1911 2737 recognoscis,
1939 2681 2058 2738 pm-

474 2756 760 2812 nitentiam
787 2758 1023 2828 suscipe.
1052 2758 1189 2815 Nam
1218 2774 1284 2815 ex
1310 2758 1395 2816 his
1427 2759 1607 2815 omnia
1628 2759 1761 2815 vitia
1786 2759 2053 2815 oriuntur.

477 2846 627 2921 (259)
668 2847 781 2921 [De
811 2849 1086 2919 superbia,
1118 2864 1237 2919 quae
1266 2850 1482 2909 initium
1528 2851 1707 2907 omnis
1728 2851 1936 2922 peccati
1975 2858 2059 2907 est

477 2949 532 2994 et
577 2940 761 3011 regina
810 2942 1050 2996 omnium
1101 2940 1364 2997 malorum
1393 2982 1410 3008 ,
1460 2941 1703 2998 nascitur
1751 2942 1928 2998 omnis
1972 2941 2056 2997 in-

479 3032 810 3101 obedientia,
843 3034 1022 3091 omnis
1045 3033 1415 3106 praesumptio,
1441 3040 1498 3091 et
1541 3034 1716 3093 omnis
1738 3032 2056 3105 pertinacia,

481 3126 872 3195 contentiones,
901 3126 1163 3197 haereses,
1196 3126 1528 3205 arrogantia.
1554 3125 1577 3201 ]
1616 3127 1694 3183 De
1716 3141 1858 3184 vana
1887 3126 2058 3199 gloria

481 3216 730 3273 oriuntur
779 3216 1179 3287 inobedientia,
1217 3217 1512 3289 iactantia,
1561 3217 1886 3291 hypocrisis,
1932 3231 2062 3274 con-

483 3306 786 3377 temiones,
830 3309 1163 3381 pertinacia,
1216 3309 1531 3376 discordias,
1570 3308 1873 3367 novitatum
1923 3322 2064 3381 prte-

484 3403 836 3473 sumptiones.
872 3405 945 3459 De
972 3405 1172 3463 invidia
1199 3405 1444 3465 nascitur
1475 3404 1692 3474 odium,
1722 3405 2060 3472 susurratio.

484 3492 778 3562 detractio,
826 3496 1114 3553 exsultatio
1158 3497 1214 3554 in
1248 3498 1490 3579 adversis
1539 3498 1803 3581 proximi,
1842 3496 2065 3555 alﬂictio

486 3587 539 3641 in
586 3590 879 3659 prosperis.
912 3591 987 3646 De
1025 3591 1104 3646 ira
1142 3592 1393 3663 oriuntur
1420 3593 1584 3661 rixae,
1621 3601 1803 3651 tumor
1844 3594 2059 3661 mentis,

485 3681 864 3750 contumelias,
916 3683 1152 3750 clamor,
1203 3686 1535 3760 indignatio,
1585 3687 1956 3759 blasphemiae.
1986 3688 2065 3745 De

486 3772 707 3828 tristitia
728 3774 971 3831 nascitur
995 3775 1220 3843 malitia,
1244 3791 1465 3846 rancor,
1492 3777 1928 3849 pusillanimitas,
1972 3780 2066 3837 deo

489 3865 742 3933 speratis,
771 3874 977 3936 torpor,
992 3868 1208 3939 vagatio
1230 3870 1445 3926 mentis.
1469 3869 1545 3926 De
1569 3871 1796 3927 avaritia
1818 3871 2065 3930 oriuntur

488 3953 745 4023 proditio,
790 3954 961 4022 fraus,
1017 3956 1262 4026 fallacia,
1304 3958 1575 4029 periuria,
1606 3961 1961 4032 inquietudo,
2010 3972 2066 4021 et

492 4054 683 4102 contra
715 4047 1150 4106 misericordiam
1175 4050 1479 4109 obduratio.
1505 4052 1579 4109 De
1604 4054 1809 4111 ventris
1830 4054 2065 4128 ingluvie

489 4149 823 4211 propagatur
847 4142 1029 4214 inepta
1067 4142 1274 4211 laetitia,
1317 4147 1643 4215 scurrilitas,
1685 4149 2061 4221 immunditia,

489 4229 916 4302 multiloquium,
950 4234 1219 4292 hebetudo
1258 4252 1470 4295 sensus.
1515 4240 1592 4296 De
1636 4241 1852 4299 luxuria
1898 4257 2066 4315 gene-

490 4332 644 4378 ratur
691 4326 910 4383 caacitas
958 4331 1174 4397 mentis,
1203 4331 1647 4404 inconsideratio,
1674 4336 2064 4407 inconstantia,

489 4420 865 4490 praecipitatio,
904 4423 1060 4497 147
1093 4441 1246 4483 amor
1278 4428 1360 4485 sui
1381 4470 1396 4495 ,
1428 4430 1611 4485 odium
1656 4430 1791 4499 Dei,
1838 4432 2065 4490 ali‘ectus

490 4511 776 4580 praesentis
812 4514 992 4570 saeculi
1011 4556 1026 4582 ,
1060 4515 1256 4573 horror
1284 4526 1340 4574 et
1364 4520 1669 4591 desperatio
1688 4522 1894 4579 futuri.

1074 4608 1485 4669 ALLOCUTIO.

565 4692 899 4763 (BURCIIARD.
927 4696 1021 4754 lib.
1052 4714 1167 4767 xu,
1194 4715 1242 4756 c.
1260 4701 1337 4775 7.)
1371 4702 1513 4776 Ergo
1539 4704 1586 4762 si
1610 4706 1874 4777 superbus
1899 4723 2070 4781 usque

493 4785 654 4841 modo
702 4785 894 4854 fuisti,
926 4790 1149 4847 humilia
1202 4801 1254 4849 te
1281 4793 1457 4865 ipsum
1509 4796 1566 4853 in
1619 4810 1910 4871 conspectu
1952 4800 2069 4858 Dei.

495 4873 553 4932 Si
622 4892 814 4935 vanam
880 4879 1107 4952 gloriam
1172 4884 1445 4953 dilexisti,
1506 4891 1684 4961 cogita
1737 4906 1807 4948 ne
1850 4904 2074 4968 propter

496 4971 863 5026 transitoriam
910 4973 1126 5031 laudem
1173 4986 1429 5035 aeternam
1487 4983 1686 5054 perdas
1746 4988 2071 5043 mercedem.

499 5060 555 5117 Si
592 5063 805 5119 invidiae
834 5066 1022 5139 rubigo
1066 5074 1119 5124 te
1163 5070 1267 5127 huc
1312 5087 1482 5144 usque
1525 5077 1899 5146 consumpsit,
1929 5078 2073 5148 quod

497 5162 582 5210 est
613 5156 907 5213 maximum
936 5170 1216 5230 peccatum
1247 5172 1303 5219 et
1339 5180 1503 5236 super
1522 5168 1704 5223 omnia
1733 5170 2073 5239 detestabile,

496 5243 622 5313 quia
655 5245 867 5304 diabolo
892 5261 1237 5323 comparatur
1264 5254 1498 5323 invidus,
1530 5259 1621 5329 qui
1651 5261 1826 5330 primo
1868 5262 2075 5318 homini

498 5333 692 5393 invidit
719 5337 904 5395 datum
947 5344 1090 5413 quod
1122 5344 1234 5415 ipse
1260 5361 1358 5417 per
1387 5360 1540 5403 suam
1584 5349 1799 5420 cuipam
1826 5351 2080 5423 perdide-

498 5432 607 5490 rat,
651 5440 749 5498 age
786 5431 1180 5504 paenitentiam,
1218 5446 1272 5492 et
1304 5437 1606 5509 profectum
1636 5440 1883 5508 aliorum,
1928 5450 2079 5498 tuum

499 5512 717 5583 deputa.
751 5515 809 5573 Si
846 5520 1065 5581 tristitia
1119 5536 1170 5584 te
1201 5536 1420 5600 superat
1443 5571 1458 5598 ,
1508 5532 1824 5602 patientiam
1866 5540 1922 5589 et
1955 5533 2078 5587 lon-

504 5608 876 5667 aanimilatem
915 5620 1189 5674 meditare.
1231 5622 1287 5672 Si
1331 5626 1571 5674 nvaritim
1598 5628 1817 5674 morbus
1846 5632 2039 5674 gravat
2063 5664 2078 5672 -

2220 2001 2426 2060 Deinde
2469 2003 2726 2063 sacerdos
2764 2012 2953 2078 surgat
2992 2014 3049 2063 et
3087 2004 3358 2077 psalmum
3404 2021 3601 2063 xxxv“
3649 2005 3736 2061 de—

2151 2103 2351 2152 cantet.
2383 2095 2587 2154 Deinde
2608 2114 2641 2154 ι.
2678 2104 2733 2153 et
2758 2113 2855 2157 un
2871 2139 2888 2167 ,
2910 2107 2970 2158 et
2993 2109 3307 2173 prosternat
3324 2115 3384 2159 se
3409 2101 3467 2159 in
3489 2111 3702 2159 terram
3718 2144 3733 2169 ,

2151 2195 2207 2245 et
2233 2188 2378 2247 dicat
2403 2189 2547 2248 hanc
2574 2189 2921 2249 orationem:

2831 2299 2997 2343 ουτι

2222 2376 2445 2444 Precor,
2474 2376 2702 2435 Domine
2721 2417 2739 2445 ,
2769 2377 3074 2436 clementia:
3111 2384 3165 2435 et
3197 2378 3591 2437 misericordiae
3636 2388 3734 2436 tute

2154 2465 2491 2539 maiestatem
2534 2478 2596 2526 ut
2620 2468 2824 2528 famulo
2851 2450 2944 2528 tuo
2976 2470 3053 2527 illi
3082 2485 3228 2528 nunc
3264 2480 3489 2545 peccata
3518 2482 3583 2529 et
3609 2471 3736 2528 faei-

2154 2577 2289 2617 nora
2315 2576 2411 2618 sua
2434 2562 2712 2620 confitenti
2740 2564 2956 2621 veniam
2983 2564 3227 2621 relaxare
3250 2564 3493 2634 digneris
3519 2574 3583 2622 et
3604 2580 3732 2637 prae-

2157 2653 2441 2711 teritorum
2473 2654 2658 2725 culpas
2686 2655 2984 2729 indulgeas.
3014 2657 3118 2725 Qui
3146 2657 3389 2713 humeris
3432 2658 3544 2714 tuis
3583 2672 3731 2715 orem

2155 2748 2426 2819 perditam
2454 2743 2717 2804 reduxisti
2739 2789 2756 2817 ,
2798 2749 2891 2820 qui
2920 2749 3190 2821 publicani
3215 2749 3471 2821 precibus
3517 2759 3579 2805 et
3617 2765 3735 2806 con.

2154 2839 2389 2898 fessione
2416 2840 2659 2913 placatus
2700 2856 2783 2909 es,
2805 2848 2863 2897 tu
2882 2842 3067 2913 etiam,
3096 2842 3340 2910 Domine,
3366 2842 3495 2898 huic
3536 2840 3734 2897 famulo

2160 2941 2255 2991 tuo
2287 2934 2364 2991 illi
2409 2934 2656 3006 placatus
2695 2948 2817 2993 esse
2854 2936 3112 3008 digneris.
3161 2935 3240 2992 Tu
3286 2933 3447 3005 hujus
3489 2935 3737 3007 precibus

2158 3028 2424 3100 benignus
2464 3028 2643 3100 aspira
2667 3068 2683 3096 ,
2713 3036 2775 3085 ut
2816 3029 2873 3085 in
2914 3029 3255 3086 confessione
3298 3027 3585 3101 placabilis
3623 3043 3735 3100 pcr-

2159 3128 2398 3177 maneat.
2428 3118 2614 3177 Fletus
2657 3117 2777 3190 ejus
2828 3126 2884 3176 et
2927 3120 3116 3192 petitio
3147 3130 3465 3193 perpetuam
3506 3119 3735 3177 clemen-

2163 3213 2301 3270 tiam
2321 3221 2471 3271 tuam
2498 3213 2747 3270 celeriter
2771 3222 2981 3280 exoret,
3007 3213 3318 3286 sanctisque
3340 3212 3605 3269 altaribus
3657 3226 3733 3267 re-

2164 3307 2383 3367 stitutus
2408 3321 2627 3365 rursum
2646 3316 2862 3366 aeternis
2873 3321 2937 3364 ac
2952 3306 3157 3365 ominati
3179 3306 3363 3380 gloriae
3384 3306 3732 3378 mancipetur,

2164 3401 2260 3473 qui
2286 3400 2448 3469 vivis,
2474 3407 2583 3458 etc.

2648 3494 2849 3551 Deinde
2888 3495 3213 3567 adjungaiur
3241 3510 3261 3551 :

2234 3590 2379 3647 Deus
2419 3589 2759 3661 omnipotens
2783 3587 2855 3645 sit
2880 3586 3094 3658 adjutor
3123 3596 3178 3643 et
3204 3593 3484 3659 protector
3509 3592 3634 3641 tuus
3652 3628 3665 3653 ,
3690 3593 3736 3639 et

2162 3688 2387 3755 praestet
2435 3680 2823 3753 indulgentiam
2865 3679 2932 3737 de
2979 3678 3216 3751 peccatis
3263 3679 3367 3735 tuis
3412 3678 3733 3751 praeteritis,

2162 3774 2520 3846 praesentibus
2569 3781 2625 3830 et
2654 3772 2854 3829 futuris
2892 3771 3223 3846 (BURCBARD.
3264 3771 3357 3827 lib.
3388 3786 3485 3826 χιχ
3509 3813 3523 3837 ,
3573 3786 3623 3826 c.
3666 3766 3731 3837 Ἰ).

2233 3867 2493 3943 Praefatio
2529 3868 2687 3923 Bson:
2728 3867 2792 3923 de
2827 3865 3067 3922 remediis
3096 3862 3473 3937 peccatorum.)
3512 3860 3640 3919 Haec
3679 3862 3735 3915 de

2164 3964 2418 4023 remediis
2463 3972 2813 4035 peccatorum
2859 3975 2927 4016 ex
2976 3960 3219 4032 priorum
3248 3958 3614 4014 monumentis
3643 3969 3730 4027 ex-

2163 4058 2491 4129 cerpsimus;
2538 4056 2593 4111 in
2632 4055 2826 4125 quibus
2861 4063 3042 4109 tamen
3087 4051 3356 4117 omnibus,
3401 4064 3509 4106 non
3552 4057 3735 4105 aucto-

2164 4153 2324 4207 ritate
2351 4149 2610 4214 censoris,
2643 4149 2736 4204 sed
2765 4146 2990 4203 consilio
3041 4144 3222 4215 potiits
3251 4142 3638 4215 compatientis
3664 4137 3733 4195 usi

2164 4259 2373 4311 sumus,
2402 4240 2630 4296 solerter
2675 4234 3027 4292 admonentes
3079 4234 3297 4291 doctum
3342 4246 3616 4306 quemque
3660 4245 3735 4286 sa-

2164 4333 2439 4390 cerdotem
2484 4327 2687 4385 Christi
2715 4335 2775 4382 ut
2812 4326 2865 4381 in
2911 4323 3178 4381 universis
3201 4338 3320 4395 quae
3356 4323 3446 4379 hic
3492 4321 3734 4377 adnotata

2165 4423 2463 4496 repererit,
2508 4434 2715 4484 sexum,
2768 4426 3016 4486 aetatem,
3058 4414 3425 4474 conditionem
3453 4456 3469 4483 ,
3501 4422 3697 4473 statum
3719 4453 3732 4480 ,

2163 4529 2450 4587 personam
2478 4552 2494 4581 ,
2527 4510 2862 4568 intellectum
2890 4551 2905 4578 ,
2955 4509 3134 4582 ipsum
3176 4522 3394 4580 quoque
3441 4521 3539 4564 cor
3588 4502 3735 4579 ιω

2092 4635 2147 4698 D
2170 4606 2480 4681 pmnitentis
2503 4606 2717 4662 curiose
2741 4603 3045 4671 discernat,
3075 4611 3129 4659 et
3163 4601 3463 4698 secundum
3496 4598 3648 4698 hinc,
3686 4601 3738 4651 ut

2173 4699 2275 4758 sibi
2299 4702 2475 4756 visum
2506 4698 2697 4765 fuerit,
2724 4695 2934 4768 singula
2960 4708 3187 4766 quaque
3216 4691 3491 4762 dijudlcet.
3513 4689 3733 4758 Quibus-

2174 4795 2298 4850 dam
2343 4807 2577 4864 namque
2601 4805 2633 4848 a
2657 4790 2793 4848 cibis
2823 4788 3142 4847 abstinendo
3169 4831 3185 4856 ,
3229 4788 3350 4844 aliis
3380 4786 3734 4859 eleemosynas

2174 4889 2379 4956 dando,
2419 4887 2690 4945 nonnullis
2737 4900 2909 4958 genua
2961 4882 3226 4941 ﬂectendo
3256 4878 3482 4953 saepius,
3527 4878 3641 4935 sive
3690 4876 3733 4932 in

2175 4999 2334 5041 cruce
2372 4984 2599 5049 stando,
2647 4988 2740 5037 aut
2790 4979 2993 5051 aliquid
3035 4977 3181 5033 aliud
3227 4972 3571 5048 huiusmodi,
3609 4969 3733 5044 quod

2177 5076 2242 5132 ad
2274 5076 2645 5147 purgationem
2659 5082 3002 5145 peccatorum
3024 5070 3311 5143 pertineat,
3336 5065 3603 5130 faciendo,
3632 5061 3735 5117 uni-

2177 5180 2335 5222 versa
2363 5178 2585 5222 necesse
2609 5174 2691 5221 est
2726 5172 2903 5220 errata
2940 5162 3244 5233 corrigere;
3275 5172 3392 5230 quae
3420 5156 3668 5213 universa
3689 5150 3733 5206 in

2178 5258 2427 5315 examine
2461 5257 2677 5313 discreti
2711 5256 2905 5312 debent
2944 5254 3182 5324 pendere
3214 5248 3434 5322 iudicis.

2390 5350 2469 5405 De
2496 5346 2878 5419 paenitentibus.
2910 5343 2996 5399 Ea:
3024 5344 3246 5400 concilio
3279 5341 3551 5412 Africano.

2253 5442 2425 5500 CCCI.
2456 5441 2781 5514 (Hannon.
2826 5438 2922 5494 lib.
2953 5453 3039 5505 ιιι,
3066 5452 3119 5494 c.
3159 5437 3213 5503 l,
3266 5435 3354 5501 ll;
3398 5427 3587 5487 consil.
3621 5426 3736 5482 Car-

2184 5538 2327 5607 thag.
2357 5548 2441 5600 ιιι,
2475 5549 2523 5589 c.
2555 5532 2670 5606 51.)
2715 5528 3109 5589 Pmnitentihns
3152 5526 3447 5578 secundum
3500 5519 3735 5581 timeren—

2185 5624 2313 5664 ﬁn.“
