3884 5602
230 417 349 475 235

663 530 742 588 De
763 532 943 589 eadem
971 547 1053 615 re,
1072 529 1157 587 Ea:
1188 533 1386 588 eodem.

315 622 506 683 CCCI].
542 616 861 696 (Butram.
900 623 1027 679 ibid.
1052 638 1101 680 c.
1148 624 1201 691 1,
1236 623 1424 680 concil.
1454 620 1701 694 Cari/mg.
1732 637 1809 690 tv,

230 731 293 773 c.
324 716 431 785 74;
462 716 775 774 Βυιιοιυιιιι).
802 716 896 773 111).
925 731 1041 782 ιιι,
1082 732 1132 773 c.
1162 716 1282 789 55.)
1311 714 1384 772 Ut
1418 714 1672 773 sacerdos
1696 728 1812 785 poe-

225 808 524 866 nitentiam
578 808 885 882 imploranti
943 809 1146 883 absque
1188 824 1433 869 nersonze
1497 809 1811 883 acceptione

223 901 571 974 paenitentiae
604 901 751 974 leges
784 901 1044 976 injungat.

225 1012 311 1069 Ut
332 1016 636 1087 paenitentia
676 1017 1070 1143 conjugatis‘eazl
1085 1034 1337 1143 clonsensu
1378 1018 1551 1076 detur.
1584 1015 1670 1075 Ea:
1693 1034 1811 1075 con-

788 1105 833 1142 ci
858 1106 908 1143 to
996 1105 1049 1143 re
1071 1106 1103 1143 a
1126 1106 1259 1143 ensi.

788 1099 908 1144 cilia
947 1099 1259 1145 Arelatensi.

303 1175 522 1235 CCCIlI.
569 1177 802 1249 (Concil.
828 1178 1028 1235 Arelat.
1053 1196 1116 1249 ιι,
1147 1196 1196 1237 c.
1229 1179 1299 1236 22
1322 1197 1336 1248 ;
1362 1180 1671 1238 Buucasno.
1711 1179 1804 1236 lib.

220 1286 351 1337 xu,
398 1287 447 1327 c.
483 1271 630 1343 111.)
682 1271 1065 1329 Paenitentiam
1118 1272 1422 1347 coniugatis
1470 1272 1686 1333 nonnisi
1742 1288 1809 1329 ex

217 1376 503 1420 consensu
532 1362 781 1420 dandam.

656 1455 743 1510 Ea:
788 1454 1008 1511 concilio
1060 1455 1391 1512 Laodicensi.

297 1541 521 1600 CCCIV.
551 1542 772 1617 (Concil.
797 1545 1015 1601 Laodic.
1040 1562 1090 1602 c.
1124 1546 1189 1614 2;
1220 1545 1526 1606 HALt'rcAn.
1579 1548 1672 1604 lib.
1722 1565 1807 1616 ιιι,

212 1649 271 1690 c.
314 1636 383 1691 15
410 1653 423 1703 ;
450 1636 760 1693 Buncman.
800 1635 894 1693 lib.
946 1654 1060 1707 nx,
1083 1655 1133 1696 c.
1161 1639 1279 1712 41.)
1306 1639 1382 1696 De
1410 1640 1496 1698 bis
1524 1640 1616 1711 qui
1640 1641 1811 1698 diver-

211 1724 313 1781 sis—
358 1724 689 1783 facinoribus
741 1736 1129 1799 peccaverunt,
1186 1738 1241 1785 et
1294 1740 1700 1803 perseverantes
1756 1731 1810 1787 in

211 1815 476 1871 oratione
502 1815 857 1873 confessionis
882 1826 938 1873 et
969 1818 1299 1891 pmnitentiae
1342 1821 1750 1878 conversionem
1776 1836 1809 1876 a

1204 414 1289 474 DE
1309 413 1589 481 ECCLES.
1614 411 1901 473 DISCIPL.
1942 412 2126 470 LIBRI
2161 413 2322 471 DUO.
2356 443 2424 456 --
2453 413 2582 471 LIB.
2624 413 2665 469 l.

1510 520 1521 526 ’
1836 533 1887 597 Α
1913 545 2027 597 nux,
2049 543 2097 585 c.
2131 528 2243 602 72.)
2273 528 2664 586 Conﬁrmatum
2684 535 2768 584 est
2790 537 2849 585 ut
2867 528 2913 586 si
2942 527 3158 600 quando
3184 528 3484 605 presbyteri

3382 411 3483 468 254

1909 620 1992 677 vel
2016 619 2227 676 diaconi
2252 621 2303 675 in
2333 620 2509 692 aliqua
2536 620 2768 692 graviori
2796 619 2951 693 culpa
2996 620 3232 678 convicti
3262 621 3483 688 fuerint,

1910 730 2015 785 qua
2043 729 2137 771 eos
2158 730 2187 769 a
2213 714 2513 770 ministerio
2564 729 2790 770 necesse
2828 714 2900 771 sit
2947 715 3234 785 removeri,
3273 729 3380 770 non
3405 714 3485 770 eis

1910 821 2101 863 manus
2128 815 2383 879 tanquam
2417 805 2803 878 paenitentibus
2831 806 2917 865 vel
2947 814 3202 883 tanquam
3236 805 3485 867 fidelibus

1909 898 2061 958 laicis
2099 902 2422 973 imponatur.

1910 1012 1979 1070 Ut
2001 1014 2298 1087 panitentia
2332 1015 2534 1071 clericis
2578 1032 2683 1140 iliotn
2725 1024 2957 1096 negetur.
2982 1014 3068 1070 Ea:
3095 1012 3316 1071 concilio
3350 1013 3481 1069 Areo

2609 1105 2638 1140 (ι
2665 1103 2795 1140 enat.

2609 1103 2795 1141 atemt.

1978 1174 2202 1232 CCCXL
2227 1176 2448 1247 (Concil.
2473 1177 2669 1233 Arelat.
2698 1193 2759 1243 ιι,
2785 1192 2834 1233 c.
2853 1176 2969 1248 29.)
2993 1175 3371 1232 Paenitentiam
3394 1175 3485 1230 dc-

1909 1265 2269 1322 siderantibus
2295 1267 2506 1323 clericis
2533 1283 2639 1323 non
2664 1266 2982 1339 negandum.

1912 1374 2152 1442 Qualiter
2187 1378 2470 1449 presbyteri
2494 1389 2539 1432 et
2564 1379 2777 1451 diaconi
2809 1388 2967 1449 agant
2986 1379 3355 1451 penitentiam.
3402 1376 3486 1431 E1;

2386 1449 2606 1520 epistola
2632 1449 2821 1505 Leonis
2849 1449 3019 1521 paptu.

1979 1538 2220 1597 CCCXII.
2252 1541 2492 1614 (Decreta
2532 1542 2728 1601 LEONIS
2758 1543 2797 1610 l,
2830 1558 2878 1599 c.
2909 1542 3014 1610 16;
3059 1541 3363 1604 Buacnann.
3390 1538 3482 1594 lib.

1908 1646 2025 1697 xu,
2059 1647 2106 1687 c.
2140 1632 2253 1705 71.)
2282 1634 2528 1689 Alienum
2551 1643 2634 1693 est
2654 1651 2683 1690 a
2710 1635 3096 1692 consuetudine
3122 1632 3485 1689 ecclesiastica

1910 1731 1971 1777 ut
2000 1722 2091 1793 qui
2118 1723 2171 1777 in
2202 1723 2554 1797 presbyterali
2587 1727 2791 1782 honore
2822 1735 2915 1781 aut
2941 1725 3152 1781 diaconi
3175 1723 3342 1795 gradu
3376 1722 3487 1775 ine-

1911 1814 2021 1869 rint
2050 1818 2375 1884 consecrati,
2410 1819 2465 1873 hi
2495 1834 2591 1889 pro
2618 1820 2846 1876 crimine
2876 1819 3034 1893 152
3056 1819 3236 1890 aliquo
3265 1832 3364 1873 suo
3393 1831 3488 1887 per

210 1903 385 1961 malis
410 1907 651 1964 habuere
678 1907 995 1979 perfectam,
1017 1925 1116 1983 pro
1154 1910 1414 1983 qualitate
1463 1912 1642 1969 delicti
1686 1911 1807 1968 tali-
1838 1901 1883 1961 Β
1912 1920 2105 1961 manus
2135 1906 2533 1978 impositionem
2561 1909 2858 1965 remedium
2884 1908 3151 1981 accipiant
3172 1906 3486 1979 paenitendi,

207 1997 327 2055 bus
365 2001 697 2070 paenitentiae
720 2010 930 2076 tempus
956 2003 1280 2076 impensum,
1306 2010 1528 2077 prepter
1568 2004 1807 2065 clemen-

208 2090 360 2147 tiam
390 2101 445 2150 et
470 2093 769 2153 bonitatem
801 2095 895 2153 Dei
932 2096 1244 2153 communio
1267 2097 1614 2154 concedatur.

719 2186 881 2261 150
899 2188 977 2247 De
1009 2188 1189 2245 eadem
1215 2205 1291 2244 re.

290 2278 491 2337 CCCV.
521 2278 841 2355 (HALITGAR.
867 2282 921 2337 in
939 2282 1149 2353 prmfat.
1166 2280 1257 2337 lib.
1272 2298 1359 2348 v1;
1378 2280 1683 2343 Βυιιοιωω.
1705 2282 1800 2339 lib.

206 2385 343 2437 xix,
367 2387 416 2428 c.
436 2370 553 2445 32.)
581 2371 1030 2445 Unumquemque
1057 2369 1331 2431 hominem
1354 2373 1701 2431 accedentem
1736 2375 1804 2433 ad

206 2464 602 2534 paenitentiam
653 2464 699 2521 si
717 2464 920 2521 videris
965 2464 1164 2525 acriter
1214 2474 1268 2522 et
1325 2467 1541 2523 assidue
1561 2477 1707 2525 stare
1749 2469 1803 2525 in

207 2556 564 2627 paenitentia,
582 2556 761 2612 statim
787 2555 1066 2614 remissius
1088 2574 1187 2631 age
1210 2556 1470 2617 adversus
1489 2575 1611 2618 eum
1628 2561 1801 2635 (210).

683 2672 773 2729 Et:
812 2671 1033 2729 concilio
1068 2674 1344 2745 Africano.

292 2761 513 2821 CCCVI.
544 2761 771 2836 (Concil.
826 2762 1076 2836 Carthag.
1127 2782 1211 2831 ιιι,
1239 2782 1289 2822 c.
1341 2765 1452 2833 5‘2;
1492 2766 1800 2824 Buncusno.

211 2855 319 2912 lib.
366 2872 477 2919 χιιι,
518 2871 567 2912 c.
596 2856 690 2924 40,
718 2855 838 2929 70.)
870 2856 941 2913 Ut
984 2860 1266 2931 presbyter
1312 2875 1419 2916 non
1467 2861 1803 2933 interrogato

212 2950 476 3021 episcopo
503 2965 610 3006 non
657 2950 972 3008 reconciliet
1004 2952 1379 3024 poenitentem,
1429 2954 1531 3012 nisi
1557 2957 1801 3013 absentia

216 3043 484 3117 episcopi,
513 3042 835 3101 necessitate
860 3044 1232 3117 compellente.

583 3159 667 3213 Ita:
700 3158 919 3230 epistola
950 3158 1244 3215 Innocentii
1277 3174 1448 3232 paper.

293 3251 534 3309 CCCVII.
563 3252 781 3308 Decreta
801 3253 979 3311 lnnoc.
1003 3254 1043 3321 I,
1071 3270 1123 3311 c.
1146 3255 1177 3309 7
1202 3273 1217 3323 ;
1252 3254 1554 3312 HALITGAR.
1588 3254 1684 3311 lib.
1715 3271 1799 3324 ιιι,

218 3362 271 3402 c.
310 3346 422 3403 15:
461 3345 770 3403 Buucmnn.
803 3347 898 3403 lib.
933 3363 1089 3414 xvm,
1131 3365 1184 3405 c.
1221 3350 1334 3421 18.)
1362 3350 1438 3405 De
1487 3349 1805 3421 pmnitenti-

216 3438 327 3494 bus
351 3445 530 3494 autem
561 3440 653 3509 qui
682 3440 795 3497 sive
833 3456 900 3496 ex
938 3442 1276 3513 gravioribus
1321 3445 1647 3513 commissis,
1687 3446 1802 3503 sive

220 3543 288 3584 ex
316 3528 610 3586 levioribus
633 3530 1011 3601 pmnitentiam
1069 3543 1281 3605 gerunt,
1311 3537 1353 3592 si
1388 3537 1532 3592 nulla
1569 3538 1801 3597 interve-

219 3623 340 3677 niat
360 3624 639 3695 aegritudo,
674 3626 861 3696 quinta
897 3626 1033 3683 feria
1065 3637 1191 3684 ante
1242 3629 1445 3685 Pascha
1479 3631 1558 3686 eis
1606 3635 1800 3689 remit-

222 3717 444 3772 tendum
474 3716 734 3775 Romana:
780 3719 1034 3777 Ecclesiae
1088 3723 1419 3779 consuetudo
1443 3723 1797 3782 demonstrat.

221 3805 369 3865 Sane
397 3808 445 3865 si
472 3808 594 3879 quis
620 3810 992 3882 aegritudinem
1014 3812 1282 3882 inciderit,
1327 3824 1379 3871 et
1406 3829 1576 3886 usque
1622 3817 1689 3872 ad
1711 3817 1803 3873 de-

219 3902 584 3975 sperationem
623 3903 921 3972 devenerit,
953 3904 1005 3962 el
1042 3914 1126 3963 est
1151 3912 1278 3964 ante
1326 3913 1537 3981 tempus
1580 3907 1801 3968 Pascha

221 3993 592 4051 relaxandum.
970 4017 974 4021 ‘

603 4086 690 4142 Ex
720 4087 943 4143 concilio
974 4088 1396 4161 Carthaginensi.
1773 4158 1784 4166 _

290 4175 555 4235 CCCVI".
594 4176 821 4250 (Concil.
854 4179 1103 4251 Carthag.
1141 4196 1213 4247 Iv,
1269 4197 1318 4237 c.
1350 4181 1419 4236 75
1445 4199 1459 4249 ;
1485 4182 1795 4240 Buucmnn.

222 4265 312 4323 lib.
362 4285 451 4332 xv,
501 4285 549 4326 c.
579 4268 693 4341 58.)
750 4268 821 4326 Ut
857 4270 1185 4341 negligentes
1219 4272 1543 4340 ptenitentes
1594 4275 1799 4330 tardius
1899 4265 1991 4359 lib;

224 4360 573 4431 recipiantur.

229 4470 375 4597 15%
406 4468 675 4528 Utnullus
702 4474 971 4545 episcopus
999 4475 1214 4532 alterius
1265 4475 1489 4534 civitatis
1536 4478 1616 4536 vel
1640 4498 1798 4551 paro-

289 4544 348 4596 ch
377 4560 422 4597 (Β
444 4545 766 4597 υωηίιεηιεηι
791 4547 1056 4597 suscipiat.
1081 4546 1159 4597 vel
1180 4547 1291 4597 sine
1313 4550 1537 4597 misconi
1563 4549 1637 4597 ne!
1658 4569 1798 4597 ηνρς..

289 4544 422 4621 chio;-
443 4545 773 4621 pceniteptegrt
791 4544 1159 4621 suscipiat,_eel
1180 4547 1291 4621 sine
1313 4550 1537 4621 episcopi
1563 4544 1800 4621 veljpres-

291 4613 457 4702 byteri
514 4613 809 4671 testimonia
851 4613 1168 4673 reconciliet.
1208 4618 1294 4675 Ea;
1339 4613 1558 4692 epistola
1602 4613 1798 4680 Felicis
1823 4640 1874 4702 ι)

325 4702 458 4740 ante.

325 4702 355 4739 α
393 4703 458 4740 ιε.

289 4700 512 4839 ἓὲΩΙΧ.
545 4777 735 4851 (Fsux
758 4778 841 4845 lli,
869 4781 1020 4854 epist.
1046 4781 1099 4848 7,
1123 4797 1172 4839 c.
1202 4780 1284 4852 6.)
1307 4782 1617 4841 Curandum
1642 4801 1792 4842 sum-

229 4882 438 4939 mopere
475 4879 557 4929 est
586 4888 654 4928 ne
701 4872 823 4943 quis
849 4871 1080 4933 fratrum
1111 4874 1663 4947 coepiscoporumque
1690 4893 1791 4934 no—

1903 1998 2197 2054 secundum
2240 2001 2384 2072 quod
2430 2001 2689 2073 scriptum
2733 2012 2862 2060 est:
2906 2001 3191 2067 Sacerdos,
3220 2000 3265 2056 si
3306 2016 3489 2069 pecca—

1903 2087 2047 2155 verit,
2103 2091 2219 2161 quis
2270 2092 2440 2146 orabit
2483 2110 2576 2164 pro
2599 2091 2742 2149 illo?
2772 2091 2825 2166 (I
2852 2091 2982 2167 Reg.
3014 2091 3079 2166 ι.)
3124 2089 3274 2147 Unde
3301 2086 3487 2158 hujus~

1903 2182 2046 2237 modi
2074 2181 2236 2256 lapsis
2259 2186 2326 2239 ad
2352 2186 2761 2256 promerendam
2794 2186 3222 2243 misericordiam
3252 2181 3349 2240 Dei
3377 2181 3484 2252 pri-

1903 2282 2027 2330 vata
2061 2284 2146 2330 est
2167 2277 2469 2348 expetenda
2526 2279 2790 2346 secessio;
2824 2278 2914 2336 ubi
2942 2278 3049 2336 illis
3095 2274 3411 2343 satisfactio,
3439 2273 3486 2330 si

1907 2361 2068 2420 fuerit
2088 2366 2269 2440 digna,
2302 2369 2371 2424 sit
2398 2368 2561 2425 etiam
2589 2368 2881 2431 fructuosa.

1908 2475 1975 2533 Ut
2001 2495 2034 2534 a
2061 2482 2408 2553 negotiatione
2453 2485 2754 2556 pgnnitentes
2801 2485 3112 2545 abstineant.
3139 2485 3227 2541 Ea:
3254 2482 3479 2556 epistola

2467 2554 2656 2612 Leonis
2701 2573 2871 2629 paper.

1976 2642 2240 2701 CCCXIII.
2266 2644 2506 2717 (Decreta
2531 2647 2728 2705 Lsoms
2755 2649 2795 2717 I,
2818 2664 2865 2705 c.
2896 2649 2968 2706 95
2992 2666 3007 2718 ;
3047 2648 3349 2707 HALITGAR.
3372 2646 3483 2703 .lib.

1908 2748 1991 2801 ιιι,
2026 2750 2075 2791 c.
2105 2736 2137 2791 6
2171 2753 2184 2803 ;
2212 2735 2348 2793 Ras.
2372 2738 2521 2808 epist.
2549 2739 2618 2792 ad
2649 2737 2922 2795 Heribald.
2951 2756 3000 2796 c.
3032 2740 3099 2796 15
3125 2757 3140 2807 ;
3176 2739 3484 2797 Buucnsnn.

1906 2823 1998 2878 lib.
2037 2841 2152 2892 xu,
2180 2841 2228 2881 c.
2261 2826 2373 2898 95.)
2406 2827 2648 2895 Qualitas
2689 2831 2995 2900 negotiandi
3029 2840 3119 2886 ant
3145 2839 3370 2886 excusat
3396 2836 3488 2883 aut

1905 2916 2102 2987 arguit,
2129 2916 2255 2989 quia
2285 2927 2369 2976 est
2399 2920 2657 2976 honestus
2684 2933 2921 2992 quaestus
2946 2929 2999 2977 et
3030 2922 3221 2993 turpis.
3257 2923 3485 2977 Verum-

1907 3020 2084 3068 tamen
2110 3013 2394 3084 poenitenti
2419 3014 2602 3071 utilius
2643 3025 2727 3072 est
2755 3015 3029 3088 dispendia
3058 3017 3168 3087 pati
3203 3031 3363 3088 quam
3390 3029 3485 3087 pc-

1907 3104 2088 3163 riculis
2116 3107 2494 3179 negotiationis
2520 3108 2767 3180 astringi,
2817 3109 2942 3180 quia
2972 3109 3185 3171 dillicile
3232 3119 3313 3165 cst
3344 3108 3487 3164 inter

1906 3196 2134 3252 ementis
2166 3198 2554 3270 vendentisque
2576 3198 2958 3255 commercium
3010 3215 3118 3258 non
3150 3197 3480 3257 intervenire

1828 3270 1873 3335 C
1904 3299 2209 3360 peccatum.

1908 3378 1972 3437 Ut
2009 3390 2124 3453 post
2163 3381 2454 3455 depositum
2476 3380 2743 3455 cingulum
2764 3382 2952 3455 nullus
2971 3384 3218 3453 paenitens
3247 3383 3317 3437 ad
3340 3381 3485 3436 mili—

2177 3450 2304 3507 tiam
2330 3450 2637 3508 saecularem
2679 3453 2878 3509 redeat.
2907 3450 2991 3509 Ea:
3012 3455 3212 3509 eadem.

1972 3538 2239 3599 CCCXIII.
2266 3542 2505 3613 (Decreta
2523 3541 2721 3598 LEONIS
2745 3545 2788 3612 l,
2815 3559 2863 3600 c.
2891 3543 2991 3611 24;
3024 3544 3323 3601 11ΑιιτσΛιι.
3352 3543 3481 3601 ibid.

1902 3649 1951 3690 c.
1971 3634 2023 3702 7;
2052 3614 2357 3692 Buucusnn.
2374 3634 2468 3690 lib.
2489 3651 2599 3703 xu,
2615 3650 2662 3691 c.
2680 3634 2793 3709 66.)
2813 3624 3156 3692 Contrarium
3170 3636 3486 3691 estomnino

1902 3728 2280 3785 ecclesiasticis
2309 3728 2509 3801 regulis
2538 3738 2662 3800 post
2682 3729 3009 3802 pmnitentire
3061 3731 3328 3788 actionem
3358 3730 3484 3787 red-

1903 3820 1983 3877 ire
2015 3823 2100 3877 ad
2138 3818 2386 3877 militiam
2410 3821 2748 3891 saecularem,
2803 3838 2925 3879 cum
2961 3821 3258 3894 Apostolus
3287 3820 3433 3878 dicat
3467 3840 3480 3879 :

1902 3912 2072 3969 Nemo
2095 3913 2329 3971 militans
2354 3915 2486 3982 Deo,
2510 3924 2616 3972 etc.
2643 3915 2796 3973 Unde
2816 3931 2923 3973 non
2944 3925 3025 3974 est
3051 3916 3189 3973 liber
3221 3933 3251 3972 a
3278 3916 3484 3987 laqueis

1902 4007 2095 4064 diaboli
2133 4008 2225 4079 qui
2273 4023 2331 4065 se
2359 4009 2563 4066 militia:
2596 4009 2880 4066 mundanae
2910 4010 3141 4067 voluerit
3178 4009 3480 4081 implicare.

2144 4118 2221 4173 De
2245 4119 2427 4174 eadem
2452 4137 2524 4176 re.
2563 4117 2644 4175 Ea:
2670 4120 2891 4175 concilio
2915 4119 3231 4176 Arelatensi.

1970 4208 2215 4267 CCCXV.
2270 4210 2502 4282 (Concil.
2555 4211 2753 4266 Arelat.
2796 4227 2873 4277 ιι,
2931 4227 2979 4267 c.
3009 4211 3120 4278 25;
3166 4211 3479 4268 Buncnann.

2022 4320 2137 4369 XIX,
2174 4319 2221 4360 c.
2254 4304 2377 4376 67.)
2409 4304 2471 4359 lli
2500 4304 2591 4375 qui
2623 4312 2745 4375 post
2804 4313 3007 4361 sanctae
3049 4304 3325 4377 religionis
3352 4320 3483 4377 pro-

1897 4393 2127 4466 positum
2160 4402 2485 4467 apostatant,
2515 4401 2569 4451 et
2596 4394 2664 4450 ad
2695 4395 2948 4451 saeculum
2974 4395 3221 4463 redeunt,
3256 4405 3311 4450 et
3334 4404 3483 4467 post-

1900 4486 2119 4543 modum
2144 4486 2472 4559 poenitentiae
2501 4486 2740 4547 remedia
2776 4502 2885 4543 non
2908 4485 3211 4559 requirunt,
3241 4499 3482 4542 commu-

1902 4577 2115 4634 nionem
2152 4594 2261 4633 non
2296 4579 2563 4650 accipiant
2613 4578 2729 4634 sine
2753 4575 3073 4650 poenitentia
3108 4593 3123 4642 ;
3158 4590 3296 4647 quos
3316 4576 3479 4631 etiam

1892 4670 2142 4741 iubemus
2163 4673 2229 4729 ad
2255 4672 2545 4730 clericatus
2579 4668 2734 4747 153
2770 4668 3002 4726 ofﬁcium
3041 4683 3149 4724 non
3177 4667 3409 4725 admitti.

2471 4764 2607 4821 Item
2630 4778 2693 4818 ex
2713 4762 2911 4818 eodem.
3202 4834 3222 4839 ν

1970 4856 2241 4915 CCCXVI.
2265 4856 2585 4929 Quicunque
2611 4852 2859 4910 habitum
2887 4849 3198 4909 sacularcm
3225 4860 3481 4922 praesum-

229 4967 456 5018 strorum
479 4974 572 5025 aut
592 4966 757 5022 etiam
784 4943 1225 5038 presbyterorum
1246 4968 1301 5023 in
1322 4943 1546 5027 alterius
1574 4943 1797 5028 civitate

1918 4948 2090 5014 iserit,
2119 4948 2185 5003 ab
2216 4947 2459 5005 Ecclesia
2485 4943 2803 5015 expellatur.

228 5050 306 5107 vel
346 5054 563 5113 dimcesi
625 5057 1004 5126 pmnitentem,
1053 5058 1138 5114 vel
1186 5059 1287 5114 sub
1340 5076 1503 5117 manu
1555 5061 1793 5132 positum

230 5145 534 5214 sacerdotis,
570 5156 665 5204 aut
697 5163 820 5203 eum
862 5150 956 5220 qui
989 5148 1393 5207 reconciliatum
1457 5168 1516 5209 so
1573 5152 1793 5220 dixerit,

230 5231 337 5292 sine
361 5238 596 5312 episcopi
630 5239 716 5295 vel
753 5241 1056 5313 presbyteri
1108 5241 1420 5299 testimonio
1465 5251 1519 5304 et
1570 5242 1788 5310 litteris,

234 5327 294 5383 ad
315 5329 464 5400 cujus
487 5334 722 5404 pertinet
744 5335 1077 5403 parochiam,
1105 5334 1379 5413 suscipiat.

231 5433 292 5490 Ut
345 5443 650 5517 presbyteris
702 5452 752 5498 et
779 5444 1100 5522 diaconibu
1129 5454 1797 5584 'rnanusntannngnzhgg.

2165 5037 2241 5093 De
2270 5039 2453 5095 eadem
2483 5055 2558 5093 re.
2591 5035 2676 5091 Ea:
2704 5035 2924 5092 concilio
2958 5031 3229 5087 Toletano.

1968 5129 2257 5189 CCCXVII.
2291 5130 2516 5202 (Concil.
2574 5127 2739 5183 Tolet.
2789 5142 2943 5195 vr,c.
2991 5121 3045 5175 7.
3092 5119 3227 5176 Vide
3265 5116 3485 5174 Decreta

1899 5224 2116 5292 Snncu,
2147 5239 2196 5279 c.
2241 5223 2305 5295 5;
2340 5222 2546 5283 Concil.
2594 5220 2869 5277 Aurelian.
2916 5235 2957 5285 ι,
2987 5229 3038 5269 c.
3073 5210 3164 5280 15,
3195 5221 3250 5270 et
3287 5204 3489 5267 Haur-

1898 5333 2025 5374 (ιλιι.
2067 5318 2159 5375 lib.
2198 5333 2284 5384 ιιι,
2314 5334 2365 5374 c.
2397 5306 2485 5392 8.)
2509 5316 2587 5372 De
2628 5313 2714 5369 his
2744 5312 2836 5383 qui
2887 5316 3009 5366 acta
3051 5300 3377 5379 poenitentia
3422 5299 3489 5357 ad

1895 5410 2124 5483 pristina
2148 5413 2375 5467 redeunt
2401 5413 2654 5483 peccata,
2684 5402 3033 5472 antiquorum
3058 5406 3272 5469 patrum
3300 5396 3487 5452 decer-

1899 5509 2034 5556 nunt
2064 5501 2317 5568 concilia,
2374 5509 2435 5558 ut
2465 5497 2559 5571 qui
2588 5501 2710 5550 acta
2760 5488 3083 5564 paenitentia
3117 5498 3376 5561 tanquam
3406 5500 3492 5542 ca-

2335 5595 2350 5602 -
2537 5589 2569 5602 ι.
2752 5586 2763 5597 ι
2802 5585 2837 5602 ,ο
3002 5589 3046 5602 ,ι
3100 5597 3120 5602 -
3147 5583 3162 5602 ι
3210 5577 3485 5602 __-I_-._|._-
