3944 6464
421 485 527 540 255
822 542 825 544 ,
870 492 877 495 λ
1174 450 1177 451 ί
1231 487 1241 497 ο
1438 482 1805 544 numeras
1844 480 1978 539 PRU

2164 481 2261 540 SIS
2288 482 2578 543 ABBATIS
2728 535 2733 539 .
3619 492 3721 550 256

419 607 476 656 et
496 599 567 658 ad
585 600 847 658 omissum
870 579 1118 657 ordinem
1146 607 1509 667 revertantur,
1534 595 1993 657 exeommuuicati
2019 606 2079 672 Α
2100 605 2277 661 centia
2302 620 2502 664 uxores
2524 606 2753 665 ducendi
2784 623 2891 669 non
2914 617 3019 678 est,
3045 598 3353 671 alienarum
3385 615 3724 686 nuptiarum

422 701 480 753 ct
506 696 793 752 anathema
818 693 1156 750 condemnati
1187 694 1511 749 habeantur.
2098 698 2301 755 evitent
2327 701 2593 757 convivia.

656 787 733 843 De
756 786 937 842 eadem
960 802 1038 841 re.
1065 785 1151 841 Ea:
1175 784 1327 840 dictis
1356 785 1523 840 sancti
1545 779 1802 855 Gregorii.
2204 828 2213 847 λ

2204 793 2283 849 De
2308 795 2488 851 eadem
2513 813 2584 851 re.
2614 797 2699 853 Ex
2722 800 2939 854 decretis
2965 804 3135 858 sancti
3160 803 3401 861 Martini
3433 823 3622 878 papte.

491 875 803 936 CCCXVIII.
828 876 1160 948 (Buncntutn.
1185 877 1279 933 lib.
1308 892 1424 942 xix,
1456 892 1506 932 c.
1539 874 1653 947 65.)
1684 874 1787 942 Qui
1811 888 1870 930 se
1893 874 1998 929 illi-
2172 886 2513 946 cccxxvn,
2544 891 2851 959 (namus
2878 892 3117 951 BMG“,
3147 913 3196 952 ε,
3227 899 3298 955 59
3324 915 3343 966 ;
3382 874 3717 958 meum,

422 972 527 1026 cita
558 969 1184 1037 meminitcommisissc,
1214 968 1429 1024 alicitis
1453 968 1619 1023 etiam
1644 966 1861 1022 studeat
1880 966 2002 1022 abs-
2100 979 2194 1037 lib.
2245 997 2307 1050 η’
2351 999 2399 1038 ο,
2437 983 2585 1055 455.)
2615 984 2733 1043 Non
2761 986 2894 1043 licet
2921 990 3292 1050 sacerdotibus
3343 993 3448 1049 vel
3498 994 3721 1051 clericis

423 1063 627 1156 ﬂuere;
666 1070 931 1156 quatenus
956 1063 1186 1156 per-lum
1223 1061 1490 1156 conditori
1532 1059 1997 1156 suofalisfacial:
2102 1073 2283 1145 aliqua
2312 1078 2617 1147 spectacula
2650 1078 2704 1135 in
2748 1081 2950 1153 nuptiis
2994 1082 3079 1138 vel
3104 1084 3382 1141 conviviis
3414 1093 3716 1156 spectare;

422 1154 595 1249 utqui
622 1153 896 1213 commisit
930 1152 1222 1225 prohibita,
1261 1151 1479 1210 sibimet
1501 1151 1782 1209 abscidere
1810 1150 2005 1218 debeat
2102 1165 2196 1221 sed
2226 1174 2461 1236 οροτιθι,
2489 1178 2778 1240 antequam
2816 1150 3186 1244 ingrediantur
3209 1176 3333 1247 ipsa
3364 1150 3719 1249 ερεεωοωθμ

420 1246 583 1302 etiam
597 1261 887 1325 concessa.
1901 1319 1904 1323 ν

1427 1335 1431 1336 ν
1511 1334 1529 1336 ξ
1901 1319 1904 1323 ,
2103 1273 2326 1331 surgere
2347 1270 2402 1316 et
2428 1260 2608 1317 redire
2637 1262 2764 1320 inde
2788 1262 2962 1336 (242).

722 1337 801 1393 De
827 1338 1007 1393 eadem
1031 1354 1104 1392 re.
1135 1335 1221 1390 Ea:
1243 1335 1468 1407 epistola
1498 1334 1705 1390 Leonis.
2103 1350 2183 1408 De
2210 1362 2279 1410 ια

2161 1369 2183 1408 e
2210 1355 2523 1432 temporibus
2566 1334 2847 1432 q_uibus_se
2889 1334 3151 1432 continere
3183 1361 3399 1432 debent
3436 1361 3718 1432 conjugati

491 1427 760 1486 CCCXIX.
790 1428 1033 1501 (Decreta
1059 1427 1255 1484 Lnoms
1282 1426 1326 1493 Ι,
1357 1442 1405 1483 c.
1432 1426 1536 1493 22;
1566 1424 1872 1480 Hannon.
1903 1422 2002 1480 lib.
2313 1422 2400 1480 'ab
2430 1422 2701 1485 uxoribus.
2733 1428 2818 1483 Ea:
2841 1431 3062 1486 concilio
3087 1430 3502 1487 Hetibernensi.

421 1537 502 1587 in,
533 1537 582 1577 c.
616 1521 681 1582 5;
732 1520 827 1577 lib.
860 1536 936 1576 vii
964 1520 1282 1592 Capitular.,
1328 1534 1379 1575 c.
1426 1517 1542 1586 4'5.)
1575 1516 1885 1572 lllicitorum
1916 1529 1978 1570 ve

2177 1514 2542 1573 CCCXXVIII.
2569 1518 2899 1591 (Buncuann.
2928 1522 3021 1577 lib.
3047 1539 3161 1590 XIX,
3189 1538 3240 1580 c.
3266 1522 3439 1595 155.)
3468 1521 3718 1595 Synodus

417 1598 957 1683 niam-postulantem
986 1621 1200 1684 oportet
1249 1612 1413 1667 etiam
1442 1625 1473 1665 a
1502 1609 1664 1666 licitis
1708 1608 2003 1676 abstinere,
2106 1606 2570 1667 Helibernensium
2598 1612 2765 1669 dicit:
2792 1612 2851 1668 In
2885 1612 3056 1670 tribus
3080 1613 3546 1686 quadragesimis
3571 1615 3715 1681 anni,

419 1705 631 1762 dicente
655 1706 912 1778 Apostolo
939 1726 951 1761 :
983 1706 1175 1763 Omnia
1204 1706 1380 1774 licent,
1430 1705 1520 1760 sed
1554 1721 1658 1760 non
1696 1704 1873 1760 omnia
1913 1717 2005 1758 ειυ-
2106 1709 2160 1757 et
2185 1702 2238 1757 in
2262 1702 2348 1758 die
2376 1702 2686 1771 Dominico,
2733 1705 2868 1761 etin
2893 1715 3090 1776 quarta
3123 1705 3261 1764 feria
3287 1714 3349 1764 et
3389 1715 3561 1765 sexta
3586 1706 3716 1761 feria

415 1799 629 1870 pediunt
656 1800 808 1874 (241)
846 1800 901 1873 [I
931 1800 1052 1856 Cor.
1083 1798 1183 1871 vi].
2108 1791 2414 1864 coniugales
2460 1796 2740 1852 continere
2786 1811 2844 1852 se
2892 1797 3109 1854 debent.
3153 1798 3285 1855 Item
3338 1815 3458 1855 nec
3509 1799 3565 1854 in
3616 1798 3719 1853 illis

682 1893 759 1948 De
783 1894 964 1949 eadem
992 1910 1067 1949 re.
1096 1890 1182 1950 Ea:
1206 1892 1427 1948 concilio
1454 1890 1724 1946 Totetano.
2109 1886 2298 1943 diebus
2323 1887 2563 1957 copulari
2592 1889 2831 1960 quandiu
2859 1898 3081 1961 gravata
3122 1889 3287 1947 fuerit
3315 1906 3493 1958 uxor,
3524 1891 3579 1947 id
3606 1898 3713 1955 est,

488 1983 735 2041 CCCXX.
786 1984 1118 2055 (BURCIIARD.
1168 1984 1261 2039 lib.
1312 1998 1427 2048 xix,
1478 1980 1706 2049 c.158.)
1759 1980 1836 2035 Ea
1884 1993 2005 2049 quae
2032 1961 2081 2022 Β
2108 1992 2139 2032 a
2166 1992 2275 2048 quo
2321 1978 2409 2035 die
2435 1979 2578 2036 illius
2621 1980 2674 2035 in
2723 1989 2882 2037 utero
2931 1991 3137 2037 motum
3181 1981 3385 2038 fecerit
3433 1996 3616 2053 usque
3653 1982 3717 2037 ad

422 2078 690 2148 frequenti
727 2078 1173 2149 praevaricatione
1202 2076 1489 2142 iterantur,
1539 2073 1811 2145 frequenti
1837 2071 2003 2129 etiam
2106 2078 2344 2141 partum.
2375 2072 2507 2128 Item
2528 2087 2559 2128 a
2585 2081 2743 2143 partu
2770 2080 2892 2142 post
2916 2066 3134 2147 triginta
3164 2082 3274 2132 tres
3297 2074 3453 2141 dies,
3476 2074 3529 2132 si
3552 2073 3708 2141 tilias,

362 2204 373 2208 ι
419 2170 684 2225 sententia
715 2170 1163 2225 condemnamur.
2107 2162 2154 2216 si
2182 2170 2360 2217 autem
2391 2163 2519 2229 tilia,
2550 2173 2673 2233 post
2699 2164 3091 2237 quinquaginta
3119 2181 3234 2222 sex.

539 2256 699 2333 154
725 2259 799 2316 De
828 2261 1009 2315 eadem
1036 2277 1110 2315 re.
1142 2259 1229 2315 Ex
1258 2258 1411 2313 dictis
1438 2255 1628 2311 Basilii
1652 2256 1897 2326 episcopi.
2362 2254 2522 2328 156
2545 2255 2624 2311 De
2648 2256 2829 2311 eadem
2855 2273 2930 2312 re.
2971 2256 3057 2313 Ea:
3083 2258 3464 2329 panitentiali.
3573 2296 3587 2304 ς

496 2350 772 2410 (ΙΟΟᾹΧΙ.
801 2352 1025 2423 (Regula
1057 2351 1118 2409 S.
1147 2352 1336 2407 Basilii
1360 2368 1408 2404 ο.
1441 2350 1544 2411 27;
1575 2350 1885 2405 Buncnann.
1913 2347 2004 2402 lib.
2181 2346 2505 2403 CCCXXIX.
2575 2347 2847 2405 Uxoratus
2894 2348 3175 2405 contineat
3221 2364 3280 2405 se
3340 2348 3711 2419 quadraginta

420 2461 537 2509 xxx,
565 2461 614 2499 c.
646 2445 760 2516 59.)
788 2444 1146 2501 Pmnitentem
1183 2459 1249 2498 ex
1290 2444 1455 2500 corde
1480 2443 1555 2497 ita
1580 2450 1794 2512 oportet
1839 2440 2011 2496 susci-
2110 2439 2226 2496 dies
2256 2450 2381 2496 ante
2408 2440 2613 2496 Pascha
2659 2451 2713 2497 et
2741 2441 3098 2499 Pentecosten
3125 2483 3139 2508 ,
3189 2456 3284 2499 seu
3340 2452 3482 2499 ante
3526 2441 3709 2498 Natale

421 2550 551 2606 perc
576 2535 715 2591 sicut
740 2534 998 2607 Dominus
1023 2534 1276 2597 ostendit,
1312 2549 1433 2589 cum
1463 2532 1593 2587 dicit
1620 2551 1633 2584 :
1667 2532 1805 2598 Quia
1829 2549 2010 2586 convo-
2112 2531 2347 2597 Domini,
2380 2540 2436 2587 et
2462 2547 2677 2589 omnem
2702 2532 3040 2590 Dominicam
3086 2543 3328 2601 noctem,
3371 2544 3433 2590 et
3464 2544 3707 2605 quartam

420 2630 555 2684 cavit
604 2629 798 2684 amicos
827 2645 950 2683 suos
992 2639 1039 2683 et
1065 2628 1260 2685 vicinos
1290 2627 1471 2681 dicens
1500 2640 1517 2676 :
1546 2622 2010 2695 Congratulamini
2111 2634 2166 2680 et
2203 2633 2413 2679 sextam
2446 2623 2656 2693 feriam,
2690 2634 2747 2680 et
2771 2643 2800 2682 a
2846 2625 3197 2695 conceptione
3227 2624 3592 2681 manifestata
3628 2638 3706 2678 ns-

290 2738 317 2765 o
416 2720 586 2785 mini,
648 2720 774 2790 quia
821 2719 998 2777 inveni
1049 2735 1191 2776 ovem
1244 2733 1413 2773 meam
1464 2731 1624 2787 quam
1676 2714 2008 2785 perdideram
2113 2732 2218 2787 que
2242 2727 2363 2787 post
2386 2724 2570 2772 natam
2597 2716 2858 2773 sobolem.
2889 2716 3039 2773 Uxor
3066 2724 3188 2787 post
3234 2714 3702 2791 natam‘sobolem

420 2809 573 2884 (ιπσσ
604 2809 719 2883 “l-
2113 2811 2381 2868 abstineat
2407 2826 2466 2866 se
2495 2811 2563 2865 ab
2602 2810 2852 2875 ecclesia,
2881 2809 2925 2865 si
2956 2807 3096 2864 illius
3122 2816 3225 2877 est,
3275 2808 3404 2863 dies
3453 2806 3702 2877 triginta;

1043 2900 1197 2957 Unde
1226 2916 1409 2972 supra.
2008 2942 2013 2948 ρ
2114 2903 2159 2959 si
2189 2902 2318 2969 ﬁlia,
2346 2902 2464 2959 dies
2492 2886 2869 2974 quadraginta.
2902 2901 3092 2958 Mulier
3119 2917 3179 2959 se
3201 2901 3489 2958 abstineat
3515 2917 3546 2956 a
3588 2900 3698 2954 viro

493 2991 791 3049 CCCXXII.
819 2992 1042 3065 (Regula
1072 2992 1131 3049 S.
1177 2992 1387 3058 Basilii,
1420 3008 1471 3048 c.
1500 2991 1615 3062 18.)
1641 2990 1906 3048 Aﬂ‘ectum
1935 2989 2005 3044 il-
2115 3003 2228 3051 tres
2256 3010 2473 3051 menses
2503 3004 2631 3051 ante
2672 3005 2909 3065 partum,
2956 3002 3011 3050 et
3039 3002 3160 3066 post
3204 3005 3432 3065 partum
3470 2991 3700 3064 quadra—

419 3102 529 3142 .um
578 3087 632 3141 in
663 3101 722 3144 se
754 3087 984 3158 recipiat
1028 3086 1300 3158 pmnitens
1328 3100 1491 3155 quem
1539 3085 1759 3156 gerebat
1789 3082 1879 3136 ille
1918 3082 2011 3152 qui
2117 3089 2262 3161 ginta
2295 3089 2432 3144 dies.
2482 3087 2588 3156 Qui
2616 3096 2798 3146 autem
2845 3089 3092 3162 nupserit
3119 3089 3205 3146 his
3232 3089 3465 3154 diebus,
3522 3083 3697 3159 viginti

419 3178 671 3236 dicebat:
707 3177 1050 3251 Iniquitatem
1082 3167 1203 3234 odio
1250 3176 1410 3232 habui
1456 3184 1505 3230 et
1537 3174 1869 3231 abominatus
1899 3188 2015 3228 sum
2119 3182 2234 3238 dies
2257 3182 2538 3254 ρωηίιθειι,

426 3268 599 3342 (Psal.
628 3271 840 3342 cxvui).
2043 3329 2085 3347 Α
2534 3344 2539 3347 _
2725 3276 2801 3332 De
2819 3278 3000 3333 eadem
3029 3293 3106 3332 re.

437 3329 627 3431 Qualis
648 3364 714 3419 sit
743 3329 863 3421 vera
885 3363 1209 3435 pmnitentia.
1241 3360 1327 3418 Ea:
1346 3362 1499 3418 dictis
1516 3361 1685 3417 sancti
1710 3358 1989 3431 Augustini

2189 3363 2490 3422 cccxxx.
2518 3329 3120 3439 (Βυιιοιιῇιζιζῖιιιέζέιὲ,
3149 3381 3201 3424 c.
3231 3367 3345 3438 76.)
3375 3366 3483 3435 Qui
3506 3365 3559 3421 in
3584 3376 3696 3433 qua-

487 3457 807 3515 CCCXXIII.
857 3459 1239 3516 Paenitentiam
1289 3467 1495 3516 certam
1552 3473 1659 3513 non
1711 3456 1844 3513 facit
1908 3455 2011 3512 nisi
2114 3456 2421 3528 dragesima
2450 3466 2582 3514 ante
2628 3458 2838 3515 Pascha
2869 3459 3187 3531 cognoverit
3211 3446 3443 3515 nitorem
3480 3469 3627 3511 suam
3646 3459 3693 3507 et

425 3550 607 3607 odium
650 3553 858 3623 peccati
909 3562 964 3610 et
993 3568 1147 3610 amor
1179 3552 1298 3609 Dei.
1328 3552 1556 3621 Quando
1584 3551 1663 3607 sic
1696 3551 1928 3621 pmnites
1956 3557 2016 3604 ut
2115 3548 2351 3605 noluerit
2397 3548 2674 3606 abstinere
2707 3551 2776 3608 ab
2818 3566 2903 3617 ea,
2946 3568 3056 3608 uno
3099 3548 3271 3624 [Edit.
3326 3544 3693 3609 Helmtestad.,

426 3642 527 3700 tibi
563 3658 808 3702 amarum
838 3645 1012 3715 sapiat
1038 3644 1091 3700 in
1140 3645 1323 3701 animo
1354 3644 1497 3715 quod
1544 3652 1706 3698 antea
1736 3641 1890 3700 dulce
1917 3640 2019 3697 fuit
2118 3654 2290 3695 annos
2318 3656 2352 3695 v
2378 3640 2560 3714 poem]
2591 3657 2736 3699 anno
2764 3644 3060 3715 poeniteat,
3100 3652 3204 3717 aut
3232 3645 3478 3715 pretium
3508 3654 3688 3702 suum,

414 3734 483 3790 in
508 3735 638 3800 vita,
660 3744 717 3791 et
744 3735 887 3806 quod
913 3745 967 3792 te
987 3736 1139 3808 prius
1160 3735 1468 3792 oblectabat
1491 3734 1544 3790 in
1570 3748 1818 3804 corpore,
1841 3733 2018 3804 ipsum
2116 3732 2370 3789 videlicet
2414 3733 2604 3806 viginti
2634 3751 2732 3792 sex
2777 3736 3008 3805 solidos,
3053 3738 3121 3793 ad
3145 3737 3433 3794 ecclesiam
3466 3735 3689 3798 tribuat,

424 3834 480 3881 te
503 3825 710 3882 cruciet
734 3826 788 3881 in
812 3825 998 3891 corde,
1029 3835 1158 3884 tunc
1181 3841 1310 3883 vere
1330 3826 1583 3896 ptenites.
2118 3831 2213 3883 aut
2250 3828 2582 3898 pauperibus
2629 3828 2850 3885 dividat.
2885 3827 2941 3885 Si
2988 3844 3089 3901 per
3133 3828 3458 3885 ebrietatem
3503 3836 3557 3883 et
3586 3825 3688 3881 sine

428 3914 624 3983 Quales
652 3932 762 3971 esse
790 3915 1035 3972 debemus
1063 3933 1189 3989 erga
1233 3916 1627 3988 impaenitentes.
1662 3912 1812 3970 Unde
1836 3929 2016 3985 supra.
2120 3920 2512 3977 consuetudine
2538 3920 2813 3985 acciderit,
2866 3922 3223 3992 quadraginta
3278 3921 3397 3979 dies
3423 3919 3687 3993 pmniteat.

498 4009 821 4068 CCCXXW-
867 4010 1093 4082 (Regula
1143 4010 1205 4068 S-
1241 4009 1431 4066 Βαδίίίί
1467 4024 1518 4066 0-
1545 4007 1646 4075 ἳδί
1695 4008 2016 4065 BUBCBARD-
2123 4010 2277 4080 Quod
2307 4021 2428 4067 ante
2477 4013 2891 4069 communionem
2921 4013 3175 4071 abstinere
3200 4014 3349 4070 debet
3393 4032 3428 4070 a
3467 4011 3683 4082 conjuge.

426 4104 520 4160 lib.
550 4119 667 4171 XIX,
701 4119 751 4162 c.
781 4103 898 4176 64.)
932 4104 1074 4176 Erga
1111 4120 1235 4162 eum
1276 4104 1369 4176 qui
1396 4118 1494 4174 pro
1520 4110 1743 4174 peccato
1770 4114 1876 4155 non
1901 4113 1983 4170 p03

2191 4101 2513 4161 CCCXXXI.
2550 4102 2877 4175 (Buncnsun.
2906 4104 3001 4162 lib.
3032 4121 3090 4174 v,
3117 4120 3165 4162 c.
3189 4104 3306 4177 22.)
3330 4105 3520 4163 Omnis
3546 4102 3686 4157 homo

426 4194 562 4251 nitet
591 4194 727 4253 tales
752 4211 874 4253 esse
902 4196 1158 4253 debemus
1195 4196 1335 4252 sicut
1371 4195 1633 4251 Dominus
1656 4191 1914 4265 praecepit
1941 4189 2023 4246 di-
2122 4203 2250 4252 ante
2280 4209 2488 4252 sacram
2517 4197 2952 4252 communionem
3002 4212 3032 4251 ει
3063 4197 3282 4268 propria
3331 4210 3505 4253 uxore
3533 4190 3684 4249 absti-

426 4300 600 4344 cens:
643 4285 728 4343 δίε
775 4287 869 4343 tibi
913 4288 1047 4343 sicut
1091 4286 1301 4360 gentilis
1342 4295 1391 4342 et
1431 4285 1743 4358 publicanus
1788 4281 2019 4357 (Matth.
2123 4303 2255 4346 nere
2278 4288 2435 4345 debet
2457 4304 2550 4355 vn,
2584 4298 2679 4345 aut,
2702 4305 2752 4354 γ,
2788 4298 2882 4346 aut,
2909 4305 2969 4346 ιιι
2994 4290 3130 4348 dies.

429 4379 622 4449 xvm);
653 4389 706 4435 et
732 4380 878 4437 sicut
921 4377 1423 4450 Apostolusjubet:
1460 4376 1784 4441 Subtrahitc,
1823 4373 2018 4445 inquit,
2123 4378 2204 4438 De
2226 4379 2446 4452 eulogit's
2491 4380 2683 4452 popqu
2727 4382 3081 4506 al‘yresbytero
3110 4382 3324 4439 dandis.
3374 4379 3461 4436 Ex
3486 4372 3682 4434 concilio

437 4488 525 4506 ..ιη
553 4471 617 4506 ηι.
645 4472 786 4506 η...υῆ
816 4470 976 4506 tu"...
998 4472 1298 4506 εηηνιιεηηη
1319 4467 1619 4506 ιιηιΙηιΙηηΙο
1642 4474 1690 4506 οι
1714 4481 1820 4506 ηηη
1843 4480 2027 4506 smnus.
2812 4462 3099 4506 anitatenst.

437 4488 525 4526 vos
552 4471 617 4526 ab
644 4472 787 4526 omni
812 4470 976 4540 fratre
998 4472 1298 4527 inordinate
1318 4467 1619 4524 ambutante
1641 4474 1690 4521 et
1714 4481 1820 4520 non
1843 4480 2027 4520 secun-
2756 4462 3099 4508 Nanttetenst.

430 4563 554 4617 dum
605 4536 944 4617 traditionem
968 4578 1127 4633 quam
1176 4560 1373 4615 tradidi
1398 4559 1537 4613 vobis
1588 4555 1673 4627 (ΙΙ
1704 4554 1884 4611 Thess.
1912 4552 1987 4627 ιιι]

2195 4541 2538 4600 CCCXXX“.
2571 4542 2796 4617 (Concit.
2825 4543 3061 4600 Nannet.
3092 4559 3143 4601 c.
3170 4544 3237 4633 9g;
3272 4546 3574 4601 Buncnsun.
3595 4536 3673 4591 lib.

774 4648 841 4706 Ut
863 4630 1039 4705 clerici
1063 4668 1170 4706 non
1195 4650 1436 4705 intersint
1466 4648 1683 4718 nuptiis.
1846 4739 1863 4753 Δ
1975 4739 1988 4753 Ι
2053 4691 2107 4753 D
2128 4652 2187 4704 νυ
2208 4651 2265 4753 ξε
2291 4636 2408 4753 2⁷1)
2457 4636 2526 4694 Ui
2568 4639 2635 4695 de
2678 4637 3041 4753 Oﬁllaliomws
3067 4630 3676 4753 qu3.°m:r‘1""“':am;
3706 4716 3711 4721 .

501 4742 800 4800 CCCXXV.
849 4741 1049 4800 Conril.
1111 4741 1340 4800 Venetia.
1395 4757 1445 4798 c.
1480 4742 1581 4809 11;
1629 4756 1776 4796 conc.
1827 4739 2023 4811 Agath.
2053 4722 2107 4753 ”
2130 4730 2291 4803 pulo,
2334 4738 2391 4786 et
2435 4731 2830 4788 consecrationi
2872 4740 3180 4804 supersunt,
3236 4731 3322 4788 vel
3366 4734 3433 4788 de
3477 4722 3678 4800 panibus

432 4848 549 4905 cap.
587 4835 689 4900 59;
722 4832 1035 4890 Buncuaau.
1065 4833 1160 4890 lib.
1188 4850 1230 4889 II
1250 4874 1268 4900 ,
1301 4848 1352 4889 c.
1380 4830 1532 4903 154.)
1556 4828 1889 4903 Presbyteri,
1912 4828 2029 4886 dia—
2131 4835 2267 4892 quos
2293 4819 2526 4878 οίΐθΐυιιι
2571 4822 2759 4878 ﬁdeles
2783 4822 2853 4878 ad
2887 4821 3045 4894 157
3072 4822 3383 4891 ecclesiam,
3403 4818 3507 4875 'vel
3550 4816 3675 4905 certe

434 4902 580 4990 coni,
613 4924 956 4991 subdiaconi,
988 4923 1145 4996 155
1175 4902 1539 4995 veldeinceps
1565 4902 1764 4993 quibus
1793 4919 2026 4978 ducendi
2130 4914 2199 4971 de
2237 4913 2368 4980 suis,
2413 4914 2697 4986 presbyter
2722 4914 3114 4971 convenienter
3149 4912 3334 4984 partes
3372 4910 3563 4999 incisas
3598 4902 3677 4999 ha:

436 5031 634 5075 uxores
660 5033 768 5075 non
801 5028 885 5075 est
910 5018 1149 5086 licentia,
1178 5020 1341 5075 etiam
1369 5017 1670 5075 alienarum
1707 5018 2023 5088 nuptiarum
2129 5003 2252 5060 beat
2281 5003 2335 5061 in
2359 5018 2489 5098 i389
2516 5004 2797 5098 nitidos“
2821 5013 2947 5076 Ροει
2970 5003 3261 5098 mis-9m“!
3287 4998 3573 5098 5919mm“:

437 5112 641 5168 evitent
672 5110 945 5180 convivia,
991 5081 1167 5181 neque
1213 5109 1297 5166 his
1344 5108 1578 5166 coetibus
1626 5081 2027 5164 admisceantur
2129 5094 2531 5152 communicare
2566 5111 2673 5153 ηοῐι
2702 5093 2922 5151 mem!“
2946 5093 3145 5166 Parati.
3174 5093 3413 5165 eulosias
3440 5085 3576 5147 θωπί
3600 5081 3671 5181 (δέ

434 5205 527 5261 ubi
555 5204 819 5262 amatoria
861 5177 1154 5261 captantur
1171 5198 1235 5260 et
1276 5201 1479 5274 turpia,
1515 5209 1610 5257 aut
1635 5200 1858 5257 obsceni
1910 5215 1991 5257 mc

2134 5184 2415 5243 Dominico
2453 5197 2510 5244 et
2554 5189 2611 5245 in
2654 5189 2844 5246 diebus
2887 5188 3043 5246 festis
3085 5187 3284 5244 exinde
3308 5183 3591 5274 accipiant;
3625 5177 3670 5228 ει

439 5305 528 5355 tus
552 5311 839 5368 corporum
868 5294 1052 5353 choris
1091 5302 1147 5352 et
1171 5269 1551 5352 saltationibus
1578 5290 1914 5357 eﬁ‘eruntur;
1959 5305 2031 5348 ne
2134 5280 2225 5336 illa
2252 5280 2394 5336 unde
2422 5280 2665 5353 eulogias
2683 5282 2971 5353 presbyter
2999 5281 3233 5339 daturus
3258 5287 3345 5339 est
3367 5284 3489 5336 ante
3508 5273 3559 5331 in
3576 5269 3670 5327 1120

442 5387 660 5446 auditus
683 5396 740 5445 et
783 5389 1006 5445 obtutus
1032 5386 1206 5443 sacris
1250 5383 1524 5458 mysteriis
1570 5383 1865 5454 deputatus
1907 5388 2028 5434 tur-
2128 5373 2295 5431 verba
2318 5372 2644 5432 benedicat:
2708 5383 2715 5392 ‘

435 5479 587 5551 pium
647 5479 1077 5550 spectaculorum
1124 5488 1288 5552 atque
1354 5475 1646 5533 verborum
1705 5471 2028 5547 contagione
2813 5482 3031 5527 curio.
3472 5510 3481 5513 -

438 5546 769 5640 polluantur.
1197 5546 1215 5552 ⁷

2203 5557 2534 5630 (Buacnum.
2561 5558 2657 5615 lib.
2694 5574 2748 5628 v,
2770 5573 2820 5617 c.
2855 5559 2973 5633 28.)
3016 5560 3245 5618 Domine
3288 5566 3486 5623 sancte,
3522 5546 3666 5640 Pater

510 5660 592 5717 De
618 5660 801 5717 eadem
827 5678 902 5718 re.
933 5661 1019 5718 Ea:
1041 5661 1264 5719 concilio
1294 5660 1717 5734 Moguntiaccnsi
1741 5677 1858 5732 cap.
1889 5660 1981 5717 39.
2010 5722 2017 5727 I
2132 5647 2492 5718 omnipotens,
2521 5657 2725 5706 aeterne
2756 5649 2919 5718 Deus,
2945 5652 3266 5709 benedicere
3301 5644 3524 5722 digneris
3550 5638 3664 5734 hunc

510 5751 833 5812 CCCXXV'I.
864 5754 1198 5827 (Burmann.
1229 5755 1323 5812 lib.
1356 5728 1417 5824 ut,
1461 5770 1512 5812 c.
1545 5753 1698 5828 152.)
1735 5728 1939 5821 Quibus
1966 5752 2029 5809 li-
2134 5756 2330 5818 panem
2368 5754 2461 5802 tua
2515 5753 2703 5803 sancta
2731 5755 2786 5806 et
2819 5744 3085 5820 spirituali
3126 5743 3510 5806 benedictione,
3534 5738 3582 5788 υι
3606 5728 3663 5780 5"

513 5868 667 6013 E2“;
695 5868 833 5952 vide
857 5868 1070 5925 Rabani
1096 5870 1383 5941 epistolam
1408 5871 1477 5930 ad
1520 5868 1873 5930 Heribaldum
1915 5865 2460 5935 Autissiodurensem,
2490 5877 2613 5940 cap.
2641 5862 2727 5920 15.

535 5938 643 5997 212
696 5938 830 6002 Vide
858 5955 1023 6013 supra
1047 5955 1170 6013 cap.
1193 5939 1321 6001 215.
1464 5963 1496 5976 --

535 5938 667 6013 212)
696 5938 830 6002 Vide
858 5955 1023 6015 supra
1047 5938 1170 6013 cap.
1193 5939 1321 6001 215.
1464 5963 1496 5976 --
