3944 6474
271 434 400 524 ’257

1219 463 1306 521 DE
1341 460 1621 522 ECCLES.
1660 458 1944 520 DISCIPL.
1982 460 2166 520 LIBRI
2189 461 2348 522 DUO.
2381 495 2452 510 —
2488 465 2617 525 LIB.
2649 467 2693 523 1.

3443 473 3554 533 258

279 580 544 640 omnibus
569 577 715 637 salus
740 579 937 636 mentis
960 587 1015 636 ct
1045 582 1308 652 corporis,
1338 592 1500 652 atque
1539 589 1729 638 contra
1747 595 1869 637 om-
1895 591 1952 652 Α
1970 596 2124 653 quem
2149 581 2360 648 videris,
2393 584 2485 639 sed
2508 584 2564 639 in
2594 585 2707 640 loco
2729 597 2882 655 quem
2908 583 3059 657 elegit
3108 563 3368 646 Dominus
3411 589 3557 650 Deus
3633 567 3643 576 ’

281 689 388 730 nes
427 674 645 728 morbos
684 680 742 726 et
779 671 1058 728 universas
1099 672 1439 728 inimicorum
1461 673 1684 729 insidias
1724 681 1870 728 tuta-

280 771 553 821 mentum.
593 761 700 818 Per
740 762 1025 818 Dominum
1072 771 1318 826 nostrum
1355 761 1542 819 Jesum
1595 761 1868 818 Christum

277 855 484 912 Filium
516 864 687 920 tuum,
715 869 912 925 panem
931 854 1074 921 vitae,
1104 855 1198 925 qui
1231 854 1298 911 de
1324 852 1783 919 cmlo'descendit,
1812 860 1868 907 et

276 948 380 1004 dat
427 947 596 1004 vitam
637 954 696 1002 et
736 945 964 1004 salutem
1009 946 1264 1014 mundo,~
1294 953 1352 1002 et
1397 953 1579 1002 tecum
1627 942 1762 999 vivit
1810 952 1867 998 et

419 1049 496 1095 at.

419 1054 496 1095 at.

241 1179 248 1184 .
276 1054 746 1187 reg’li-ovidendum
771 1135 856 1186 est
881 1136 1063 1186 autem
1083 1141 1155 1185 ne
1185 1127 1340 1186 mica:
1364 1126 1579 1184 incaute
1605 1125 1857 1183 deﬂuant.

275 1243 349 1302 Ut
371 1244 656 1316 presbyteri
679 1259 800 1300 cum
832 1243 972 1300 stola
1011 1243 1278 1325 incedant.
1318 1240 1405 1297 Ea:
1433 1241 1632 1314 synodo
1669 1238 1860 1293 Tribu-

976 1330 1153 1368 rtenst.

345 1404 710 1463 CCCXXXIII.
746 1404 820 1463 Ut
860 1405 1161 1478 presbyteri
1209 1418 1317 1460 non
1345 1403 1546 1459 vadant
1581 1401 1687 1458 nisi
1723 1401 1861 1458 stola

268 1499 360 1556 vel
380 1483 563 1556 orario
597 1500 788 1556 induti.
814 1499 883 1555 Et
910 1499 955 1555 si
981 1499 1039 1556 in
1066 1499 1260 1554 itinere
1283 1496 1585 1568 presbyteri
1622 1493 1862 1566 spolian-

271 1603 364 1648 tur
386 1594 475 1649 vel
499 1593 850 1649 vulnerantur
877 1599 971 1648 aut
989 1591 1311 1648 occiduntur
1340 1607 1447 1647 non
1473 1590 1613 1646 stola
1657 1588 1859 1653 vestiti,

267 1686 505 1756 simplici
542 1685 914 1742 emendatione
931 1684 1052 1755 [sua
1081 1684 1374 1741 solvantur.
1415 1682 1474 1739 Si
1523 1689 1705 1740 autem
1739 1696 1862 1739 cum

269 1778 434 1844 stola,
470 1775 773 1848 tripliciter.

447 1888 526 1943 De
560 1888 740 1942 eadem
775 1903 850 1942 re.
879 1886 968 1942 Ea:
1005 1885 1223 1942 concilio
1248 1883 1686 1957 Moguntiacensi.

1975 682 2115 728 tuus.
2143 672 2322 744 (Deut.
2364 675 2488 742 xu.)
3071 750 3074 752 γ

1975 762 2074 818 Ubi
2097 765 2163 819 sit
2187 763 2353 820 Missa
2377 765 2706 822 celebranda.
2730 766 2817 822 Ea:
2857 767 3076 824 concilio
3095 770 3266 825 sancti
3293 768 3558 833 Silvestri.

2042 855 2285 914 CCCXL.
2314 857 2433 914 Lib.
2458 874 2511 913 vt
2535 857 2827 928 Capitular.
2856 876 2906 916 e.
2934 861 3081 934 198.)
3109 861 3178 918 Ut
3197 863 3376 921 nullus
3402 881 3556 936 pres-

1965 943 2123 1018 byter
2159 947 2379 1001 missam
2443 946 2717 1003 celebrare
2766 959 3059 1018 praesumat
3090 951 3197 1008 nisi
3225 952 3280 1008 in
3324 957 3578 1012 sacratist

1963 1034 2035 1089 ab
2062 1033 2315 1105 episcopo
2352 1034 2506 1104 locis,
2555 1037 2648 1108 qui
2681 1037 2766 1093 sui
2793 1039 3064 1112 particeps
3091 1043 3161 1098 de
3206 1051 3411 1101 caetero
3450 1061 3550 1102 νο-
3639 1089 3653 1109 κ

1962 1123 2128 1208 luerit
2151 1139 2273 1182 esse
2297 1127 2585 1184 sacerdotii
2619 1127 2792 1201 (246).

1963 1233 2032 1290 Ut
2055 1235 2118 1292 de
2138 1236 2352 1292 decimis
2371 1246 2599 1308 quatuor
2622 1238 3058 1362 ῤηῖιὲρρτιίοηεε.
3075 1236 3163 1296 Ex
3181 1246 3388 1314 synodo
3407 1243 3549 1300 ’νηη-

2679 1325 2707 1362 e
2759 1325 2861 1362 nsi.

2644 1324 2861 1364 netcnst.

2031 1397 2294 1455 CCCXL].
2355 1397 2581 1470 (Concil.
2615 1398 2849 1456 Nannet.
2883 1415 2934 1458 c.
2964 1401 3064 1470 10;
3095 1403 3188 1459 lib.
3218 1418 3294 1460 vu
3324 1404 3546 1476 Capitu-

1961 1487 2062 1543 lar.
2093 1504 2142 1544 c.
2169 1489 2312 1552 290;
2361 1489 2673 1546 BURCHARD.
2701 1489 2795 1546 lib.
2828 1506 2915 1558 tn,
2958 1506 3012 1549 c.
3053 1493 3202 1565 158.)
3243 1494 3543 1550 lnstrucndi

1962 1585 2090 1632 sunt
2114 1576 2419 1651 presbyteri
2442 1578 2757 1650 pariterque
2799 1580 3122 1637 admonendi
3150 1591 3412 1652 quatenus
3449 1597 3547 1639 no-

1963 1669 2140 1726 verint
2164 1669 2404 1726 decimas
2430 1678 2491 1726 et
2529 1671 2833 1729 oblationes
2863 1687 3002 1743 quas
3052 1689 3084 1729 a
3112 1674 3360 1733 ﬁdelibus
3404 1677 3545 1733 acci-

1961 1760 2136 1831 piunt,
2161 1774 2458 1832 pauperum
2485 1771 2542 1819 et
2573 1763 2847 1833 hospitum
2895 1771 2952 1820 et
2974 1766 3393 1836 peregrinorum
3423 1783 3545 1825 esse

1963 1850 2255 1921 stipendia,
2284 1860 2341 1907 et
2368 1867 2474 1907 non
2499 1854 2656 1923 quasi
2696 1845 2810 1910 suis
2833 1855 2932 1910 sed
2969 1857 3131 1926 quasi
3177 1859 3540 1914 commendati

340 1942 712 2034 cchxxrv.
744 1973 971 2048 (Concil.
1005 1973 1247 2046 Mogunt.
1287 1942 1403 2029 sub.
1432 1972 1559 2029 Car.
1592 1973 1670 2028 Μ.
1693 1990 1740 2029 ο.
1761 1973 1854 2042 28;
1885 1961 1935 2023 Β
1961 1942 2062 2048 “fi,
2088 1943 2156 2000 σε
2174 1944 2368 2048 quibus
2390 1946 2642 2048 omnibuf
2673 1945 2941 2048 sciam}?
2977 1949 3242 2048 ιἀιίριξοξξι
3271 1951 3429 2023 160
3447 1964 3545 2020 po-

265 2068 363 2123 lib.
391 2085 424 2122 v
471 2065 759 2138 Capitular.
787 2081 838 2121 c.
862 2065 1043 2138 81,)et
1065 2065 1158 2121 lib.
1183 2079 1257 2131 v1,
1283 2079 1348 2120 c.
1371 2063 1513 2130 169;
1544 2063 1849 2119 BURCBARD.

263 2158 365 2214 lib.
388 2173 449 2222 η,
486 2136 554 2213 c.
578 2155 724 2226 101.)
747 2136 1055 2227 Presbytbri
1094 2156 1213 2211 sine
1259 2154 1662 2210 intermissione
1693 2163 1852 2210 utan-

266 2261 357 2306 tur
379 2249 594 2317 orariis,
625 2257 846 2321 pr0pter
887 2247 1249 2306 differentiam
1295 2247 1645 2306 sacerdotalis
1679 2247 1854 2319 digni-

227 2383 241 2390 κ
263 2339 416 2395 tatis.

266 2433 434 2505 158
473 2431 557 2488 Ne
593 2432 767 2488 clerici
806 2432 1077 2505 (aientibus
1125 2431 1415 2487 induantur
1473 2429 1717 2486 vestibus.
1765 2427 1851 2484 Ea:

781 2503 1000 2560 concilio
1020 2518 1123 2574 quo
1150 2519 1331 2573 supra.

337 2592 682 2650 CCCXXXV.
713 2593 1044 2666 (Βυὶιειωω.
1074 2594 1167 2650 lib.
1194 2608 1254 2660 ll,
1283 2607 1333 2648 c.
1366 2590 1515 2664 208.)
1543 2589 1614 2647 Ut
1640 2589 1844 2646 laicali-

260 2686 366 2742 bus
392 2685 739 2741 vestimentis
770 2684 954 2742 clerici
982 2700 1089 2741 non
1118 2691 1361 2750 utantur,
1391 2682 1444 2737 id
1469 2689 1570 2748 est,
1615 2680 1846 2736 mantel-

259 2779 376 2833 lum
405 2777 487 2832 vel
510 2788 708 2834 cottam
745 2778 863 2834 sine
903 2793 1092 2849 cappa,
1124 2791 1224 2834 nec
1261 2775 1516 2847 pretiosis
1556 2784 1610 2831 et
1648 2773 1846 2844 ineptis

259 2869 630 2925 calciamentis
657 2877 714 2924 et
747 2868 868 2924 aliis
894 2869 1194 2924 novitatum
1231 2866 1582 2934 vanitatibus,
1617 2865 1714 2922 sed
1755 2880 1841 2920 re-

259 2957 455 3030 ligioso
484 2970 540 3016 et
558 2960 770 3016 decenti
793 2961 980 3016 habitu
1001 2961 1256 3017 incedant
1277 2959 1448 3032 (245).

257 3069 341 3125 De
387 3070 670 3126 eadem‘re.
720 3068 805 3126 Ea:
848 3071 1450 3197 concilio‘i‘tdrisphach
1484 3071 1542 3126 in
1561 3069 1839 3141 Bajoaria,

935 3157 1047 3197 can.
1154 3181 1169 3197 .

935 3157 1047 3212 cap.
1078 3157 1169 3197 st.

331 3230 700 3290 CCCXXXVI.
733 3231 804 3290 Ut
822 3230 1002 3288 nullus
1028 3230 1256 3290 clericus
1275 3232 1598 3289 vestimenta
1628 3231 1839 3287 laicalia

258 3334 472 3397 portet;
509 3340 611 3381 nec
633 3339 806 3392 arma,
846 3327 951 3384 nisi
973 3334 1184 3384 tantum
1217 3325 1361 3396 quod
1399 3324 1567 3396 ipsius
1595 3323 1840 3395 religioni
1866 3330 1912 3394 ί]

259 3421 472 3483 deceat,
503 3417 726 3474 induere
744 3429 1054 3489 praesumat.

444 3507 524 3562 De
557 3508 737 3562 eadem
763 3525 838 3564 re.
875 3507 962 3565 Ea:
980 3507 1199 3564 concilio
1225 3506 1646 3577 Carthaginensi.

325 3597 720 3655 CCCXXXV’II.
777 3596 996 3670 (Concil.
1043 3599 1292 3669 Carthag.
1336 3613 1411 3662 Iv,
1450 3611 1500 3652 c.
1548 3589 1655 3662 45‘;
1700 3594 1842 3651 Bun-

252 3706 452 3748 cuann.
485 3690 578 3745 lib.
611 3705 674 3757 ll,
700 3704 748 3746 c.
788 3688 938 3761 209.)
964 3688 1204 3745 Clericus
1246 3686 1640 3758 professionem
1686 3699 1840 3740 suam

253 3783 423 3838 etiam
451 3781 638 3836 habitu
669 3789 725 3837 et
755 3779 971 3837 incessu
992 3780 1202 3854 probet.
1229 3778 1298 3835 Et
1334 3777 1454 3836 ideo
1477 3791 1578 3834 nec
1601 3776 1838 3832 vestibus

253 3889 361 3932 nec
382 3873 752 3931 calciamentis
777 3874 1030 3932 decorem
1052 3882 1282 3946 quaerat.

256 3984 344 4042 Ne
389 3987 674 4058 presbyteri
716 4001 808 4057 per
848 3987 1082 4058 pretium
1116 3985 1383 4058 ecclesias
1417 3985 1704 4043 obtineant.
1751 3983 1838 4038 Ea:

709 4056 929 4112 Concilio
968 4056 1404 4128 Moguutiacensi.

324 4146 742 4207 CCCXXXVIII.
773 4147 955 4218 (ﬁam,
982 4148 1132 4220 epist.
1163 4149 1232 4202 ad
1276 4147 1461 4202 Herib.
1502 4148 1604 4212 id.,
1654 4160 1706 4202 c.
1736 4146 1834 4211 19;

255 4243 568 4300 BURCBARD.
599 4240 698 4296 lib.
725 4254 810 4307 tu,
835 4254 886 4296 c.
916 4240 1064 4310 110.)
1093 4239 1407 4311 Quicunque
1438 4240 1722 4310 presbyter
1741 4253 1837 4308 per

255 4335 488 4405 pretium
525 4331 814 4389 ecclesiam
840 4330 1003 4387 fuerit
1037 4331 1283 4401 adeptus,
1327 4329 1650 4385 omnimodis
1674 4329 1835 4397 depo-

255 4435 458 4481 natur:
490 4425 746 4495 quoniam
779 4431 968 4479 contra
1010 4421 1391 4485 ecclesiasticae
1435 4418 1634 4490 regulae
1676 4418 1837 4474 disci-

255 4517 459 4589 plinam
518 4529 679 4585 agere
725 4514 1058 4586 dignoscitur
1101 4513 1194 4585 qui
1247 4512 1416 4568 alium
1460 4510 1835 4582 presbyterum

255 4605 497 4677 legitime
521 4605 589 4660 ad
609 4603 892 4660 ecclesiam
917 4603 1226 4659 ordinatum
1244 4616 1343 4674 per
1363 4600 1644 4672 pecuniam
1667 4614 1833 4669 expu-

256 4696 404 4763 lerit,
431 4711 660 4766 eamque
681 4697 783 4753 sibi
815 4695 996 4751 taliter
1019 4695 1371 4752 vindicaverit
1402 4693 1572 4759 (244).

263 4807 424 4882 159
458 4809 612 4877 Quod
653 4825 758 4882 non
807 4810 994 4882 ubique
1026 4807 1349 4882 sacriﬁcium
1392 4807 1459 4861 sit
1491 4805 1838 4875 o/ferendum.

645 4879 732 4934 Ea:
759 4878 974 4951 epistola
1002 4879 1240 4934 Anacteti
1267 4893 1437 4949 papae.

328 4967 702 5027 CCCXXXIX.
729 4955 882 5041 (245)
922 4967 1243 5024 Sacerdotes
1267 4961 1482 5038 quando
1509 4967 1837 5033 sacriﬁcant,

262 5076 368 5115 non
400 5060 500 5116 soli
529 5061 631 5116 hoc
658 5075 814 5130 agere
853 5059 1071 5126 debent,
1103 5060 1198 5116 sed
1243 5069 1410 5117 testes
1457 5075 1640 5116 secum
1681 5060 1837 5115 adhi-

246 5154 446 5232 {beanL
500 5162 562 5208 ut
606 5153 716 5209 Deo
768 5151 1006 5224 perfecte
1051 5153 1106 5209 in
1164 5156 1391 5210 sacratis
1436 5153 1664 5209 Domino
1705 5154 1835 5210 locis

245 5245 571 5320 {sacriﬁcare
619 5245 936 5316 probentur.
963 5245 1056 5302 Ait
1083 5260 1317 5316 namque
1358 5247 1652 5302 auctoritas
1703 5245 1836 5315 legis

245 5328 496 5394 idivinm:
536 5336 668 5392 Vide
690 5353 753 5393 ne
776 5337 967 5408 offeras
995 5337 1301 5393 holocausta
1339 5346 1432 5392 tua
1465 5340 1522 5392 in
1554 5337 1698 5393 omni
1723 5337 1836 5391 loco

247 5526 492 5632 ,ἀρ-ξΞῇ
512 5527 648 5632 nge
675 5527 986 5600 Capimlare
1009 5530 1274 5603 Ahytonis
1299 5530 1534 5605 episcopi
1568 5531 1837 5590 Basilecn-

246 5599 644 5752 ξδ’δξὲξξῗῖέιῗέ
668 5685 851 5742 supra.
881 5687 1002 5744 cap:

354 5739 484 5816 2b.?)
520 5739 649 5816 Yide
676 5739 1020 5816 su‘pralcapp.
1045 5745 1150 5800 152
1176 5753 1233 5801 ct
1260 5745 1380 5801 191.

516 5811 690 5894 Caput
718 5810 860 5894 istud
886 5810 1116 5894 babetur
1144 5816 1434 5894 inepilogo
1460 5830 1619 5894 quem
1645 5825 1840 5894 vocant

266 5881 475 5939 concilii
521 5881 781 5950 Romani,
826 5888 924 5942 sub
964 5902 1100 5954 pupa
1158 5881 1416 5943 Silvestre
1459 5881 1737 5952 celebrati,
1785 5896 1839 5942 ct

1954 2036 2160 2092 situros
2193 2037 2251 2093 in
2280 2048 2576 2110 conspectu
2601 2038 2719 2107 Dei,
2746 2047 2803 2096 et
2827 2040 2934 2096 nisi
2959 2054 3052 2098 eas
3078 2041 3310 2098 ﬁdeliter
3334 2058 3539 2115 paupe-

1954 2123 2106 2179 ribus
2148 2132 2205 2179 et
2248 2124 2333 2180 bis
2369 2125 2462 2196 qui
2514 2125 2785 2196 praemissi
2833 2137 2961 2184 sunt
3015 2129 3538 2198 administraverint,

1952 2212 2146 2270 damna
2180 2214 2461 2284 patiendos
2505 2214 2645 2289 [cod.
2684 2232 2809 2283 ms.,
2849 2215 3164 2286 faciendos;
3214 2219 3373 2274 editio
3432 2217 3541 2275 Sir-

1949 2307 2147 2374 mondi,
2170 2307 2471 2381 passuros].
2505 2308 2751 2376 Qualiter
2777 2324 2911 2366 vero
2941 2311 3241 2382 dispensari
3279 2311 3536 2375 debeant,

1947 2411 2183 2454 canones
2212 2399 2386 2456 sancti
2413 2399 2739 2466 instituunt;
2771 2400 2978 2456 scilicet
3019 2408 3079 2456 ut
3107 2409 3336 2470 quatuor
3356 2409 3540 2469 partes

1947 2488 2072 2545 inde
2116 2489 2269 2557 liant,
2308 2504 2414 2545 una
2462 2491 2529 2545 ad
2573 2490 2839 2546 fabricam
2881 2491 3122 2548 ecclesia:
3165 2491 3534 2556 relevandam,

1947 2580 2117 2638 altera
2169 2581 2495 2652 pauperibus
2543 2580 2952 2649 distribuenda,
3004 2582 3162 2638 tertia
3217 2585 3536 2653 presbytero

1945 2687 2066 2729 cum
2109 2673 2221 2729 suis
2263 2673 2476 2729 clericis
2524 2673 2794 2741 habenda,
2833 2683 3026 2744 quarta
3071 2674 3324 2746 episcopo
3362 2689 3537 2730 reser-

1945 2762 2144 2831 vanda,
2177 2771 2238 2820 ut
2262 2763 2525 2834 quidquid
2551 2763 2749 2820 exinde
2767 2762 3010 2834 jusserit,
3037 2765 3289 2836 prudenti
3311 2764 3538 2822 consilio

1943 2855 2061 2912 ﬁat.

1943 2946 2001 3003 Si
2025 2949 2294 3020 episcopus
2340 2957 2432 3003 aut
2477 2949 2742 3020 presbyter
2792 2965 2905 3004 rem
2954 2947 3184 3020 ecclesia:
3230 2963 3535 3020 quocunque

2013 3017 2217 3101 ingenio
2261 3017 2494 3076 alienare
2534 3017 2941 3093 prtésumpserit.
2999 3017 3086 3074 Ex
3134 3017 3355 3075 concilio
3400 3017 3537 3073 Bra-

2013 3105 2072 3144 ca
2079 3107 2233 3145 renst.

2011 3179 2295 3237 CCCXLIL
2327 3182 2555 3253 (Concil.
2601 3183 2829 3239 Bracar.
2875 3197 2939 3249 ll,
2977 3196 3026 3239 c.
3062 3179 3164 3250 17;
3218 3180 3527 3238 Bonarum).

1943 3272 2038 3330 lib.
2062 3289 2146 3342 ιιι,
2179 3291 2228 3330 c.
2277 3275 2425 3346 179.)
2473 3275 2529 3332 Si
2559 3276 2681 3348 quis
2704 3276 2989 3348 presbyter
3015 3283 3110 3330 aut
3143 3273 3404 3330 diaconus
3449 3275 3532 3328 in-

1942 3373 2133 3419 ventus
2166 3363 2330 3419 fuerit
2355 3365 2422 3420 de
2466 3366 2784 3422 ministeriis
2805 3364 3048 3421 ecclesiae
3084 3363 3284 3434 aliquid
3329 3378 3535 3419 venun~

1941 3457 2117 3522 dasse,
2166 3458 2294 3528 quia
2345 3457 2688 3529 sacrilegium
2738 3457 3025 3521 commisit,
3063 3457 3264 3526 placuit
3309 3469 3432 3510 eum
3476 3454 3530 3508 in

1939 3549 2280 3605 ordinatione
2317 3549 2559 3612 ecclesiae
2599 3563 2708 3605 non
2749 3548 2957 3604 haberi.
3002 3546 3062 3602 In
3089 3546 3293 3618 judicio
3349 3553 3530 3601 tamen

1940 3639 2175 3710 episcopi
2204 3639 2580 3696 dimittendum
2619 3647 2704 3695 est
2746 3639 2862 3715 sive
2899 3636 3092 3710 dignus
3128 3637 3197 3693 sit
3237 3636 3353 3692 sive
3390 3635 3530 3690 indi-

1941 3745 2079 3801 gnus
2104 3731 2162 3786 iu
2188 3745 2286 3786 suo
2307 3730 2474 3802 recipi
2503 3731 2692 3802 gradu.

1942 3843 2009 3900 Ut
2063 3847 2194 3930 nulli
2226 3846 2441 3930 praesuli
2464 3844 2843 3930 possessionem
2894 3860 3140 3930 magnam
3177 3843 3253 3930 vel
3310 3857 3528 3930 parvam

2007 3913 2236 3988 ecclesiis
2272 3917 2426 3972 liceat
2457 3913 2514 3972 in
2553 3929 2856 3988 perpetuum
2900 3913 3151 3973 alienare.
3191 3913 3276 3970 Ea:
3311 3913 3526 3969 decretis

2011 3987 2317 4057 Symmachi
2345 4005 2515 4060 papte.

2007 4100 2321 4160 CCCXLUJ.
2353 4100 2578 4174 (Concit.
2614 4100 2840 4157 Roman.
2894 4113 2981 4164 in,
3036 4097 3131 4152 sub
3187 4094 3524 4166 Symmacho,

1935 4211 1985 4251 c.
2017 4195 2100 4266 4.)
2133 4193 2207 4251 Ut
2233 4193 2722 4263 nulli,apostolicaa
2762 4190 2905 4247 sedis
2933 4187 3151 4259 praesuli
3197 4185 3359 4241 liceat
3391 4197 3524 4254 prte-

1937 4286 2083 4341 dium
2097 4285 2381 4351 rusticum,
2395 4293 2824 4354 quantaecunque
2844 4280 3006 4335 fuerit
3022 4278 3108 4334 vel
3136 4274 3523 4348 magnitudinis

1936 4375 2023 4432 vel
2056 4375 2384 4447 exiguitatis,
2409 4376 2508 4432 sub
2536 4385 2794 4446 perpetua
2818 4371 3145 4428 alienatione
3169 4369 3256 4425 vel
3278 4382 3523 4425 commn-

1937 4467 2141 4524 tatione
2161 4467 2229 4522 ad
2259 4465 2545 4537 cujuslibet
2566 4465 2690 4534 jura
2712 4462 3009 4520 transferre
3040 4461 3212 4533 (247).

2352 4579 2439 4635 Ea:
2461 4580 2640 4638 eadem
2671 4596 2743 4636 re.
2785 4575 2873 4633 Ea:
2891 4577 3089 4633 eodem.

1859 4693 1916 4754 Ι)
2011 4670 2320 4730 CCCXLIV.
2354 4672 2460 4744 (Ea:
2485 4672 2601 4727 eod.
2627 4687 2776 4726 conc.
2803 4669 2976 4734 Rom.,
2996 4683 3044 4724 c.
3066 4666 3141 4740 1.)
3165 4666 3308 4724 Sane
3332 4666 3521 4724 domus

1946 4767 2002 4822 in
2039 4764 2366 4836 quibuslibet
2431 4763 2584 4835 16],
2638 4761 2862 4817 urbibus
2907 4760 3242 4824 constitutae,
3289 4772 3515 4828 quarum

1942 4867 2147 4917 statum
2179 4871 2405 4915 necesse
2431 4867 2515 4913 cst
2540 4870 2777 4927 expensa
2801 4871 2910 4912 non
2938 4855 3149 4912 modica
3183 4856 3476 4911 sustentari
3503 4895 3518 4920 ,

1942 4953 2198 5024 acceptis,
2231 4952 2276 5008 si
2295 4951 2477 5007 ollerri
2511 4949 2818 5020 contigerit,
2847 4950 2948 5007 sub
2978 4948 3127 5019 justa
3164 4949 3520 5005 aestimatione

1941 5044 2240 5101 redditibus
2263 5052 2318 5099 et
2341 5041 2506 5099 divini
2529 5042 2721 5098 timore
2741 5040 2928 5112 judicii
2953 5049 3370 5097 commutentur.

2363 5154 2443 5210 De
2462 5154 2643 5210 eadem
2672 5170 2746 5208 re.
2780 5154 2865 5208 Ea:
2884 5155 3082 5209 eodem.

2009 5247 2298 5308 CCCXLV.
2347 5246 2457 5319 (Ea:
2483 5249 2599 5304 eod.
2632 5264 2778 5303 conc.
2820 5248 2975 5302 Rom.
3002 5262 3051 5302 c.
3081 5246 3151 5312 6;
3202 5245 3510 5302 BURCHARD.

1940 5341 2031 5399 lib.
2057 5358 2142 5411 Ill,
2162 5357 2212 5399 c.
2239 5339 2386 5411 180.)
2403 5339 2719 5410 Quicunque
2739 5340 3020 5410 presbyter
3038 5338 3105 5394 de
3119 5336 3240 5407 jure
3268 5337 3409 5394 tituli
3431 5338 3514 5394 sui

1944 5536 2073 5593 inde
2101 5534 2240 5602 apud
2285 5534 2601 5590 Gratianum
2627 5532 2752 5587 dist.
2777 5533 2846 5602 1,
2877 5530 2950 5602 de
2966 5540 3248 5586 consecrat.
3279 5543 3398 5602 cap.
3427 5530 3512 5584 15.

1944 5607 2079 5662 Vide
2126 5601 2434 5674 Capitulare
2468 5602 2746 5674 Theodnlli
2796 5601 3216 5674 Aurelianensis,
3253 5601 3514 5674 cap._11;

1943 5671 2254 5755 Capitulare
2272 5675 2534 5755 Alrytonis
2577 5671 3189 5755 episcopiiiasilcensis,
3218 5671 3338 5755 cap.
3369 5672 3401 5728 8
3412 5687 3449 5755 ξ,
3461 5679 3518 5726 et

1943 5740 2187 5830 Capitula
2209 5740 2468 5830 ejusdem,
2497 5740 2626 5813 cap.
2645 5742 2733 5797 14.
2761 5740 2900 5799 Vide
2945 5744 3106 5799 etiam
3158 5740 3336 5800 Addit.
3365 5758 3382 5798 ι
3409 5740 3518 5797 Ca-

1946 5815 2188 5890 pitular.,
2221 5831 2339 5940 cati).
2371 5815 2455 5870 10.

2017 5885 2166 5960 (217)
2203 5884 2265 5940 Vi
2307 5900 2336 5940 c
2363 5883 2646 5942 concilium
2674 5884 2998 5952 Parisiensc,
3029 5885 3116 5941 lib.
3147 5901 3185 5951 ι,
3219 5898 3337 5956 cap.
3372 5884 3454 5940 17.
