3884 5484
425 454 547 544 ω
1386 466 1749 540 REGINUMS
1782 464 2196 533 ranmnnsrs
2231 462 2520 531 Aesaris
3592 452 3696 528 seu

428 580 1297 676 quolibetmodo,praeter‘aurum,
1320 594 1724 669 argentum,vel
1739 606 2000 667 gemmas,
2027 591 2085 655 Α
2106 587 2234 646 talia
2269 587 2555 661 episcopus
2574 598 2736 659 agere
2771 592 2968 656 tentat,
2989 585 3406 659 metropolitano
3440 585 3563 661 ejus
3579 589 3698 647 hac

428 709 611 763 vestes
641 700 871 773 quoilue,
895 698 941 755 si
970 704 1116 765 sunt,
1146 694 1232 753 vel
1252 695 1301 753 si
1340 692 1671 753 accesserint
1689 690 1868 763 aliqua
1891 704 2009 746 mo-
2109 682 2383 740 insinuare
2411 691 2722 754 procurent.
2763 679 2822 740 Si
2868 691 3048 740 autem
3086 682 3537 755 metropolitanus
3573 683 3699 739 talia

428 789 555 848 biiia
580 790 651 847 ad
671 799 988 847 ornamenta
1003 788 1185 846 divina
1210 778 2009 859 minimepertinentia,aliquid
2111 778 2302 851 egerit,
2357 778 2500 853 regis
2543 779 2658 835 haec
2704 777 2924 835 auribus
2973 776 3227 835 intimare
3280 793 3389 835 non
3421 775 3697 834 diii‘erant.

430 884 488 943 in
521 892 840 957 perpetuum
869 882 1107 941 alienare
1141 882 1452 952 tentaverit,
1475 882 1723 947 donator,
1746 876 2013 935 alienator
2110 870 2245 943 ipsis
2275 880 2453 927 tamen
2503 871 2807 929 ba‘redibus
2850 871 2904 926 in
2933 869 3134 928 ‘eisdem
3181 870 3342 928 rebus
3378 887 3488 927 non
3544 867 3706 926 liceat

433 992 498 1035 ac
530 978 777 1039 venditor
803 977 1027 1039 honoris
1045 977 1131 1037 sui
1151 976 1443 1037 amissione
1474 973 1823 1033 mulctentur.
2112 963 2269 1034 quasi
2297 963 2437 1035 juris
2482 962 2687 1035 preprii
2716 972 3037 1035 potestatem
3084 962 3367 1035 praeferre,
3410 978 3523 1019 non
3561 960 3705 1034 rapi-

1044 1069 1181 1127 Item
1206 1088 1323 1143 οαρ,
1352 1070 1408 1128 6,
1868 1080 1873 1084 ι
2115 1073 2263 1123 nam.
2289 1072 2395 1114 non
2430 1057 2673 1114 fraudem
2704 1058 2972 1132 ingerere,
3017 1071 3121 1112 non
3163 1056 3480 1115 violentiam
3516 1071 3705 1127 quam-

505 1161 819 1227 CCCXLVI.
844 1162 952 1239 (Ea:
970 1164 1251 1223 eod.cone.
1272 1163 1493 1221 Rom.c.
1517 1161 1594 1235 7.)
1626 1160 1896 1219 Praeterea
1924 1155 2020 1230 qui
2116 1168 2328 1224 cunque
2368 1166 2714 1224 praesumere.
2765 1150 2823 1208 Si
2852 1151 2974 1224 quis
3023 1150 3139 1208 haec
3173 1150 3382 1207 monita
3438 1159 3708 1207 temerare

435 1266 552 1311 rem
573 1254 816 1312 ecclesiae
843 1254 1059 1327 petierit
1077 1264 1133 1312 et
1152 1256 1441 1327 acceperit,
1462 1254 1547 1311 vel
1566 1253 1658 1324 qui
1679 1252 2019 1324 presbytero-
2116 1242 2540 1316 praesumpserit,
2587 1251 2642 1298 et
2680 1241 2818 1299 male
2853 1250 3007 1314 rapta
3034 1254 3159 1299 cum
3205 1240 3528 1299 confusione
3553 1239 3710 1296 resti-

437 1362 557 1403 rum
570 1347 1026 1407 autdiaconornm
1047 1362 1144 1407 seu
1159 1347 1501 1407 deimsorum
1522 1343 1669 1403 danti
1683 1342 2019 1412 subscripse-
2119 1346 2256 1405 tuet,
2282 1345 2337 1393 et
2358 1333 2935 1394 excommunicationis
2966 1348 3158 1391 annuae
3184 1332 3518 1393 sententiam
3540 1332 3705 1391 susti-

437 1435 532 1501 rit,
578 1450 687 1505 quo
734 1437 908 1497 iratus
953 1436 1100 1497 Deus
1138 1439 1352 1497 annuas
1398 1437 1634 1509 percutit
1676 1434 2021 1491 anathemate
2118 1428 2288 1485 nebit.

436 1524 683 1583 feriatur.

441 1634 510 1693 Ut
530 1640 814 1713 presbyteri
833 1658 937 1699 non
950 1645 1176 1701 vendant
1196 1661 1305 1701 rem
1326 1645 1557 1703 ecclesia!
1576 1645 1666 1701 ubi
1687 1652 1808 1702 sunt
1830 1646 2024 1702 consti-

759 1716 878 1772 tuti.
922 1714 1009 1772 Ea;
1030 1717 1252 1773 concilio
1278 1717 1701 1790 Carthaginemi.

506 1822 840 1885 CGCXLVII.
885 1828 1109 1902 (Concil.
1154 1828 1407 1905 Carthag.
1458 1846 1507 1888 c.
1559 1829 1662 1899 53;
1709 1830 2017 1888 Buncnann.

436 1915 530 1974 lib.
566 1933 651 1989 tu,
680 1934 731 1977 e.
759 1920 910 1994 178.)
934 1921 1069 1979 item
1095 1922 1299 1995 placuit
1320 1931 1380 1979 ut
1402 1922 1705 1996 presbyteri
1735 1936 1844 1979 non
1887 1937 2021 1979 ven-

438 2009 568 2065 dant
593 2025 708 2070 rem
730 2011 976 2070 ecclesiae
1010 2015 1104 2072 ubi
1134 2024 1263 2071 sunt
1311 2015 1608 2083 constituti,
1656 2014 2022 2072 nescientibus

437 2101 705 2173 episcopis
731 2103 880 2172 suis;
917 2106 1187 2177 quomodo
1214 2113 1271 2165 et
1309 2107 1561 2179 episcOpo
1596 2120 1704 2163 non
1738 2106 1865 2164 licet
1888 2120 2021 2162 ven-

438 2190 568 2250 dere
586 2192 787 2265 praedia
808 2196 1050 2256 ecclesiae
1070 2200 1354 2274 ignorante
1374 2200 1602 2258 concilio
1621 2209 1676 2258 et
1692 2199 2025 2274 presbyteris

439 2286 570 2342 suis.
594 2286 712 2345 Non
732 2291 1022 2351 habentem
1040 2304 1220 2352 autem
1244 2296 1620 2354 necessitatem
1645 2311 1746 2354 nec
1773 2296 2024 2368 episcopo

438 2377 605 2435 liceat
629 2381 872 2440 ecclesia
909 2396 1025 2442 rem
1051 2385 1193 2443 tituli
1232 2387 1315 2445 sui
1359 2400 1620 2460 usurpare
1656 2386 2021 2461 [Legendum,

436 2470 597 2530 liceat
622 2475 866 2533 metricis
893 2477 1147 2561 ecclesiae
1180 2495 1281 2537 nec
1307 2482 1624 2554 presbytero
1651 2495 1791 2550 rem,
1820 2478 1952 2555 etc.]

770 2566 928 2643 162
960 2568 1037 2627 De
1066 2573 1247 2629 eadem
1273 2588 1347 2629 re.
1373 2572 1461 2630 Ea:
1489 2572 1689 2629 eodem.

507 2650 865 2717 CCCXLVIII.
888 2662 1113 2734 (Concii.
1135 2662 1386 2739 Carthag.
1408 2680 1459 2722 c.
1480 2663 1819 2738 26.)Placuit
1831 2670 1892 2720 ut
1910 2676 2025 2720 rem

438 2747 700 2809 Ecclesiae
718 2766 879 2811 nemo
901 2755 1119 2812 vendat.
1138 2756 1291 2824 Quod
1319 2756 1363 2813 si
1385 2758 1626 2815 redditus
1644 2774 1752 2815 non
1776 2757 1957 2826 habet,
1974 2764 2030 2813 et

439 2841 620 2915 aliqua
649 2846 819 2901 nimia
847 2848 1147 2905 necessitas
1169 2858 1347 2924 cogat,
1392 2851 1496 2907 hoc
1532 2851 1917 2908 insinuandum
1946 2858 2030 2909 est

437 2931 659 3004 primati
693 2934 985 3007 provinciae
1030 2938 1235 3012 ipsius;
1282 2948 1343 2996 ut
1391 2954 1514 2998 cum
1558 2949 1759 3000 statuto
1803 2956 2029 3000 numero

439 3025 841 3097 episcoporum,
884 3038 1066 3088 utrum
1111 3018 1350 3090 ﬂendum
1392 3034 1481 3103 sit,
1530 3034 1843 3093 arbitretur.
1874 3034 2027 3105 Quod

440 3120 489 3176 si
516 3136 625 3179 non
645 3121 858 3193 iecerit,
887 3140 1015 3185 reus
1049 3127 1165 3186 Deo
1191 3135 1250 3187 et
1283 3128 1515 3189 concilio
1548 3130 1799 3191 venditor
1822 3131 2028 3191 amisso

441 3210 650 3272 honore
672 3222 944 3275 teneatur.

754 3329 841 3387 Ea:
857 3331 1077 3389 decretis
1094 3332 1266 3390 sane“
1302 3332 1525 3392 Nemini
1548 3350 1720 3408 paper.

396 3430 403 3440 ’
514 3436 830 3500 CCCXLIX.
872 3441 1133 3518 (MARTIN.
1170 3444 1410 3506 BRAGAB.
1459 3463 1510 3506 c.
1560 3449 1663 3519 lt;
1718 3450 2025 3507 Bnncmnn.

443 3532 543 3593 lib.
573 3550 617 3607 ι,
653 3552 703 3595 c.
732 3536 858 3607 215,
908 3547 964 3596 et
988 3539 1085 3599 lib.
1120 3557 1201 3611 ill,
1231 3557 1281 3599 c.
1314 3540 1459 3615 181.)
1488 3541 1696 3616 Siquis
1721 3543 2027 3615 episcopus,

442 3627 590 3685 nulla
630 3629 1012 3689 ecclesiasticae
1055 3633 1285 3691 rationis
1322 3634 1648 3693 necessitate
1697 3635 2026 3707 compulsus,

445 3720 505 3777 in
533 3737 632 3778 suo
677 3722 822 3781 clero
866 3722 1065 3796 [inscio
1111 3725 1299 3799 clero],
1338 3734 1433 3783 aut
1480 3725 1573 3784 ubi
1623 3725 1763 3783 forte
1802 3742 1907 3783 non
1947 3732 2033 3783 est

446 3812 754 3886 presbyter,
788 3829 859 3871 ue
893 3816 1059 3873 rebus
1092 3817 1471 3875 ecclesiasticis
1524 3817 1729 3888 aliquid
1774 3832 2034 3889 presum-

394 3938 399 3943 α
445 3903 619 3976 pserit
644 3903 899 3974 vendere,
922 3922 1011 3964 res
1031 3906 1175 3979 ipsas
1196 3907 1435 3965 ecclesiae
1462 3910 1698 3983 propriae
1728 3918 2033 3968 restaurare

448 4009 694 4071 cogatur,
733 4008 788 4056 et
832 4001 886 4055 in
909 4000 1115 4072 judicio
1143 4000 1518 4073 episcoporum
1572 4003 1856 4075 dejiciatur
1882 4004 2033 4061 audi-

450 4097 557 4158 tus,
587 4097 642 4147 et
666 4099 922 4163 tanquam
947 4089 1079 4148 furti
1116 4101 1210 4149 aut
1232 4092 1501 4151 latrocinii
1535 4108 1663 4152 reus
1694 4108 1793 4152 suo
1827 4096 2032 4155 honore

446 4182 705 4253 privetur.

453 4294 595 4375 Quid
627 4313 779 4375 agere
820 4306 1055 4375 oporteat
1082 4299 1406 4375 propinquos
1436 4299 1585 4375 illius
1619 4303 1709 4375 qui
1760 4290 2031 4375 ecclesiam

521 4367 713 4455 ditarit
742 4370 805 4455 de
836 4367 985 4455 rebus
1013 4367 1146 4438 sitis,
1175 4367 1229 4455 λεὶ
1249 4367 1576 4455 ρ’νωρξάενὶηι
1704 4374 1912 4455 collatis
1934 4377 2034 4431 aii-

519 4440 643 4506 quicl
679 4438 1053 4508 detraudatum
1080 4438 1327 4497 ecclesiae.
1354 4442 1441 4498 Ea:
1463 4446 1681 4501 concilio
1703 4446 1970 4503 Toletano.

520 4547 714 4605 CCCL.
751 4548 973 4621 (Cuncti.
1007 4550 1170 4607 Tolet.
1201 4570 1281 4621 ιι,
1309 4568 1359 4609 c.
1387 4556 1411 4608 i
1440 4573 1454 4622 ;
1486 4558 1796 4615 Bnncnsnn.
1822 4559 1913 4615 lib.
1946 4576 2028 4624 ιιι,

451 4640 684 4714 c.182.)
726 4640 915 4698 Omnis
938 4642 1122 4713 itaque
1171 4646 1248 4699 rei
1300 4646 1683 4707 ecclesiasticae
1732 4654 2027 4723 quantitas,

452 4734 594 4790 sicut
614 4734 909 4789 remedium
930 4735 1101 4791 veniae
1126 4737 1316 4793 tribuit
1338 4739 1656 4810 coni‘erenti,
1679 4744 1751 4799 ita
1776 4745 2028 4801 damnum
2056 4736 2111 4797 D

452 4826 557 4882 rite
588 4835 861 4898 praeparat
886 4826 1203 4885 fraudatori.
1242 4829 1309 4887 Et
1336 4832 1458 4888 ideo
1488 4834 1665 4891 nullus
1692 4838 2030 4895 sacerdotum

446 4917 537 4973 vel
562 4919 935 4976 ministrorum
972 4937 1042 4979 ex
1080 4924 1240 4980 rebus
1273 4926 1534 4996 ecclesiae,
1563 4944 1683 4999 qua:
1720 4931 1774 4986 in
1814 4932 2034 5003 quibus-

452 5025 667 5081 cunque
695 5009 827 5067 locis
856 5027 889 5067 a
917 5011 1160 5072 ﬁdelibus
1196 5016 1519 5089 largiuntur,
1567 5022 1767 5093 aliquid
1799 5024 2029 5094 auferat,

452 5103 538 5158 vel
565 5102 675 5172 iuri
701 5119 801 5162 suo
820 5116 910 5163 aut
936 5109 1210 5166 cathedrae
1230 5113 1460 5183 propriae
1500 5115 1691 5170 unitati
1725 5127 2026 5174 connectat.

454 5190 656 5250 Verum
687 5202 749 5250 ut
791 5197 948 5270 hujus
985 5200 1062 5254 rei
1091 5202 1270 5271 potior
1315 5204 1559 5261 soliditas
1587 5208 1869 5273 habeatur,
1898 5225 2027 5277 pro-

624 5290 637 5296 -
754 5290 836 5322 3-"
882 5294 973 5338 ηηί
1020 5298 1320 5352 construxit
1365 5298 1447 5348 vel
1505 5299 1693 5352 ditavit
1747 5300 2027 5355 ecclesiam

2122 1521 2199 1577 De
2253 1520 2466 1579 terrulis
2515 1528 2563 1576 et
2615 1518 3061 1646 exiguismvineis.
3120 1515 3207 1574 Ea:
3267 1516 3496 1574 concilio
3569 1516 3712 1589 Age-

2871 1608 3001 1646 ensi.

2871 1608 3001 1648 εησι.

2193 1706 2403 1765 CCCLI.
2433 1705 2616 1781 (Cone.
2642 1707 2834 1780 Agam.
2860 1723 2910 1765 c.
2942 1706 3058 1781 45.)
3099 1704 3352 1764 Terrulas
3403 1713 3501 1763 aut
3525 1704 3710 1761 vineas

2124 1800 2347 1871 exiguas
2369 1809 2424 1855 et
2452 1800 2693 1855 ecclesiae
2742 1801 2921 1857 minus
2956 1799 3116 1857 utiles
3157 1809 3255 1857 aut
3302 1799 3463 1874 longe
3507 1800 3713 1872 positas

2122 1909 2319 1966 parvas
2347 1893 2633 1966 episcopus
2660 1894 2777 1950 sine
2801 1892 3031 1950 consilio
3055 1892 3307 1961 fratrum,
3340 1892 3387 1950 si
3413 1893 3711 1950 necessitas

2049 1961 2099 2023 Β
2124 1961 2312 2058 inerit,
2337 1961 2668 2047 distrah—endi
2695 1986 2891 2046 habeat
2917 1996 3261 2082 potestatem.

2126 2104 2280 2174 Quod
2302 2103 2507 2176 fugitivi
2527 2104 2661 2165 servi
2686 2103 2919 2161 ecclesia:
2946 2105 3318 2176 permittuntur
3341 2102 3593 2161 distrahi.
3626 2100 3715 2159 Es

2691 2176 2871 2231 eodem
2898 2174 3141 2231 cenciiio.
3724 2186 3731 2193 '

2194 2267 2431 2327 CCCLil.
2462 2266 2648 2342 (Cone.
2677 2269 2867 2342 Agath.
2902 2286 2951 2326 c.
2994 2269 3097 2337 46;
3131 2269 3448 2327 Bnncnsnn.
3499 2267 3593 2325 lib.
3628 2284 3709 2337 lli,

2125 2379 2175 2422 c.
2221 2363 2370 2431 i88.)
2409 2362 2686 2436 Fugitivos
2732 2363 2898 2420 etiam
2945 2378 3151 2431 servos,
3207 2364 3395 2420 domos
3444 2378 3571 2420 suas
3623 2368 3715 2418 ant

2124 2458 2361 2516 familias
2384 2460 2718 2526 deserentes.
2764 2457 2861 2529 qui
2906 2457 3066 2515 etiam
3114 2455 3160 2514 si
3211 2454 3457 2512 revocati
3484 2454 3709 2521 fuerint,

2125 2552 2301 2611 teneri
2356 2567 2464 2610 non
2522 2561 2769 2624 possunt,
2818 2552 2981 2611 simili
3040 2552 3250 2611 ratione
3305 2552 3374 2608 ab
3422 2551 3711 2623 episcopo,

2125 2647 2173 2705 si
2223 2646 2490 2713 voluerit,
2559 2655 2653 2703 aut
2703 2645 2752 2703 si
2799 2645 2876 2703 ita
2932 2643 3010 2705 illi
3088 2644 3441 2712 meruerint,
3512 2643 3716 2701 distra-

2126 2740 2346 2796 bantur.

2132 2848 2292 2924 164
2321 2848 2382 2907 8i
2402 2851 2526 2931 guis
2555 2850 2768 2931 chartas
2808 2849 2887 2931 uel
2933 2856 3192 2931 precept!
3216 2848 3365 2931 regia

2197 2919 2288 3047 {Aut
2319 2919 2656 3047 igniverint-ib
2706 2919 3121 2981 traderentur“
3159 2919 3339 2991 fuerit.
3373 2919 3465 2979 Ex
3491 2919 3713 2977 concilio

2248 3009 2313 3047 aa
2376 3010 2513 3047 ensi.

2246 3009 2513 3062 gamenst.

2196 3096 2457 3160 CCCLlll.
2491 3102 2676 3172 (Cone.
2699 3104 2896 3175 Agath.
2933 3118 2984 3161 c.
3014 3102 3122 3170 26;
3155 3102 3468 3159 Buncman.
3502 3101 3600 3159 lib.
3627 3117 3712 3170 ιιι,

2128 3210 2178 3253 c.
2216 3195 2367 3267 185.)
2403 3194 2467 3253 Si
2500 3196 2627 3268 quis
2647 3212 2777 3255 vero
2804 3197 2872 3254 de
2896 3196 3114 3256 clericis
3159 3197 3486 3257 decumenta
3519 3196 3713 3269 quibus

2128 3289 2375 3347 ecclesiae
2436 3290 2709 3362 possessio
2764 3291 3013 3352 ﬁrmetur
3070 3299 3168 3349 aut
3230 3290 3576 3362 supprimere
3624 3296 3717 3347 aut

2055 3368 2101 3433 C
2131 3398 2333 3457 negare
2357 3392 2452 3440 aut
2495 3384 2824 3442 adversariis
2851 3383 3081 3443 fortasse
3101 3384 3319 3445 tradere
3338 3382 3638 3443 (ιιωηύϋὶ
3659 3389 3715 3439 et

2130 3474 2403 3546 punienda
2448 3476 2817 3535 obstinatione
2854 3477 3281 3548 praesurnpserit,
3314 3475 3582 3547 quidquid
3620 3488 3714 3546 per

2130 3566 2511 3623 abstinentiam
2568 3567 2721 3642 (edit.
2784 3568 3129 3626 licitumst“.
3160 3606 3181 3636 ,
3248 3567 3712 3630 abetractionem;

2133 3660 2319 3730 sum,
2364 3661 2688 3736 absentiam]
2739 3666 3183 3721 documentorum
3230 3661 3417 3717 damni
3460 3659 3718 3719 Ecclesia

2131 3756 2339 3814 illatum
2381 3764 2485 3826 est,
2531 3766 2589 3815 et
2620 3757 2689 3815 de
2708 3746 2945 3830 propriis
2996 3756 3343 3815 facultatibus
3372 3756 3629 3822 reddant,
3664 3763 3718 3811 et

2134 3848 2512 3905 communione
2563 3848 2864 3920 priventur.
2914 3848 2982 3905 lli
3036 3857 3220 3906 autem
3265 3848 3361 3919 qui
3412 3847 3471 3904 in
3522 3847 3717 3905 damno

2133 3943 2376 4001 ecclesia
2404 3944 2769 4003 instrumenta
2797 3951 2998 4005 sancte:
3020 3942 3281 4000 Ecclesiae
3319 3940 3489 4014 impie
3518 3939 3715 3998 sollita-

2136 4036 2234 4092 tati
2272 4052 2304 4093 a
2334 4035 2681 4093 traditoribus
2704 4035 2915 4111 [Sir-tm
2946 4036 3251 4094 sollicitatis
3275 4034 3444 4109 trad.]
3467 4049 3712 4105 suscepe-

2132 4137 2280 4197 runt,
2310 4128 2428 4201 pari
2462 4131 2728 4187 sententia
2762 4130 3045 4187 feriantur.

2134 4243 2215 4301 De
2249 4253 2554 4301 testamento
2599 4245 2843 4318 episcopi,
2874 4244 3120 4371 "qualiter
3160 4241 3349 4301 valeat.
3396 4240 3487 4298 Ea:
3542 4240 3713 4299 eodem

2808 4334 2870 4371 eo
2910 4333 2957 4371 ει
2980 4334 3053 4371 ro.
3488 4368 3493 4371 .

2808 4333 3053 4372 εοηειιτο.

2205 4406 2469 4465 CCCLIV.
2500 4408 2680 4481 (Cone.
2729 4408 2919 4480 Agam.
2949 4425 2998 4464 c.
3033 4408 3093 4465 51
3123 4425 3138 4477 ;
3186 4409 3496 4466 Βυιιοωιω.
3527 4411 3633 4469 lib.
3677 4421 3712 4470 ἰν

2134 4518 2184 4559 c.
2214 4502 2363 4572 2l2.)
2396 4502 2455 4558 Si
2498 4502 2619 4572 quis
2650 4502 2932 4573 episcopus
2984 4501 3202 4557 condito
3250 4510 3576 4557 testamento
3619 4497 3711 4551 ali-

2134 4595 2262 4665 quid
2310 4596 2375 4649 dc
2420 4593 2777 4650 ecclesiastici
2816 4592 2955 4664 juris
2990 4594 3320 4665 proprietate
3368 4591 3710 4663 delegaverit,

2137 4686 2292 4741 aliter
2319 4702 2424 4741 non
2448 4679 2646 4742 valebit
2684 4685 2786 4741 nisi
2810 4694 3023 4740 tantum
3052 4690 3118 4741 de
3156 4684 3290 4756 iuris
3315 4685 3522 4756 proprii
3552 4681 3713 4739 iacui-

2136 4780 2336 4837 tatibus
2357 4780 2705 4853 suppleverit.

2245 4919 2322 4974 De
2353 4915 2846 4977 mamhmssionibus
2889 4920 2940 4977 iu
2982 4919 3239 4976 Ecclesia.
3289 4919 3375 4973 Ea:
3411 4920 3610 4975 eodem.

2205 5032 2445 5091 CCCLV.
2483 5036 2667 5107 (Cone.
2700 5036 2894 5107 Agam.
2935 5052 2984 5091 c.
3045 5036 3158 5107 56.)
3205 5034 3470 5105 Mancipia
3525 5048 3706 5091 mona-

2134 5129 2253 5185 chis
2279 5129 2474 5184 donata
2500 5129 2569 5184 ab
2594 5131 2788 5185 abbate
2819 5145 2923 5185 non
2945 5130 3071 5186 licet
3109 5128 3435 5185 manumitti.
3462 5128 3709 5200 lnjustum

2134 5232 2218 5279 est
2268 5225 2411 5277 enim
2458 5231 2540 5291 ut,
2598 5225 2877 5280 nionachis
2937 5224 3310 5297 quotidianum
3360 5223 3543 5279 ruraie
3586 5222 3710 5292 opus

2136 5316 2473 5364 facientibus.
2531 5320 2670 5368 servi
2728 5332 2914 5370 nonum
2962 5318 3227 5364 litteratis
3274 5317 3389 5366 alia
3444 5316 3710 5370 [inﬂantur
