3884 5554
107 525 212 582 261

1017 517 1106 574 DE
1139 515 1420 574 ECCLES.
1457 511 1742 572 DlSCIPL.
1782 501 1964 568 LIBRI
1993 509 2153 572 DUO.
2181 544 2251 555 —
2287 513 2415 572 LIB.
2449 517 2487 572 l.

3265 523 3368 580 262

107 635 376 694 Ecclesia:
433 633 503 690 ad
563 631 1064 690 condemnationem
1129 647 1282 690 suam
1344 631 1526 688 facere
1587 643 1696 684 non
1723 630 1776 692 Α
1803 625 1884 682 De
1907 627 2162 697 precariis
2195 628 2584 686 ecclesiasticis.
2617 629 2704 686 Ea:
2733 631 2956 688 concilio
2995 633 3063 688 ad
3091 632 3374 694 Belcacum

105 735 470 803 praesumant.
505 725 730 798 lmpium
761 734 844 783 est
863 727 1008 782 enim
1041 735 1102 782 ut
1121 725 1210 796 qui
1241 739 1328 780 res
1360 737 1486 780 suas
1514 720 1696 776 Eccle-

105 823 200 878 siae
231 821 442 878 Christi
488 835 594 877 non
620 819 926 888 contulerit,
971 819 1226 875 damnum
1267 817 1482 874 inferat.
1533 814 1694 870 Tales

107 913 276 984 igitur
317 913 540 968 libertos
595 927 882 969 successor
919 911 1206 983 episcopus
1247 910 1452 980 absque
1507 907 1689 980 aliqua

103 1003 449 1076 oppositione
477 1005 545 1060 ad
563 1001 652 1074 jus
675 1001 932 1060 Ecclesiae
965 1003 1240 1059 revocabit
1265 999 1441 1074 (249).

225 1175 228 1178 .
398 1119 477 1177 De
506 1119 686 1176 eadem
725 1135 800 1176 rc.
847 1117 932 1174 Ex
961 1119 1139 1174 eodem
1173 1115 1411 1172 concilio.

169 1211 469 1270 CCCLV'll.
515 1211 739 1282 (Concil.
791 1209 958 1267 Tolet.
1011 1225 1087 1278 ιν,
1129 1221 1180 1265 c.
1223 1207 1328 1275 68;
1377 1205 1686 1264 Buncuann.

101 1304 192 1362 lib.
245 1323 337 1374 ιιι,
399 1321 449 1364 c.
505 1305 656 1380 176.)
701 1305 1000 1377 Episcopus
1036 1302 1130 1374 qui
1173 1300 1500 1372 mancipium
1547 1298 1690 1372 juris

101 1398 387 1465 Ecclesiae,
417 1413 526 1456 non
569 1405 780 1456 retento
807 1397 1175 1456 ecclesiastico
1199 1393 1526 1466 patrocinio,
1577 1407 1692 1449 ma-

101 1491 318 1548 numitti
371 1491 660 1560 desiderat,
709 1491 814 1548 duo
871 1487 1054 1547 meriti
1101 1487 1340 1562 ejusdem
1391 1494 1446 1542 et
1493 1485 1690 1558 peculii

101 1599 286 1639 coram
303 1584 544 1640 concilio
567 1583 820 1640 Ecclesiae
832 1581 916 1639 cui
939 1579 1250 1654 praeminet
1273 1593 1370 1652 per
1391 1585 1689 1634 commuta-

99 1677 301 1734 tionem
329 1676 798 1732 subscribentibus
826 1674 1198 1732 sacerdotibus
1237 1673 1448 1738 oﬁ'erat,
1487 1679 1546 1726 ut
1570 1677 1688 1726 rata

99 1775 151 1820 et
171 1764 322 1835 justa
346 1765 656 1822 inveniatur
683 1765 922 1822 definitio
941 1763 1341 1822 commutantis.
1371 1761 1688 1834 Hujusmodi

101 1867 280 1914 autem
302 1857 504 1916 liberto
537 1860 796 1936 adversus
817 1858 1114 1916 Ecclesiam
1143 1857 1294 1930 cujus
1317 1855 1458 1927 juris
1479 1855 1688 1912 exstitit

99 1949 396 2004 accusandi
435 1947 519 2006 vel
555 1949 878 2006 testiﬁcandi
923 1949 1214 2022 denegetur
1261 1947 1497 2004 licentia.
1531 1947 1684 2014 Quod

99 2039 142 2094 si
169 2039 606 2110 praesumpserit,
653 2039 830 2110 placet
853 2048 914 2096 ut
949 2047 1126 2096 stante
1163 2039 1586 2096 commutatione
1629 2037 1687 2094 in

97 2133 420 2190 servitutem
447 2132 680 2205 propriae
707 2133 962 2190 Ecclesia:
991 2141 1292 2190 revocetur.

275 2247 359 2302 De
387 2247 582 2304 libertis
619 2247 886 2302 Ecclesicc.
929 2247 1014 2302 Eo:
1041 2245 1504 2312 eodengconcilio.

163 2339 484 2396 CCCLVIII.
523 2339 746 2412 (Concil.
795 2338 960 2394 Tolct.
1007 2355 1082 2406 Iv,
1127 2355 1179 2396 c.
1209 2339 1318 2406 72;
1373 2338 1682 2395 Buncnann.

91 2433 182 2489 lib.
216 2449 308 2500 ιιι,
339 2449 394 2488 c.
442 2431 588 2499 186.)
627 2431 832 2486 Liberti
879 2431 1028 2502 quia
1055 2431 1463 2502 quibuscunque
1493 2445 1685 2486 manu-

89 2525 242 2580 missi
277 2529 440 2589 sunt,
489 2532 650 2594 atque
693 2522 946 2578 Ecclesiae
989 2523 1294 2593 patrocinio
1319 2524 1684 2579 commendati

87 2627 238 2685 sunt,
271 2617 604 2674 sacerdotali
629 2617 938 2674 defensione
983 2633 1016 2672 a
1065 2616 1352 2689 cujuslibet
1399 2618 1684 2676 insolentia

85 2717 473 2782 protegantur,
513 2709 626 2764 sive
672 2709 726 2763 in
773 2717 918 2765 statu
945 2709 1217 2766 libertatis
1239 2725 1448 2777 eorum,
1485 2726 1578 2766 seu
1627 2712 1682 2766 in

93 2801 306 2873 peculio
337 2800 488 2870 quod
515 2799 714 2856 habere
735 2809 1048 2856 noscuntur.

99 2913 173 2969 De
208 2913 476 2969 thesauris
523 2913 1024 3041 ecclesiatsatcz'sll‘t;
1076 2913 1464 2986 Capitularium
1513 2917 1604 2972 lib.
1637 2933 1680 2986 ι,

757 3003 888 3040 tuo
1021 3027 1036 3041 .

757 3003 888 3040 ιιιιιο
915 3003 976 3041 ll
994 3003 1036 3042 Ι.

167 3078 436 3137 CCCLlX.
471 3077 610 3152 (Lib.
663 3078 1012 3152 rCapitular.
1059 3095 1110 3137 c.
1155 3079 1304 3154 125.)
1357 3079 1426 3137 Ut
1487 3083 1681 3154 singuli

103 3171 355 3243 episcopi,
399 3171 624 3228 abbates
643 3180 698 3227 et
717 3171 1002 3230 abbatissa:
1025 3171 1312 3245 diligenter
1339 3173 1683 3230 considerent

108 3265 386 3322 thesauros
422 3265 582 3338 166
606 3265 1023 3334 ecclesiasticos,
1049 3281 1118 3322 ne
1155 3275 1378 3338 propter
1397 3268 1678 3340 perﬁdiam

107 3367 193 3414 aut
257 3359 642 3432 negligentiam
695 3361 978 3417 custodum
1053 3361 1255 3433 aliquid
1325 3364 1394 3419 de
1455 3363 1681 3434 gemmis
1707 3367 1754 3432 C

111 3459 195 3505 aut
259 3450 328 3506 de
387 3449 534 3507 vasis
579 3450 664 3507 vel
730 3451 796 3508 de
849 3451 1056 3522 reliquo
1107 3453 1366 3510 thesauro
1435 3453 1510 3510 sit
1558 3469 1681 3526 per-

111 3539 288 3598 ditum.

116 3654 176 3712 Ut
195 3657 284 3714 nul
293 3657 374 3714 lus
399 3673 510 3714 rem
531 3656 1354 3732 πορεῖαιίὶηιηιοὸἱιεηιλαιίεηανε
1373 3669 1679 3732 pra'sumat.

619 3729 705 3785 Ea:
727 3729 817 3785 lib.
849 3747 888 3796 ι,
913 3747 1028 3801 cap.
1066 3729 1150 3788 19.

176 3841 411 3900 CCCLX.
443 3843 601 3917 (Imp.
648 3843 972 3914 JUSTINIAN.,
1024 3863 1140 3904 nov.
1200 3847 1254 3915 7,
1286 3863 1333 3902 c.
1386 3849 1452 3914 l;
1508 3847 1600 3904 lib.
1643 3865 1682 3904 ιι

116 3933 393 4006 Capitutar.
423 3951 472 3992 c.
496 3937 606 4007 29;
659 3931 969 3996 Buncnann.
1008 3939 1102 3998 lib.
1149 3956 1232 4009 ιιι,
1278 3955 1327 3996 c.
1359 3941 1506 4014 164.)
1542 3942 1684 3998 Nulli

115 4021 261 4081 liceat
313 4027 553 4084 alienare
631 4046 747 4086 rem
819 4032 1148 4090 immobilem
1212 4035 1496 4100 ecclesiae,
1573 4036 1686 4090 sive

119 4113 342 4186 domum,
389 4121 504 4176 sive
552 4137 762 4194 agrum,
821 4124 933 4178 sive
987 4125 1224 4192 hortum,
1257 4127 1372 4182 sive
1423 4127 1684 4182 rusticum

119 4211 446 4282 mancipium,
494 4213 582 4270 vel
629 4229 798 4284 panes
850 4213 1058 4280 civiles,
1105 4229 1279 4287 neque
1329 4217 1686 4272 creditoribus

123 4299 348 4366 specialis
387 4304 705 4378 hypothccae
733 4305 886 4360 titulo
920 4305 1160 4378 obligare
1183 4305 1356 4378 (250).
1388 4307 1684 4362 Alienatio-

123 4391 196 4446 nis
222 4404 394 4452 autem
423 4399 646 4454 verbum
687 4401 962 4456 contineat
1005 4401 1388 4468 conditionem,
1441 4401 1684 4456 donatio-

125 4492 758 4559 ucm,permutationcm,
801 4501 856 4546 et
913 4493 1310 4562 emphitcuseos
1367 4501 1684 4564 perpetuum

127 4585 465 4637 contractum.
495 4582 602 4639 Sed
626 4598 814 4640 omnes
834 4585 1054 4640 omnino
1079 4585 1387 4640 sacerdotes
1414 4586 1480 4640 ab
1505 4584 1687 4654 hujus-

131 4669 258 4723 modi
289 4673 604 4732 alienatione
653 4677 974 4744 abstineant,
1019 4692 1207 4747 poenas
1253 4677 1502 4733 timentes
1551 4691 1686 4746 quas

2449 720 2600 776 titulo
2628 721 2716 778 2i.

1847 807 2150 866 CCCLX".
2205 811 2426 884 (Concil.
2461 813 2624 870 Held.
2679 831 2728 872 c.
2762 817 2826 872 21
2855 835 2872 884 ;
2916 821 3140 891 capitula
3171 822 3374 882 Canou

1792 897 1956 956 Cum
1989 900 2074 956 tit.
2119 901 2174 968 6,
2197 917 2248 960 c.
2277 905 2352 970 6;
2395 904 2708 962 Buncman.
2765 909 2858 966 lib.
2911 928 2992 979 tu,
3021 929 3070 968 c.
3107 917 3254 987 166.)
3305 917 3390 976 Ut'

1791 991 2050 1060 precariae
2101 1001 2156 1048 et
2200 997 2656 1054 commutationes
2729 1008 2971 1072 tempore
3030 1005 3370 1064 vitluatarttm

1791 1081 2148 1140 ecclesiarum
2203 1085 2362 1145 factas
2411 1089 2481 1144 ab
2537 1090 2622 1146 his
2673 1092 2766 1160 qui
2815 1092 2934 1150 loca
2993 1097 3367 1169 epiSCOporum

1791 1185 2208 1244 occupaverant,
2261 1179 2643 1236 rescindantur
2673 1221 2688 1246 ,
2749 1189 2806 1236 et
2857 1195 2978 1238 cum
3051 1189 3370 1246 auctoritate

1790 1264 2156 1324 ecclesiastica
2219 1269 2376 1342 167
2422 1271 2508 1328 vel
2555 1271 2750 1341 civili,
2827 1273 2874 1330 si
2941 1275 3132 1334 flendae
3197 1290 3324 1336 sunt
3352 1321 3366 1348 ,

1790 1359 1942 1420 ﬁant.

2253 1457 2334 1515 De
2351 1461 2534 1516 eadem
2557 1475 2630 1516 re.
2653 1459 2784 1532 Cap.
2813 1461 2908 1518 2'2.

1859 1545 2164 1606 CCCLXIII.
2193 1549 2422 1623 (Concil.
2451 1551 2615 1608 Held.
2643 1569 2694 1608 c.
2723 1553 2796 1608 22
2819 1571 2834 1622 ;
2885 1554 3134 1626 Capitula
3163 1556 3366 1616 Canou

1789 1636 1954 1695 Cum
1983 1642 2066 1697 tit.
2093 1641 2147 1710 6,
2175 1657 2227 1700 c.
2260 1643 2330 1708 7;
2373 1643 2684 1702 Buncnann.
2725 1645 2820 1702 lib.
2853 1663 2936 1716 ιιι,
2969 1663 3018 1703 c.
3049 1648 3198 1722 167.)
3243 1651 3376 1708 Pre-

1790 1731 1950 1787 cariaa
1977 1743 2158 1790 autem
2203 1749 2237 1790 a
2275 1737 2490 1792 nemine
2532 1739 2598 1794 de
2633 1739 2796 1796 rebus
2841 1740 3225 1798 ecclesiasticis
3255 1743 3370 1800 ﬁeri

1787 1835 2200 1895 praesumantur,
2227 1828 2330 1884 nisi
2361 1837 2624 1900 quantum
2651 1831 2720 1888 de
2743 1833 3006 1902 qualitate
3027 1835 3372 1890 convenienti

1787 1914 1958 1992 datur
1993 1932 2064 1972 ex
2109 1919 2370 1988 proprio,
2428 1920 2650 1994 duplum
2702 1923 3000 1994 accipiatur
3067 1941 3134 1982 ex
3211 1928 3374 1982 rebus

1713 1995 1766 2060 Β
1790 2004 2052 2074 ecclesiae,
2083 2007 2140 2064 in
2177 2023 2276 2066 suo
2299 2018 2512 2066 tantum
2541 2011 2634 2082 qui
2685 2014 2896 2070 dederit
2923 2017 3162 2085 nomine,
3209 2019 3256 2074 si
3285 2034 3376 2076 res

1786 2098 2032 2169 proprias
2097 2106 2153 2154 et
2207 2100 2605 2158 ecclesiasticas
2654 2119 2756 2160 usu
2831 2103 3132 2163 fructuario
3185 2115 3369 2164 tenere

1786 2187 2036 2246 voluerit.
2069 2191 2126 2246 Si
2157 2201 2338 2249 autem
2382 2209 2468 2250 res
2493 2197 2740 2266 proprias
2767 2197 2832 2252 ad
2871 2213 3109 2270 praesens
3143 2199 3370 2258 dimise-

1787 2281 1878 2348 rit,
1905 2297 1972 2337 ex
2003 2283 2171 2340 rebus
2199 2286 2584 2344 ecclesiasticis
2615 2289 2833 2360 triplum
2855 2289 3157 2348 fructuaria
3189 2309 3289 2349 usu
3317 2292 3370 2348 in

1787 2387 1886 2428 suo
1915 2381 2122 2428 tantum
2155 2377 2279 2445 quis
2301 2377 2522 2433 nomine
2547 2389 2744 2434 sumat.
2787 2381 2925 2447 Quia
2957 2383 3037 2438 sic
3063 2399 3157 2440 eas
3183 2399 3370 2455 quem-

1789 2477 1894 2533 que
1945 2472 2182 2521 tractare
2239 2477 2300 2522 ut
2357 2468 2658 2524 alienarum
2711 2485 2894 2526 rerum
2943 2473 3372 2546 dispensatorem

1787 2556 2058 2622 convenit,
2097 2571 2202 2613 non
2223 2566 2284 2612 ut
2306 2561 2646 2630 propriarum
2673 2560 3009 2633 largitorem.

2216 2651 2292 2706 De
2314 2654 2494 2707 eadem
2523 2669 2597 2708 re.
2636 2653 2723 2708 Ea:
2743 2656 2942 2710 eodem.

1857 2741 2168 2800 CCCLXIV.
2205 2743 2430 2815 (Concil.
2461 2743 2624 2798 Meld.
2654 2761 2699 2802 c.
2745 2747 2854 2815 22;
2907 2749 3214 2806 Buncnann.
3266 2751 3370 2807 lib.

1785 2846 1866 2898 ιιι,
1895 2849 1944 2888 c.
1979 2833 2126 2904 168.)
2175 2833 2220 2887 Α
2267 2833 2412 2888 nulla
2453 2841 2724 2904 potestate
2755 2837 2879 2906 quis
2927 2849 3154 2910 cogatur
3189 2839 3372 2897 facere

1783 2925 2086 2994 precariam
2137 2925 2206 2980 de
2253 2924 2416 2981 rebus
2469 2925 2581 2980 Deo
2637 2935 2694 2982 et
2749 2928 2952 2985 sanctis
2993 2929 3111 2999 ejus
3155 2931 3368 2998 dicatis,

1784 3033 1904 3074 cum
1951 3020 2088 3076 ratio
2119 3027 2170 3074 et
2197 3035 2328 3075 usus
2375 3020 2620 3076 obtineat
2667 3023 2942 3080 neminem
2996 3027 3081 3081 cui
3119 3041 3226 3082 non
3257 3027 3372 3083 vult

1783 3117 1970 3164 contra
1999 3109 2285 3165 utilitatem
2311 3118 2366 3166 et
2403 3111 2670 3168 rationem
2699 3114 3002 3184 praestitum
3039 3116 3106 3172 de
3149 3117 3371 3190 proprio

1783 3195 1964 3256 facere
1987 3201 2335 3257 beneﬁcium.

1785 3291 1853 3348 Ut
1911 3295 2162 3366 precaria:
2213 3295 2270 3350 in
2333 3297 2695 3369 quinquennio
2767 3309 3098 3356 renoventur.
3150 3297 3238 3356 Ea:
3276 3317 3367 3357 eo-

2507 3390 2645 3444 dem.

1849 3477 2138 3534 CCCLXV.
2173 3477 2398 3550 (Concil.
2433 3479 2597 3535 Held.
2635 3495 2685 3536 c.
2739 3479 2847 3549 22;
2903 3481 3217 3538 Buncuaun.
3270 3481 3367 3537 lib.

1781 3583 1862 3633 ιιι,
1893 3583 1943 3623 c.
1978 3568 2128 3640 169.)
2189 3568 2257 3624 Ut
2304 3570 2564 3641 precariae
2595 3570 2664 3625 de
2704 3572 3072 3642 quinquennio
3123 3572 3176 3626 in
3211 3571 3368 3642 quin—

1782 3660 2074 3731 quennium
2129 3661 2423 3716 secundum
2485 3661 2761 3733 antiquam
2813 3663 3258 3720 consuetudinem
3313 3671 3369 3718 et

1783 3752 2157 3808 auctoritatem
2197 3761 2549 3809 renoventur.

1959 3845 2036 3899 De
2058 3847 2575 3902 commutationibus.
2601 3848 2687 3902 Ea:
2727 3847 2926 3916 eodem,
2957 3867 3074 3920 cap.
3097 3847 3189 3904 25.

1853 3939 2160 3994 CCCLXVI.
2191 3941 2414 4012 (Concil.
2451 3941 2614 3997 Held.
2659 3957 2710 3998 c.
2761 3941 2869 4010 25;
2926 3943 3239 4001 Buucmnn.
3271 3943 3366 4000 lib.

1787 4047 1868 4096 ιιι,
1897 4047 1946 4086 c.
1979 4031 2126 4104 l7l.)
2165 4031 2234 4088 Ut
2273 4035 2724 4090 commutationes
2763 4050 2944 4090 rerum
2975 4037 3373 4091 ecclesiastica-

1787 4137 1904 4176 rum
1967 4123 2142 4176 valide
2201 4133 2496 4177 caveantur
2539 4133 2595 4180 ct
2657 4125 3006 4179 subtilissime
3062 4125 3259 4194 168,
3323 4125 3370 4179 si

1787 4215 1966 4284 aliquo
1992 4216 2150 4269 modo
2195 4215 2313 4270 ﬁeri
2345 4217 2560 4282 debent,
2593 4217 2967 4286 inspiciuntur.
3015 4215 3143 4282 Qun:
3190 4227 3369 4271 autem

1787 4305 2087 4361 inconsulte
2135 4305 2288 4360 factae
2331 4316 2476 4374 sunt,
2517 4308 2675 4378 juxta
2714 4307 2991 4361 decretum
3043 4309 3364 4362 canonicum

1789 4397 1976 4452 llilarii
2005 4411 2154 4469 papa:
2195 4399 2330 4469 (cap.
2371 4399 2447 4468 1),
2491 4413 2608 4468 quae
2657 4397 2839 4453 illicito
2872 4399 3124 4455 decessor
3157 4401 3366 4472 episco:

1787 4505 1886 4561 pus
1927 4490 2223 4555 admiserit,
2263 4489 2340 4542 vel
2386 4489 2452 4543 ab
2500 4489 2619 4544 aliis
2655 4489 2838 4544 illicitc
2895 4493 3180 4546 commissa
3223 4501 3366 4560 sunt,

1789 4587 1856 4640 ab
1899 4600 1964 4640 eo
1991 4585 2082 4655 qui
2114 4599 2394 4640 successor
2417 4593 2500 4639 est
2535 4585 2888 4639 emendentur
2914 4585 3086 4656 (252).

1795 4677 1877 4732 Ne
1905 4689 2163 4748 pra’cepta
2192 4684 2324 4746 fiant
2351 4693 2503 4748 super
2525 4677 2772 4746 beneﬁcia
2795 4677 3141 4732 ecclesiastica
3165 4680 3240 4733 rc!
3260 4697 3373 4749 pre-

129 4758 381 4823 l.eoniana
401 4770 716 4826 constitutio
751 4741 986 4827 minatur
1013 4741 1098 4842 (L.
1133 4771 1220 4838 14,
1271 4771 1334 4828 C.
1369 4773 1432 4828 de
1479 4788 1680 4827 sacros.
1711 4741 1764 4801 D
1859 4773 2058 4827 carius.
2127 4769 2212 4823 Eas
2249 4771 2466 4824 concilio
2533 4770 2672 4839 apud
2729 4779 2970 4825 sanctum
3030 4769 3366 4838 Medardum,

134 4853 318 4929 cccles.)

139 4945 187 4996 Si
211 4952 434 5022 princeps
456 4957 904 5028 canuntttationem
925 4957 976 5009 in
1000 4955 1218 5028 ecclesia
1248 4957 1418 5028 facere
1443 4956 1681 5013 voluerit.

553 5025 639 5081 Ea:
675 5029 852 5084 eodem
877 5027 1104 5098 capitulo
1135 5028 1224 5084 50.

199 5133 446 5194 CCCLXL
472 5139 791 5212 (JusrtNtm.
821 5159 935 5196 nov.
967 5141 1020 5208 7,
1041 5141 1142 5196 0.2
1167 5157 1182 5206 ;
1205 5141 1294 5197 lib.
1321 5157 1359 5198 ιι
1388 5141 1681 5214 Capita-lar.

139 5237 181 5276 c.
225 5225 323 5294 50;
381 5231 689 5289 Buncuann.
747 5234 840 5292 lib.
881 5251 966 5300 ιιι,
1017 5249 1064 5288 c.
1121 5232 1269 5306 165.)
1321 5235 1378 5291 Si
1432 5235 1686 5306 princeps

1862 4881 1976 4932 cap.
2024 4863 2112 4915 40.
2605 4923 2608 4928 ,

1863 4954 2198 5010 CCCLXV".
2253 4953 2435 5026 (Cone.
2467 4953 2632 5010 Meld.
2663 4971 2712 5008 c.
2747 4955 2848 5020 2'2;
2901 4953 3146 5024 Capitula
3171 4954 3372 5008 Canou

1793 5047 1982 5112 CALVI,
2039 5047 2121 5100 tit.
2169 5047 2225 5112 6,
2276 5063 2323 5102 c.
2359 5047 2430 5114 7;
2489 5047 2800 5102 Buncnann.
2851 5045 2942 5098 lib.
2985 5059 3062 5104 Ill,
3121 5059 3168 5096 c.
3227 5042 3374 5112 175.)

1792 5140 2069 5211 Praecepta
2095 5149 2274 5194 autem
2297 5141 2498 5212 regalia
2521 5156 2683 5209 super
2711 5138 2972 5210 precariis
2991 5135 3373 5192 ecclesiasticis

1795 5231 1914 5286 ﬁeri
1967 5247 2066 5287 nec
2115 5232 2253 5286 ratio
2297 5233 2424 5288 sinit
2467 5249 2566 5288 nec
2607 5233 2901 5286 auctoritas
2945 5227 3182 5298 quolibet
3219 5231 3376 5283 modo

141 5315 346 5375 voluerit
365 5339 476 5378 rem
525 5325 851 5382 immobilem
904 5325 1106 5381 sanctis
1146 5323 1278 5381 locis
1323 5333 1586 5399 praestare
1629 5331 1688 5378 et
1795 5323 2059 5396 permittit
2105 5343 2119 5378 :
2160 5325 2411 5394 quoniam
2453 5332 2720 5397 praecepta
2759 5323 2811 5376 in
2847 5322 2968 5408 jure
3006 5317 3376 5374 ecclesiastico

399 5417 456 5450 ﬂ“
481 5434 541 5450 -"‘
575 5417 731 5468 qlinm
763 5419 1086 5458 ἷπηηπιιιῖιοινι
1123 5433 1228 5440 ’δη--
