3944 6424
153 439 266 500 θεῖς

1035 435 1124 492 DE
1157 436 1439 492 EGCLES.
1483 433 1764 492 DISCIPL.
1805 434 1980 490 LIBIlI
2019 432 2180 492 DUO.
2217 463 2287 474 -—
2321 435 2447 490 LIB.
2487 433 2525 489 I.

3313 433 3422 491 9.65

159 572 406 614 tet-orum
449 554 528 610 vel
573 552 894 607 clericorum
934 550 1021 605 die
1073 551 1352 605 l‘omiuico
1405 551 1740 621 propositum
1769 554 1821 612 Α
1847 549 1956 603 lum
1985 549 2086 604 sibi
2134 559 2410 610 nocentes,
2461 550 2554 604 sed
2591 555 2646 602 et
2679 546 3049 616 religiosorum
3077 545 3264 602 oliiciis
3296 563 3420 618 per-

156 650 531 718 cujuscunque
555 659 731 700 causae
763 643 1035 713 negotium
1071 641 1269 696 audeat
1309 641 1586 697 vindicare
1610 681 1626 708 ,
1655 641 1740 696 ni—

159 741 206 796 si
257 739 362 793 hoc
399 744 646 801 tantum,
695 741 756 788 ut
801 733 914 788 Deo
948 740 1150 788 statuta
1181 731 1444 788 solemnia
1479 745 1742 804 peragan-

159 840 272 884 tur.

195 921 278 974 De
333 917 702 988 festivitatibus
749 915 893 980 anni.
941 911 1460 1036 Egscapitularium
1503 911 1594 967 lib.
1643 929 1706 978 ιι,

826 1001 944 1036 can.
1065 1023 1078 1036 .

826 1001 944 1053 cap.
987 1001 1078 1036 zo.

231 1074 623 1134 CCCLXXVII.
666 1073 807 1142 (Lib.
875 1089 914 1128 tt
959 1072 1251 1142 Capitular.
1287 1089 1340 1130 c.
1385 1067 1746 1144 35.).Festos

161 1167 282 1222 dies
331 1167 384 1220 in
449 1181 590 1220 anno
637 1163 912 1219 celebrare
955 1161 1270 1228 sancimus,
1320 1162 1373 1217 id
1426 1173 1550 1228 est,
1603 1163 1746 1217 diem

155 1251 504 1310 Dominicum
535 1247 760 1308 Pascha:
804 1267 928 1306 cum
980 1251 1127 1306 omni
1173 1251 1544 1318 hebdomada,
1604 1251 1746 1306 diem

159 1343 514 1400 Aseeusionis
571 1327 826 1407 Domini,
879 1340 1238 1398 Pentecostcn
1293 1341 1546 1396 similiter
1589 1351 1648 1395 ut
1691 1341 1746 1395 in

163 1433 398 1498 Pascha,
437 1433 803 1504 apostolorum
833 1429 980 1484 Petri
1034 1438 1090 1484 et
1137 1429 1288 1484 Pauli
1360 1429 1499 1486 diem
1555 1447 1746 1498 unum,

157 1521 518 1580 Nativilatem
579 1522 752 1578 sancti
809 1521 1035 1578 Joannis
1075 1519 1368 1592 Baptislaa,
1419 1523 1751 1593 Assumptio-

161 1633 290 1672 nem
325 1625 526 1671 sanctae
555 1613 760 1682 Mariae,
790 1615 968 1670 sancti
1021 1614 1326 1680 Michaelis,
1372 1615 1544 1670 sancti
1573 1615 1752 1670 Remi-

155 1707 260 1780 gii,
303 1707 477 1762 sancti
519 1705 764 1771 Martini,
819 1704 994 1760 sancti
1023 1705 1280 1770 Andreas,
1321 1707 1374 1760 in
1433 1705 1608 1760 Natali
1651 1706 1754 1761 Do-

161 1797 442 1853 minidies
489 1805 758 1868 quatuor,
808 1795 1066 1852 Octavam
1107 1795 1344 1862 Domini,
1397 1795 1753 1868 Epiphaniam

157 1886 406 1952 Domini,
447 1883 886 1940 Puriﬂcationem
923 1893 1127 1938 sancta:
1159 1883 1375 1950 Mariae;
1419 1893 1474 1940 et
1503 1883 1622 1940 illas
1645 1883 1752 1940 fes-
1779 1891 1825 1956 Β
1853 1887 2052 1956 pietate
2119 1895 2176 1940 et
2241 1884 2432 1940 aﬂ'ectu
2492 1885 2776 1941 charitatis
2859 1883 3158 1956 postposito
3185 1925 3200 1950 ,

161 1975 408 2028 tivitates
451 1983 754 2045 martyrum
801 1973 890 2028 vel
921 1971 1290 2030 confessorum
1325 1975 1621 2031 observare
1661 1976 1754 2032 de-

157 2063 438 2118 crevimus
466 2077 696 2133 quorum
739 2063 796 2118 in
847 2076 1170 2134 unaquaque
1207 2063 1484 2132 parmchia
1527 2079 1754 2136 corpora

161 2153 516 2222 requiescunt
549 2152 722 2224 (258).

269 2243 432 2313 173
465 2241 544 2296 De
579 2243 760 2297 cadent
805 2259 880 2297 re.
915 2243 999 2297 Ea:
1043 2243 1264 2299 concilio
1297 2245 1647 2316 Adrispltaclt.

237 2331 652 2391 CCCLXXVIII.
711 2333 904 2392 Festos
971 2337 1086 2393 dies
1135 2339 1412 2394 celebrare
1461 2341 1754 2404 sancimus,

159 2425 222 2482 id
267 2435 372 2494 est,
406 2427 546 2482 diem
579 2427 833 2494 Paschre,
886 2429 1136 2484 similiter
1177 2429 1316 2484 feria
1347 2431 1600 2494 secunda,
1650 2440 1758 2486 ter—

169 2517 242 2572 tia
275 2557 292 2584 ,
351 2527 544 2588 quarta
596 2527 654 2575 et
703 2520 911 2589 quinta.
962 2519 1102 2574 Ante
1148 2521 1368 2574 missam
1417 2520 1632 2576 licentia
1686 2521 1758 2576 sit

167 2609 356 2663 arandi
389 2618 444 2665 et
489 2611 812 2677 seminandi,
841 2611 1058 2666 hortum
1107 2609 1190 2666 vel
1217 2611 1428 2666 vineam
1456 2611 1754 2679 excolendi,

165 2709 224 2754 et
251 2713 440 2770 sepem
485 2701 963 2757 circumcludendl.
1015 2700 1097 2756 Ah
1140 2699 1246 2756 alio
1276 2715 1407 2757 vero
1447 2717 1608 2773 opere
1641 2719 1756 2762 ces-

167 2805 294 2846 sare
351 2791 707 2848 decrevimus.
757 2793 888 2848 Post
932 2793 1153 2849 missam
1224 2802 1406 2850 autem
1465 2795 1532 2850 ab
1596 2801 1803 2866 opere‘

169 2897 388 2938 vacare.
427 2867 782 2940 Pentecosten
821 2885 1070 2940 similiter
1100 2893 1159 2940 ut
1209 2885 1262 2939 in
1291 2884 1520 2940 Pascha.
1571 2885 1758 2943 Sancti

163 2973 470 3040 Laurentii,
521 2975 641 3030 Kal.
698 2975 960 3033 Novemb.
1003 2976 1254 3032 Omnium
1287 2976 1632 3033 Sanctorum.
1668 2977 1753 3034 Si-

169 3065 370 3120 ntiiiter
400 3067 766 3124 dedicationes
792 3068 1142 3125 ecclesiarum
1172 3069 1343 3140 (259).

167 3157 246 3212 De
283 3175 390 3212 non
425 3160 677 3228 ﬂectendo
717 3162 936 3284 genuNin
980 3162 1162 3216 diebus
1203 3163 1371 3231 festis.
1421 3162 1506 3217 Ea:
1537 3163 1758 3219 concilio

896 3247 1085 3284 tcaano.

896 3247 1085 3287 trama.

235 3311 604 3374 CCCLXXIX.
649 3310 873 3391 (Concil.
917 3321 1040 3376 Nic.
1069 3337 1120 3377 c.
1153 3323 1256 3390 ‘20;
1305 3325 1616 3380 Buncusnn.
1657 3324 1752 3380 lib.

163 3421 232 3472 .1,
283 3421 336 3463 c.
385 3407 502 3479 88.)
537 3408 803 3475 Quoniam
853 3419 979 3466 sunt
1009 3413 1226 3480 quidam
1265 3415 1318 3468 in
1347 3416 1434 3469 die
1476 3415 1757 3470 Dominico

159 3513 312 3567 genu
362 3495 656 3563 ﬂectentes,
687 3509 740 3553 et
785 3500 838 3553 in
889 3499 1080 3555 diebus
1131 3501 1510 3570 Pentecosten,
1551 3513 1609 3559 ut
1640 3519 1754 3560 om-

161 3587 260 3640 nia
313 3587 368 3641 in
418 3587 650 3643 diversis
679 3589 810 3645 locis
842 3601 1206 3647 consonanter
1232 3595 1612 3662 observentur,
1643 3595 1756 3665 pla-

159 3675 288 3729 cuit
341 3685 535 3732 sancto
578 3679 810 3736 concilio
857 3691 1064 3738 stantes
1105 3683 1333 3740 Domino
1377 3695 1498 3740 vota
1546 3688 1754 3757 persol-

165 3780 320 3822 vere.
741 3809 750 3812 -

769 3859 923 3918 Unde
974 3881 1154 3935 supra.

239 3947 588 4004 CCCLXXX.
655 3951 726 4008 Ut
776 3955 1078 4028 presbyteri
1141 3957 1388 4028 plebibus
1438 3963 1757 4018 annuutient

159 4043 315 4112 quod
359 4044 410 4097 iu
456 4043 876 4118 Quadragesima
921 4059 975 4104 et
1009 4050 1061 4104 in
1093 4050 1299 4121 jejunio
1331 4053 1570 4120 Quatuor
1599 4055 1756 4110 Tem-

163 4149 366 4204 porum
398 4139 765 4194 tantummodo
795 4139 859 4194 ad
897 4141 1185 4197 missarum
1232 4144 1488 4200 solemnia
1539 4163 1752 4202 annun-

167 4227 346 4281 tiante
373 4225 596 4283 diacono
641 4243 812 4300 genua
841 4229 1055 4286 ﬂectere
1080 4232 1331 4288 debeant.
1377 4235 1433 4290 In
1465 4235 1755 4292 Dominicis

163 4335 202 4374 e
235 4326 430 4374 contra
455 4321 641 4378 diebus
669 4322 753 4380 vel
791 4326 1000 4380 czeleris
1057 4325 1210 4383 festis
1251 4343 1283 4382 a
1333 4343 1554 4400 vespera
1587 4347 1756 4401 usque

167 4411 228 4464 in
270 4425 549 4480 veSperam
579 4430 684 4469 non
745 4414 964 4472 ﬂectant
1013 4433 1225 4489 genua,
1272 4423 1366 4476 sed
1415 4433 1618 4479 Stantes
1673 4425 1756 4479 itt-

165 4499 385 4554 curvati
415 4513 594 4556 orent.
647 4502 756 4560 Nec
804 4506 1092 4577 quisquam
1123 4525 1231 4565 uno
1277 4525 1416 4582 genu
1453 4512 1566 4567 solo
1597 4521 1754 4568 tenus

169 4591 443 4660 impresso
513 4609 672 4650 orare
707 4610 1038 4667 praesumat,
1084 4601 1222 4657 sicut
1267 4577 1435 4660 Judaei
1470 4605 1756 4664 irridentes
1781 4577 1834 4638 Β

173 4682 466 4738 Dominum
491 4685 544 4740 in
567 4685 682 4754 ejus
703 4690 952 4757 passione
979 4691 1170 4749 fecisse
1199 4695 1468 4766 leguntur,
1495 4699 1586 4753 sed
1611 4708 1757 4753 utra-

167 4787 282 4860 que
335 4774 493 4846 174
537 4793 710 4847 genua
755 4789 910 4836 terra:
934 4783 1079 4854 ligat.
1112 4785 1202 4840 Ait
1238 4788 1381 4842 enim
1425 4788 1752 4860 Apostolus:

171 4859 362 4916 Flecte
406 4880 576 4932 genua
623 4883 736 4922 mea
793 4871 864 4924 ad
910 4871 1122 4928 Patrem
1155 4875 1368 4932 Domini
1411 4859 1574 4936 nostri
1625 4881 1756 4936 Jesu

173 4951 374 5007 Christi
411 4955 627 5026 (Epltes.
675 4960 784 5030 tu).

173 5043 248 5101 Ut
297 5049 472 5119 turpia
501 5051 711 5107 cantica
749 5055 980 5127 plebibus
999 5060 1390 5127 prohibeamur.
1425 5061 1511 5117 Ex
1538 5065 1757 5120 concilio

811 5126 1128 5182 Arelatensi.

245 5209 614 5270 CCCLXXXI.
656 5217 879 5289 (Concil.
921 5234 980 5273 nt
1037 5219 1202 5276 Tolet.
1245 5237 1294 5278 c.
1336 5223 1451 5294 2'5.)
1483 5225 1756 5282 Extermi-

173 5303 358 5357 nanda
418 5308 638 5362 omnino
690 5317 772 5363 est
817 5309 1116 5382 irreligiosa
1164 5315 1540 5384 consuetudo,
1593 5335 1756 5387 quam

173 5393 368 5464 vulgus
405 5410 504 5464 per
539 5407 850 5454 sanctorum
899 5401 1270 5460 solemnitates
1316 5421 1478 5477 agere
1529 5425 1757 5464 consue-

177 5483 284 5547 vit,
331 5493 392 5538 ut
431 5487 634 5554 populi,
672 5489 762 5559 qui
806 5490 1005 5546 debent
1033 5491 1206 5548 oﬂicia
1239 5496 1422 5551 divina
1473 5502 1760 5556 attendere

177 5571 559 5630 s..ltatiouibus
588 5587 640 5630 et
670 5579 911 5649 turpibus
941 5581 1218 5654 iuvigileut
1247 5587 1494 5654 canticis,
1541 5605 1646 5646 non
1678 5607 1761 5648 so-

441 5707 576 5788 Y'ide
595 5709 684 5764 lib.
709 5727 726 5766 ι
751 5713 1070 5788 (ξξι-ρὶιιιιείίις.λ,
1103 5733 1150 5771 c.
1183 5719 1308 5786 164,
1336 5733 1389 5778 et
1418 5723 1540 5788 I.vl,
1564 5739 1613 5781 c.
1637 5726 1756 5783 I86.

255 5774 579 5855 (25g)__Vide
641 5774 927 5855 concilium
976 5774 1388 5855 Mogontiacum
1419 5774 1758 5852 'c’ét'ébiiaiiiiii

183 5859 326 5899 anno
358 5846 482 5914 815,
507 5863 622 5918 cap.
647 5851 736 5905 56.

511 5943 790 6004 PATROL.
836 5945 1162 6014 CXXXII.

1845 647 2164 710 strepentes.
2217 637 2332 694 Iloc
2369 637 2569 692 ctenim
2603 644 2662 690 ut
2706 636 2775 690 ab
2821 637 2966 691 onmi
3013 635 3270 704 Hispania
3329 637 3424 692 de-

1845 727 2096 800 pellatur,
2145 729 2487 784 sacerdotum
2537 725 2856 796 etjudicum
2899 740 2930 780 a
2977 735 3166 781 sancto
3191 725 3424 782 concilio

1846 839 1990 879 cura;
2031 823 2407 879 committitur.

1848 911 1932 967 Ne
1959 929 2118 984 super
2157 921 2484 984 mortuorth
2537 910 3138 984 cadavet'ibtt§_ca_rmina
3164 908 3427 964 diabolica

2057 983 2326 1034 nocturnis
2353 979 2496 1032 horis
2524 989 2818 1034 cantentur.
2849 978 2998 1033 Unde
3029 996 3208 1047 supra.

1915 1069 2302 1126 CCCLXXXII.
2345 1069 2674 1140 (BURCHARD.
2741 1068 2835 1122 lib.
2884 1084 2956 1134 ι,
3002 1083 3050 1122 c.
3095 1067 3220 1136 ‘54.)
3276 1067 3427 1122 Laici

1848 1164 1938 1234 qui
1983 1163 2240 1218 excubias
2271 1161 2474 1216 funeris
2499 1161 2808 1224 observant,
2841 1176 2962 1214 cum
3015 1161 3211 1216 timore
3239 1169 3294 1214 et
3319 1168 3428 1216 tre-

1851 1268 2000 1308 more
2027 1263 2082 1310 et
2110 1253 2414 1308 reverentia
2446 1253 2548 1307 hoc
2593 1251 2813 1305 faciant.
2859 1249 3046 1306 Nullus
3101 1251 3174 1305 ibi
3229 1265 3430 1320 praesuo

1849 1353 1961 1398 mat
1989 1343 2254 1398 diabolica
2282 1342 2522 1397 cm'mina
2570 1349 2814 1404 cantare,
2843 1355 2948 1394 non
2982 1338 3106 1408 joca
3160 1347 3217 1394 et
3261 1339 3426 1392 salta-

1849 1434 2022 1488 tiones
2049 1432 2252 1496 facere,
2297 1447 2416 1502 qua:
2447 1432 2640 1502 pagani
2691 1430 2900 1486 diabolo
2953 1431 3184 1484 docente
3209 1430 3429 1484 adiuve-

1849 1533 2044 1580 nerunt
2073 1524 2240 1594 (260).
2296 1523 2428 1591 Quis
2456 1523 2600 1577 enim
2652 1523 2859 1576 nesciat
2907 1521 3234 1576 diabolicum
3285 1535 3429 1588 esse,

1851 1623 2036 1670 etnon
2061 1615 2234 1670 solum
2278 1629 2310 1668 a
2355 1614 2614 1684 religione
2667 1611 2974 1668 Christiana
3015 1613 3282 1678 alienum,
3336 1629 3429 1668 se.

1851 1707 2015 1762 etiam
2047 1709 2297 1762 humana:
2325 1715 2532 1762 natura:
2561 1722 2679 1762 esse
2707 1707 3064 1770 contrarium,
3098 1705 3171 1760 ibi
3194 1706 3432 1764 cantari.

1853 1797 2045 1864 lactari,
2077 1797 2353 1860 inebriari,
2383 1807 2436 1852 et
2482 1797 2763 1852 cachinnis
2789 1812 2883 1852 ora
2913 1795 3158 1862 dissolvi,
3185 1805 3240 1850 et
3280 1795 3433 1852 omni

3274 1883 3434 1954 quasi

1853 1973 1918 2027 de
1945 1972 2182 2027 fraterna
2221 1982 2392 2029 morte
2421 1974 2721 2040 exsultare,
2767 1974 2858 2030 ubi
2891 1976 3070 2032 luctus
3099 1983 3155 2030 et
3181 1975 3431 2046 planctus

1851 2059 2118 2117 ﬂebilibus
2145 2063 2370 2118 vocibus
2399 2065 2662 2131 debuerat
2709 2079 2968 2120 resonare
3013 2079 3114 2136 pro
3139 2065 3434 2121 amissione

1853 2150 2003 2205 chari
2032 2150 2258 2206 fratris?
2301 2151 2488 2208 Patres
2517 2153 2783 2224 siquidem
2831 2154 3044 2210 Veteris
3077 2170 3142 2209 ac
3165 2153 3300 2210 Novi
3331 2154 3436 2210 Te-

1855 2243 2107 2296 stamenti
2139 2253 2339 2300 mortes
2370 2254 2681 2300 sanctorum
2731 2247 2969 2301 virorum
2994 2245 3223 2318 legimus
3249 2245 3435 2302 multis

1857 2327 2014 2400 175
2063 2333 2116 2386 in
2164 2332 2298 2388 locis
2341 2350 2463 2388 cum
2491 2331 2617 2388 ﬂetu
2672 2320 3016 2405 deplorasse,
3052 2335 3106 2390 in
3157 2333 3304 2390 nullo
3333 2351 3434 2389 au-

1856 2427 1964 2472 tem
2015 2419 2172 2486 loco,
2229 2422 2355 2490 quia
2405 2437 2436 2476 a
2484 2422 2682 2478 szcculo
2715 2433 3077 2489 recesserant,
3109 2423 3432 2479 exsultasse.

1855 2507 1990 2563 Nam
2019 2519 2074 2565 et
2117 2509 2282 2567 Jacob
2306 2512 2669 2582 patriarcham
2697 2511 2841 2568 ﬂevit
2869 2513 3133 2586 Egyptus
3181 2523 3291 2569 tota
3321 2513 3437 2570 die-

1855 2600 1956 2654 bus
1982 2602 2342 2674 septuaginta.
2402 2604 2468 2660 Et
2499 2601 2698 2675 Ioseph
2742 2615 2797 2660 et
2845 2603 3042 2661 fratres
3099 2604 3216 2674 ejus
3245 2647 3262 2672 ,
3311 2621 3436 2662 cum

1857 2702 2066 2761 patrem
2095 2692 2368 2751 deferrent
2405 2696 2457 2750 in
2509 2707 2706 2762 terram
2760 2695 3016 2752 Chanaan
3064 2696 3131 2752 ad
3173 2696 3438 2767 sepelien-

1857 2785 2024 2850 dum,
2081 2785 2418 2842 celebrantes
2486 2789 2808 2856 exsequias,
2879 2790 2949 2844 ad
3008 2803 3190 2842 aream
3263 2787 3440 2842 Atahe

1859 2873 2066 2950 [Atad],
2099 2893 2218 2947 qua:
2244 2877 2347 2932 sita
2373 2886 2459 2933 est
2485 2887 2634 2934 trans
2657 2876 2964 2943 Jordanem,
2993 2877 3208 2950 planctu
3241 2891 3438 2950 magno

1860 2977 2022 3036 atque
2055 2967 2360 3023 vehementi
2389 2968 2746 3040 impleverunt
2789 2975 2996 3038 septem
3020 2967 3137 3024 dies
3177 2963 3329 3038 (Gen.
3359 2971 3436 3038 ι).

1863 3057 2070 3115 Ἰὲιιηιυε
2095 3070 2275 3115 autem
2321 3060 2422 3114 fuit
2481 3061 2728 3131 planctus
2777 3069 2836 3114 ut
2884 3060 3033 3116 locus
3066 3060 3189 3116 inde
3237 3075 3439 3114 nomen

1861 3153 2150 3222 acceperit.
2203 3151 2268 3207 Et
2313 3153 2378 3208 de
2423 3153 2582 3208 beato
2607 3152 2880 3224 Stephano
2908 3149 3136 3224 legimus
3181 3151 3322 3222 quod
3353 3166 3440 3206 se-

1785 3234 1830 3296 C
1861 3243 2128 3312 pelierunt
2157 3259 2279 3298 eum
2329 3244 2442 3300 sive
2471 3251 2796 3300 curaverunt
2840 3244 2941 3298 viri
2975 3243 3234 3308 tintorati,
3271 3251 3327 3298 et
3355 3241 3440 3298 I'e-

1863 3343 2054 3389 cerunt
2087 3333 2358 3405 planctum
2389 3351 2638 3406 magnum
2668 3351 2830 3406 super
2863 3350 2986 3390 eum
3015 3333 3154 3406 (Act.
3196 3333 3336 3404 Vill).
3375 3331 3444 3388 Et

1863 3421 1985 3476 ideo
2033 3421 2153 3477 talis
2183 3423 2363 3493 inepta
2409 3424 2590 3478 ltetitia
2622 3433 2676 3478 et
2721 3423 2975 3494 pestifera
3006 3422 3216 3477 cantica
3246 3438 3312 3476 ex
3345 3438 3440 3476 au-

1861 3513 2112 3569 ctoritate
2163 3505 2270 3570 Dei
2315 3516 2529 3586 penitus
2588 3515 2953 3571 intcrdiccnda
3006 3522 3153 3570 sunt.
3204 3512 3261 3567 Si
3319 3513 3441 3582 quis

1863 3611 2042 3655 autem
2071 3611 2292 3658 cantare
2337 3604 2626 3668 desiderat,
2673 3603 2834 3674 Kyrie
2882 3603 3076 3657 eleison
3109 3609 3309 3656 cantet.
3341 3599 3443 3656 Sin

1862 3696 2042 3761 aliter,
2095 3697 2316 3750 omnino
2347 3705 2542 3752 taceat.
2595 3695 2652 3752 Si
2701 3703 2882 3752 autem
2919 3704 3100 3751 tacere
3143 3711 3248 3750 non
3300 3693 3439 3760 vult,

1863 3788 2046 3842 statim
2075 3789 2143 3842 ab
2171 3787 2423 3843 amnibus
2449 3787 2756 3853 banniatur,
2811 3785 2894 3840 vel
2942 3781 3221 3853 adjuretur
3245 3791 3302 3838 ut
3329 3799 3440 3838 non

1863 3875 2059 3930 habeat
2109 3875 2183 3932 ibi
2221 3877 2493 3931 licentiam
2533 3875 2759 3948 amplius
2803 3876 3120 3942 consistere,
3163 3875 3258 3932 sed
3292 3889 3444 3930 rece-

1861 3969 1974 4033 dat,
2021 3977 2074 4024 et
2103 3969 2168 4022 ad
2201 3969 2472 4039 prepriam
2517 3977 2604 4023 eat
2635 3967 2988 4023 mansionem.
3039 3967 3096 4020 In
3141 3965 3442 4021 crastinum

1861 4070 2040 4115 autem
2067 4061 2249 4114 taliter
2272 4069 2590 4116 coercentur
2631 4067 2689 4114 ut
2728 4059 2908 4115 caeteri
2947 4059 3190 4114 timeant.

1863 4171 1930 4226 Ut
1961 4174 2228 4244 episcopus
2255 4173 2466 4244 clericos
2493 4173 2710 4244 alterius
2733 4173 3007 4244 perandum
3033 4173 3330 4228 nullatenus
3349 4189 3443 4228 oro

2202 4244 2362 4297 dinet.
2403 4243 2486 4298 Ex
2511 4243 3096 4297 concilio'Antiocheno.

1929 4329 2334 4386 CCCLXXXI“.
2366 4331 2592 4402 (Cancib
2637 4331 2876 4386 Antioch.
2910 4347 2959 4387 c.
2996 4332 3100 4398 22;
3133 4333 3442 4389 Buncutnn.

1859 4422 1953 4477 Iih.
1983 4439 2023 4487 ι,
2058 4437 2106 4478 c.
2141 4423 2287 4492 107.)
2317 4422 2609 4493 Episcopus
2635 4437 2742 4477 non
2771 4423 3064 4478 constituat
3103 4425 3446 4495 presbyteros

1861 4521 1953 4566 aut
1976 4514 2230 4568 diaconos
2259 4513 2410 4567 alteri
2439 4513 2708 4584 subjectos
2734 4513 3004 4583 episcopo,
3023 4515 3124 4570 nisi
3157 4514 3292 4572 forte
3319 4532 3444 4572 cum

1859 4602 2084 4658 consilio
2107 4612 2162 4657 et
2185 4603 2456 4658 voluntate
2482 4603 2719 4674 regionis
2745 4604 3001 4674 episc0pi.
3035 4603 3090 4660 Si
3115 4605 3236 4676 quis
3263 4617 3443 4661 autem

1859 4692 1964 4746 tale
1991 4693 2191 4762 aliquid
2214 4709 2372 4762 agere
2399 4693 2704 4758 tentaverit,
2735 4693 2886 4746 irrita
2911 4694 2976 4748 sit
3004 4692 3122 4763 ejus
3153 4695 3442 4759 ordinatio,

1857 4791 1913 4836 et
1947 4781 2061 4850 ipse
2085 4791 2402 4837 coercentur
2429 4797 2460 4836 a
2483 4783 2706 4854 synodo.

1861 4891 2024 4964 176
2054 4889 2118 4946 Ut
2145 4892 2320 4948 nullus
2350 4891 2835 5016 alteriuﬁclericum
2866 4893 3084 4950 ordinet.
3115 4895 3200 4950 Ex
3224 4896 3445 4950 conetlio

2579 4979 2763 5016 tcwno.

2579 4979 2763 5017 tcwno.

1930 5051 2341 5109 CCCLXXXIV.
2372 5051 2592 5124 (Concil.
2645 5051 2853 5109 Nicam.
2902 5069 2953 5110 c.
2995 5053 3092 5120 l6;
3129 5054 3438 5108 Buncusnn.

1859 5141 1956 5200 lib.
2003 5159 2042 5206 ι,
2075 5143 2298 5212 c.109.)
2339 5143 2394 5198 Si
2419 5144 2540 5212 quis
2567 5143 2850 5214 episcopus
2894 5145 3148 5200 clericum
3176 5145 3242 5198 ad
3277 5144 3442 5200 alium

1861 5237 2217 5308 pertinentem
2266 5237 2522 5292 audacter
2563 5238 2818 5292 invadere
2868 5237 3016 5310 feda.
3069 5235 3438 5300 Helntmstadw

1860 5327 2218 5398 pertinentem
2249 5337 2342 5382 aut
2368 5327 2652 5382 diaconum
2690 5328 2964 5392 invadere,
2995 5325 3152 5398 male]
3179 5335 3234 5380 et
3263 5327 3314 5382 in
3344 5343 3442 5382 sua

1863 5417 2100 5474 Ecclesia
2147 5419 2399 5474 ordinare
2437 5419 2722 5474 tentaverit
2771 5433 2874 5473 non
2925 5417 3293 5472 consentiente
3329 5417 3441 5489 epi-

1857 5523 2020 5578 scopo
2067 5523 2096 5562 a
2135 5523 2240 5576 quo
2288 5507 2572 5573 discessit,
2619 5507 2888 5562 ordinatio
2935 5503 3240 5572 hujusmodi
3290 5507 3441 5564 irrita

1859 5600 2256 5669 comprobetur.

1931 5733 2079 5807 (ερο)
2119 5733 2253 5790 Vide
2277 5734 2464 5807 lih.__vl
2498 5735 2819 5807 Capitular.,
2843 5753 2892 5794 c.
2923 5737 3045 5804 I93,
3076 5737 3198 5804 Iﬂi,
3244 5747 3296 5792 et
3319 5751 3442 5792 con-

1862 5803 1950 5859 cil.
1981 5803 2154 5860 Tolct.
2185 5820 2266 5870 Ill,
2295 5821 2341 5860 c.
2367 5805 2457 5858 2‘2.

3005 5969 3042 6024 9
