3944 6394
472 443 580 498 ’267

744 553 818 606 De
851 548 1030 603 cadent
1060 561 1130 598 re.
1167 540 1247 594 Ex
1277 539 1495 594 concilio
1525 537 1791 608 Africano.

547 638 936 706 CCCLXXXV.
967 627 1191 709 (Concil.
1219 633 1384 704 Arrio.
1412 645 1459 685 c.
1491 629 1558 684 5'7
1590 647 1605 695 ;
1631 629 1724 683 lib.
1745 642 1819 681 v11
1849 623 2061 696 Capitu-

476 741 579 797 lar.
609 755 659 794 c.
688 735 752 790 21
780 747 796 800 ς
844 732 1153 789 Buncnsan.
1195 725 1289 781 lib.
1315 737 1434 789 Vlll,
1464 737 1515 777 c.
1557 720 1668 791 11.)
1693 719 1825 774 ltem
1862 717 2065 790 placuit

479 845 539 888 ut
565 831 869 902 quicunque
915 825 968 878 in
1017 820 1246 879 ecclesia
1290 816 1374 872 vel
1417 813 1584 871 semel
1625 811 1831 883 legerit,
1862 814 1930 865 ab
1958 809 2062 864 alia

476 920 708 978 ecclesia
730 917 798 973 ad
823 915 1134 972 clericatum
1162 924 1268 965 non
1309 915 1576 964 teneatur.

483 1011 635 1067 nuad
661 1025 766 1064 non
794 1013 992 1078 oportet
1010 1000 1270 1078 absolute
1285 996 1636 1078 ordinationes
1661 994 1796 1066 fieri.
1825 991 1909 1048 Ea:
1936 1009 2064 1047 con-

864 1089 868 1094 ‘
974 1073 1094 1128 cilio
1138 1067 1568 1126 Chalcedonensi.

550 1165 971 1228 CCCLXXXVI.
998 1161 1219 1235 (Concil.
1245 1159 1561 1216 Chalcedon.
1592 1172 1640 1212 c.
1665 1155 1728 1222 6;
1753 1153 2062 1210 Buacuann.

482 1263 579 1318 lib.
625 1275 685 1325 11,
728 1274 778 1314 c.
808 1258 888 1329 6.)
921 1255 1135 1310 Nullum
1174 1250 1416 1306 absolute
1455 1245 1694 1304 ordinari
1724 1245 1919 1300 debere
1946 1257 2068 1312 pre-

479 1357 764 1428 sbyterum
801 1358 894 1406 aut
917 1349 1199 1404 diaconum
1229 1359 1328 1400 nec
1352 1339 1645 1414 quemlibet
1689 1337 1742 1393 in
1786 1336 1954 1408 gradu
1979 1349 2068 1390 ec-

489 1447 816 1513 clesiastico,
877 1444 980 1500 nisi
1041 1439 1348 1513 specialiter
1402 1433 1643 1492 ecclesia:
1700 1429 1935 1486 civitatis
1978 1433 2071 1482 aut

487 1537 867 1612 possessionis,
897 1543 990 1591 aut
1031 1530 1298 1602 martyrii,
1328 1535 1420 1584 aut
1455 1523 1790 1589 monasterii,
1814 1521 1899 1577 cui
1922 1519 2071 1576 ordi-

491 1609 700 1686 nandus
751 1634 853 1693 est,
900 1625 1295 1696 pronuntietur.
1327 1618 1429 1687 Qui
1477 1632 1606 1673 vero
1643 1612 1887 1671 absolute
1929 1609 2073 1668 ordi-

491 1727 708 1783 nantur,
749 1715 982 1773 decrevit
1011 1720 1194 1769 sancta
1233 1707 1468 1782 synodus
1507 1705 1716 1761 irritam
1759 1700 1944 1758 haberi
1975 1699 2074 1755 liu-

486 1809 722 1883 jusmodi
751 1821 940 1863 manus
967 1801 1376 1874 impositionem,
1407 1806 1462 1852 et
1492 1807 1756 1866 nusquam
1786 1804 1943 1862 posse
1973 1788 2073 1844 mi-

493 1901 745 1966 nistrare‘,
774 1899 840 1953 ad
877 1893 1179 1954 ordinantis
1216 1889 1489 1961 iniuriam.

493 2013 627 2067 Item
667 2020 722 2064 ut
758 2009 933 2066 nullus
974 2006 1206 2130 absplbute
1243 2005 1530 2127 ordineﬂtgr.
1568 1999 1655 2055 Ex
1691 1995 2074 2068 Capitularinnt

1090 2095 1103 2130 ι
1146 2117 1160 2129 .
1190 2092 1228 2130 1.
1258 2092 1374 2130 can.
1481 2111 1494 2124 .

1090 2092 1160 2130 ιο.
1190 2092 1228 2140 1,
1258 2092 1374 2143 cap.
1404 2092 1494 2127 zz).

563 2167 1000 2229 CCCLXXXVll.
1035 2165 1173 2240 (Lib.
1201 2181 1216 2219 1
1245 2162 1537 2234 Capitular.
1563 2176 1612 2215 c.
1642 2157 1756 2230 25.)
1787 2156 1858 2214 Ut
1900 2153 2079 2211 nullus

494 2265 743 2321 absolute
776 2262 1054 2318 ordinetur
1077 2267 1132 2313 et
1159 2257 1275 2312 sine
1302 2251 1736 2326 pronuntiatione
1770 2245 2078 2304 stabilitatis

498 2357 601 2411 loci
625 2356 690 2410 ad
716 2369 875 2426 quem
899 2351 1198 2408 ordinatur.

501 2469 659 2540 177
688 2467 761 2523 De
781 2464 1164 2522 examinatione
1192 2456 1736 2584 antegglinationem.
1767 2451 1852 2507 Ex
1876 2449 2078 2516 eodem,

1155 2548 1272 2584 can.
1417 2569 1430 2583 .

1155 2548 1272 2602 cap.
1309 2548 1430 2584 100.

570 2623 1028 2685 CCCLXXXVIII.
1056 2622 1198 2696 (Lib.
1226 2637 1244 2675 1
1274 2617 1565 2690 Capitular.
1591 2632 1641 2672 c.
1676 2611 1822 2684 M2.)
1850 2611 1917 2668 Ut
1962 2625 2084 2681 pre-

501 2719 702 2794 snytcri
733 2733 838 2772 non
871 2715 1186 2770 ordinentur
1213 2711 1528 2782 priusquam
1557 2706 1952 2762 examinentur.

637 2811 712 2863 De
737 2807 916 2863 eadem
948 2823 1020 2859 re.
1055 2804 1138 2858 Ea:
1167 2802 1385 2856 concilio
1411 2797 1682 2861 Meldensi,
1716 2812 1831 2867 cap.
1859 2793 1949 2849 52.

573 2895 991 2956 CCCLXXXIX.
1027 2892 1249 2967 (Concil.
1290 2891 1452 2949 Meld.
1486 2907 1536 2946 c.
1565 2888 1678 2960 52.)
1706 2887 1806 2955 Qui
1845 2901 1972 2941 vero
2019 2899 2086 2940 ex

506 2991 706 3048 nostris
733 2987 1025 3059 partechiis
1065 2993 1156 3039 aut
1185 2985 1250 3038 ad
1294 2982 1506 3037 titulum
1545 2989 1637 3035 aut
1672 2979 1915 3034 absolute
1944 2977 2089 3059 ordi-

509 3083 625 3138 nari
654 3089 929 3153 petuntur,
958 3077 1264 3132 nullatenus
1295 3073 1615 3130 ordinentur
1643 3071 1747 3125 nisi
1774 3077 1864 3124 aut
1895 3069 1947 3123 in
1970 3051 2088 3122 102:0

508 3184 658 3230 certo
692 3160 746 3228 ei
777 3169 1043 3241 religioso,
1079 3167 1162 3224 vel
1203 3165 1363 3220 etiam
1395 3165 1449 3218 in
1486 3161 1724 3226 civitate,
1764 3159 1950 3215 saltem
1984 3172 2089 3212 uno

509 3279 650 3320 anno
681 3264 1050 3325 immorentur,
1085 3267 1143 3313 ut
1170 3256 1237 3312 de
1265 3257 1453 3335 vitaet
1488 3251 1900 3309 conversatione
1930 3258 2090 3318 atque
2118 3246 2162 3310 C

510 3356 754 3413 doctrina
783 3353 924 3409 illius
961 3350 1225 3407 certitudo
1251 3348 1421 3419 possit
1449 3345 1687 3419 agnosci.
1715 3343 1781 3399 Et
1816 3356 1972 3398 nemo
1996 3341 2090 3396 ab-

512 3450 684 3505 solute
719 3448 968 3503 ordinare
1010 3457 1334 3514 quemquam
1381 3447 1694 3511 praesumat,
1739 3437 1878 3492 sicut
1922 3434 2091 3492 sancti

495 3549 809 3598 sanxerunt
839 3552 1074 3593 canones
1107 3535 1276 3608 (261).

505 3656 557 3711 τι]
565 3668 581 3710 ι
609 3655 836 3710 ordinati
861 3653 1058 3707 litteras
1089 3652 1345 3711 accipiant
1373 3665 1404 3702 a
1434 3649 1541 3702 suis
1572 3643 1978 3702 ordinatoribus.
2012 3640 2096 3696 Ea:

961 3757 970 3764 ~
1045 3720 1265 3775 concilio
1296 3718 1570 3788 Africano.

569 3812 826 3867 'JCCCXC.
865 3808 1087 3881 (Concil.
1135 3807 1301 3877 Afric.
1329 3823 1379 3861 c.
1411 3805 1510 3867 56;
1557 3803 1864 3859 Bonan/mn.
1905 3800 1996 3855 lib.
2034 3815 2094 3864 11,

501 3922 566 3961 ac.
599 3903 668 3957 46
694 3903 711 3973 )
739 3901 939 3956 Placuit
968 3908 1027 3953 ut
1049 3897 1352 3970 quicunque
1379 3895 1631 3965 deinceps
1665 3893 1984 3948 ordinantur
2006 3906 2100 3962 per

513 3995 828 4066 provincias
866 3987 1169 4056 Africanas,
1200 3989 1408 4043 litteras
1435 3986 1702 4056 accipiant
1733 3984 1801 4038 ab
1826 3984 2101 4039 ordinato-

521 4090 672 4144 ribns
707 4087 820 4142 suis
856 4100 1017 4140 manu
1041 4098 1228 4139 eorum
1257 4079 1588 4150 subscriptas
1615 4077 1950 4134 continentes
1976 4089 2104 4129 con-

521 4185 690 4239 sulem
737 4195 790 4239 et
827 4183 990 4250 diem,
1035 4189 1094 4236 ut
1132 4179 1278 4236 nulla
1308 4176 1590 4234 altercatio
1616 4174 1680 4231 de
1715 4170 2106 4244 posterioribus

524 4275 605 4328 vel
636 4267 998 4329 anterioribus
1026 4271 1254 4328 oriatur.

526 4379 591 4434 Ut
647 4379 820 4433 nullus
869 4378 1082 4432 alterius
1124 4391 1324 4430 servam
1377 4373 1623 4427 ordinare
1672 4378 1974 4441 prwsumat.
2024 4365 2108 4420 Ex

1001 4445 1216 4516 epistola
1243 4443 1429 4496 Leonis
1460 4458 1626 4512 papw.

595 4537 860 4593 CCCXCI.
895 4537 1136 4608 (Decreta
1162 4534 1358 4588 LEOSIS
1397 4533 1436 4595 l,
1479 4548 1528 4586 c.
1565 4530 1640 4601 1.)
1671 4528 1786 4583 Non
1821 4526 2108 4584 admittan-

1540 419 1902 480 REGINONIS
1942 415 2354 473 PllUMiE-NSIS
2390 413 2680 470 ABBATIS

2083 532 2133 593 Λ
2212 528 2290 583 De
2317 529 2496 583 eadem
2511 543 2596 584 .re.
2638 526 2721 579 Ea:
2747 523 2969 580 concilio
2999 519 3432 592 Mogontiacensi,
3460 535 3579 586 cap.
3607 518 3704 571 26.

3645 403 3754 460 268

2233 619 2520 676 CCCXC“.
2537 616 2762 690 (Concil.
2778 615 3050 670 Aurelian.
3071 631 3113 678 1,
3134 629 3185 668 c.
3201 613 3265 677 8;
3283 608 3467 664 concil.
3484 607 3758 663 Womtat.

2163 726 2212 767 c.
2241 709 2356 782 ιο.)
2386 709 2445 766 Si
2475 725 2682 775 servus,
2715 708 2934 763 absente
2958 715 3048 760 aut
3071 704 3343 759 nesciente
3373 699 3617 763 domino,
3647 699 3768 766 cpi-

2163 821 2326 876 scopo
2354 812 2535 860 autem
2581 803 2812 867 sciente,
2841 801 3097 855 diaconus
3136 805 3226 850 aut
3272 792 3556 864 presbyter
3595 790 3766 846 fuerit

2165 894 2465 959 ordinatus,
2507 893 2623 964 ipse
2657 891 2711 946 in
2750 891 3041 947 clericatus
3071 885 3243 942 ollicio
3273 890 3608 955 permaneat,
3650 880 3768 950 epi-

2167 998 2360 1054 scopus
2387 991 2568 1037 autem
2606 996 2731 1036 eum
2762 979 2959 1050 duplici
2987 976 3356 1033 satisfactione
3395 972 3615 1027 domino
3644 985 3771 1041 pcr-

2169 1071 2340 1128 solvat
2360 1070 2532 1143 (262).
2567 1070 2625 1126 Si
2654 1085 2782 1125 vero
2805 1070 3091 1140 episcopus
3116 1081 3330 1122 servum
3359 1078 3480 1118 eum
3513 1076 3639 1116 esse
3678 1077 3772 1116 ne-

2169 1165 2373 1230 scierit,
2417 1164 2509 1235 qui
2543 1161 2910 1219 testimonium
2950 1161 3016 1217 de
3062 1159 3151 1215 illo
3180 1157 3481 1230 pcrbibent,
3519 1160 3612 1207 aut
3648 1170 3773 1209 eum

2171 1258 2448 1328 postulant
2473 1254 2737 1321 ordinari,
2759 1253 2920 1310 simili
2950 1253 3449 1324 recompensatione
3475 1260 3774 1308 teneantur

2171 1349 2389 1405 obnoxii
2418 1348 2588 1420 (265).

2173 1439 2241 1496 Ut
2265 1441 2439 1496 nullus
2471 1441 2824 1495 ministrorum
2851 1439 3070 1493 alterius
3099 1438 3373 1508 parite/tia.-
3399 1435 3656 1508 clericum
3699 1434 3776 1508 la-

2243 1522 2408 1566 tenter
2447 1513 2515 1566 ad
2561 1511 2941 1565 ordinationem
2973 1504 3388 1563 subintroducat.
3423 1505 3508 1560 Ea:
3549 1504 3779 1577 epistola

2244 1581 2542 1636 Innocentii
2567 1596 2741 1650 paper.

2243 1670 2556 1728 CCCXClll.
2598 1670 2843 1742 (Decreta
2886 1669 3065 1725 lance.
3094 1669 3135 1735 l,
3175 1685 3226 1724 c.
3259 1668 3371 1739 14.)
3401 1665 3473 1722 Ut
3501 1667 3570 1722 de
3597 1665 3779 1722 aliena

2175 1762 2417 1818 Ecclesia
2444 1761 2697 1818 clericum
2727 1761 2979 1816 ordinare
3001 1759 3178 1816 nullus
3206 1759 3488 1830 episcopus
3511 1767 3772 1827 usurpet,

2176 1855 2280 1910 nisi
2330 1853 2552 1908 alterius
2586 1851 2821 1922 episcopi
2868 1852 3124 1920 precibus
3159 1829 3412 1906 exoratus
3443 1848 3664 1912 fecerit,
3695 1829 3780 1902 vel

2183 1945 2346 2017 179
2387 1945 2502 2015 ipse
2547 1945 2831 2015 episcopus
2877 1951 3134 1998 exoratus
3173 1942 3469 1998 concedere
3518 1939 3780 1994 voluerit.

2176 2038 2291 2095 Hoc
2334 2038 2498 2094 etiam
2543 2036 2784 2108 synodus
2829 2035 3048 2091 Nicaena
3087 2034 3295 2098 statuit,
3321 2043 3381 2088 ut
3409 2031 3685 2100 abiectum
3713 2029 3783 2085 ab

2176 2125 2347 2183 altero
2372 2126 2628 2182 clericum
2667 2124 2834 2180 altera
2867 2124 3110 2180 Ecclesia
3139 2139 3248 2180 non
3273 2122 3524 2193 recipiat.

2244 2239 2382 2296 Item
2404 2239 2468 2294 de
2507 2241 2669 2294 servis
2691 2237 3023 2294 ordinandis.
3059 2235 3142 2291 Ea:
3178 2233 3396 2291 concilio
3429 2233 3710 2288 Toletano.

2247 2349 2558 2408 CCCXClV.
2593 2347 2816 2422 (Concil.
2857 2335 3021 2402 Τοῖσι.
3056 2362 3105 2401 c.
3128 2348 3230 2414 75;
3271 2345 3582 2401 Buacuaan.
3608 2342 3708 2397 lib.
3743 2358 3782 2406 1,

2177 2458 2228 2499 c.
2259 2441 2376 2513 25.)
2414 2441 2730 2510 Quicunque
2754 2439 3058 2494 libertatem
3086 2453 3116 2492 a
3143 2437 3376 2494 dominis
3406 2435 3520 2491 suis
3550 2435 3627 2489 ita
3653 2449 3783 2504 per-

2180 2531 2386 2602 cipiunt
2421 2539 2479 2585 ut
2514 2529 2712 2584 nullam
2740 2528 2956 2583 sibimet
2984 2527 3037 2582 in
3067 2528 3147 2583 eis
3169 2526 3483 2597 obsequium
3511 2534 3787 2594 patronus

2181 2629 2453 2686 retentet,
2485 2619 2596 2686 isti,
2627 2617 2670 2675 si
2698 2618 2815 2674 sine
2838 2617 3068 2674 crimine
3094 2625 3239 2684 sunt,
3275 2616 3342 2671 ad
3370 2615 3670 2672 clericatus
3695 2629 3789 2669 or-

2189 2715 2368 2773 dinem
2405 2713 2573 2768 libere
2617 2710 3000 2781 suscipiantur,
3054 2709 3178 2781 quia
3229 2708 3432 2764 directa
3484 2705 3790 2761 manumis-

2183 2810 2334 2865 sione
2371 2806 2600 2863 absoluti
2633 2813 2950 2860 noscuntur.
2985 2801 3088 2870 Qui
3123 2816 3252 2858 vero
3283 2809 3490 2856 retento
3519 2799 3791 2868 obsequio

2185 2892 2502 2954 mamnuissi
2541 2901 2688 2958 sunt,
2727 2907 2828 2962 pro
2863 2906 2928 2946 eo
2957 2890 3098 2960 quod
3127 2905 3158 2944 a
3185 2890 3428 2961 patronis
3455 2888 3638 2943 adhuc
3670 2901 3789 2940 ser-

2185 2986 2352 3041 vitute
2379 2992 2631 3039 tenentur
2653 2981 2894 3047 obnoxii,
2933 2979 3234 3036 nullatenus
3265 2990 3389 3034 sunt
3415 2977 3482 3033 ad
3517 2977 3792 3033 ecclesia-

2192 3077 2385 3134 sticum
2429 3074 2673 3130 ordinem
2725 3070 3104 3143 promOvcndi;
3137 3085 3225 3137 ne,
3255 3069 3469 3140 quando
3517 3067 3794 3125 voluerint

2189 3185 2380 3226 eorum
2408 3165 2636 3230 domini,
2676 3165 2812 3220 ﬁant
2833 3180 2900 3221 ex
2924 3163 3135 3220 clericis
3159 3163 3325 3218 servi.

2530 3256 2668 3312 Item
2697 3272 2762 3311 ea:
2784 3255 3199 3326 Capitularibus,
3224 3255 3306 3310 tit.
3339 3254 3430 3311 84.

2260 3347 2551 3405 CCCXCV.
2585 3346 2809 3420 (Concil.
2851 3344 3033 3402 Paris.
3079 3346 3176 3403 lib.
3224 3361 3263 3414 1,
3306 3362 3356 3402 c.
3380 3345 3471 3412 22,
3504 3354 3562 3402 et
3596 3345 3697 3401 lib.
3727 3361 3794 3413 ν,

2192 3441 2487 3512 Capitular.
2511 3456 2562 3496 c.
2593 3437 2739 3509 178.)
2772 3435 2830 3494 Si
2860 3437 2981 3493 laici
3009 3436 3236 3493 clericos
3262 3435 3559 3508 probabilis
3585 3437 3715 3492 vita
3741 3447 3797 3492 et

2193 3532 2451 3587 doctrina:
2487 3529 2758 3602 episcopis
2795 3529 3166 3586 consecrando
3193 3529 3413 3599 suisque
3439 3527 3492 3583 in
3534 3527 3798 3583 Ecclesiis

2194 3621 2599 3677 constituendos
2647 3619 2972 3684 obtulerint,
3026 3617 3172 3674 nulla
3219 3616 3461 3688 qualibet
3500 3617 3796 3674 occasione

2195 3721 2289 3761 eos
2320 3704 2586 3774 rejiciant.

2319 3798 2393 3854 De
2414 3813 2681 3853 servorum
2711 3796 3062 3853 ordinatione.
3093 3793 3178 3851 Ea:
3203 3795 3404 3860 eodem,
3437 3810 3557 3864 cap.
3585 3793 3686 3850 82.

2281 3887 2593 3947 CCCXCVI.
2617 3887 2943 3959 (Capitulare
2967 3887 3385 3958 Aquisgraneme
3399 3884 3664 3941 Lunovta
3693 3884 3795 3947 Ρη,

2202 3982 2342 4042 c.6;
2398 3981 2492 4035 lib.
2535 3996 2553 4035 1
2607 3977 2899 4050 Capitular.
2953 3992 3004 4032 c.
3051 3975 3157 4042 88;
3215 3973 3528 4030 Buacnaan.
3585 3974 3686 4029 lib.
3735 3990 3796 4038 n,

2201 4073 2366 4137 c.5l;
2398 4071 2506 4137 lvo,
2539 4079 2680 4140 part.
2715 4085 2786 4134 v1,
2820 4084 2867 4124 c.
2900 4067 3052 4136 252.)
3077 4067 3154 4122 De
3183 4081 3463 4124 servorum
3492 4064 3795 4120 ordinatio-

2203 4177 2290 4228 ne,
2342 4161 2433 4230 qui
2481 4161 2680 4230 passim
2712 4159 2779 4214 ad
2825 4158 3024 4230 gradus
3061 4155 3462 4213 ecclesiasticos
3504 4155 3798 4211 indiscrete

2205 4258 2610 4323 promoventur,
2642 4249 2843 4320 placuit
2867 4248 3116 4304 omnibus
3145 4262 3266 4302 cum
3291 4246 3463 4302 sacris
3497 4246 3798 4300 canonibus

2206 4341 2536 4396 concordare
2558 4340 2785 4402 debere;
2817 4349 2872 4394 et
2902 4347 3160 4393 statutum
3189 4348 3272 4393 est
3298 4345 3358 4392 ut
3387 4336 3569 4392 nullus
3592 4338 3801 4406 episco-

2207 4446 2397 4502 porum
2418 4429 2668 4500 deinceps
2681 4444 2774 4484 eos
2794 4428 2860 4483 ad
2881 4443 3066 4483 sacros
3084 4424 3301 4483 ordines
3322 4441 3649 4497 promovere
3670 4443 3800 4497 ιιι-εικ-

2211 4532 2406 4588 sumat,
2447 4521 2548 4575 nisi
2581 4520 2729 4591 prius
2755 4536 2786 4574 a
2812 4518 3045 4574 dominis
3069 4520 3300 4589 propriis
3328 4519 3643 4573 libertatem
3675 4533 3796 4572 con-

533 4643 616 4685 tur
641 4629 841 4700 passim
862 4597 928 4682 ad
950 4627 1193 4681 ordinem
1215 4639 1427 4678 sacrum
1449 4597 1644 4693 quibus
1664 4620 1805 4674 nulla
1828 4618 2103 4684 natalium,
2139 4597 2184 4656 ί)
2211 4615 2378 4670 secuti
2410 4611 2629 4666 fuerint.
2668 4612 2733 4665 Et
2775 4611 2935 4682 180
2972 4611 3016 4666 si
3040 4611 3265 4681 quilibet
3305 4625 3497 4665 servus
3527 4610 3799 4664 dominum

533 4721 676 4775 nulla
705 4735 912 4774 morum
941 4719 1173 4789 dignitas
1206 4715 1560 4784 sull‘ragatur;
1598 4723 1651 4768 et
1682 4712 1771 4782 qui
1810 4729 1840 4766 a
1878 4711 2109 4766 dominis

532 4812 645 4866 suis
674 4803 973 4864 libertatem
1009 4805 1259 4876 consequi
1285 4805 1504 4860 minime
1533 4812 1843 4874 potuerunt,
1866 4802 1933 4856 ad
1962 4801 2112 4856 fasti-

535 4904 678 4974 gium
711 4901 1017 4967 sacerdotii,
1051 4909 1302 4969 tanquam
1329 4897 1542 4952 servilis
1571 4895 1749 4951 vilitas
1779 4895 1940 4964 178
1969 4895 2111 4948 hunc

536 4996 798 5048 honorent
841 4991 1039 5062 capiat,
1086 5005 1190 5044 non
1232 4988 1615 5059 provehantur.
1654 4985 1722 5040 Et
1751 4987 1966 5055 probari
2001 4984 2112 5040 Deo

536 5101 693 5156 posse
739 5086 976 5141 creditur
1005 5085 1094 5154 qui
1136 5083 1351 5138 domino
1378 5096 1474 5136 suo
1512 5082 1737 5136 necdum
1786 5079 2012 5150 probare
2059 5092 2117 5131 se

539 5181 729 5247 potuit.
763 5175 832 5230 Et
867 5186 980 5248 post
1008 5191 1197 5246 pauca.
1242 5173 1408 5227 Debet
1455 5186 1575 5227 esse
1621 5171 1872 5225 immunis
1905 5169 1970 5224 ab
1999 5167 2118 5222 aliis

541 5270 630 5338 qui
675 5269 868 5323 divinse
918 5261 1121 5319 militia:
1167 5263 1328 5318 fuerit
1378 5262 1779 5332 aggregandus;
1824 5270 1882 5312 ut
1925 5258 2118 5314 castris

545 5359 852 5424 Dominicis,
884 5358 1079 5427 quibus
1119 5369 1312 5408 nomen
1348 5353 1464 5424 ejus
1497 5353 1807 5416 ascribitur,
1837 5348 1994 5404 nullis
2028 5362 2120 5402 ne-

546 5452 856 5507 cessitatum
887 5449 1114 5504 vinculis
1147 5447 1511 5504 abstrahatur.

641 5666 770 5812 262';
813 5671 945 5726 Vide
978 5670 1170 5727 concil.
1196 5666 1436 5742 Moguut.
1477 5666 1574 5724 Sub
1603 5667 1794 5723 Carolo
1825 5667 1918 5732 Μ..
1955 5682 2006 5723 c.
2031 5666 2121 5721 2'5.

641 5741 747 5798 265
799 5740 981 5795 Mutila
1015 5751 1096 5795 est
1125 5743 1294 5812 prima
1325 5756 1447 5809 pars
1472 5741 1626 5794 istius
1653 5740 1862 5812 capitis,
1889 5739 2121 5812 adeoque

641 5739 768 5811 265)
799 5740 981 5795 Mutila
1015 5751 1096 5795 est
1125 5739 1307 5811 prima
1325 5756 1447 5809 pars
1472 5741 1626 5794 istius
1653 5740 1862 5811 capitis,
1889 5739 2127 5811 adeoque

590 5808 759 5869 ullum
785 5827 1001 5870 sensum
1031 5808 1207 5867 habet.
1235 5808 1524 5880 Sicitaqne
1552 5809 1876 5879 supplendas
1904 5817 1985 5863 est
2008 5808 2124 5862 hia-

639 5601 767 5670 261)
801 5602 932 5656 Vide
967 5603 1102 5656 infra
1131 5616 1190 5655 ca
1235 5641 1249 5654 .
1281 5600 1389 5653 M2
1413 5598 1571 5668 hujus
1601 5598 1743 5652 libri.

617 5603 770 5812 3262;
813 5671 945 5753 Vide
978 5670 1170 5727 concil.
1193 5617 1436 5753 gloguut.
1474 5671 1574 5751 sub
1603 5669 1740 5723 Caro

641 5741 747 5798 265
799 5740 981 5795 Mutila
1015 5751 1096 5795 est
1125 5757 1294 5812 prima
1325 5756 1447 5809 pars
1472 5751 1626 5794 istius
1653 5755 1743 5812 cap

2211 4725 2367 4764 suum
2399 4707 2607 4777 fugiens
2637 4705 2722 4761 vel
2751 4705 2987 4771 latitans,
3019 4714 3111 4758 aut
3135 4703 3390 4758 adhibitis
3433 4704 3673 4757 testibus
3695 4716 3800 4755 mu-

2213 4814 2340 4855 nere
2383 4797 2663 4853 conductis
2715 4795 2796 4850 vel
2844 4795 3133 4864 corruptis,
3184 4803 3277 4847 aut
3322 4791 3568 4862 qualibet
3603 4791 3800 4846 callidi-

2213 4901 2323 4946 tate
2347 4889 2428 4945 vel
2459 4888 2668 4954 fraude,
2699 4887 2763 4942 ad
2804 4888 2998 4958 gradus
3038 4884 3434 4940 ecclesiasticos
3472 4881 3796 4952 pervenerit,

2214 4985 2494 5040 decretum.
2515 4989 2598 5036 est
2622 4989 2682 5035 ut
2708 4981 3025 5050 deponatur,
3055 4986 3112 5032 et
3138 4977 3387 5032 dominus
3413 4974 3693 5046 ejus.eum
3723 4986 3797 5026 re-

2218 5079 2401 5148 cipiat.
2427 5075 2482 5131 Si
2509 5090 2637 5131 vero
2666 5089 2796 5128 avus
2826 5081 2919 5128 aut
2947 5081 3097 5143 pater
3124 5070 3192 5124 ab
3221 5069 3323 5124 alia
3353 5068 3530 5139 patria
3564 5069 3620 5122 in
3651 5067 3798 5121 aliam

2219 5170 2485 5240 migrans,
2535 5167 2589 5222 in
2635 5166 2823 5222 eadem
2866 5163 3141 5234 provincia
3197 5161 3365 5218 ﬁlium
3418 5161 3702 5232 genuerit,
3752 5166 3802 5210 et

2219 5262 2334 5331 ipse
2381 5260 2521 5314 [ilius
2559 5259 2758 5314 ibidem
2803 5257 3062 5312 educatus
3101 5263 3156 5310 et
3205 5254 3272 5309 ad
3310 5251 3798 5324 gradus-ecclesia-

2218 5351 2381 5406 sticos
2417 5358 2696 5420 promotus
2737 5345 2918 5412 fuerit,
2944 5354 2998 5400 et
3023 5355 3205 5400 utrum
3241 5359 3430 5399 servus
3463 5342 3537 5397 sit
3571 5342 3796 5411 ignotum

2224 5443 2293 5498 sit
2331 5440 2640 5515 [Sirmond.
2668 5479 2683 5505 ,
2722 5439 3027 5510 ignoratum
3076 5435 3258 5491 fuerit.
3301 5433 3482 5489 Codex
3521 5443 3696 5488 noster
3727 5443 3799 5483 rc-

2232 5606 2317 5651 tus
2343 5611 2406 5650 ex
2446 5592 2773 5652 editionibns
2809 5589 3022 5646 concilii
3051 5587 3491 5643 Aurelianensis:
3529 5585 3589 5640 Si
3612 5594 3794 5652 servus.

2231 5649 2437 5720 absente
2457 5649 2548 5718 aut
2577 5663 2830 5717 nesciente
2855 5661 3090 5725 domino,
3121 5669 3168 5713 et
3201 5659 3439 5727 episcopo
3463 5657 3655 5709 sciente
3671 5649 3795 5718 quod

2231 5753 2407 5790 servus
2434 5734 2522 5798 sit,
2553 5744 2642 5787 aut
2673 5732 2946 5797 diaconus,
2977 5739 3084 5784 etc.
3129 5729 3204 5782 De
3242 5739 3518 5798 servorum
3543 5737 3694 5796 porro
3714 5733 3796 5773 or-

2235 5796 2646 5860 dinationevide
2676 5799 2814 5856 infra
2839 5796 2958 5872 cap.
2991 5798 3094 5856 596
3125 5799 3282 5866 huius
3310 5796 3454 5852 libri.
