  <div class='ocr_page' id='page_1' title='image "/cluster/home/n/w/nwhite01/storage/ocr_20150623/132/hvd.32044015471733/140.png"; bbox 0 0 3944 6438; ppageno 0'>
   <div class='ocr_carea' id='block_1_1' title="bbox 58 417 3354 546">
    <p class='ocr_par' dir='ltr' id='par_1_1' title="bbox 58 417 3354 546">
     <span class='ocr_line' id='line_1_1' title="bbox 58 417 3354 546; baseline -0.014 -3"><span class='ocrx_word' id='word_1_1' title='bbox 58 417 190 546; x_wconf 74' lang='lat' dir='ltr'><strong>26s</strong></span> <span class='ocrx_word' id='word_1_2' title='bbox 977 475 1065 532; x_wconf 75' lang='lat' dir='ltr'><strong>DE</strong></span> <span class='ocrx_word' id='word_1_3' title='bbox 1103 470 1380 530; x_wconf 83' lang='lat' dir='ltr'><strong>ECCLES.</strong></span> <span class='ocrx_word' id='word_1_4' title='bbox 1418 464 1700 525; x_wconf 71' lang='lat' dir='ltr'><strong>DISCII‘L.</strong></span> <span class='ocrx_word' id='word_1_5' title='bbox 1742 459 1922 518; x_wconf 84' lang='lat' dir='ltr'><strong>LlBltl</strong></span> <span class='ocrx_word' id='word_1_6' title='bbox 1956 459 2116 516; x_wconf 71' lang='lat' dir='ltr'><strong>aco.</strong></span> <span class='ocrx_word' id='word_1_7' title='bbox 2155 489 2225 502; x_wconf 86' lang='grc'><strong><em>-</em></strong></span> <span class='ocrx_word' id='word_1_8' title='bbox 2262 458 2391 516; x_wconf 77' lang='lat' dir='ltr'><strong>un.</strong></span> <span class='ocrx_word' id='word_1_9' title='bbox 2430 461 2470 516; x_wconf 86' lang='lat' dir='ltr'><strong>l.</strong></span> <span class='ocrx_word' id='word_1_10' title='bbox 3243 465 3354 520; x_wconf 64' lang='grc' dir='ltr'><strong>ρτο</strong></span> 
     </span>
    </p>
   </div>
   <div class='ocr_carea' id='block_1_2' title="bbox 57 571 3349 664">
    <p class='ocr_par' dir='ltr' id='par_1_2' title="bbox 57 571 3349 664">
     <span class='ocr_line' id='line_1_2' title="bbox 57 571 3349 664; baseline 0.004 -43"><span class='ocrx_word' id='word_1_11' title='bbox 57 608 164 649; x_wconf 54' lang='grc' dir='ltr'><strong>,κε</strong></span> <span class='ocrx_word' id='word_1_12' title='bbox 195 637 216 660; x_wconf 51' lang='lat'><strong>’</strong></span> <span class='ocrx_word' id='word_1_13' title='bbox 262 588 609 664; x_wconf 61' lang='grc' dir='ltr'><strong>ίεηοτπρτίι]</strong></span> <span class='ocrx_word' id='word_1_14' title='bbox 635 630 650 654; x_wconf 46' lang='grc'><strong>⁹</strong></span> <span class='ocrx_word' id='word_1_15' title='bbox 679 596 734 644; x_wconf 66' lang='grc' dir='ltr'><strong>οι</strong></span> <span class='ocrx_word' id='word_1_16' title='bbox 759 594 945 659; x_wconf 53' lang='lat' dir='ltr'><strong>postea</strong></span> <span class='ocrx_word' id='word_1_17' title='bbox 985 585 1205 641; x_wconf 64' lang='lat' dir='ltr'><strong>veniens</strong></span> <span class='ocrx_word' id='word_1_18' title='bbox 1242 581 1490 639; x_wconf 86' lang='lat' dir='ltr'><strong>dominus</strong></span> <span class='ocrx_word' id='word_1_19' title='bbox 1531 579 1672 634; x_wconf 88' lang='lat' dir='ltr'><strong>illius</strong></span> <span class='ocrx_word' id='word_1_20' title='bbox 1699 587 1751 647; x_wconf 71' lang='grc' dir='ltr'>Α</span> <span class='ocrx_word' id='word_1_21' title='bbox 1777 571 1924 664; x_wconf 86' lang='lat' dir='ltr'><strong>omni</strong></span> <span class='ocrx_word' id='word_1_22' title='bbox 1949 571 2228 627; x_wconf 76' lang='lat' dir='ltr'><strong>servitutis</strong></span> <span class='ocrx_word' id='word_1_23' title='bbox 2254 572 2468 628; x_wconf 85' lang='lat' dir='ltr'><strong>vinculo</strong></span> <span class='ocrx_word' id='word_1_24' title='bbox 2499 587 2722 628; x_wconf 83' lang='lat' dir='ltr'><strong>securus</strong></span> <span class='ocrx_word' id='word_1_25' title='bbox 2747 583 3069 644; x_wconf 85' lang='lat' dir='ltr'><strong>permaneat</strong></span> <span class='ocrx_word' id='word_1_26' title='bbox 3092 585 3349 650; x_wconf 80' lang='lat' dir='ltr'><strong>tanquam</strong></span> 
     </span>
    </p>
   </div>
   <div class='ocr_carea' id='block_1_3' title="bbox 54 663 3358 756">
    <p class='ocr_par' dir='ltr' id='par_1_3' title="bbox 54 663 3358 756">
     <span class='ocr_line' id='line_1_3' title="bbox 54 663 3358 756; baseline -0.002 -18"><span class='ocrx_word' id='word_1_27' title='bbox 54 663 301 756; x_wconf 76' lang='lat' dir='ltr'><strong>legibus</strong></span> <span class='ocrx_word' id='word_1_28' title='bbox 341 699 464 738; x_wconf 91' lang='lat' dir='ltr'><strong>eum</strong></span> <span class='ocrx_word' id='word_1_29' title='bbox 504 679 830 750; x_wconf 88' lang='lat' dir='ltr'><strong>acquisierit,</strong></span> <span class='ocrx_word' id='word_1_30' title='bbox 865 678 1130 732; x_wconf 78' lang='lat' dir='ltr'><strong>sancittnn</strong></span> <span class='ocrx_word' id='word_1_31' title='bbox 1163 685 1247 732; x_wconf 89' lang='lat' dir='ltr'><strong>est</strong></span> <span class='ocrx_word' id='word_1_32' title='bbox 1275 684 1332 730; x_wconf 94' lang='grc' dir='ltr'><strong>ιιι</strong></span> <span class='ocrx_word' id='word_1_33' title='bbox 1357 676 1400 731; x_wconf 91' lang='lat' dir='ltr'><strong>si</strong></span> <span class='ocrx_word' id='word_1_34' title='bbox 1428 674 1676 730; x_wconf 91' lang='lat' dir='ltr'><strong>dominus</strong></span> <span class='ocrx_word' id='word_1_35' title='bbox 1775 666 1823 723; x_wconf 88' lang='lat' dir='ltr'><strong>si</strong></span> <span class='ocrx_word' id='word_1_36' title='bbox 1854 663 1921 720; x_wconf 86' lang='lat' dir='ltr'><strong>ab</strong></span> <span class='ocrx_word' id='word_1_37' title='bbox 1949 665 2194 736; x_wconf 79' lang='lat' dir='ltr'><strong>ingenuis</strong></span> <span class='ocrx_word' id='word_1_38' title='bbox 2213 666 2529 736; x_wconf 85' lang='lat' dir='ltr'><strong>parentibus</strong></span> <span class='ocrx_word' id='word_1_39' title='bbox 2557 666 3092 739; x_wconf 38' lang='lat' dir='ltr'><strong>fuissct&#39;procrcatus</strong></span> <span class='ocrx_word' id='word_1_40' title='bbox 3138 680 3224 728; x_wconf 89' lang='lat' dir='ltr'><strong>vel</strong></span> <span class='ocrx_word' id='word_1_41' title='bbox 3249 688 3358 732; x_wconf 78' lang='lat' dir='ltr'><strong>na-.</strong></span> 
     </span>
    </p>
   </div>
   <div class='ocr_carea' id='block_1_4' title="bbox 58 757 1667 845">
    <p class='ocr_par' dir='ltr' id='par_1_4' title="bbox 58 765 1667 845">
     <span class='ocr_line' id='line_1_4' title="bbox 58 765 1667 845; baseline -0.007 -15"><span class='ocrx_word' id='word_1_42' title='bbox 58 775 202 845; x_wconf 79' lang='lat' dir='ltr'><strong>ejus</strong></span> <span class='ocrx_word' id='word_1_43' title='bbox 240 774 312 828; x_wconf 86' lang='lat' dir='ltr'><strong>illi</strong></span> <span class='ocrx_word' id='word_1_44' title='bbox 355 773 656 827; x_wconf 88' lang='lat' dir='ltr'><strong>libertatem</strong></span> <span class='ocrx_word' id='word_1_45' title='bbox 693 770 824 825; x_wconf 87' lang='lat' dir='ltr'><strong>dare</strong></span> <span class='ocrx_word' id='word_1_46' title='bbox 859 767 1119 834; x_wconf 89' lang='lat' dir='ltr'><strong>voluerit,</strong></span> <span class='ocrx_word' id='word_1_47' title='bbox 1149 766 1201 821; x_wconf 92' lang='lat' dir='ltr'><strong>in</strong></span> <span class='ocrx_word' id='word_1_48' title='bbox 1233 765 1399 838; x_wconf 86' lang='lat' dir='ltr'><strong>gradu</strong></span> <span class='ocrx_word' id='word_1_49' title='bbox 1432 779 1529 819; x_wconf 81' lang='lat' dir='ltr'><strong>suo</strong></span> <span class='ocrx_word' id='word_1_50' title='bbox 1548 777 1667 834; x_wconf 81' lang='lat' dir='ltr'><strong>per-</strong></span> 
     </span>
    </p>
   </div>
   <div class='ocr_carea' id='block_1_5' title="bbox 1773 757 3356 845">
    <p class='ocr_par' dir='ltr' id='par_1_5' title="bbox 1773 757 3356 834">
     <span class='ocr_line' id='line_1_5' title="bbox 1773 757 3356 834; baseline 0.004 -20"><span class='ocrx_word' id='word_1_51' title='bbox 1773 767 1862 815; x_wconf 88' lang='lat' dir='ltr'><strong>tus</strong></span> <span class='ocrx_word' id='word_1_52' title='bbox 1878 797 1896 825; x_wconf 90' lang='lat'><strong>,</strong></span> <span class='ocrx_word' id='word_1_53' title='bbox 1915 757 2275 828; x_wconf 84' lang='lat' dir='ltr'><strong>eamdemque</strong></span> <span class='ocrx_word' id='word_1_54' title='bbox 2291 765 2486 829; x_wconf 77' lang='lat' dir='ltr'><strong>pergat</strong></span> <span class='ocrx_word' id='word_1_55' title='bbox 2509 767 2719 828; x_wconf 87' lang='lat' dir='ltr'><strong>partem</strong></span> <span class='ocrx_word' id='word_1_56' title='bbox 2755 775 3137 834; x_wconf 80' lang='lat' dir='ltr'><strong>quamcunque</strong></span> <span class='ocrx_word' id='word_1_57' title='bbox 3158 761 3356 822; x_wconf 79' lang='lat' dir='ltr'><strong>volens.</strong></span> 
     </span>
    </p>
   </div>
   <div class='ocr_carea' id='block_1_6' title="bbox 58 847 3354 926">
    <p class='ocr_par' dir='ltr' id='par_1_6' title="bbox 58 847 3354 926">
     <span class='ocr_line' id='line_1_6' title="bbox 58 847 3354 926; baseline -0 -8"><span class='ocrx_word' id='word_1_58' title='bbox 58 873 330 919; x_wconf 75' lang='lat' dir='ltr'><strong>maneat.</strong></span> <span class='ocrx_word' id='word_1_59' title='bbox 364 863 422 918; x_wconf 89' lang='lat' dir='ltr'><strong>Si</strong></span> <span class='ocrx_word' id='word_1_60' title='bbox 445 877 576 917; x_wconf 83' lang='lat' dir='ltr'><strong>vero</strong></span> <span class='ocrx_word' id='word_1_61' title='bbox 601 874 727 916; x_wconf 86' lang='lat' dir='ltr'><strong>eum</strong></span> <span class='ocrx_word' id='word_1_62' title='bbox 753 866 942 914; x_wconf 89' lang='lat' dir='ltr'><strong>catena</strong></span> <span class='ocrx_word' id='word_1_63' title='bbox 975 856 1250 913; x_wconf 68' lang='lat' dir='ltr'><strong>servitutis</strong></span> <span class='ocrx_word' id='word_1_64' title='bbox 1285 872 1316 912; x_wconf 94' lang='lat' dir='ltr'><strong>a</strong></span> <span class='ocrx_word' id='word_1_65' title='bbox 1348 855 1544 911; x_wconf 90' lang='lat' dir='ltr'><strong>castris</strong></span> <span class='ocrx_word' id='word_1_66' title='bbox 1570 853 1677 910; x_wconf 93' lang='lat' dir='ltr'><strong>Do-</strong></span> <span class='ocrx_word' id='word_1_67' title='bbox 1771 847 2032 905; x_wconf 86' lang='lat' dir='ltr'><strong>canonice</strong></span> <span class='ocrx_word' id='word_1_68' title='bbox 2059 847 2314 920; x_wconf 63' lang='lat' dir='ltr'><strong>elegerit,</strong></span> <span class='ocrx_word' id='word_1_69' title='bbox 2347 849 2422 904; x_wconf 75' lang='lat' dir='ltr'><strong>ita</strong></span> <span class='ocrx_word' id='word_1_70' title='bbox 2451 858 2515 904; x_wconf 71' lang='lat' dir='ltr'><strong>ut</strong></span> <span class='ocrx_word' id='word_1_71' title='bbox 2556 849 2810 921; x_wconf 76' lang='lat' dir='ltr'><strong>deinceps</strong></span> <span class='ocrx_word' id='word_1_72' title='bbox 2849 867 2954 908; x_wconf 84' lang='lat' dir='ltr'><strong>nec</strong></span> <span class='ocrx_word' id='word_1_73' title='bbox 2987 852 3143 910; x_wconf 81' lang='lat' dir='ltr'><strong>nobis</strong></span> <span class='ocrx_word' id='word_1_74' title='bbox 3172 869 3354 926; x_wconf 76' lang='lat' dir='ltr'><strong>neque</strong></span> 
     </span>
    </p>
   </div>
   <div class='ocr_carea' id='block_1_7' title="bbox 59 941 3354 1019">
    <p class='ocr_par' dir='ltr' id='par_1_7' title="bbox 59 941 3354 1019">
     <span class='ocr_line' id='line_1_7' title="bbox 59 941 3354 1019; baseline -0.001 -13"><span class='ocrx_word' id='word_1_75' title='bbox 59 954 305 1008; x_wconf 88' lang='lat' dir='ltr'><strong>minicis</strong></span> <span class='ocrx_word' id='word_1_76' title='bbox 343 951 657 1008; x_wconf 72' lang='lat' dir='ltr'><strong>abstrahere</strong></span> <span class='ocrx_word' id='word_1_77' title='bbox 701 948 949 1016; x_wconf 90' lang='lat' dir='ltr'><strong>voluerit,</strong></span> <span class='ocrx_word' id='word_1_78' title='bbox 987 947 1221 1019; x_wconf 85' lang='lat' dir='ltr'><strong>gradum</strong></span> <span class='ocrx_word' id='word_1_79' title='bbox 1261 947 1493 1011; x_wconf 89' lang='lat' dir='ltr'><strong>amittat,</strong></span> <span class='ocrx_word' id='word_1_80' title='bbox 1549 943 1674 1014; x_wconf 84' lang='lat' dir='ltr'><strong>quia</strong></span> <span class='ocrx_word' id='word_1_81' title='bbox 1773 942 2180 999; x_wconf 77' lang='lat' dir='ltr'><strong>succesSoribus</strong></span> <span class='ocrx_word' id='word_1_82' title='bbox 2206 942 2408 999; x_wconf 77' lang='lat' dir='ltr'><strong>nostris</strong></span> <span class='ocrx_word' id='word_1_83' title='bbox 2431 941 2598 998; x_wconf 84' lang='lat' dir='ltr'><strong>ullum</strong></span> <span class='ocrx_word' id='word_1_84' title='bbox 2637 943 2832 1000; x_wconf 86' lang='lat' dir='ltr'><strong>debeat</strong></span> <span class='ocrx_word' id='word_1_85' title='bbox 2861 946 3036 1002; x_wconf 76' lang='lat' dir='ltr'><strong>noxiae</strong></span> <span class='ocrx_word' id='word_1_86' title='bbox 3089 947 3354 1004; x_wconf 88' lang='lat' dir='ltr'><strong>conditio-</strong></span> 
     </span>
    </p>
   </div>
   <div class='ocr_carea' id='block_1_8' title="bbox 54 1031 3355 1114">
    <p class='ocr_par' dir='ltr' id='par_1_8' title="bbox 54 1031 3355 1114">
     <span class='ocr_line' id='line_1_8' title="bbox 54 1031 3355 1114; baseline -0.001 -19"><span class='ocrx_word' id='word_1_87' title='bbox 54 1045 234 1114; x_wconf 68' lang='lat' dir='ltr'><strong>juxta</strong></span> <span class='ocrx_word' id='word_1_88' title='bbox 280 1059 469 1099; x_wconf 84' lang='lat' dir='ltr'><strong>sacros</strong></span> <span class='ocrx_word' id='word_1_89' title='bbox 501 1056 737 1098; x_wconf 85' lang='lat' dir='ltr'><strong>canones</strong></span> <span class='ocrx_word' id='word_1_90' title='bbox 785 1039 907 1095; x_wconf 81' lang='lat' dir='ltr'><strong>vilis</strong></span> <span class='ocrx_word' id='word_1_91' title='bbox 945 1054 1174 1109; x_wconf 86' lang='lat' dir='ltr'><strong>persona</strong></span> <span class='ocrx_word' id='word_1_92' title='bbox 1225 1051 1448 1092; x_wconf 87' lang='lat' dir='ltr'><strong>manens</strong></span> <span class='ocrx_word' id='word_1_93' title='bbox 1498 1052 1677 1092; x_wconf 81' lang='lat' dir='ltr'><strong>sacer-</strong></span> <span class='ocrx_word' id='word_1_94' title='bbox 1771 1031 1857 1087; x_wconf 86' lang='lat' dir='ltr'><strong>nis</strong></span> <span class='ocrx_word' id='word_1_95' title='bbox 1879 1033 2199 1099; x_wconf 75' lang='lat' dir='ltr'><strong>servitium,</strong></span> <span class='ocrx_word' id='word_1_96' title='bbox 2257 1033 2356 1089; x_wconf 89' lang='lat' dir='ltr'><strong>sed</strong></span> <span class='ocrx_word' id='word_1_97' title='bbox 2395 1033 2646 1088; x_wconf 87' lang='lat' dir='ltr'><strong>omnibus</strong></span> <span class='ocrx_word' id='word_1_98' title='bbox 2693 1033 2882 1091; x_wconf 84' lang='lat' dir='ltr'><strong>diebus</strong></span> <span class='ocrx_word' id='word_1_99' title='bbox 2924 1036 3052 1091; x_wconf 77' lang='lat' dir='ltr'><strong>vitae</strong></span> <span class='ocrx_word' id='word_1_100' title='bbox 3093 1051 3204 1092; x_wconf 73' lang='lat' dir='ltr'><strong>suae</strong></span> <span class='ocrx_word' id='word_1_101' title='bbox 3253 1040 3355 1094; x_wconf 86' lang='lat' dir='ltr'><strong>suh</strong></span> 
     </span>
    </p>
   </div>
   <div class='ocr_carea' id='block_1_9' title="bbox 59 1131 1055 1204">
    <p class='ocr_par' dir='ltr' id='par_1_9' title="bbox 59 1131 1055 1204">
     <span class='ocr_line' id='line_1_9' title="bbox 59 1131 1055 1204; baseline -0.007 -16"><span class='ocrx_word' id='word_1_102' title='bbox 59 1135 210 1188; x_wconf 87' lang='lat' dir='ltr'><strong>dotii</strong></span> <span class='ocrx_word' id='word_1_103' title='bbox 246 1134 513 1204; x_wconf 83' lang='lat' dir='ltr'><strong>dignitate</strong></span> <span class='ocrx_word' id='word_1_104' title='bbox 539 1131 687 1201; x_wconf 76' lang='lat' dir='ltr'><strong>fungi</strong></span> <span class='ocrx_word' id='word_1_105' title='bbox 723 1145 828 1185; x_wconf 89' lang='lat' dir='ltr'><strong>non</strong></span> <span class='ocrx_word' id='word_1_106' title='bbox 859 1138 1055 1200; x_wconf 83' lang='lat' dir='ltr'><strong>potest.</strong></span> 
     </span>
    </p>
   </div>
   <div class='ocr_carea' id='block_1_10' title="bbox 551 1221 1220 1295">
    <p class='ocr_par' dir='ltr' id='par_1_10' title="bbox 551 1221 1220 1295">
     <span class='ocr_line' id='line_1_10' title="bbox 551 1221 1220 1295; baseline -0.007 -16"><span class='ocrx_word' id='word_1_107' title='bbox 551 1224 630 1279; x_wconf 85' lang='lat' dir='ltr'><strong>De</strong></span> <span class='ocrx_word' id='word_1_108' title='bbox 649 1221 910 1295; x_wconf 75' lang='lat' dir='ltr'><strong>peculiare</strong></span> <span class='ocrx_word' id='word_1_109' title='bbox 933 1237 1220 1276; x_wconf 64' lang='lat' dir='ltr'><strong>certorum.</strong></span> 
     </span>
    </p>
   </div>
   <div class='ocr_carea' id='block_1_11' title="bbox 133 1310 1669 1386">
    <p class='ocr_par' dir='ltr' id='par_1_11' title="bbox 133 1310 1669 1386">
     <span class='ocr_line' id='line_1_11' title="bbox 133 1310 1669 1386; baseline -0.005 -13"><span class='ocrx_word' id='word_1_110' title='bbox 133 1313 496 1373; x_wconf 68' lang='lat' dir='ltr'><strong>(DCCXCVII.</strong></span> <span class='ocrx_word' id='word_1_111' title='bbox 534 1315 684 1386; x_wconf 89' lang='lat' dir='ltr'><strong>(Lib.</strong></span> <span class='ocrx_word' id='word_1_112' title='bbox 724 1330 742 1369; x_wconf 86' lang='lat' dir='ltr'><strong>t</strong></span> <span class='ocrx_word' id='word_1_113' title='bbox 785 1311 1078 1386; x_wconf 79' lang='lat' dir='ltr'><strong>Capitular.</strong></span> <span class='ocrx_word' id='word_1_114' title='bbox 1133 1327 1182 1369; x_wconf 92' lang='lat' dir='ltr'><strong>c.</strong></span> <span class='ocrx_word' id='word_1_115' title='bbox 1225 1311 1322 1378; x_wconf 82' lang='lat'><strong>88;</strong></span> <span class='ocrx_word' id='word_1_116' title='bbox 1362 1310 1669 1368; x_wconf 72' lang='lat' dir='ltr'><strong>BURCIIARB.</strong></span> 
     </span>
    </p>
   </div>
   <div class='ocr_carea' id='block_1_12' title="bbox 61 1403 1674 1476">
    <p class='ocr_par' dir='ltr' id='par_1_12' title="bbox 61 1403 1674 1476">
     <span class='ocr_line' id='line_1_12' title="bbox 61 1403 1674 1476; baseline -0.002 -15"><span class='ocrx_word' id='word_1_117' title='bbox 61 1409 168 1462; x_wconf 88' lang='lat' dir='ltr'><strong>lib.</strong></span> <span class='ocrx_word' id='word_1_118' title='bbox 202 1423 270 1473; x_wconf 85' lang='grc' dir='ltr'><strong>ιι,</strong></span> <span class='ocrx_word' id='word_1_119' title='bbox 298 1422 360 1463; x_wconf 85' lang='lat' dir='ltr'><strong>c.</strong></span> <span class='ocrx_word' id='word_1_120' title='bbox 382 1407 474 1474; x_wconf 80' lang='lat'><strong>23;</strong></span> <span class='ocrx_word' id='word_1_121' title='bbox 498 1407 618 1472; x_wconf 89' lang='lat' dir='ltr'><strong>lvo,</strong></span> <span class='ocrx_word' id='word_1_122' title='bbox 644 1414 784 1476; x_wconf 89' lang='lat' dir='ltr'><strong>part.</strong></span> <span class='ocrx_word' id='word_1_123' title='bbox 813 1421 888 1472; x_wconf 80' lang='lat' dir='ltr'><strong>vi,</strong></span> <span class='ocrx_word' id='word_1_124' title='bbox 917 1420 967 1460; x_wconf 92' lang='lat' dir='ltr'><strong>c.</strong></span> <span class='ocrx_word' id='word_1_125' title='bbox 997 1405 1085 1460; x_wconf 90' lang='grc'><strong>58.</strong></span> <span class='ocrx_word' id='word_1_126' title='bbox 1109 1403 1130 1474; x_wconf 86' lang='grc'><strong>)</strong></span> <span class='ocrx_word' id='word_1_127' title='bbox 1171 1404 1246 1460; x_wconf 92' lang='lat' dir='ltr'><strong>De</strong></span> <span class='ocrx_word' id='word_1_128' title='bbox 1274 1404 1434 1460; x_wconf 87' lang='lat' dir='ltr'><strong>rebus</strong></span> <span class='ocrx_word' id='word_1_129' title='bbox 1461 1417 1589 1459; x_wconf 86' lang='lat' dir='ltr'><strong>vero</strong></span> <span class='ocrx_word' id='word_1_130' title='bbox 1611 1404 1674 1459; x_wconf 85' lang='lat' dir='ltr'><strong>il-</strong></span> 
     </span>
    </p>
   </div>
   <div class='ocr_carea' id='block_1_13' title="bbox 61 1495 1670 1568">
    <p class='ocr_par' dir='ltr' id='par_1_13' title="bbox 61 1495 1670 1568">
     <span class='ocr_line' id='line_1_13' title="bbox 61 1495 1670 1568; baseline 0.001 -16"><span class='ocrx_word' id='word_1_131' title='bbox 61 1499 257 1553; x_wconf 86' lang='lat' dir='ltr'><strong>lorum</strong></span> <span class='ocrx_word' id='word_1_132' title='bbox 299 1498 387 1552; x_wconf 90' lang='lat' dir='ltr'><strong>vel</strong></span> <span class='ocrx_word' id='word_1_133' title='bbox 417 1497 686 1568; x_wconf 82' lang='lat' dir='ltr'><strong>peculiare</strong></span> <span class='ocrx_word' id='word_1_134' title='bbox 713 1496 804 1567; x_wconf 88' lang='lat' dir='ltr'><strong>qui</strong></span> <span class='ocrx_word' id='word_1_135' title='bbox 842 1512 872 1551; x_wconf 90' lang='lat' dir='ltr'><strong>a</strong></span> <span class='ocrx_word' id='word_1_136' title='bbox 901 1496 1133 1551; x_wconf 90' lang='lat' dir='ltr'><strong>dominis</strong></span> <span class='ocrx_word' id='word_1_137' title='bbox 1169 1496 1400 1566; x_wconf 84' lang='lat' dir='ltr'><strong>propriis</strong></span> <span class='ocrx_word' id='word_1_138' title='bbox 1425 1495 1670 1553; x_wconf 83' lang='lat' dir='ltr'><strong>libertate</strong></span> 
     </span>
    </p>
   </div>
   <div class='ocr_carea' id='block_1_14' title="bbox 64 1586 1672 1659">
    <p class='ocr_par' dir='ltr' id='par_1_14' title="bbox 64 1586 1672 1659">
     <span class='ocr_line' id='line_1_14' title="bbox 64 1586 1672 1659; baseline -0.001 -15"><span class='ocrx_word' id='word_1_139' title='bbox 64 1589 360 1644; x_wconf 74' lang='lat' dir='ltr'><strong>donantur</strong></span> <span class='ocrx_word' id='word_1_140' title='bbox 378 1598 440 1642; x_wconf 87' lang='lat' dir='ltr'><strong>nt</strong></span> <span class='ocrx_word' id='word_1_141' title='bbox 458 1587 529 1642; x_wconf 86' lang='lat' dir='ltr'><strong>ad</strong></span> <span class='ocrx_word' id='word_1_142' title='bbox 547 1588 743 1659; x_wconf 81' lang='lat' dir='ltr'><strong>gradus</strong></span> <span class='ocrx_word' id='word_1_143' title='bbox 765 1586 1158 1642; x_wconf 89' lang='lat' dir='ltr'><strong>ecclesiasticos</strong></span> <span class='ocrx_word' id='word_1_144' title='bbox 1174 1587 1294 1658; x_wconf 83' lang='lat' dir='ltr'><strong>jure</strong></span> <span class='ocrx_word' id='word_1_145' title='bbox 1314 1602 1672 1658; x_wconf 85' lang='lat' dir='ltr'><strong>promovean-</strong></span> 
     </span>
    </p>
   </div>
   <div class='ocr_carea' id='block_1_15' title="bbox 63 1677 1672 1748">
    <p class='ocr_par' dir='ltr' id='par_1_15' title="bbox 63 1677 1672 1748">
     <span class='ocr_line' id='line_1_15' title="bbox 63 1677 1672 1748; baseline 0.003 -20"><span class='ocrx_word' id='word_1_146' title='bbox 63 1687 182 1742; x_wconf 88' lang='lat' dir='ltr'><strong>tur,</strong></span> <span class='ocrx_word' id='word_1_147' title='bbox 208 1685 480 1732; x_wconf 86' lang='lat' dir='ltr'><strong>statutum</strong></span> <span class='ocrx_word' id='word_1_148' title='bbox 498 1685 585 1732; x_wconf 90' lang='lat' dir='ltr'><strong>est</strong></span> <span class='ocrx_word' id='word_1_149' title='bbox 612 1685 671 1731; x_wconf 92' lang='lat' dir='ltr'><strong>ut</strong></span> <span class='ocrx_word' id='word_1_150' title='bbox 695 1677 746 1732; x_wconf 93' lang='lat' dir='ltr'><strong>in</strong></span> <span class='ocrx_word' id='word_1_151' title='bbox 766 1685 1031 1748; x_wconf 85' lang='lat' dir='ltr'><strong>potestate</strong></span> <span class='ocrx_word' id='word_1_152' title='bbox 1057 1677 1392 1732; x_wconf 89' lang='lat' dir='ltr'><strong>dominorum</strong></span> <span class='ocrx_word' id='word_1_153' title='bbox 1414 1677 1672 1733; x_wconf 84' lang='lat' dir='ltr'><strong>consistat</strong></span> 
     </span>
    </p>
   </div>
   <div class='ocr_carea' id='block_1_16' title="bbox 52 1764 1563 1822">
    <p class='ocr_par' dir='ltr' id='par_1_16' title="bbox 52 1764 1563 1822">
     <span class='ocr_line' id='line_1_16' title="bbox 52 1764 1563 1822; baseline 0.001 -3"><span class='ocrx_word' id='word_1_154' title='bbox 52 1774 258 1820; x_wconf 65' lang='lat' dir='ltr'><strong>utrum</strong></span> <span class='ocrx_word' id='word_1_155' title='bbox 289 1765 398 1822; x_wconf 90' lang='lat' dir='ltr'><strong>illis</strong></span> <span class='ocrx_word' id='word_1_156' title='bbox 426 1765 724 1822; x_wconf 77' lang='lat' dir='ltr'><strong>concedere</strong></span> <span class='ocrx_word' id='word_1_157' title='bbox 755 1781 824 1820; x_wconf 88' lang='lat' dir='ltr'><strong>an</strong></span> <span class='ocrx_word' id='word_1_158' title='bbox 850 1764 955 1820; x_wconf 87' lang='lat' dir='ltr'><strong>sibi</strong></span> <span class='ocrx_word' id='word_1_159' title='bbox 980 1764 1253 1822; x_wconf 85' lang='lat' dir='ltr'><strong>vindicare</strong></span> <span class='ocrx_word' id='word_1_160' title='bbox 1273 1765 1563 1822; x_wconf 87' lang='lat' dir='ltr'><strong>voluerint.</strong></span> 
     </span>
    </p>
   </div>
   <div class='ocr_carea' id='block_1_17' title="bbox 475 1878 1274 1950">
    <p class='ocr_par' dir='ltr' id='par_1_17' title="bbox 475 1878 1274 1950">
     <span class='ocr_line' id='line_1_17' title="bbox 475 1878 1274 1950; baseline -0.004 -15"><span class='ocrx_word' id='word_1_161' title='bbox 475 1879 553 1935; x_wconf 81' lang='lat' dir='ltr'><strong>De</strong></span> <span class='ocrx_word' id='word_1_162' title='bbox 581 1878 845 1950; x_wconf 79' lang='lat' dir='ltr'><strong>peculiare</strong></span> <span class='ocrx_word' id='word_1_163' title='bbox 891 1880 1274 1934; x_wconf 70' lang='lat' dir='ltr'><strong>ordiaatoruut.</strong></span> 
     </span>
    </p>
   </div>
   <div class='ocr_carea' id='block_1_18' title="bbox 134 1955 1746 2041">
    <p class='ocr_par' dir='ltr' id='par_1_18' title="bbox 134 1955 1746 2041">
     <span class='ocr_line' id='line_1_18' title="bbox 134 1955 1746 2041; baseline 0 -15"><span class='ocrx_word' id='word_1_164' title='bbox 134 1967 514 2026; x_wconf 76' lang='lat' dir='ltr'><strong>CCCXCVUI.</strong></span> <span class='ocrx_word' id='word_1_165' title='bbox 546 1969 698 2041; x_wconf 89' lang='lat' dir='ltr'><strong>(Lib.</strong></span> <span class='ocrx_word' id='word_1_166' title='bbox 735 1983 752 2024; x_wconf 88' lang='grc' dir='ltr'><strong>ι</strong></span> <span class='ocrx_word' id='word_1_167' title='bbox 801 1967 1095 2039; x_wconf 76' lang='lat' dir='ltr'><strong>Capita/ar.</strong></span> <span class='ocrx_word' id='word_1_168' title='bbox 1127 1985 1175 2025; x_wconf 92' lang='lat' dir='ltr'><strong>c.</strong></span> <span class='ocrx_word' id='word_1_169' title='bbox 1207 1971 1314 2037; x_wconf 87' lang='lat'><strong>88;</strong></span> <span class='ocrx_word' id='word_1_170' title='bbox 1355 1969 1667 2026; x_wconf 72' lang='lat' dir='ltr'><strong>BUICHAID.</strong></span> <span class='ocrx_word' id='word_1_171' title='bbox 1700 1955 1746 2015; x_wconf 69' lang='grc' dir='ltr'>Β</span> 
     </span>
    </p>
   </div>
   <div class='ocr_carea' id='block_1_19' title="bbox 59 2057 1670 2130">
    <p class='ocr_par' dir='ltr' id='par_1_19' title="bbox 59 2057 1670 2130">
     <span class='ocr_line' id='line_1_19' title="bbox 59 2057 1670 2130; baseline 0.003 -20"><span class='ocrx_word' id='word_1_172' title='bbox 59 2057 159 2113; x_wconf 92' lang='lat' dir='ltr'><strong>lib.</strong></span> <span class='ocrx_word' id='word_1_173' title='bbox 209 2073 302 2124; x_wconf 88' lang='grc' dir='ltr'>ιιι,</span> <span class='ocrx_word' id='word_1_174' title='bbox 336 2074 385 2114; x_wconf 88' lang='lat' dir='ltr'><strong>c.</strong></span> <span class='ocrx_word' id='word_1_175' title='bbox 426 2057 573 2130; x_wconf 74' lang='lat'><strong>122.)</strong></span> <span class='ocrx_word' id='word_1_176' title='bbox 609 2057 874 2114; x_wconf 82' lang='lat' dir='ltr'><strong>Caeterum</strong></span> <span class='ocrx_word' id='word_1_177' title='bbox 913 2059 960 2114; x_wconf 88' lang='lat' dir='ltr'><strong>si</strong></span> <span class='ocrx_word' id='word_1_178' title='bbox 996 2069 1118 2129; x_wconf 91' lang='lat' dir='ltr'><strong>post</strong></span> <span class='ocrx_word' id='word_1_179' title='bbox 1146 2059 1534 2114; x_wconf 86' lang='lat' dir='ltr'><strong>ordinationem</strong></span> <span class='ocrx_word' id='word_1_180' title='bbox 1571 2061 1670 2116; x_wconf 84' lang='lat' dir='ltr'><strong>ali-</strong></span> 
     </span>
    </p>
   </div>
   <div class='ocr_carea' id='block_1_20' title="bbox 1771 1124 3347 1196">
    <p class='ocr_par' dir='ltr' id='par_1_20' title="bbox 1771 1124 3347 1196">
     <span class='ocr_line' id='line_1_20' title="bbox 1771 1124 3347 1196; baseline 0.003 -17"><span class='ocrx_word' id='word_1_181' title='bbox 1771 1132 1920 1180; x_wconf 90' lang='lat' dir='ltr'><strong>certa</strong></span> <span class='ocrx_word' id='word_1_182' title='bbox 1972 1124 2390 1196; x_wconf 82' lang='lat' dir='ltr'><strong>plenissimaque</strong></span> <span class='ocrx_word' id='word_1_183' title='bbox 2439 1125 2804 1196; x_wconf 75' lang='lat' dir='ltr'><strong>ingenuitate,</strong></span> <span class='ocrx_word' id='word_1_184' title='bbox 2859 1128 2998 1183; x_wconf 87' lang='lat' dir='ltr'><strong>sicut</strong></span> <span class='ocrx_word' id='word_1_185' title='bbox 3044 1127 3137 1183; x_wconf 87' lang='lat' dir='ltr'><strong>alii</strong></span> <span class='ocrx_word' id='word_1_186' title='bbox 3195 1129 3347 1184; x_wconf 80' lang='lat' dir='ltr'><strong>cives</strong></span> 
     </span>
    </p>
   </div>
   <div class='ocr_carea' id='block_1_21' title="bbox 1771 1213 3352 1290">
    <p class='ocr_par' dir='ltr' id='par_1_21' title="bbox 1771 1213 3352 1290">
     <span class='ocr_line' id='line_1_21' title="bbox 1771 1213 3352 1290; baseline 0.004 -23"><span class='ocrx_word' id='word_1_187' title='bbox 1771 1213 2025 1280; x_wconf 74' lang='lat' dir='ltr'><strong>Romani,</strong></span> <span class='ocrx_word' id='word_1_188' title='bbox 2049 1229 2149 1285; x_wconf 88' lang='lat' dir='ltr'><strong>per</strong></span> <span class='ocrx_word' id='word_1_189' title='bbox 2178 1215 2320 1270; x_wconf 87' lang='lat' dir='ltr'><strong>hunc</strong></span> <span class='ocrx_word' id='word_1_190' title='bbox 2341 1214 2782 1272; x_wconf 81' lang='lat' dir='ltr'><strong>manumissionis</strong></span> <span class='ocrx_word' id='word_1_191' title='bbox 2812 1224 2976 1287; x_wconf 88' lang='lat' dir='ltr'><strong>atque</strong></span> <span class='ocrx_word' id='word_1_192' title='bbox 2999 1217 3352 1290; x_wconf 74' lang='lat' dir='ltr'><strong>ingenuitatis</strong></span> 
     </span>
    </p>
   </div>
   <div class='ocr_carea' id='block_1_22' title="bbox 1773 1305 3354 1380">
    <p class='ocr_par' dir='ltr' id='par_1_22' title="bbox 1773 1305 3354 1380">
     <span class='ocr_line' id='line_1_22' title="bbox 1773 1305 3354 1380; baseline 0.001 -20"><span class='ocrx_word' id='word_1_193' title='bbox 1773 1305 1985 1361; x_wconf 88' lang='lat' dir='ltr'><strong>titulum</strong></span> <span class='ocrx_word' id='word_1_194' title='bbox 2044 1307 2181 1363; x_wconf 88' lang='lat' dir='ltr'><strong>bene</strong></span> <span class='ocrx_word' id='word_1_195' title='bbox 2206 1321 2422 1378; x_wconf 82' lang='lat' dir='ltr'><strong>semper</strong></span> <span class='ocrx_word' id='word_1_196' title='bbox 2459 1308 2723 1380; x_wconf 87' lang='lat' dir='ltr'><strong>ingenuus</strong></span> <span class='ocrx_word' id='word_1_197' title='bbox 2752 1317 2917 1380; x_wconf 86' lang='lat' dir='ltr'><strong>atque</strong></span> <span class='ocrx_word' id='word_1_198' title='bbox 2961 1323 3189 1365; x_wconf 86' lang='lat' dir='ltr'><strong>securus</strong></span> <span class='ocrx_word' id='word_1_199' title='bbox 3232 1309 3354 1364; x_wconf 80' lang='lat' dir='ltr'><strong>exi-</strong></span> 
     </span>
    </p>
   </div>
   <div class='ocr_carea' id='block_1_23' title="bbox 1771 1397 3349 1470">
    <p class='ocr_par' dir='ltr' id='par_1_23' title="bbox 1771 1397 3349 1470">
     <span class='ocr_line' id='line_1_23' title="bbox 1771 1397 3349 1470; baseline 0.003 -20"><span class='ocrx_word' id='word_1_200' title='bbox 1771 1403 1898 1451; x_wconf 85' lang='lat' dir='ltr'><strong>stat.</strong></span> <span class='ocrx_word' id='word_1_201' title='bbox 1930 1397 2007 1452; x_wconf 88' lang='lat' dir='ltr'><strong>De</strong></span> <span class='ocrx_word' id='word_1_202' title='bbox 2033 1413 2133 1454; x_wconf 90' lang='lat' dir='ltr'><strong>suo</strong></span> <span class='ocrx_word' id='word_1_203' title='bbox 2155 1413 2284 1454; x_wconf 85' lang='lat' dir='ltr'><strong>vero</strong></span> <span class='ocrx_word' id='word_1_204' title='bbox 2333 1399 2606 1469; x_wconf 84' lang='lat' dir='ltr'><strong>peculiare</strong></span> <span class='ocrx_word' id='word_1_205' title='bbox 2647 1399 2795 1470; x_wconf 86' lang='lat' dir='ltr'><strong>quod</strong></span> <span class='ocrx_word' id='word_1_206' title='bbox 2853 1400 3036 1466; x_wconf 81' lang='lat' dir='ltr'><strong>habet,</strong></span> <span class='ocrx_word' id='word_1_207' title='bbox 3074 1399 3159 1455; x_wconf 87' lang='lat' dir='ltr'><strong>vel</strong></span> <span class='ocrx_word' id='word_1_208' title='bbox 3203 1400 3349 1469; x_wconf 86' lang='lat' dir='ltr'><strong>quod</strong></span> 
     </span>
    </p>
   </div>
   <div class='ocr_carea' id='block_1_24' title="bbox 1771 1488 3346 1560">
    <p class='ocr_par' dir='ltr' id='par_1_24' title="bbox 1771 1488 3346 1560">
     <span class='ocr_line' id='line_1_24' title="bbox 1771 1488 3346 1560; baseline 0.003 -18"><span class='ocrx_word' id='word_1_209' title='bbox 1771 1488 1968 1544; x_wconf 89' lang='lat' dir='ltr'><strong>abhinc</strong></span> <span class='ocrx_word' id='word_1_210' title='bbox 1989 1489 2070 1544; x_wconf 85' lang='lat' dir='ltr'><strong>vel</strong></span> <span class='ocrx_word' id='word_1_211' title='bbox 2099 1490 2352 1559; x_wconf 85' lang='lat' dir='ltr'><strong>deinceps</strong></span> <span class='ocrx_word' id='word_1_212' title='bbox 2377 1491 2590 1560; x_wconf 85' lang='lat' dir='ltr'><strong>assequi</strong></span> <span class='ocrx_word' id='word_1_213' title='bbox 2621 1489 2854 1560; x_wconf 87' lang='lat' dir='ltr'><strong>poterit,</strong></span> <span class='ocrx_word' id='word_1_214' title='bbox 2884 1489 3051 1548; x_wconf 82' lang='lat' dir='ltr'><strong>faciat</strong></span> <span class='ocrx_word' id='word_1_215' title='bbox 3083 1491 3209 1546; x_wconf 87' lang='lat' dir='ltr'><strong>inde</strong></span> <span class='ocrx_word' id='word_1_216' title='bbox 3259 1505 3346 1546; x_wconf 84' lang='lat' dir='ltr'><strong>se-</strong></span> 
     </span>
    </p>
   </div>
   <div class='ocr_carea' id='block_1_25' title="bbox 1765 1578 3348 1651">
    <p class='ocr_par' dir='ltr' id='par_1_25' title="bbox 1765 1578 3348 1651">
     <span class='ocr_line' id='line_1_25' title="bbox 1765 1578 3348 1651; baseline 0.004 -21"><span class='ocrx_word' id='word_1_217' title='bbox 1765 1578 2008 1632; x_wconf 91' lang='lat' dir='ltr'><strong>cundum</strong></span> <span class='ocrx_word' id='word_1_218' title='bbox 2047 1579 2364 1634; x_wconf 85' lang='lat' dir='ltr'><strong>canonicam</strong></span> <span class='ocrx_word' id='word_1_219' title='bbox 2426 1581 2806 1637; x_wconf 87' lang='lat' dir='ltr'><strong>auctoritatem</strong></span> <span class='ocrx_word' id='word_1_220' title='bbox 2860 1581 3029 1637; x_wconf 78' lang='lat' dir='ltr'><strong>libere</strong></span> <span class='ocrx_word' id='word_1_221' title='bbox 3085 1580 3348 1651; x_wconf 86' lang='lat' dir='ltr'><strong>quidquid</strong></span> 
     </span>
    </p>
   </div>
   <div class='ocr_carea' id='block_1_26' title="bbox 1771 1665 3344 1742">
    <p class='ocr_par' dir='ltr' id='par_1_26' title="bbox 1771 1665 3344 1742">
     <span class='ocr_line' id='line_1_26' title="bbox 1771 1665 3344 1742; baseline 0.003 -24"><span class='ocrx_word' id='word_1_222' title='bbox 1771 1665 2020 1722; x_wconf 80' lang='lat' dir='ltr'><strong>voluerit.</strong></span> <span class='ocrx_word' id='word_1_223' title='bbox 2053 1667 2124 1722; x_wconf 84' lang='lat' dir='ltr'><strong>Et</strong></span> <span class='ocrx_word' id='word_1_224' title='bbox 2152 1676 2210 1722; x_wconf 91' lang='lat' dir='ltr'><strong>ut</strong></span> <span class='ocrx_word' id='word_1_225' title='bbox 2233 1668 2347 1723; x_wconf 65' lang='lat' dir='ltr'><strong>haec</strong></span> <span class='ocrx_word' id='word_1_226' title='bbox 2377 1668 2726 1738; x_wconf 82' lang='lat' dir='ltr'><strong>ingenuitatis</strong></span> <span class='ocrx_word' id='word_1_227' title='bbox 2753 1670 2946 1742; x_wconf 77' lang='lat' dir='ltr'><strong>pagina</strong></span> <span class='ocrx_word' id='word_1_228' title='bbox 2979 1669 3344 1725; x_wconf 81' lang='lat' dir='ltr'><strong>inviolabilem</strong></span> 
     </span>
    </p>
   </div>
   <div class='ocr_carea' id='block_1_27' title="bbox 1769 1758 3344 1832">
    <p class='ocr_par' dir='ltr' id='par_1_27' title="bbox 1769 1758 3344 1832">
     <span class='ocr_line' id='line_1_27' title="bbox 1769 1758 3344 1832; baseline 0.001 -18"><span class='ocrx_word' id='word_1_229' title='bbox 1769 1758 2012 1814; x_wconf 80' lang='lat' dir='ltr'><strong>obtineat</strong></span> <span class='ocrx_word' id='word_1_230' title='bbox 2058 1759 2370 1815; x_wconf 82' lang='lat' dir='ltr'><strong>ﬁrmitatem</strong></span> <span class='ocrx_word' id='word_1_231' title='bbox 2397 1800 2412 1826; x_wconf 95' lang='lat'><strong>,</strong></span> <span class='ocrx_word' id='word_1_232' title='bbox 2447 1777 2607 1816; x_wconf 88' lang='lat' dir='ltr'><strong>manu</strong></span> <span class='ocrx_word' id='word_1_233' title='bbox 2628 1762 2847 1832; x_wconf 87' lang='lat' dir='ltr'><strong>propria</strong></span> <span class='ocrx_word' id='word_1_234' title='bbox 2876 1761 3020 1816; x_wconf 83' lang='lat' dir='ltr'><strong>illam</strong></span> <span class='ocrx_word' id='word_1_235' title='bbox 3063 1759 3344 1817; x_wconf 83' lang='lat' dir='ltr'><strong>roboravi-</strong></span> 
     </span>
    </p>
   </div>
   <div class='ocr_carea' id='block_1_28' title="bbox 2025 1941 3107 2016">
    <p class='ocr_par' dir='ltr' id='par_1_28' title="bbox 2025 1941 3107 2016">
     <span class='ocr_line' id='line_1_28' title="bbox 2025 1941 3107 2016; baseline 0.002 -20"><span class='ocrx_word' id='word_1_236' title='bbox 2025 1941 2314 2013; x_wconf 71' lang='lat' dir='ltr'><strong>Euntplar</strong></span> <span class='ocrx_word' id='word_1_237' title='bbox 2343 1942 2598 1999; x_wconf 76' lang='lat' dir='ltr'><strong>libertatis</strong></span> <span class='ocrx_word' id='word_1_238' title='bbox 2627 1943 2918 2016; x_wconf 12' lang='lat' dir='ltr'><strong>delproprio</strong></span> <span class='ocrx_word' id='word_1_239' title='bbox 2941 1961 3107 1999; x_wconf 74' lang='lat' dir='ltr'><strong>servo.</strong></span> 
     </span>
    </p>
   </div>
   <div class='ocr_carea' id='block_1_29' title="bbox 1843 2051 3347 2126">
    <p class='ocr_par' dir='ltr' id='par_1_29' title="bbox 1843 2051 3347 2126">
     <span class='ocr_line' id='line_1_29' title="bbox 1843 2051 3347 2126; baseline 0.003 -18"><span class='ocrx_word' id='word_1_240' title='bbox 1843 2051 2078 2110; x_wconf 86' lang='grc' dir='ltr'>0000Ιί.</span> <span class='ocrx_word' id='word_1_241' title='bbox 2104 2054 2437 2126; x_wconf 66' lang='grc' dir='ltr'>(Βυιοιιιιιι).</span> <span class='ocrx_word' id='word_1_242' title='bbox 2469 2054 2562 2110; x_wconf 90' lang='lat' dir='ltr'><strong>lib.</strong></span> <span class='ocrx_word' id='word_1_243' title='bbox 2585 2071 2653 2122; x_wconf 77' lang='lat' dir='ltr'><strong>tt,</strong></span> <span class='ocrx_word' id='word_1_244' title='bbox 2682 2071 2734 2111; x_wconf 93' lang='lat' dir='ltr'><strong>c.</strong></span> <span class='ocrx_word' id='word_1_245' title='bbox 2757 2055 2860 2122; x_wconf 74' lang='lat'><strong>50;</strong></span> <span class='ocrx_word' id='word_1_246' title='bbox 2889 2057 3003 2122; x_wconf 91' lang='lat' dir='ltr'><strong>lvo,</strong></span> <span class='ocrx_word' id='word_1_247' title='bbox 3024 2065 3166 2126; x_wconf 90' lang='lat' dir='ltr'><strong>part.</strong></span> <span class='ocrx_word' id='word_1_248' title='bbox 3199 2072 3273 2122; x_wconf 83' lang='lat' dir='ltr'><strong>vt,</strong></span> <span class='ocrx_word' id='word_1_249' title='bbox 3289 2073 3347 2113; x_wconf 86' lang='lat' dir='ltr'><strong>c.</strong></span> 
     </span>
    </p>
   </div>
   <div class='ocr_carea' id='block_1_30' title="bbox 63 2145 3348 2219">
    <p class='ocr_par' dir='ltr' id='par_1_30' title="bbox 63 2145 3348 2219">
     <span class='ocr_line' id='line_1_30' title="bbox 63 2145 3348 2219; baseline 0.002 -20"><span class='ocrx_word' id='word_1_250' title='bbox 63 2150 198 2218; x_wconf 84' lang='lat' dir='ltr'><strong>quid</strong></span> <span class='ocrx_word' id='word_1_251' title='bbox 241 2149 594 2219; x_wconf 88' lang='lat' dir='ltr'><strong>acquisierit,</strong></span> <span class='ocrx_word' id='word_1_252' title='bbox 621 2148 755 2204; x_wconf 90' lang='lat' dir='ltr'><strong>illud</strong></span> <span class='ocrx_word' id='word_1_253' title='bbox 788 2149 1182 2205; x_wconf 87' lang='lat' dir='ltr'><strong>observandum</strong></span> <span class='ocrx_word' id='word_1_254' title='bbox 1220 2156 1302 2204; x_wconf 85' lang='lat' dir='ltr'><strong>est</strong></span> <span class='ocrx_word' id='word_1_255' title='bbox 1337 2149 1478 2218; x_wconf 84' lang='lat' dir='ltr'><strong>quod</strong></span> <span class='ocrx_word' id='word_1_256' title='bbox 1506 2164 1674 2204; x_wconf 86' lang='lat' dir='ltr'><strong>cano-</strong></span> <span class='ocrx_word' id='word_1_257' title='bbox 1772 2145 1917 2217; x_wconf 73' lang='grc'><strong>151.)</strong></span> <span class='ocrx_word' id='word_1_258' title='bbox 1940 2145 2044 2213; x_wconf 81' lang='lat' dir='ltr'><strong>Qui</strong></span> <span class='ocrx_word' id='word_1_259' title='bbox 2070 2146 2306 2202; x_wconf 89' lang='lat' dir='ltr'><strong>debitum</strong></span> <span class='ocrx_word' id='word_1_260' title='bbox 2345 2146 2446 2202; x_wconf 87' lang='lat' dir='ltr'><strong>sibi</strong></span> <span class='ocrx_word' id='word_1_261' title='bbox 2480 2163 2675 2201; x_wconf 80' lang='lat' dir='ltr'><strong>nexum</strong></span> <span class='ocrx_word' id='word_1_262' title='bbox 2706 2155 2868 2218; x_wconf 89' lang='lat' dir='ltr'><strong>atque</strong></span> <span class='ocrx_word' id='word_1_263' title='bbox 2904 2157 3220 2217; x_wconf 84' lang='lat' dir='ltr'><strong>competens</strong></span> <span class='ocrx_word' id='word_1_264' title='bbox 3267 2163 3348 2204; x_wconf 80' lang='lat' dir='ltr'><strong>re-</strong></span> 
     </span>
    </p>
   </div>
   <div class='ocr_carea' id='block_1_31' title="bbox 60 2239 1669 2297">
    <p class='ocr_par' dir='ltr' id='par_1_31' title="bbox 60 2239 1669 2297">
     <span class='ocr_line' id='line_1_31' title="bbox 60 2239 1669 2297; baseline 0.002 -7"><span class='ocrx_word' id='word_1_265' title='bbox 60 2241 234 2295; x_wconf 81' lang='lat' dir='ltr'><strong>nibus</strong></span> <span class='ocrx_word' id='word_1_266' title='bbox 278 2241 351 2296; x_wconf 87' lang='lat' dir='ltr'><strong>de</strong></span> <span class='ocrx_word' id='word_1_267' title='bbox 392 2240 722 2297; x_wconf 88' lang='lat' dir='ltr'><strong>consecratis</strong></span> <span class='ocrx_word' id='word_1_268' title='bbox 769 2239 903 2294; x_wconf 86' lang='lat' dir='ltr'><strong>nihil</strong></span> <span class='ocrx_word' id='word_1_269' title='bbox 948 2239 1268 2296; x_wconf 84' lang='lat' dir='ltr'><strong>habentibus</strong></span> <span class='ocrx_word' id='word_1_270' title='bbox 1314 2241 1669 2296; x_wconf 88' lang='lat' dir='ltr'><strong>constitutum</strong></span> 
     </span>
    </p>
   </div>
   <div class='ocr_carea' id='block_1_32' title="bbox 69 2338 176 2384">
    <p class='ocr_par' dir='ltr' id='par_1_32' title="bbox 69 2338 176 2384">
     <span class='ocr_line' id='line_1_32' title="bbox 69 2338 176 2384; baseline 0 0"><span class='ocrx_word' id='word_1_271' title='bbox 69 2338 176 2384; x_wconf 70' lang='grc' dir='ltr'><strong>εει.</strong></span> 
     </span>
    </p>
   </div>
   <div class='ocr_carea' id='block_1_33' title="bbox 580 2417 1210 2476">
    <p class='ocr_par' dir='ltr' id='par_1_33' title="bbox 580 2417 1210 2476">
     <span class='ocr_line' id='line_1_33' title="bbox 580 2417 1210 2476; baseline 0 0"><span class='ocrx_word' id='word_1_272' title='bbox 580 2417 656 2476; x_wconf 82' lang='lat' dir='ltr'><strong>De</strong></span> <span class='ocrx_word' id='word_1_273' title='bbox 675 2420 831 2476; x_wconf 75' lang='lat' dir='ltr'><strong>servit</strong></span> <span class='ocrx_word' id='word_1_274' title='bbox 853 2420 1210 2476; x_wconf 70' lang='lat' dir='ltr'><strong>ecclesiarum.</strong></span> 
     </span>
    </p>
   </div>
   <div class='ocr_carea' id='block_1_34' title="bbox 137 2509 1665 2582">
    <p class='ocr_par' dir='ltr' id='par_1_34' title="bbox 137 2509 1665 2582">
     <span class='ocr_line' id='line_1_34' title="bbox 137 2509 1665 2582; baseline 0 -16"><span class='ocrx_word' id='word_1_275' title='bbox 137 2509 472 2566; x_wconf 76' lang='lat' dir='ltr'><strong>CCCXCIX.</strong></span> <span class='ocrx_word' id='word_1_276' title='bbox 515 2510 654 2582; x_wconf 89' lang='lat' dir='ltr'><strong>(Lib.</strong></span> <span class='ocrx_word' id='word_1_277' title='bbox 709 2527 725 2564; x_wconf 94' lang='grc' dir='ltr'><strong>ι</strong></span> <span class='ocrx_word' id='word_1_278' title='bbox 767 2511 1065 2582; x_wconf 76' lang='lat' dir='ltr'><strong>Capitular.</strong></span> <span class='ocrx_word' id='word_1_279' title='bbox 1112 2527 1163 2566; x_wconf 93' lang='lat' dir='ltr'><strong>c.</strong></span> <span class='ocrx_word' id='word_1_280' title='bbox 1195 2510 1298 2579; x_wconf 86' lang='lat'><strong>88;</strong></span> <span class='ocrx_word' id='word_1_281' title='bbox 1353 2510 1665 2569; x_wconf 73' lang='grc' dir='ltr'>Βυιειωιι).</span> 
     </span>
    </p>
   </div>
   <div class='ocr_carea' id='block_1_35' title="bbox 61 2601 1668 2675">
    <p class='ocr_par' dir='ltr' id='par_1_35' title="bbox 61 2601 1668 2675">
     <span class='ocr_line' id='line_1_35' title="bbox 61 2601 1668 2675; baseline 0.002 -21"><span class='ocrx_word' id='word_1_282' title='bbox 61 2601 162 2655; x_wconf 76' lang='lat' dir='ltr'><strong>lib.</strong></span> <span class='ocrx_word' id='word_1_283' title='bbox 195 2617 270 2667; x_wconf 77' lang='lat' dir='ltr'><strong>tt,</strong></span> <span class='ocrx_word' id='word_1_284' title='bbox 308 2616 357 2657; x_wconf 93' lang='lat' dir='ltr'><strong>c.</strong></span> <span class='ocrx_word' id='word_1_285' title='bbox 385 2601 476 2667; x_wconf 79' lang='lat'><strong>32;</strong></span> <span class='ocrx_word' id='word_1_286' title='bbox 507 2602 614 2668; x_wconf 89' lang='lat' dir='ltr'><strong>lvo,</strong></span> <span class='ocrx_word' id='word_1_287' title='bbox 645 2613 784 2672; x_wconf 88' lang='lat' dir='ltr'><strong>part.</strong></span> <span class='ocrx_word' id='word_1_288' title='bbox 814 2617 888 2668; x_wconf 71' lang='grc' dir='ltr'>γι,</span> <span class='ocrx_word' id='word_1_289' title='bbox 930 2618 982 2658; x_wconf 93' lang='lat' dir='ltr'><strong>c.</strong></span> <span class='ocrx_word' id='word_1_290' title='bbox 1015 2601 1162 2675; x_wconf 83' lang='grc'><strong>155.)</strong></span> <span class='ocrx_word' id='word_1_291' title='bbox 1197 2603 1276 2659; x_wconf 88' lang='lat' dir='ltr'><strong>De</strong></span> <span class='ocrx_word' id='word_1_292' title='bbox 1315 2603 1668 2660; x_wconf 86' lang='lat' dir='ltr'><strong>ecclesiarum</strong></span> 
     </span>
    </p>
   </div>
   <div class='ocr_carea' id='block_1_36' title="bbox 66 2695 1669 2765">
    <p class='ocr_par' dir='ltr' id='par_1_36' title="bbox 66 2695 1669 2765">
     <span class='ocr_line' id='line_1_36' title="bbox 66 2695 1669 2765; baseline 0.002 -18"><span class='ocrx_word' id='word_1_293' title='bbox 66 2709 204 2749; x_wconf 84' lang='lat' dir='ltr'><strong>vero</strong></span> <span class='ocrx_word' id='word_1_294' title='bbox 256 2695 437 2750; x_wconf 87' lang='lat' dir='ltr'><strong>servis</strong></span> <span class='ocrx_word' id='word_1_295' title='bbox 477 2695 630 2765; x_wconf 92' lang='grc'><strong>181</strong></span> <span class='ocrx_word' id='word_1_296' title='bbox 673 2695 942 2750; x_wconf 89' lang='lat' dir='ltr'><strong>communi</strong></span> <span class='ocrx_word' id='word_1_297' title='bbox 985 2696 1250 2751; x_wconf 86' lang='lat' dir='ltr'><strong>sententia</strong></span> <span class='ocrx_word' id='word_1_298' title='bbox 1279 2704 1365 2752; x_wconf 91' lang='lat' dir='ltr'><strong>est</strong></span> <span class='ocrx_word' id='word_1_299' title='bbox 1395 2696 1669 2752; x_wconf 88' lang='lat' dir='ltr'><strong>decretum</strong></span> 
     </span>
    </p>
   </div>
   <div class='ocr_carea' id='block_1_37' title="bbox 68 2786 1669 2858">
    <p class='ocr_par' dir='ltr' id='par_1_37' title="bbox 68 2786 1669 2858">
     <span class='ocr_line' id='line_1_37' title="bbox 68 2786 1669 2858; baseline 0.003 -20"><span class='ocrx_word' id='word_1_300' title='bbox 68 2793 130 2839; x_wconf 89' lang='grc' dir='ltr'><strong>ιιι</strong></span> <span class='ocrx_word' id='word_1_301' title='bbox 166 2787 572 2857; x_wconf 81' lang='lat' dir='ltr'><strong>archiepiscOpi</strong></span> <span class='ocrx_word' id='word_1_302' title='bbox 623 2801 722 2857; x_wconf 88' lang='lat' dir='ltr'><strong>per</strong></span> <span class='ocrx_word' id='word_1_303' title='bbox 757 2786 998 2858; x_wconf 88' lang='lat' dir='ltr'><strong>singulas</strong></span> <span class='ocrx_word' id='word_1_304' title='bbox 1036 2787 1346 2857; x_wconf 82' lang='lat' dir='ltr'><strong>provincias</strong></span> <span class='ocrx_word' id='word_1_305' title='bbox 1389 2788 1669 2850; x_wconf 71' lang='lat' dir='ltr'><strong>constituti</strong></span> 
     </span>
    </p>
   </div>
   <div class='ocr_carea' id='block_1_38' title="bbox 67 2877 1666 2950">
    <p class='ocr_par' dir='ltr' id='par_1_38' title="bbox 67 2877 1666 2950">
     <span class='ocr_line' id='line_1_38' title="bbox 67 2877 1666 2950; baseline 0.003 -18"><span class='ocrx_word' id='word_1_306' title='bbox 67 2885 326 2932; x_wconf 84' lang='lat' dir='ltr'><strong>nostram</strong></span> <span class='ocrx_word' id='word_1_307' title='bbox 374 2878 789 2945; x_wconf 89' lang='lat' dir='ltr'><strong>auctoritatem,</strong></span> <span class='ocrx_word' id='word_1_308' title='bbox 836 2877 1161 2950; x_wconf 79' lang='lat' dir='ltr'><strong>suﬁ&#39;raganei</strong></span> <span class='ocrx_word' id='word_1_309' title='bbox 1206 2888 1388 2936; x_wconf 89' lang='lat' dir='ltr'><strong>autem</strong></span> <span class='ocrx_word' id='word_1_310' title='bbox 1455 2880 1666 2936; x_wconf 91' lang='lat' dir='ltr'><strong>illorum</strong></span> 
     </span>
    </p>
   </div>
   <div class='ocr_carea' id='block_1_39' title="bbox 64 2971 1671 3044">
    <p class='ocr_par' dir='ltr' id='par_1_39' title="bbox 64 2971 1671 3044">
     <span class='ocr_line' id='line_1_39' title="bbox 64 2971 1671 3044; baseline 0.003 -20"><span class='ocrx_word' id='word_1_311' title='bbox 64 2973 364 3042; x_wconf 82' lang='lat' dir='ltr'><strong>exemplar</strong></span> <span class='ocrx_word' id='word_1_312' title='bbox 399 2971 540 3027; x_wconf 85' lang='lat' dir='ltr'><strong>illius</strong></span> <span class='ocrx_word' id='word_1_313' title='bbox 576 2987 741 3042; x_wconf 88' lang='lat' dir='ltr'><strong>penes</strong></span> <span class='ocrx_word' id='word_1_314' title='bbox 767 2987 826 3028; x_wconf 89' lang='lat' dir='ltr'><strong>se</strong></span> <span class='ocrx_word' id='word_1_315' title='bbox 860 2973 1110 3029; x_wconf 83' lang='lat' dir='ltr'><strong>habeant.</strong></span> <span class='ocrx_word' id='word_1_316' title='bbox 1150 2974 1216 3028; x_wconf 88' lang='lat' dir='ltr'><strong>Et</strong></span> <span class='ocrx_word' id='word_1_317' title='bbox 1243 2975 1671 3044; x_wconf 88' lang='lat' dir='ltr'><strong>quandocunque</strong></span> 
     </span>
    </p>
   </div>
   <div class='ocr_carea' id='block_1_40' title="bbox 65 3062 1672 3136">
    <p class='ocr_par' dir='ltr' id='par_1_40' title="bbox 65 3062 1672 3136">
     <span class='ocr_line' id='line_1_40' title="bbox 65 3062 1672 3136; baseline 0.002 -18"><span class='ocrx_word' id='word_1_318' title='bbox 65 3062 135 3118; x_wconf 77' lang='lat' dir='ltr'><strong>de</strong></span> <span class='ocrx_word' id='word_1_319' title='bbox 179 3063 400 3119; x_wconf 79' lang='lat' dir='ltr'><strong>familia</strong></span> <span class='ocrx_word' id='word_1_320' title='bbox 426 3065 668 3122; x_wconf 70' lang='lat' dir='ltr'><strong>ecclesia)</strong></span> <span class='ocrx_word' id='word_1_321' title='bbox 697 3065 845 3122; x_wconf 89' lang='lat' dir='ltr'><strong>utilis</strong></span> <span class='ocrx_word' id='word_1_322' title='bbox 872 3066 1066 3136; x_wconf 89' lang='lat' dir='ltr'><strong>aliquis</strong></span> <span class='ocrx_word' id='word_1_323' title='bbox 1094 3067 1356 3123; x_wconf 79' lang='lat' dir='ltr'><strong>inventus</strong></span> <span class='ocrx_word' id='word_1_324' title='bbox 1401 3075 1486 3123; x_wconf 92' lang='lat' dir='ltr'><strong>est</strong></span> <span class='ocrx_word' id='word_1_325' title='bbox 1528 3068 1672 3122; x_wconf 86' lang='lat' dir='ltr'><strong>ordi-</strong></span> 
     </span>
    </p>
   </div>
   <div class='ocr_carea' id='block_1_41' title="bbox 70 3155 1668 3229">
    <p class='ocr_par' dir='ltr' id='par_1_41' title="bbox 70 3155 1668 3229">
     <span class='ocr_line' id='line_1_41' title="bbox 70 3155 1668 3229; baseline 0.003 -19"><span class='ocrx_word' id='word_1_326' title='bbox 70 3155 337 3222; x_wconf 84' lang='lat' dir='ltr'><strong>nandus,</strong></span> <span class='ocrx_word' id='word_1_327' title='bbox 389 3155 443 3210; x_wconf 91' lang='lat' dir='ltr'><strong>in</strong></span> <span class='ocrx_word' id='word_1_328' title='bbox 483 3157 712 3212; x_wconf 82' lang='lat' dir='ltr'><strong>amboue</strong></span> <span class='ocrx_word' id='word_1_329' title='bbox 754 3156 869 3228; x_wconf 88' lang='lat' dir='ltr'><strong>ipsa</strong></span> <span class='ocrx_word' id='word_1_330' title='bbox 909 3158 1206 3214; x_wconf 86' lang='lat' dir='ltr'><strong>auctoritas</strong></span> <span class='ocrx_word' id='word_1_331' title='bbox 1247 3173 1430 3215; x_wconf 90' lang='lat' dir='ltr'><strong>coram</strong></span> <span class='ocrx_word' id='word_1_332' title='bbox 1474 3157 1668 3229; x_wconf 85' lang='lat' dir='ltr'><strong>populo</strong></span> 
     </span>
    </p>
   </div>
   <div class='ocr_carea' id='block_1_42' title="bbox 66 3245 1669 3317">
    <p class='ocr_par' dir='ltr' id='par_1_42' title="bbox 66 3245 1669 3317">
     <span class='ocr_line' id='line_1_42' title="bbox 66 3245 1669 3317; baseline 0.005 -19"><span class='ocrx_word' id='word_1_333' title='bbox 66 3245 312 3317; x_wconf 79' lang='lat' dir='ltr'><strong>legatur,</strong></span> <span class='ocrx_word' id='word_1_334' title='bbox 354 3255 410 3302; x_wconf 90' lang='lat' dir='ltr'><strong>et</strong></span> <span class='ocrx_word' id='word_1_335' title='bbox 447 3262 631 3303; x_wconf 86' lang='lat' dir='ltr'><strong>coram</strong></span> <span class='ocrx_word' id='word_1_336' title='bbox 675 3249 1045 3307; x_wconf 86' lang='lat' dir='ltr'><strong>sacerdotibus</strong></span> <span class='ocrx_word' id='word_1_337' title='bbox 1076 3259 1133 3306; x_wconf 91' lang='lat' dir='ltr'><strong>et</strong></span> <span class='ocrx_word' id='word_1_338' title='bbox 1169 3251 1314 3306; x_wconf 88' lang='lat' dir='ltr'><strong>omni</strong></span> <span class='ocrx_word' id='word_1_339' title='bbox 1353 3250 1500 3306; x_wconf 85' lang='lat' dir='ltr'><strong>clero</strong></span> <span class='ocrx_word' id='word_1_340' title='bbox 1544 3261 1669 3306; x_wconf 88' lang='lat' dir='ltr'><strong>ante</strong></span> 
     </span>
    </p>
   </div>
   <div class='ocr_carea' id='block_1_43' title="bbox 1767 2236 3340 2308">
    <p class='ocr_par' dir='ltr' id='par_1_43' title="bbox 1767 2236 3340 2308">
     <span class='ocr_line' id='line_1_43' title="bbox 1767 2236 3340 2308; baseline 0 -17"><span class='ocrx_word' id='word_1_341' title='bbox 1767 2236 1932 2292; x_wconf 83' lang='lat' dir='ltr'><strong>laxat&#39;</strong></span> <span class='ocrx_word' id='word_1_342' title='bbox 1948 2238 2228 2293; x_wconf 87' lang='lat' dir='ltr'><strong>servitium</strong></span> <span class='ocrx_word' id='word_1_343' title='bbox 2255 2279 2270 2303; x_wconf 97' lang='lat'><strong>,</strong></span> <span class='ocrx_word' id='word_1_344' title='bbox 2295 2238 2578 2308; x_wconf 72' lang='lat' dir='ltr'><strong>praemium</strong></span> <span class='ocrx_word' id='word_1_345' title='bbox 2606 2238 2656 2292; x_wconf 90' lang='lat' dir='ltr'><strong>in</strong></span> <span class='ocrx_word' id='word_1_346' title='bbox 2680 2237 2859 2293; x_wconf 76' lang='lat' dir='ltr'><strong>futuro</strong></span> <span class='ocrx_word' id='word_1_347' title='bbox 2883 2239 3025 2308; x_wconf 90' lang='lat' dir='ltr'><strong>apud</strong></span> <span class='ocrx_word' id='word_1_348' title='bbox 3051 2237 3340 2292; x_wconf 85' lang='lat' dir='ltr'><strong>Dominum</strong></span> 
     </span>
    </p>
   </div>
   <div class='ocr_carea' id='block_1_44' title="bbox 1769 2329 3343 2400">
    <p class='ocr_par' dir='ltr' id='par_1_44' title="bbox 1769 2329 3343 2400">
     <span class='ocr_line' id='line_1_44' title="bbox 1769 2329 3343 2400; baseline 0 -16"><span class='ocrx_word' id='word_1_349' title='bbox 1769 2329 1872 2384; x_wconf 81' lang='lat' dir='ltr'><strong>sibi</strong></span> <span class='ocrx_word' id='word_1_350' title='bbox 1900 2329 2184 2398; x_wconf 87' lang='lat' dir='ltr'><strong>provenire</strong></span> <span class='ocrx_word' id='word_1_351' title='bbox 2239 2345 2345 2384; x_wconf 90' lang='lat' dir='ltr'><strong>non</strong></span> <span class='ocrx_word' id='word_1_352' title='bbox 2373 2329 2601 2384; x_wconf 88' lang='lat' dir='ltr'><strong>dubitat.</strong></span> <span class='ocrx_word' id='word_1_353' title='bbox 2641 2330 2978 2400; x_wconf 86' lang='lat' dir='ltr'><strong>Quapropter</strong></span> <span class='ocrx_word' id='word_1_354' title='bbox 3007 2344 3106 2400; x_wconf 79' lang='lat' dir='ltr'><strong>ego</strong></span> <span class='ocrx_word' id='word_1_355' title='bbox 3133 2331 3184 2384; x_wconf 92' lang='lat' dir='ltr'><strong>in</strong></span> <span class='ocrx_word' id='word_1_356' title='bbox 3242 2329 3343 2386; x_wconf 88' lang='lat' dir='ltr'><strong>Dei</strong></span> 
     </span>
    </p>
   </div>
   <div class='ocr_carea' id='block_1_45' title="bbox 1707 2411 3346 2492">
    <p class='ocr_par' dir='ltr' id='par_1_45' title="bbox 1707 2411 3346 2492">
     <span class='ocr_line' id='line_1_45' title="bbox 1707 2411 3346 2492; baseline 0 -18"><span class='ocrx_word' id='word_1_357' title='bbox 1707 2411 1716 2420; x_wconf 80' lang='grc'><strong>’</strong></span> <span class='ocrx_word' id='word_1_358' title='bbox 1769 2420 1985 2475; x_wconf 85' lang='lat' dir='ltr'><strong>nomine</strong></span> <span class='ocrx_word' id='word_1_359' title='bbox 2010 2420 2098 2476; x_wconf 90' lang='lat' dir='ltr'><strong>ille</strong></span> <span class='ocrx_word' id='word_1_360' title='bbox 2123 2435 2222 2492; x_wconf 89' lang='lat' dir='ltr'><strong>pro</strong></span> <span class='ocrx_word' id='word_1_361' title='bbox 2261 2420 2500 2476; x_wconf 87' lang='lat' dir='ltr'><strong>remedio</strong></span> <span class='ocrx_word' id='word_1_362' title='bbox 2523 2421 2714 2476; x_wconf 63' lang='lat' dir='ltr'><strong>anima:</strong></span> <span class='ocrx_word' id='word_1_363' title='bbox 2735 2421 2880 2475; x_wconf 65' lang='lat' dir='ltr'><strong>&#39;meaa</strong></span> <span class='ocrx_word' id='word_1_364' title='bbox 2906 2421 2987 2476; x_wconf 89' lang='lat' dir='ltr'><strong>vel</strong></span> <span class='ocrx_word' id='word_1_365' title='bbox 3014 2431 3218 2475; x_wconf 80' lang='lat' dir='ltr'><strong>:ctcrna</strong></span> <span class='ocrx_word' id='word_1_366' title='bbox 3261 2435 3346 2475; x_wconf 87' lang='lat' dir='ltr'><strong>re-</strong></span> 
     </span>
    </p>
   </div>
   <div class='ocr_carea' id='block_1_46' title="bbox 1771 2510 3344 2575">
    <p class='ocr_par' dir='ltr' id='par_1_46' title="bbox 1771 2510 3344 2575">
     <span class='ocr_line' id='line_1_46' title="bbox 1771 2510 3344 2575; baseline 0 -9"><span class='ocrx_word' id='word_1_367' title='bbox 1771 2511 2067 2567; x_wconf 86' lang='lat' dir='ltr'><strong>tributione</strong></span> <span class='ocrx_word' id='word_1_368' title='bbox 2110 2512 2162 2565; x_wconf 92' lang='lat' dir='ltr'><strong>in</strong></span> <span class='ocrx_word' id='word_1_369' title='bbox 2189 2510 2414 2566; x_wconf 87' lang='lat' dir='ltr'><strong>ecclesia</strong></span> <span class='ocrx_word' id='word_1_370' title='bbox 2444 2512 2614 2566; x_wconf 89' lang='lat' dir='ltr'><strong>sancti</strong></span> <span class='ocrx_word' id='word_1_371' title='bbox 2644 2511 2816 2575; x_wconf 84' lang='lat' dir='ltr'><strong>Petri,</strong></span> <span class='ocrx_word' id='word_1_372' title='bbox 2843 2511 2927 2565; x_wconf 90' lang='lat' dir='ltr'><strong>vel</strong></span> <span class='ocrx_word' id='word_1_373' title='bbox 2981 2511 3124 2566; x_wconf 88' lang='lat' dir='ltr'><strong>illius</strong></span> <span class='ocrx_word' id='word_1_374' title='bbox 3171 2511 3344 2566; x_wconf 88' lang='lat' dir='ltr'><strong>sancti</strong></span> 
     </span>
    </p>
   </div>
   <div class='ocr_carea' id='block_1_47' title="bbox 1769 2601 3348 2672">
    <p class='ocr_par' dir='ltr' id='par_1_47' title="bbox 1769 2601 3348 2672">
     <span class='ocr_line' id='line_1_47' title="bbox 1769 2601 3348 2672; baseline 0.001 -15"><span class='ocrx_word' id='word_1_375' title='bbox 1769 2601 1870 2657; x_wconf 79' lang='lat' dir='ltr'><strong>sub</strong></span> <span class='ocrx_word' id='word_1_376' title='bbox 1923 2601 2208 2672; x_wconf 63' lang='lat' dir='ltr'><strong>praesentia</strong></span> <span class='ocrx_word' id='word_1_377' title='bbox 2233 2601 2503 2672; x_wconf 80' lang='lat' dir='ltr'><strong>episcopi,</strong></span> <span class='ocrx_word' id='word_1_378' title='bbox 2554 2601 2638 2657; x_wconf 92' lang='lat' dir='ltr'><strong>vel</strong></span> <span class='ocrx_word' id='word_1_379' title='bbox 2659 2603 2998 2657; x_wconf 86' lang='lat' dir='ltr'><strong>sacerdotum</strong></span> <span class='ocrx_word' id='word_1_380' title='bbox 3040 2603 3111 2657; x_wconf 87' lang='lat' dir='ltr'><strong>ibi</strong></span> <span class='ocrx_word' id='word_1_381' title='bbox 3163 2604 3348 2660; x_wconf 75' lang='lat' dir='ltr'><strong>consi-</strong></span> 
     </span>
    </p>
   </div>
   <div class='ocr_carea' id='block_1_48' title="bbox 1772 2693 3347 2760">
    <p class='ocr_par' dir='ltr' id='par_1_48' title="bbox 1772 2693 3347 2760">
     <span class='ocr_line' id='line_1_48' title="bbox 1772 2693 3347 2760; baseline 0.001 -12"><span class='ocrx_word' id='word_1_382' title='bbox 1772 2693 2028 2749; x_wconf 90' lang='lat' dir='ltr'><strong>stentium</strong></span> <span class='ocrx_word' id='word_1_383' title='bbox 2056 2709 2120 2749; x_wconf 91' lang='lat' dir='ltr'><strong>ac</strong></span> <span class='ocrx_word' id='word_1_384' title='bbox 2147 2693 2409 2748; x_wconf 87' lang='lat' dir='ltr'><strong>nobilium</strong></span> <span class='ocrx_word' id='word_1_385' title='bbox 2450 2693 2746 2760; x_wconf 87' lang='lat' dir='ltr'><strong>laicorum,</strong></span> <span class='ocrx_word' id='word_1_386' title='bbox 2782 2703 2908 2748; x_wconf 89' lang='lat' dir='ltr'><strong>ante</strong></span> <span class='ocrx_word' id='word_1_387' title='bbox 2943 2709 3111 2750; x_wconf 89' lang='lat' dir='ltr'><strong>cornu</strong></span> <span class='ocrx_word' id='word_1_388' title='bbox 3157 2695 3347 2750; x_wconf 82' lang='lat' dir='ltr'><strong>altaris</strong></span> 
     </span>
    </p>
   </div>
   <div class='ocr_carea' id='block_1_49' title="bbox 1771 2785 3386 2856">
    <p class='ocr_par' dir='ltr' id='par_1_49' title="bbox 1771 2785 3386 2856">
     <span class='ocr_line' id='line_1_49' title="bbox 1771 2785 3386 2856; baseline 0.001 -16"><span class='ocrx_word' id='word_1_389' title='bbox 1771 2785 1928 2842; x_wconf 89' lang='lat' dir='ltr'><strong>istius</strong></span> <span class='ocrx_word' id='word_1_390' title='bbox 1949 2785 2216 2852; x_wconf 66' lang='lat' dir='ltr'><strong>ecclesiae,</strong></span> <span class='ocrx_word' id='word_1_391' title='bbox 2236 2785 2461 2840; x_wconf 88' lang='lat' dir='ltr'><strong>absolvo</strong></span> <span class='ocrx_word' id='word_1_392' title='bbox 2481 2800 2694 2840; x_wconf 87' lang='lat' dir='ltr'><strong>servum</strong></span> <span class='ocrx_word' id='word_1_393' title='bbox 2718 2801 2896 2840; x_wconf 88' lang='lat' dir='ltr'><strong>meum</strong></span> <span class='ocrx_word' id='word_1_394' title='bbox 2918 2785 3064 2840; x_wconf 90' lang='lat' dir='ltr'><strong>illum</strong></span> <span class='ocrx_word' id='word_1_395' title='bbox 3082 2801 3182 2855; x_wconf 78' lang='lat' dir='ltr'><strong>per</strong></span> <span class='ocrx_word' id='word_1_396' title='bbox 3203 2788 3346 2842; x_wconf 86' lang='lat' dir='ltr'><strong>hanc</strong></span> <span class='ocrx_word' id='word_1_397' title='bbox 3384 2851 3386 2856; x_wconf 90' lang='lat'><em>_</em></span> 
     </span>
    </p>
   </div>
   <div class='ocr_carea' id='block_1_50' title="bbox 1771 2875 3347 2948">
    <p class='ocr_par' dir='ltr' id='par_1_50' title="bbox 1771 2875 3347 2948">
     <span class='ocr_line' id='line_1_50' title="bbox 1771 2875 3347 2948; baseline 0.003 -16"><span class='ocrx_word' id='word_1_398' title='bbox 1771 2877 2018 2932; x_wconf 83' lang='lat' dir='ltr'><strong>chartam</strong></span> <span class='ocrx_word' id='word_1_399' title='bbox 2041 2875 2391 2931; x_wconf 88' lang='lat' dir='ltr'><strong>absolutionis</strong></span> <span class='ocrx_word' id='word_1_400' title='bbox 2413 2883 2473 2931; x_wconf 89' lang='lat' dir='ltr'><strong>et</strong></span> <span class='ocrx_word' id='word_1_401' title='bbox 2500 2876 2846 2948; x_wconf 73' lang='lat' dir='ltr'><strong>ingenuitatis</strong></span> <span class='ocrx_word' id='word_1_402' title='bbox 2869 2878 2938 2932; x_wconf 90' lang='lat' dir='ltr'><strong>ab</strong></span> <span class='ocrx_word' id='word_1_403' title='bbox 2957 2879 3104 2934; x_wconf 91' lang='lat' dir='ltr'><strong>omni</strong></span> <span class='ocrx_word' id='word_1_404' title='bbox 3133 2879 3347 2936; x_wconf 75' lang='lat' dir='ltr'><strong>vinculo</strong></span> 
     </span>
    </p>
   </div>
   <div class='ocr_carea' id='block_1_51' title="bbox 1771 2964 3345 3039">
    <p class='ocr_par' dir='ltr' id='par_1_51' title="bbox 1771 2964 3345 3039">
     <span class='ocr_line' id='line_1_51' title="bbox 1771 2964 3345 3039; baseline 0.003 -19"><span class='ocrx_word' id='word_1_405' title='bbox 1771 2964 2079 3030; x_wconf 86' lang='lat' dir='ltr'><strong>servitutis,</strong></span> <span class='ocrx_word' id='word_1_406' title='bbox 2107 2965 2179 3019; x_wconf 89' lang='lat' dir='ltr'><strong>ita</strong></span> <span class='ocrx_word' id='word_1_407' title='bbox 2209 2974 2267 3020; x_wconf 92' lang='lat' dir='ltr'><strong>ut</strong></span> <span class='ocrx_word' id='word_1_408' title='bbox 2287 2965 2356 3021; x_wconf 92' lang='lat' dir='ltr'><strong>ab</strong></span> <span class='ocrx_word' id='word_1_409' title='bbox 2381 2968 2480 3020; x_wconf 85' lang='lat' dir='ltr'><strong>hac</strong></span> <span class='ocrx_word' id='word_1_410' title='bbox 2503 2966 2590 3021; x_wconf 88' lang='lat' dir='ltr'><strong>die</strong></span> <span class='ocrx_word' id='word_1_411' title='bbox 2615 2974 2672 3022; x_wconf 89' lang='lat' dir='ltr'><strong>et</strong></span> <span class='ocrx_word' id='word_1_412' title='bbox 2705 2966 2960 3037; x_wconf 89' lang='lat' dir='ltr'><strong>deinceps</strong></span> <span class='ocrx_word' id='word_1_413' title='bbox 2987 2967 3249 3039; x_wconf 85' lang='lat' dir='ltr'><strong>ingenuus</strong></span> <span class='ocrx_word' id='word_1_414' title='bbox 3271 2969 3345 3024; x_wconf 89' lang='lat' dir='ltr'><strong>sit</strong></span> 
     </span>
    </p>
   </div>
   <div class='ocr_carea' id='block_1_52' title="bbox 1773 3055 3344 3131">
    <p class='ocr_par' dir='ltr' id='par_1_52' title="bbox 1773 3055 3344 3131">
     <span class='ocr_line' id='line_1_52' title="bbox 1773 3055 3344 3131; baseline 0.003 -19"><span class='ocrx_word' id='word_1_415' title='bbox 1773 3064 1828 3112; x_wconf 89' lang='lat' dir='ltr'><strong>et</strong></span> <span class='ocrx_word' id='word_1_416' title='bbox 1849 3057 2110 3128; x_wconf 84' lang='lat' dir='ltr'><strong>ingenuus</strong></span> <span class='ocrx_word' id='word_1_417' title='bbox 2135 3055 2292 3128; x_wconf 77' lang='lat'><strong>183</strong></span> <span class='ocrx_word' id='word_1_418' title='bbox 2322 3065 2634 3127; x_wconf 80' lang='lat' dir='ltr'><strong>permaneat</strong></span> <span class='ocrx_word' id='word_1_419' title='bbox 2661 3067 2913 3130; x_wconf 91' lang='lat' dir='ltr'><strong>tanquam</strong></span> <span class='ocrx_word' id='word_1_420' title='bbox 2938 3059 2984 3114; x_wconf 90' lang='lat' dir='ltr'><strong>si</strong></span> <span class='ocrx_word' id='word_1_421' title='bbox 3009 3060 3076 3115; x_wconf 89' lang='lat' dir='ltr'><strong>ab</strong></span> <span class='ocrx_word' id='word_1_422' title='bbox 3099 3060 3344 3131; x_wconf 73' lang='lat' dir='ltr'><strong>ingenuis</strong></span> 
     </span>
    </p>
   </div>
   <div class='ocr_carea' id='block_1_53' title="bbox 1772 3146 3345 3224">
    <p class='ocr_par' dir='ltr' id='par_1_53' title="bbox 1772 3146 3345 3224">
     <span class='ocr_line' id='line_1_53' title="bbox 1772 3146 3345 3224; baseline 0.005 -22"><span class='ocrx_word' id='word_1_423' title='bbox 1772 3150 2086 3219; x_wconf 89' lang='lat' dir='ltr'><strong>parentibus</strong></span> <span class='ocrx_word' id='word_1_424' title='bbox 2128 3149 2320 3205; x_wconf 81' lang='lat' dir='ltr'><strong>luisset</strong></span> <span class='ocrx_word' id='word_1_425' title='bbox 2382 3159 2540 3205; x_wconf 88' lang='lat' dir='ltr'><strong>natus</strong></span> <span class='ocrx_word' id='word_1_426' title='bbox 2596 3151 2678 3206; x_wconf 88' lang='lat' dir='ltr'><strong>vel</strong></span> <span class='ocrx_word' id='word_1_427' title='bbox 2721 3146 3068 3222; x_wconf 78' lang='lat' dir='ltr'><strong>procreatus,</strong></span> <span class='ocrx_word' id='word_1_428' title='bbox 3115 3170 3345 3224; x_wconf 86' lang='lat' dir='ltr'><strong>eamque</strong></span> 
     </span>
    </p>
   </div>
   <div class='ocr_carea' id='block_1_54' title="bbox 1772 3243 3347 3316">
    <p class='ocr_par' dir='ltr' id='par_1_54' title="bbox 1772 3243 3347 3316">
     <span class='ocr_line' id='line_1_54' title="bbox 1772 3243 3347 3316; baseline 0.004 -22"><span class='ocrx_word' id='word_1_429' title='bbox 1772 3250 1964 3312; x_wconf 81' lang='lat' dir='ltr'><strong>pergat</strong></span> <span class='ocrx_word' id='word_1_430' title='bbox 1987 3248 2199 3312; x_wconf 84' lang='lat' dir='ltr'><strong>partem</strong></span> <span class='ocrx_word' id='word_1_431' title='bbox 2223 3257 2381 3312; x_wconf 91' lang='lat' dir='ltr'><strong>quam</strong></span> <span class='ocrx_word' id='word_1_432' title='bbox 2409 3243 2692 3308; x_wconf 77' lang='lat' dir='ltr'><strong>maluerit,</strong></span> <span class='ocrx_word' id='word_1_433' title='bbox 2725 3244 2809 3300; x_wconf 85' lang='lat' dir='ltr'><strong>vel</strong></span> <span class='ocrx_word' id='word_1_434' title='bbox 2845 3261 3005 3316; x_wconf 86' lang='lat' dir='ltr'><strong>quam</strong></span> <span class='ocrx_word' id='word_1_435' title='bbox 3033 3246 3081 3300; x_wconf 91' lang='lat' dir='ltr'><strong>ei</strong></span> <span class='ocrx_word' id='word_1_436' title='bbox 3112 3247 3347 3302; x_wconf 49' lang='lat' dir='ltr'><strong>auctori,</strong></span> 
     </span>
    </p>
   </div>
   <div class='ocr_carea' id='block_1_55' title="bbox 71 3317 3343 3409">
    <p class='ocr_par' dir='ltr' id='par_1_55' title="bbox 71 3317 3343 3409">
     <span class='ocr_line' id='line_1_55' title="bbox 71 3317 3343 3409; baseline 0.001 -19"><span class='ocrx_word' id='word_1_437' title='bbox 71 3352 248 3392; x_wconf 85' lang='lat' dir='ltr'><strong>cornu</strong></span> <span class='ocrx_word' id='word_1_438' title='bbox 289 3335 498 3404; x_wconf 88' lang='lat' dir='ltr'><strong>altaris,</strong></span> <span class='ocrx_word' id='word_1_439' title='bbox 521 3339 736 3394; x_wconf 89' lang='lat' dir='ltr'><strong>sicutin</strong></span> <span class='ocrx_word' id='word_1_440' title='bbox 762 3348 945 3395; x_wconf 90' lang='lat' dir='ltr'><strong>nostra</strong></span> <span class='ocrx_word' id='word_1_441' title='bbox 971 3340 1295 3395; x_wconf 89' lang='lat' dir='ltr'><strong>auctoritate</strong></span> <span class='ocrx_word' id='word_1_442' title='bbox 1329 3339 1666 3404; x_wconf 85' lang='lat' dir='ltr'><strong>continetur,</strong></span> <span class='ocrx_word' id='word_1_443' title='bbox 1697 3317 1740 3378; x_wconf 70' lang='grc' dir='ltr'><strong>Ο</strong></span> <span class='ocrx_word' id='word_1_444' title='bbox 1768 3341 1856 3388; x_wconf 86' lang='lat' dir='ltr'><strong>tas</strong></span> <span class='ocrx_word' id='word_1_445' title='bbox 1885 3334 2144 3389; x_wconf 87' lang='lat' dir='ltr'><strong>canonica</strong></span> <span class='ocrx_word' id='word_1_446' title='bbox 2173 3333 2440 3404; x_wconf 88' lang='lat' dir='ltr'><strong>permittit</strong></span> <span class='ocrx_word' id='word_1_447' title='bbox 2467 3374 2482 3399; x_wconf 92' lang='lat'><strong>,</strong></span> <span class='ocrx_word' id='word_1_448' title='bbox 2513 3343 2597 3400; x_wconf 89' lang='lat' dir='ltr'><strong>et,</strong></span> <span class='ocrx_word' id='word_1_449' title='bbox 2616 3335 2760 3390; x_wconf 84' lang='lat' dir='ltr'><strong>sicut</strong></span> <span class='ocrx_word' id='word_1_450' title='bbox 2781 3337 2871 3390; x_wconf 90' lang='lat' dir='ltr'><strong>alii</strong></span> <span class='ocrx_word' id='word_1_451' title='bbox 2901 3338 3046 3393; x_wconf 87' lang='lat' dir='ltr'><strong>cives</strong></span> <span class='ocrx_word' id='word_1_452' title='bbox 3073 3337 3343 3409; x_wconf 80' lang='lat' dir='ltr'><strong>Romani,</strong></span> 
     </span>
    </p>
   </div>
   <div class='ocr_carea' id='block_1_56' title="bbox 71 3428 1667 3507">
    <p class='ocr_par' dir='ltr' id='par_1_56' title="bbox 71 3428 1667 3507">
     <span class='ocr_line' id='line_1_56' title="bbox 71 3428 1667 3507; baseline 0.003 -28"><span class='ocrx_word' id='word_1_453' title='bbox 71 3438 300 3507; x_wconf 74' lang='lat' dir='ltr'><strong>remota</strong></span> <span class='ocrx_word' id='word_1_454' title='bbox 321 3428 558 3498; x_wconf 88' lang='lat' dir='ltr'><strong>qualibet</strong></span> <span class='ocrx_word' id='word_1_455' title='bbox 577 3428 892 3496; x_wconf 88' lang='lat' dir='ltr'><strong>calliditate,</strong></span> <span class='ocrx_word' id='word_1_456' title='bbox 933 3429 1237 3486; x_wconf 89' lang='lat' dir='ltr'><strong>libertatem</strong></span> <span class='ocrx_word' id='word_1_457' title='bbox 1283 3437 1667 3500; x_wconf 82' lang='lat' dir='ltr'><strong>consequatur,</strong></span> 
     </span>
    </p>
   </div>
   <div class='ocr_carea' id='block_1_57' title="bbox 68 3517 1668 3592">
    <p class='ocr_par' dir='ltr' id='par_1_57' title="bbox 68 3517 1668 3592">
     <span class='ocr_line' id='line_1_57' title="bbox 68 3517 1668 3592; baseline 0.004 -21"><span class='ocrx_word' id='word_1_458' title='bbox 68 3526 127 3571; x_wconf 89' lang='lat' dir='ltr'><strong>et</strong></span> <span class='ocrx_word' id='word_1_459' title='bbox 177 3527 319 3572; x_wconf 89' lang='lat' dir='ltr'><strong>tunc</strong></span> <span class='ocrx_word' id='word_1_460' title='bbox 369 3517 580 3574; x_wconf 85' lang='lat' dir='ltr'><strong>demum</strong></span> <span class='ocrx_word' id='word_1_461' title='bbox 628 3520 704 3574; x_wconf 90' lang='lat' dir='ltr'><strong>ad</strong></span> <span class='ocrx_word' id='word_1_462' title='bbox 755 3520 953 3590; x_wconf 85' lang='lat' dir='ltr'><strong>gradus</strong></span> <span class='ocrx_word' id='word_1_463' title='bbox 1009 3520 1403 3577; x_wconf 84' lang='lat' dir='ltr'><strong>ecclesiasticos</strong></span> <span class='ocrx_word' id='word_1_464' title='bbox 1445 3536 1668 3592; x_wconf 85' lang='lat' dir='ltr'><strong>promo-</strong></span> 
     </span>
    </p>
   </div>
   <div class='ocr_carea' id='block_1_58' title="bbox 76 3615 296 3662">
    <p class='ocr_par' dir='ltr' id='par_1_58' title="bbox 76 3615 296 3662">
     <span class='ocr_line' id='line_1_58' title="bbox 76 3615 296 3662; baseline 0.018 -5"><span class='ocrx_word' id='word_1_465' title='bbox 76 3615 296 3662; x_wconf 66' lang='lat' dir='ltr'><strong>scatur.</strong></span> 
     </span>
    </p>
   </div>
   <div class='ocr_carea' id='block_1_59' title="bbox 460 3698 1279 3769">
    <p class='ocr_par' dir='ltr' id='par_1_59' title="bbox 460 3698 1279 3769">
     <span class='ocr_line' id='line_1_59' title="bbox 460 3698 1279 3769; baseline 0.002 -15"><span class='ocrx_word' id='word_1_466' title='bbox 460 3698 538 3754; x_wconf 84' lang='lat' dir='ltr'><strong>De</strong></span> <span class='ocrx_word' id='word_1_467' title='bbox 562 3699 784 3769; x_wconf 76' lang='lat' dir='ltr'><strong>familiis</strong></span> <span class='ocrx_word' id='word_1_468' title='bbox 819 3702 1279 3756; x_wconf 72' lang='lat' dir='ltr'><strong>monasteriorum.</strong></span> 
     </span>
    </p>
   </div>
   <div class='ocr_carea' id='block_1_60' title="bbox 145 3787 1669 3864">
    <p class='ocr_par' dir='ltr' id='par_1_60' title="bbox 145 3787 1669 3864">
     <span class='ocr_line' id='line_1_60' title="bbox 145 3787 1669 3864; baseline 0.003 -19"><span class='ocrx_word' id='word_1_469' title='bbox 145 3787 350 3845; x_wconf 82' lang='lat' dir='ltr'><strong><em>CCCC.</em></strong></span> <span class='ocrx_word' id='word_1_470' title='bbox 375 3788 518 3862; x_wconf 80' lang='lat' dir='ltr'><strong>(Lib.</strong></span> <span class='ocrx_word' id='word_1_471' title='bbox 548 3787 883 3861; x_wconf 80' lang='lat' dir='ltr'><strong>tCapitular.</strong></span> <span class='ocrx_word' id='word_1_472' title='bbox 915 3806 966 3847; x_wconf 73' lang='grc' dir='ltr'><strong>(ε.</strong></span> <span class='ocrx_word' id='word_1_473' title='bbox 989 3790 1102 3864; x_wconf 84' lang='lat'><strong>88.)</strong></span> <span class='ocrx_word' id='word_1_474' title='bbox 1146 3790 1410 3848; x_wconf 83' lang='lat' dir='ltr'><strong>Similiter</strong></span> <span class='ocrx_word' id='word_1_475' title='bbox 1453 3807 1669 3864; x_wconf 90' lang='lat' dir='ltr'><strong>quoque</strong></span> 
     </span>
    </p>
   </div>
   <div class='ocr_carea' id='block_1_61' title="bbox 75 3884 1668 3956">
    <p class='ocr_par' dir='ltr' id='par_1_61' title="bbox 75 3884 1668 3956">
     <span class='ocr_line' id='line_1_61' title="bbox 75 3884 1668 3956; baseline 0.003 -17"><span class='ocrx_word' id='word_1_476' title='bbox 75 3884 146 3939; x_wconf 83' lang='lat' dir='ltr'><strong>de</strong></span> <span class='ocrx_word' id='word_1_477' title='bbox 173 3884 270 3940; x_wconf 82' lang='lat' dir='ltr'><strong>his</strong></span> <span class='ocrx_word' id='word_1_478' title='bbox 296 3885 566 3954; x_wconf 81' lang='lat' dir='ltr'><strong>agendum</strong></span> <span class='ocrx_word' id='word_1_479' title='bbox 599 3894 682 3942; x_wconf 88' lang='lat' dir='ltr'><strong>est</strong></span> <span class='ocrx_word' id='word_1_480' title='bbox 711 3901 846 3956; x_wconf 90' lang='lat' dir='ltr'><strong>quos</strong></span> <span class='ocrx_word' id='word_1_481' title='bbox 886 3887 1006 3943; x_wconf 87' lang='lat' dir='ltr'><strong>laici</strong></span> <span class='ocrx_word' id='word_1_482' title='bbox 1037 3889 1104 3944; x_wconf 89' lang='lat' dir='ltr'><strong>de</strong></span> <span class='ocrx_word' id='word_1_483' title='bbox 1155 3888 1364 3944; x_wconf 80' lang='lat' dir='ltr'><strong>familia</strong></span> <span class='ocrx_word' id='word_1_484' title='bbox 1409 3889 1668 3945; x_wconf 86' lang='lat' dir='ltr'><strong>ecclesia-</strong></span> 
     </span>
    </p>
   </div>
   <div class='ocr_carea' id='block_1_62' title="bbox 79 3975 1670 4048">
    <p class='ocr_par' dir='ltr' id='par_1_62' title="bbox 79 3975 1670 4048">
     <span class='ocr_line' id='line_1_62' title="bbox 79 3975 1670 4048; baseline 0.004 -19"><span class='ocrx_word' id='word_1_485' title='bbox 79 3990 201 4030; x_wconf 84' lang='lat' dir='ltr'><strong>rum</strong></span> <span class='ocrx_word' id='word_1_486' title='bbox 227 3975 300 4029; x_wconf 91' lang='lat' dir='ltr'><strong>ad</strong></span> <span class='ocrx_word' id='word_1_487' title='bbox 336 3989 522 4032; x_wconf 87' lang='lat' dir='ltr'><strong>sacros</strong></span> <span class='ocrx_word' id='word_1_488' title='bbox 549 3977 769 4033; x_wconf 87' lang='lat' dir='ltr'><strong>ordines</strong></span> <span class='ocrx_word' id='word_1_489' title='bbox 808 3992 1127 4048; x_wconf 84' lang='lat' dir='ltr'><strong>promovere</strong></span> <span class='ocrx_word' id='word_1_490' title='bbox 1161 3980 1447 4037; x_wconf 85' lang='lat' dir='ltr'><strong>voluerint.</strong></span> <span class='ocrx_word' id='word_1_491' title='bbox 1477 3979 1582 4035; x_wconf 86' lang='lat' dir='ltr'><strong>Sed</strong></span> <span class='ocrx_word' id='word_1_492' title='bbox 1613 3988 1670 4035; x_wconf 90' lang='lat' dir='ltr'><strong>et</strong></span> 
     </span>
    </p>
   </div>
   <div class='ocr_carea' id='block_1_63' title="bbox 83 4066 1666 4138">
    <p class='ocr_par' dir='ltr' id='par_1_63' title="bbox 83 4066 1666 4138">
     <span class='ocr_line' id='line_1_63' title="bbox 83 4066 1666 4138; baseline 0.003 -17"><span class='ocrx_word' id='word_1_493' title='bbox 83 4066 148 4121; x_wconf 87' lang='lat' dir='ltr'><strong>de</strong></span> <span class='ocrx_word' id='word_1_494' title='bbox 183 4066 277 4122; x_wconf 89' lang='lat' dir='ltr'><strong>his</strong></span> <span class='ocrx_word' id='word_1_495' title='bbox 303 4081 444 4136; x_wconf 90' lang='lat' dir='ltr'><strong>quos</strong></span> <span class='ocrx_word' id='word_1_496' title='bbox 471 4068 745 4138; x_wconf 65' lang='lat' dir='ltr'><strong>praepositi</strong></span> <span class='ocrx_word' id='word_1_497' title='bbox 791 4070 1181 4126; x_wconf 88' lang='lat' dir='ltr'><strong>canonicorum</strong></span> <span class='ocrx_word' id='word_1_498' title='bbox 1238 4080 1332 4126; x_wconf 89' lang='lat' dir='ltr'><strong>aut</strong></span> <span class='ocrx_word' id='word_1_499' title='bbox 1371 4071 1666 4126; x_wconf 86' lang='lat' dir='ltr'><strong>monacho-</strong></span> 
     </span>
    </p>
   </div>
   <div class='ocr_carea' id='block_1_64' title="bbox 76 4155 1668 4230">
    <p class='ocr_par' dir='ltr' id='par_1_64' title="bbox 76 4155 1668 4230">
     <span class='ocr_line' id='line_1_64' title="bbox 76 4155 1668 4230; baseline 0.004 -22"><span class='ocrx_word' id='word_1_500' title='bbox 76 4171 206 4210; x_wconf 84' lang='lat' dir='ltr'><strong>rum</strong></span> <span class='ocrx_word' id='word_1_501' title='bbox 239 4155 578 4214; x_wconf 89' lang='lat' dir='ltr'><strong>ordinandos</strong></span> <span class='ocrx_word' id='word_1_502' title='bbox 605 4158 931 4230; x_wconf 80' lang='lat' dir='ltr'><strong>expetierint</strong></span> <span class='ocrx_word' id='word_1_503' title='bbox 954 4161 1142 4216; x_wconf 88' lang='lat' dir='ltr'><strong>eadem</strong></span> <span class='ocrx_word' id='word_1_504' title='bbox 1173 4159 1349 4216; x_wconf 79' lang='lat' dir='ltr'><strong>forma</strong></span> <span class='ocrx_word' id='word_1_505' title='bbox 1402 4162 1668 4217; x_wconf 83' lang='lat' dir='ltr'><strong>servanda</strong></span> 
     </span>
    </p>
   </div>
   <div class='ocr_carea' id='block_1_65' title="bbox 79 4257 1382 4393">
    <p class='ocr_par' dir='ltr' id='par_1_65' title="bbox 79 4257 1382 4393">
     <span class='ocr_line' id='line_1_65' title="bbox 79 4257 1382 4393; baseline 0.005 -21"><span class='ocrx_word' id='word_1_506' title='bbox 79 4257 181 4302; x_wconf 50' lang='lat' dir='ltr'><strong>est.</strong></span> <span class='ocrx_word' id='word_1_507' title='bbox 328 4317 614 4389; x_wconf 68' lang='lat' dir='ltr'><strong>Exemplar</strong></span> <span class='ocrx_word' id='word_1_508' title='bbox 632 4331 888 4376; x_wconf 70' lang='lat' dir='ltr'><strong>acutam</strong></span> <span class='ocrx_word' id='word_1_509' title='bbox 919 4339 1082 4393; x_wconf 72' lang='lat' dir='ltr'><strong>supra</strong></span> <span class='ocrx_word' id='word_1_510' title='bbox 1121 4332 1382 4378; x_wconf 76' lang='lat' dir='ltr'><strong>notatum.</strong></span> 
     </span>
    </p>
   </div>
   <div class='ocr_carea' id='block_1_66' title="bbox 151 4407 1662 4484">
    <p class='ocr_par' dir='ltr' id='par_1_66' title="bbox 151 4407 1662 4484">
     <span class='ocr_line' id='line_1_66' title="bbox 151 4407 1662 4484; baseline 0.003 -20"><span class='ocrx_word' id='word_1_511' title='bbox 151 4407 379 4464; x_wconf 81' lang='lat' dir='ltr'><strong><em>CCCCL</em></strong></span> <span class='ocrx_word' id='word_1_512' title='bbox 405 4409 737 4480; x_wconf 72' lang='grc' dir='ltr'><strong>(Βυιιαιηυ.</strong></span> <span class='ocrx_word' id='word_1_513' title='bbox 768 4412 861 4467; x_wconf 88' lang='lat' dir='ltr'><strong>lib.</strong></span> <span class='ocrx_word' id='word_1_514' title='bbox 888 4428 951 4478; x_wconf 91' lang='grc' dir='ltr'><strong>ιι,</strong></span> <span class='ocrx_word' id='word_1_515' title='bbox 981 4428 1032 4468; x_wconf 91' lang='lat' dir='ltr'><strong>c.</strong></span> <span class='ocrx_word' id='word_1_516' title='bbox 1063 4412 1161 4480; x_wconf 84' lang='lat'><strong>26;</strong></span> <span class='ocrx_word' id='word_1_517' title='bbox 1196 4413 1304 4478; x_wconf 89' lang='lat' dir='ltr'><strong>lvo,</strong></span> <span class='ocrx_word' id='word_1_518' title='bbox 1325 4423 1474 4484; x_wconf 80' lang='lat' dir='ltr'><strong>part.</strong></span> <span class='ocrx_word' id='word_1_519' title='bbox 1508 4431 1583 4482; x_wconf 80' lang='lat' dir='ltr'><strong>vt,</strong></span> <span class='ocrx_word' id='word_1_520' title='bbox 1611 4431 1662 4470; x_wconf 94' lang='lat' dir='ltr'><strong>c.</strong></span> 
     </span>
    </p>
   </div>
   <div class='ocr_carea' id='block_1_67' title="bbox 82 4499 1668 4574">
    <p class='ocr_par' dir='ltr' id='par_1_67' title="bbox 82 4499 1668 4574">
     <span class='ocr_line' id='line_1_67' title="bbox 82 4499 1668 4574; baseline 0.006 -22"><span class='ocrx_word' id='word_1_521' title='bbox 82 4499 182 4553; x_wconf 67' lang='lat'><strong>121</strong></span> <span class='ocrx_word' id='word_1_522' title='bbox 192 4502 238 4569; x_wconf 94' lang='lat'><strong>.)</strong></span> <span class='ocrx_word' id='word_1_523' title='bbox 265 4500 580 4558; x_wconf 74' lang='lat' dir='ltr'><strong>Auctoritas</strong></span> <span class='ocrx_word' id='word_1_524' title='bbox 603 4503 968 4559; x_wconf 87' lang='lat' dir='ltr'><strong>ecclesiastica</strong></span> <span class='ocrx_word' id='word_1_525' title='bbox 988 4515 1236 4574; x_wconf 87' lang='lat' dir='ltr'><strong>patenter</strong></span> <span class='ocrx_word' id='word_1_526' title='bbox 1259 4507 1546 4573; x_wconf 90' lang='lat' dir='ltr'><strong>admonet,</strong></span> <span class='ocrx_word' id='word_1_527' title='bbox 1583 4507 1668 4561; x_wconf 89' lang='lat' dir='ltr'><strong>in-</strong></span> 
     </span>
    </p>
   </div>
   <div class='ocr_carea' id='block_1_68' title="bbox 81 4590 1663 4668">
    <p class='ocr_par' dir='ltr' id='par_1_68' title="bbox 81 4590 1663 4668">
     <span class='ocr_line' id='line_1_68' title="bbox 81 4590 1663 4668; baseline 0.008 -27"><span class='ocrx_word' id='word_1_528' title='bbox 81 4605 251 4660; x_wconf 86' lang='lat' dir='ltr'><strong>super</strong></span> <span class='ocrx_word' id='word_1_529' title='bbox 275 4599 333 4646; x_wconf 92' lang='lat' dir='ltr'><strong>et</strong></span> <span class='ocrx_word' id='word_1_530' title='bbox 360 4590 610 4660; x_wconf 87' lang='lat' dir='ltr'><strong>majestas</strong></span> <span class='ocrx_word' id='word_1_531' title='bbox 632 4594 775 4664; x_wconf 86' lang='lat' dir='ltr'><strong>regia</strong></span> <span class='ocrx_word' id='word_1_532' title='bbox 798 4597 1070 4651; x_wconf 74' lang='lat' dir='ltr'><strong>canonica:</strong></span> <span class='ocrx_word' id='word_1_533' title='bbox 1095 4597 1338 4668; x_wconf 76' lang='lat' dir='ltr'><strong>religioni</strong></span> <span class='ocrx_word' id='word_1_534' title='bbox 1383 4613 1663 4655; x_wconf 86' lang='lat' dir='ltr'><strong>assensum</strong></span> 
     </span>
    </p>
   </div>
   <div class='ocr_carea' id='block_1_69' title="bbox 1773 3423 3345 3494">
    <p class='ocr_par' dir='ltr' id='par_1_69' title="bbox 1773 3423 3345 3494">
     <span class='ocr_line' id='line_1_69' title="bbox 1773 3423 3345 3494; baseline 0.004 -16"><span class='ocrx_word' id='word_1_535' title='bbox 1773 3423 1940 3478; x_wconf 81' lang='lat' dir='ltr'><strong>vitam</strong></span> <span class='ocrx_word' id='word_1_536' title='bbox 1964 3424 2127 3478; x_wconf 90' lang='lat' dir='ltr'><strong>ducat</strong></span> <span class='ocrx_word' id='word_1_537' title='bbox 2153 3423 2460 3494; x_wconf 89' lang='lat' dir='ltr'><strong>ingenuam.</strong></span> <span class='ocrx_word' id='word_1_538' title='bbox 2493 3424 2634 3479; x_wconf 81' lang='lat' dir='ltr'><strong>Nulli</strong></span> <span class='ocrx_word' id='word_1_539' title='bbox 2657 3435 2836 3481; x_wconf 90' lang='lat' dir='ltr'><strong>autem</strong></span> <span class='ocrx_word' id='word_1_540' title='bbox 2877 3428 3152 3483; x_wconf 63' lang='lat' dir='ltr'><strong>harredum</strong></span> <span class='ocrx_word' id='word_1_541' title='bbox 3194 3445 3345 3484; x_wconf 84' lang='lat' dir='ltr'><strong>meo-</strong></span> 
     </span>
    </p>
   </div>
   <div class='ocr_carea' id='block_1_70' title="bbox 1773 3515 3406 3589">
    <p class='ocr_par' dir='ltr' id='par_1_70' title="bbox 1773 3515 3406 3589">
     <span class='ocr_line' id='line_1_70' title="bbox 1773 3515 3406 3589; baseline 0.006 -19"><span class='ocrx_word' id='word_1_542' title='bbox 1773 3530 1892 3570; x_wconf 88' lang='lat' dir='ltr'><strong>rum</strong></span> <span class='ocrx_word' id='word_1_543' title='bbox 1936 3531 2000 3570; x_wconf 90' lang='lat' dir='ltr'><strong>ac</strong></span> <span class='ocrx_word' id='word_1_544' title='bbox 2045 3515 2416 3586; x_wconf 72' lang='lat' dir='ltr'><strong>prohteredum</strong></span> <span class='ocrx_word' id='word_1_545' title='bbox 2459 3531 2564 3571; x_wconf 84' lang='lat' dir='ltr'><strong>nec</strong></span> <span class='ocrx_word' id='word_1_546' title='bbox 2608 3519 2912 3588; x_wconf 78' lang='lat' dir='ltr'><strong>cuicunque</strong></span> <span class='ocrx_word' id='word_1_547' title='bbox 2954 3518 3041 3573; x_wconf 82' lang='lat' dir='ltr'><strong>alii</strong></span> <span class='ocrx_word' id='word_1_548' title='bbox 3100 3533 3346 3589; x_wconf 78' lang='lat' dir='ltr'><strong>personae</strong></span> <span class='ocrx_word' id='word_1_549' title='bbox 3399 3571 3406 3580; x_wconf 88' lang='lat'><strong>.</strong></span> 
     </span>
    </p>
   </div>
   <div class='ocr_carea' id='block_1_71' title="bbox 1772 3602 3340 3680">
    <p class='ocr_par' dir='ltr' id='par_1_71' title="bbox 1772 3602 3340 3680">
     <span class='ocr_line' id='line_1_71' title="bbox 1772 3602 3340 3680; baseline 0.005 -23"><span class='ocrx_word' id='word_1_550' title='bbox 1772 3602 2065 3674; x_wconf 79' lang='lat' dir='ltr'><strong>quidquam</strong></span> <span class='ocrx_word' id='word_1_551' title='bbox 2107 3603 2300 3658; x_wconf 89' lang='lat' dir='ltr'><strong>debeat</strong></span> <span class='ocrx_word' id='word_1_552' title='bbox 2325 3604 2599 3660; x_wconf 85' lang='lat' dir='ltr'><strong>servitutis</strong></span> <span class='ocrx_word' id='word_1_553' title='bbox 2619 3605 2702 3661; x_wconf 89' lang='lat' dir='ltr'><strong>vel</strong></span> <span class='ocrx_word' id='word_1_554' title='bbox 2732 3607 2998 3664; x_wconf 86' lang='lat' dir='ltr'><strong>libertatis</strong></span> <span class='ocrx_word' id='word_1_555' title='bbox 3019 3610 3340 3680; x_wconf 87' lang='lat' dir='ltr'><strong>obsequium</strong></span> 
     </span>
    </p>
   </div>
   <div class='ocr_carea' id='block_1_72' title="bbox 1767 3692 3344 3773">
    <p class='ocr_par' dir='ltr' id='par_1_72' title="bbox 1767 3692 3344 3773">
     <span class='ocr_line' id='line_1_72' title="bbox 1767 3692 3344 3773; baseline 0.006 -25"><span class='ocrx_word' id='word_1_556' title='bbox 1767 3693 1874 3748; x_wconf 89' lang='lat' dir='ltr'><strong>nisi</strong></span> <span class='ocrx_word' id='word_1_557' title='bbox 1897 3693 1995 3748; x_wconf 91' lang='lat' dir='ltr'><strong>soli</strong></span> <span class='ocrx_word' id='word_1_558' title='bbox 2025 3692 2169 3758; x_wconf 88' lang='lat' dir='ltr'><strong>Deo,</strong></span> <span class='ocrx_word' id='word_1_559' title='bbox 2201 3695 2290 3749; x_wconf 89' lang='lat' dir='ltr'><strong>cui</strong></span> <span class='ocrx_word' id='word_1_560' title='bbox 2317 3697 2498 3750; x_wconf 89' lang='lat' dir='ltr'><strong>omnia</strong></span> <span class='ocrx_word' id='word_1_561' title='bbox 2527 3697 2772 3766; x_wconf 87' lang='lat' dir='ltr'><strong>subjecta</strong></span> <span class='ocrx_word' id='word_1_562' title='bbox 2797 3709 2962 3766; x_wconf 89' lang='lat' dir='ltr'><strong>sunt,</strong></span> <span class='ocrx_word' id='word_1_563' title='bbox 2989 3701 3073 3757; x_wconf 88' lang='lat' dir='ltr'><strong>vel</strong></span> <span class='ocrx_word' id='word_1_564' title='bbox 3123 3717 3222 3773; x_wconf 91' lang='lat' dir='ltr'><strong>pro</strong></span> <span class='ocrx_word' id='word_1_565' title='bbox 3245 3718 3344 3758; x_wconf 86' lang='lat' dir='ltr'><strong>cu-</strong></span> 
     </span>
    </p>
   </div>
   <div class='ocr_carea' id='block_1_73' title="bbox 1763 3783 3336 3858">
    <p class='ocr_par' dir='ltr' id='par_1_73' title="bbox 1763 3783 3336 3858">
     <span class='ocr_line' id='line_1_73' title="bbox 1763 3783 3336 3858; baseline 0.008 -20"><span class='ocrx_word' id='word_1_566' title='bbox 1763 3783 1854 3854; x_wconf 81' lang='lat' dir='ltr'><strong>jus</strong></span> <span class='ocrx_word' id='word_1_567' title='bbox 1876 3799 2064 3839; x_wconf 87' lang='lat' dir='ltr'><strong>amore</strong></span> <span class='ocrx_word' id='word_1_568' title='bbox 2093 3785 2267 3855; x_wconf 87' lang='lat' dir='ltr'><strong>ipsum</strong></span> <span class='ocrx_word' id='word_1_569' title='bbox 2311 3785 2538 3844; x_wconf 91' lang='lat' dir='ltr'><strong>devotus</strong></span> <span class='ocrx_word' id='word_1_570' title='bbox 2567 3789 2635 3844; x_wconf 88' lang='lat' dir='ltr'><strong>ad</strong></span> <span class='ocrx_word' id='word_1_571' title='bbox 2661 3789 2778 3858; x_wconf 89' lang='lat' dir='ltr'><strong>ejus</strong></span> <span class='ocrx_word' id='word_1_572' title='bbox 2809 3792 3088 3848; x_wconf 82' lang='lat' dir='ltr'><strong>servitium</strong></span> <span class='ocrx_word' id='word_1_573' title='bbox 3140 3795 3336 3850; x_wconf 87' lang='lat' dir='ltr'><strong>obtuli.</strong></span> 
     </span>
    </p>
   </div>
   <div class='ocr_carea' id='block_1_74' title="bbox 1765 3873 3341 3952">
    <p class='ocr_par' dir='ltr' id='par_1_74' title="bbox 1765 3873 3341 3952">
     <span class='ocr_line' id='line_1_74' title="bbox 1765 3873 3341 3952; baseline 0.009 -24"><span class='ocrx_word' id='word_1_574' title='bbox 1765 3873 2044 3929; x_wconf 82' lang='lat' dir='ltr'><strong>Peculiare</strong></span> <span class='ocrx_word' id='word_1_575' title='bbox 2073 3889 2200 3938; x_wconf 85' lang='lat' dir='ltr'><strong>vero</strong></span> <span class='ocrx_word' id='word_1_576' title='bbox 2231 3892 2388 3932; x_wconf 90' lang='lat' dir='ltr'><strong>suum</strong></span> <span class='ocrx_word' id='word_1_577' title='bbox 2419 3879 2562 3950; x_wconf 87' lang='lat' dir='ltr'><strong>quod</strong></span> <span class='ocrx_word' id='word_1_578' title='bbox 2587 3881 2635 3936; x_wconf 91' lang='lat' dir='ltr'><strong>ei</strong></span> <span class='ocrx_word' id='word_1_579' title='bbox 2682 3882 2939 3940; x_wconf 88' lang='lat' dir='ltr'><strong>Dominus</strong></span> <span class='ocrx_word' id='word_1_580' title='bbox 2986 3885 3225 3952; x_wconf 87' lang='lat' dir='ltr'><strong>dederit,</strong></span> <span class='ocrx_word' id='word_1_581' title='bbox 3282 3898 3341 3943; x_wconf 91' lang='lat' dir='ltr'><strong>et</strong></span> 
     </span>
    </p>
   </div>
   <div class='ocr_carea' id='block_1_75' title="bbox 1767 3965 3343 4045">
    <p class='ocr_par' dir='ltr' id='par_1_75' title="bbox 1767 3965 3343 4045">
     <span class='ocr_line' id='line_1_75' title="bbox 1767 3965 3343 4045; baseline 0.008 -26"><span class='ocrx_word' id='word_1_582' title='bbox 1767 3965 2020 4037; x_wconf 89' lang='lat' dir='ltr'><strong>deinceps</strong></span> <span class='ocrx_word' id='word_1_583' title='bbox 2046 3967 2157 4023; x_wconf 81' lang='lat' dir='ltr'><strong>Deo</strong></span> <span class='ocrx_word' id='word_1_584' title='bbox 2185 3967 2482 4026; x_wconf 77' lang='lat' dir='ltr'><strong>auxiliante</strong></span> <span class='ocrx_word' id='word_1_585' title='bbox 2533 3970 2782 4030; x_wconf 85' lang='lat' dir='ltr'><strong>laborare</strong></span> <span class='ocrx_word' id='word_1_586' title='bbox 2803 3977 3034 4045; x_wconf 88' lang='lat' dir='ltr'><strong>potuerit</strong></span> <span class='ocrx_word' id='word_1_587' title='bbox 3057 4015 3073 4042; x_wconf 92' lang='lat'><strong>,</strong></span> <span class='ocrx_word' id='word_1_588' title='bbox 3118 3993 3343 4034; x_wconf 89' lang='lat' dir='ltr'><strong>conces-</strong></span> 
     </span>
    </p>
   </div>
   <div class='ocr_carea' id='block_1_76' title="bbox 1770 4056 3344 4138">
    <p class='ocr_par' dir='ltr' id='par_1_76' title="bbox 1770 4056 3344 4138">
     <span class='ocr_line' id='line_1_76' title="bbox 1770 4056 3344 4138; baseline 0.008 -28"><span class='ocrx_word' id='word_1_589' title='bbox 1770 4069 1890 4110; x_wconf 83' lang='lat' dir='ltr'><strong>sum</strong></span> <span class='ocrx_word' id='word_1_590' title='bbox 1927 4056 2322 4126; x_wconf 88' lang='lat' dir='ltr'><strong>inperpetuum</strong></span> <span class='ocrx_word' id='word_1_591' title='bbox 2376 4060 2602 4125; x_wconf 85' lang='lat' dir='ltr'><strong>habeat,</strong></span> <span class='ocrx_word' id='word_1_592' title='bbox 2646 4071 2702 4118; x_wconf 94' lang='lat' dir='ltr'><strong>ut</strong></span> <span class='ocrx_word' id='word_1_593' title='bbox 2725 4065 2849 4120; x_wconf 90' lang='lat' dir='ltr'><strong>inde</strong></span> <span class='ocrx_word' id='word_1_594' title='bbox 2894 4065 3058 4120; x_wconf 77' lang='lat' dir='ltr'><strong>faciat</strong></span> <span class='ocrx_word' id='word_1_595' title='bbox 3083 4068 3344 4138; x_wconf 87' lang='lat' dir='ltr'><strong>quidquid</strong></span> 
     </span>
    </p>
   </div>
   <div class='ocr_carea' id='block_1_77' title="bbox 1769 4147 3342 4220">
    <p class='ocr_par' dir='ltr' id='par_1_77' title="bbox 1769 4147 3342 4220">
     <span class='ocr_line' id='line_1_77' title="bbox 1769 4147 3342 4220; baseline 0.007 -17"><span class='ocrx_word' id='word_1_596' title='bbox 1769 4147 1844 4203; x_wconf 92' lang='lat' dir='ltr'><strong>illi</strong></span> <span class='ocrx_word' id='word_1_597' title='bbox 1869 4149 2132 4220; x_wconf 89' lang='lat' dir='ltr'><strong>placuerit</strong></span> <span class='ocrx_word' id='word_1_598' title='bbox 2155 4153 2450 4208; x_wconf 86' lang='lat' dir='ltr'><strong>secundum</strong></span> <span class='ocrx_word' id='word_1_599' title='bbox 2476 4154 2873 4211; x_wconf 86' lang='lat' dir='ltr'><strong>ecclesiasticas</strong></span> <span class='ocrx_word' id='word_1_600' title='bbox 2911 4158 3238 4213; x_wconf 86' lang='lat' dir='ltr'><strong>sanctiones.</strong></span> <span class='ocrx_word' id='word_1_601' title='bbox 3281 4159 3342 4214; x_wconf 79' lang='lat' dir='ltr'><strong>Si</strong></span> 
     </span>
    </p>
   </div>
   <div class='ocr_carea' id='block_1_78' title="bbox 1767 4242 3336 4322">
    <p class='ocr_par' dir='ltr' id='par_1_78' title="bbox 1767 4242 3336 4322">
     <span class='ocr_line' id='line_1_78' title="bbox 1767 4242 3336 4322; baseline 0.008 -27"><span class='ocrx_word' id='word_1_602' title='bbox 1767 4242 1890 4310; x_wconf 87' lang='lat' dir='ltr'><strong>quis</strong></span> <span class='ocrx_word' id='word_1_603' title='bbox 1913 4258 2040 4299; x_wconf 90' lang='lat' dir='ltr'><strong>vero</strong></span> <span class='ocrx_word' id='word_1_604' title='bbox 2063 4282 2082 4309; x_wconf 86' lang='lat'><strong>,</strong></span> <span class='ocrx_word' id='word_1_605' title='bbox 2135 4244 2280 4315; x_wconf 91' lang='lat' dir='ltr'><strong>quod</strong></span> <span class='ocrx_word' id='word_1_606' title='bbox 2326 4244 2566 4301; x_wconf 74' lang='lat' dir='ltr'><strong>futurum</strong></span> <span class='ocrx_word' id='word_1_607' title='bbox 2597 4261 2720 4302; x_wconf 91' lang='lat' dir='ltr'><strong>esse</strong></span> <span class='ocrx_word' id='word_1_608' title='bbox 2750 4263 2861 4304; x_wconf 91' lang='lat' dir='ltr'><strong>non</strong></span> <span class='ocrx_word' id='word_1_609' title='bbox 2906 4250 3069 4304; x_wconf 90' lang='lat' dir='ltr'><strong>credo</strong></span> <span class='ocrx_word' id='word_1_610' title='bbox 3093 4289 3108 4316; x_wconf 93' lang='lat'><strong>,</strong></span> <span class='ocrx_word' id='word_1_611' title='bbox 3164 4251 3208 4306; x_wconf 89' lang='lat' dir='ltr'><strong>si</strong></span> <span class='ocrx_word' id='word_1_612' title='bbox 3237 4266 3336 4322; x_wconf 87' lang='lat' dir='ltr'><strong>ego</strong></span> 
     </span>
    </p>
   </div>
   <div class='ocr_carea' id='block_1_79' title="bbox 1768 4333 3336 4412">
    <p class='ocr_par' dir='ltr' id='par_1_79' title="bbox 1768 4333 3336 4412">
     <span class='ocr_line' id='line_1_79' title="bbox 1768 4333 3336 4412; baseline 0.007 -24"><span class='ocrx_word' id='word_1_613' title='bbox 1768 4333 1884 4405; x_wconf 77' lang='lat' dir='ltr'><strong>ipse</strong></span> <span class='ocrx_word' id='word_1_614' title='bbox 1902 4345 1996 4389; x_wconf 90' lang='lat' dir='ltr'><strong>aut</strong></span> <span class='ocrx_word' id='word_1_615' title='bbox 2033 4335 2230 4406; x_wconf 89' lang='lat' dir='ltr'><strong>aliquis</strong></span> <span class='ocrx_word' id='word_1_616' title='bbox 2253 4335 2323 4392; x_wconf 87' lang='lat' dir='ltr'><strong>de</strong></span> <span class='ocrx_word' id='word_1_617' title='bbox 2344 4336 2652 4394; x_wconf 61' lang='lat' dir='ltr'><strong>heredibus</strong></span> <span class='ocrx_word' id='word_1_618' title='bbox 2673 4337 2809 4395; x_wconf 90' lang='lat' dir='ltr'><strong>meis</strong></span> <span class='ocrx_word' id='word_1_619' title='bbox 2838 4340 2921 4395; x_wconf 90' lang='lat' dir='ltr'><strong>vel</strong></span> <span class='ocrx_word' id='word_1_620' title='bbox 2947 4341 3200 4412; x_wconf 78' lang='lat' dir='ltr'><strong>quaelibet</strong></span> <span class='ocrx_word' id='word_1_621' title='bbox 3235 4358 3336 4412; x_wconf 88' lang='lat' dir='ltr'><strong>op-</strong></span> 
     </span>
    </p>
   </div>
   <div class='ocr_carea' id='block_1_80' title="bbox 1767 4425 3348 4501">
    <p class='ocr_par' dir='ltr' id='par_1_80' title="bbox 1767 4425 3348 4501">
     <span class='ocr_line' id='line_1_80' title="bbox 1767 4425 3348 4501; baseline 0.007 -22"><span class='ocrx_word' id='word_1_622' title='bbox 1767 4425 1942 4494; x_wconf 84' lang='lat' dir='ltr'><strong>posita</strong></span> <span class='ocrx_word' id='word_1_623' title='bbox 1962 4440 2200 4496; x_wconf 87' lang='lat' dir='ltr'><strong>persona</strong></span> <span class='ocrx_word' id='word_1_624' title='bbox 2223 4435 2415 4484; x_wconf 89' lang='lat' dir='ltr'><strong>contra</strong></span> <span class='ocrx_word' id='word_1_625' title='bbox 2441 4428 2580 4484; x_wconf 82' lang='lat' dir='ltr'><strong>hanc</strong></span> <span class='ocrx_word' id='word_1_626' title='bbox 2606 4429 2954 4501; x_wconf 85' lang='lat' dir='ltr'><strong>ingenuitatis</strong></span> <span class='ocrx_word' id='word_1_627' title='bbox 2976 4432 3224 4488; x_wconf 86' lang='lat' dir='ltr'><strong>chartam</strong></span> <span class='ocrx_word' id='word_1_628' title='bbox 3253 4449 3348 4490; x_wconf 86' lang='lat' dir='ltr'><strong>vc-</strong></span> 
     </span>
    </p>
   </div>
   <div class='ocr_carea' id='block_1_81' title="bbox 1767 4512 3348 4595">
    <p class='ocr_par' dir='ltr' id='par_1_81' title="bbox 1767 4512 3348 4595">
     <span class='ocr_line' id='line_1_81' title="bbox 1767 4512 3348 4595; baseline 0.006 -27"><span class='ocrx_word' id='word_1_629' title='bbox 1767 4512 1885 4568; x_wconf 89' lang='lat' dir='ltr'><strong>nire</strong></span> <span class='ocrx_word' id='word_1_630' title='bbox 1907 4516 2235 4582; x_wconf 86' lang='lat' dir='ltr'><strong>tentaverit,</strong></span> <span class='ocrx_word' id='word_1_631' title='bbox 2272 4525 2366 4572; x_wconf 83' lang='lat' dir='ltr'><strong>aut</strong></span> <span class='ocrx_word' id='word_1_632' title='bbox 2389 4532 2513 4574; x_wconf 89' lang='lat' dir='ltr'><strong>eam</strong></span> <span class='ocrx_word' id='word_1_633' title='bbox 2559 4519 2803 4589; x_wconf 88' lang='lat' dir='ltr'><strong>quolibet</strong></span> <span class='ocrx_word' id='word_1_634' title='bbox 2844 4522 3002 4576; x_wconf 91' lang='lat' dir='ltr'><strong>modo</strong></span> <span class='ocrx_word' id='word_1_635' title='bbox 3049 4522 3348 4595; x_wconf 77' lang='lat' dir='ltr'><strong>infringere</strong></span> 
     </span>
    </p>
   </div>
   <div class='ocr_carea' id='block_1_82' title="bbox 1770 4603 3346 4676">
    <p class='ocr_par' dir='ltr' id='par_1_82' title="bbox 1770 4603 3346 4676">
     <span class='ocr_line' id='line_1_82' title="bbox 1770 4603 3346 4676; baseline 0.006 -18"><span class='ocrx_word' id='word_1_636' title='bbox 1770 4603 2030 4671; x_wconf 89' lang='lat' dir='ltr'><strong>voluerit,</strong></span> <span class='ocrx_word' id='word_1_637' title='bbox 2063 4607 2314 4675; x_wconf 89' lang='lat' dir='ltr'><strong>primitus</strong></span> <span class='ocrx_word' id='word_1_638' title='bbox 2339 4607 2474 4663; x_wconf 87' lang='lat' dir='ltr'><strong>iram</strong></span> <span class='ocrx_word' id='word_1_639' title='bbox 2501 4607 2594 4664; x_wconf 90' lang='lat' dir='ltr'><strong>Dei</strong></span> <span class='ocrx_word' id='word_1_640' title='bbox 2626 4609 2865 4664; x_wconf 86' lang='lat' dir='ltr'><strong>incurrat</strong></span> <span class='ocrx_word' id='word_1_641' title='bbox 2885 4651 2901 4676; x_wconf 94' lang='lat'><strong>,</strong></span> <span class='ocrx_word' id='word_1_642' title='bbox 2927 4621 2984 4667; x_wconf 90' lang='lat' dir='ltr'><strong>et</strong></span> <span class='ocrx_word' id='word_1_643' title='bbox 3017 4629 3046 4665; x_wconf 87' lang='lat' dir='ltr'><strong>a</strong></span> <span class='ocrx_word' id='word_1_644' title='bbox 3070 4612 3346 4668; x_wconf 84' lang='lat' dir='ltr'><strong>liminibus</strong></span> 
     </span>
    </p>
   </div>
   <div class='ocr_carea' id='block_1_83' title="bbox 83 4667 3346 4769">
    <p class='ocr_par' dir='ltr' id='par_1_83' title="bbox 83 4667 3346 4769">
     <span class='ocr_line' id='line_1_83' title="bbox 83 4667 3346 4769; baseline 0.008 -37"><span class='ocrx_word' id='word_1_645' title='bbox 83 4681 295 4746; x_wconf 62' lang='lat' dir='ltr'><strong>prebet</strong></span> <span class='ocrx_word' id='word_1_646' title='bbox 315 4721 335 4746; x_wconf 96' lang='lat'><strong>,</strong></span> <span class='ocrx_word' id='word_1_647' title='bbox 369 4691 430 4735; x_wconf 92' lang='lat' dir='ltr'><strong>ut</strong></span> <span class='ocrx_word' id='word_1_648' title='bbox 453 4698 823 4755; x_wconf 89' lang='lat' dir='ltr'><strong>quemcunque</strong></span> <span class='ocrx_word' id='word_1_649' title='bbox 849 4686 915 4739; x_wconf 91' lang='lat' dir='ltr'><strong>ad</strong></span> <span class='ocrx_word' id='word_1_650' title='bbox 946 4702 1132 4743; x_wconf 88' lang='lat' dir='ltr'><strong>sacros</strong></span> <span class='ocrx_word' id='word_1_651' title='bbox 1175 4689 1394 4745; x_wconf 84' lang='lat' dir='ltr'><strong>ordines</strong></span> <span class='ocrx_word' id='word_1_652' title='bbox 1415 4705 1486 4746; x_wconf 82' lang='lat' dir='ltr'><strong>ex</strong></span> <span class='ocrx_word' id='word_1_653' title='bbox 1511 4691 1662 4746; x_wconf 78' lang='lat' dir='ltr'><strong>fami-</strong></span> <span class='ocrx_word' id='word_1_654' title='bbox 1693 4667 1743 4726; x_wconf 81' lang='lat' dir='ltr'><strong>D</strong></span> <span class='ocrx_word' id='word_1_655' title='bbox 1766 4705 1969 4750; x_wconf 73' lang='lat' dir='ltr'><strong>sanctae</strong></span> <span class='ocrx_word' id='word_1_656' title='bbox 1998 4694 2094 4751; x_wconf 88' lang='lat' dir='ltr'><strong>Dei</strong></span> <span class='ocrx_word' id='word_1_657' title='bbox 2121 4695 2376 4753; x_wconf 74' lang='lat' dir='ltr'><strong>Ecclesia:</strong></span> <span class='ocrx_word' id='word_1_658' title='bbox 2421 4683 2715 4756; x_wconf 66' lang='lat' dir='ltr'><strong>extr-ancus</strong></span> <span class='ocrx_word' id='word_1_659' title='bbox 2744 4700 3010 4766; x_wconf 82' lang='lat' dir='ltr'><strong>elﬁciatur</strong></span> <span class='ocrx_word' id='word_1_660' title='bbox 3031 4743 3047 4769; x_wconf 93' lang='lat'><strong>,</strong></span> <span class='ocrx_word' id='word_1_661' title='bbox 3087 4712 3141 4757; x_wconf 91' lang='lat' dir='ltr'><strong>et</strong></span> <span class='ocrx_word' id='word_1_662' title='bbox 3201 4705 3346 4762; x_wconf 88' lang='lat' dir='ltr'><strong>insu-</strong></span> 
     </span>
    </p>
   </div>
   <div class='ocr_carea' id='block_1_84' title="bbox 75 4774 1664 4854">
    <p class='ocr_par' dir='ltr' id='par_1_84' title="bbox 75 4774 1664 4854">
     <span class='ocr_line' id='line_1_84' title="bbox 75 4774 1664 4854; baseline 0.009 -30"><span class='ocrx_word' id='word_1_663' title='bbox 75 4774 147 4826; x_wconf 88' lang='lat' dir='ltr'><strong>lia</strong></span> <span class='ocrx_word' id='word_1_664' title='bbox 176 4775 408 4844; x_wconf 83' lang='lat' dir='ltr'><strong>pr0pria</strong></span> <span class='ocrx_word' id='word_1_665' title='bbox 445 4790 768 4844; x_wconf 81' lang='lat' dir='ltr'><strong>promovere</strong></span> <span class='ocrx_word' id='word_1_666' title='bbox 823 4778 1050 4834; x_wconf 89' lang='lat' dir='ltr'><strong>ecclesia</strong></span> <span class='ocrx_word' id='word_1_667' title='bbox 1097 4795 1322 4851; x_wconf 65' lang='lat' dir='ltr'><strong>quicque</strong></span> <span class='ocrx_word' id='word_1_668' title='bbox 1375 4783 1664 4854; x_wconf 88' lang='lat' dir='ltr'><strong>delegerit,</strong></span> 
     </span>
    </p>
   </div>
   <div class='ocr_carea' id='block_1_85' title="bbox 82 4865 1669 4942">
    <p class='ocr_par' dir='ltr' id='par_1_85' title="bbox 82 4865 1669 4942">
     <span class='ocr_line' id='line_1_85' title="bbox 82 4865 1669 4942; baseline 0.009 -25"><span class='ocrx_word' id='word_1_669' title='bbox 82 4865 134 4918; x_wconf 90' lang='lat' dir='ltr'><strong>in</strong></span> <span class='ocrx_word' id='word_1_670' title='bbox 181 4868 476 4936; x_wconf 71' lang='lat' dir='ltr'><strong>praesentia</strong></span> <span class='ocrx_word' id='word_1_671' title='bbox 527 4870 908 4936; x_wconf 86' lang='lat' dir='ltr'><strong>sacerdotum,</strong></span> <span class='ocrx_word' id='word_1_672' title='bbox 946 4875 1362 4942; x_wconf 86' lang='lat' dir='ltr'><strong>canonicorum,</strong></span> <span class='ocrx_word' id='word_1_673' title='bbox 1409 4877 1566 4931; x_wconf 86' lang='lat' dir='ltr'><strong>simul</strong></span> <span class='ocrx_word' id='word_1_674' title='bbox 1613 4887 1669 4932; x_wconf 89' lang='lat' dir='ltr'><strong>et</strong></span> 
     </span>
    </p>
   </div>
   <div class='ocr_carea' id='block_1_86' title="bbox 86 4957 1666 5042">
    <p class='ocr_par' dir='ltr' id='par_1_86' title="bbox 86 4957 1666 5042">
     <span class='ocr_line' id='line_1_86' title="bbox 86 4957 1666 5042; baseline 0.007 -33"><span class='ocrx_word' id='word_1_675' title='bbox 86 4957 352 5011; x_wconf 85' lang='lat' dir='ltr'><strong>nobilium</strong></span> <span class='ocrx_word' id='word_1_676' title='bbox 373 4957 635 5014; x_wconf 83' lang='lat' dir='ltr'><strong>laicorum</strong></span> <span class='ocrx_word' id='word_1_677' title='bbox 659 5000 674 5025; x_wconf 95' lang='lat'><strong>,</strong></span> <span class='ocrx_word' id='word_1_678' title='bbox 706 4961 822 5031; x_wconf 85' lang='lat' dir='ltr'><strong>ejus</strong></span> <span class='ocrx_word' id='word_1_679' title='bbox 849 4962 934 5017; x_wconf 76' lang='lat' dir='ltr'><strong>cui</strong></span> <span class='ocrx_word' id='word_1_680' title='bbox 980 4963 1221 5034; x_wconf 85' lang='lat' dir='ltr'><strong>subjecta</strong></span> <span class='ocrx_word' id='word_1_681' title='bbox 1270 4975 1354 5042; x_wconf 79' lang='lat' dir='ltr'><strong>est</strong></span> <span class='ocrx_word' id='word_1_682' title='bbox 1393 4967 1666 5036; x_wconf 86' lang='lat' dir='ltr'><strong>subscrip-</strong></span> 
     </span>
    </p>
   </div>
   <div class='ocr_carea' id='block_1_87' title="bbox 84 5048 1668 5122">
    <p class='ocr_par' dir='ltr' id='par_1_87' title="bbox 84 5048 1668 5122">
     <span class='ocr_line' id='line_1_87' title="bbox 84 5048 1668 5122; baseline 0.009 -23"><span class='ocrx_word' id='word_1_683' title='bbox 84 5049 237 5104; x_wconf 85' lang='lat' dir='ltr'><strong>tione</strong></span> <span class='ocrx_word' id='word_1_684' title='bbox 260 5048 364 5106; x_wconf 87' lang='lat' dir='ltr'><strong>snb</strong></span> <span class='ocrx_word' id='word_1_685' title='bbox 399 5048 552 5120; x_wconf 64' lang='lat'><strong>(264)</strong></span> <span class='ocrx_word' id='word_1_686' title='bbox 581 5049 848 5107; x_wconf 89' lang='lat' dir='ltr'><strong>libertatis</strong></span> <span class='ocrx_word' id='word_1_687' title='bbox 890 5061 1218 5122; x_wconf 79' lang='lat' dir='ltr'><strong>testamento</strong></span> <span class='ocrx_word' id='word_1_688' title='bbox 1240 5057 1553 5113; x_wconf 88' lang='lat' dir='ltr'><strong>solemniter</strong></span> <span class='ocrx_word' id='word_1_689' title='bbox 1577 5074 1668 5114; x_wconf 90' lang='lat' dir='ltr'><strong>ro-</strong></span> 
     </span>
    </p>
   </div>
   <div class='ocr_carea' id='block_1_88' title="bbox 88 5139 1668 5219">
    <p class='ocr_par' dir='ltr' id='par_1_88' title="bbox 88 5139 1668 5219">
     <span class='ocr_line' id='line_1_88' title="bbox 88 5139 1668 5219; baseline 0.007 -26"><span class='ocrx_word' id='word_1_690' title='bbox 88 5141 338 5195; x_wconf 72' lang='lat' dir='ltr'><strong>boratur.</strong></span> <span class='ocrx_word' id='word_1_691' title='bbox 371 5139 582 5197; x_wconf 82' lang='lat' dir='ltr'><strong>idcirco</strong></span> <span class='ocrx_word' id='word_1_692' title='bbox 602 5157 702 5212; x_wconf 85' lang='lat' dir='ltr'><strong>ego</strong></span> <span class='ocrx_word' id='word_1_693' title='bbox 739 5143 795 5198; x_wconf 91' lang='lat' dir='ltr'><strong>in</strong></span> <span class='ocrx_word' id='word_1_694' title='bbox 822 5143 912 5200; x_wconf 90' lang='lat' dir='ltr'><strong>Dei</strong></span> <span class='ocrx_word' id='word_1_695' title='bbox 967 5148 1187 5203; x_wconf 87' lang='lat' dir='ltr'><strong>nomine</strong></span> <span class='ocrx_word' id='word_1_696' title='bbox 1215 5148 1498 5219; x_wconf 80' lang='lat' dir='ltr'><strong>episcopus</strong></span> <span class='ocrx_word' id='word_1_697' title='bbox 1523 5191 1538 5216; x_wconf 97' lang='lat'><strong>,</strong></span> <span class='ocrx_word' id='word_1_698' title='bbox 1582 5151 1668 5206; x_wconf 92' lang='lat' dir='ltr'><strong>vel</strong></span> 
     </span>
    </p>
   </div>
   <div class='ocr_carea' id='block_1_89' title="bbox 91 5231 1668 5300">
    <p class='ocr_par' dir='ltr' id='par_1_89' title="bbox 91 5231 1668 5300">
     <span class='ocr_line' id='line_1_89' title="bbox 91 5231 1668 5300; baseline 0.01 -19"><span class='ocrx_word' id='word_1_699' title='bbox 91 5232 293 5295; x_wconf 81' lang='lat' dir='ltr'><strong>abbas,</strong></span> <span class='ocrx_word' id='word_1_700' title='bbox 331 5231 414 5285; x_wconf 87' lang='lat' dir='ltr'><strong>vel</strong></span> <span class='ocrx_word' id='word_1_701' title='bbox 439 5231 664 5300; x_wconf 81' lang='lat' dir='ltr'><strong>quilibet</strong></span> <span class='ocrx_word' id='word_1_702' title='bbox 696 5233 857 5300; x_wconf 84' lang='lat' dir='ltr'><strong>alius,</strong></span> <span class='ocrx_word' id='word_1_703' title='bbox 903 5245 1172 5294; x_wconf 88' lang='lat' dir='ltr'><strong>annuente</strong></span> <span class='ocrx_word' id='word_1_704' title='bbox 1209 5238 1426 5296; x_wconf 87' lang='lat' dir='ltr'><strong>Christo</strong></span> <span class='ocrx_word' id='word_1_705' title='bbox 1466 5251 1668 5296; x_wconf 73' lang='lat' dir='ltr'><strong>sancta:</strong></span> 
     </span>
    </p>
   </div>
   <div class='ocr_carea' id='block_1_90' title="bbox 93 5321 1668 5393">
    <p class='ocr_par' dir='ltr' id='par_1_90' title="bbox 93 5321 1668 5393">
     <span class='ocr_line' id='line_1_90' title="bbox 93 5321 1668 5393; baseline 0.007 -20"><span class='ocrx_word' id='word_1_706' title='bbox 93 5321 233 5375; x_wconf 90' lang='lat' dir='ltr'><strong>illius</strong></span> <span class='ocrx_word' id='word_1_707' title='bbox 261 5321 509 5377; x_wconf 70' lang='lat' dir='ltr'><strong>ecclesia:</strong></span> <span class='ocrx_word' id='word_1_708' title='bbox 551 5333 726 5379; x_wconf 89' lang='lat' dir='ltr'><strong>rector</strong></span> <span class='ocrx_word' id='word_1_709' title='bbox 751 5327 1037 5393; x_wconf 90' lang='lat' dir='ltr'><strong>quemdam</strong></span> <span class='ocrx_word' id='word_1_710' title='bbox 1059 5329 1305 5384; x_wconf 75' lang='lat' dir='ltr'><strong>ecclesia:</strong></span> <span class='ocrx_word' id='word_1_711' title='bbox 1353 5339 1552 5386; x_wconf 63' lang='lat' dir='ltr'><strong>nostra:</strong></span> <span class='ocrx_word' id='word_1_712' title='bbox 1583 5330 1668 5384; x_wconf 77' lang='lat' dir='ltr'><strong>fa-</strong></span> 
     </span>
    </p>
   </div>
   <div class='ocr_carea' id='block_1_91' title="bbox 1765 4788 3340 4866">
    <p class='ocr_par' dir='ltr' id='par_1_91' title="bbox 1765 4788 3340 4866">
     <span class='ocr_line' id='line_1_91' title="bbox 1765 4788 3340 4866; baseline 0.006 -23"><span class='ocrx_word' id='word_1_713' title='bbox 1765 4803 1866 4858; x_wconf 83' lang='lat' dir='ltr'><strong>per</strong></span> <span class='ocrx_word' id='word_1_714' title='bbox 1895 4789 1981 4843; x_wconf 91' lang='lat' dir='ltr'><strong>cui</strong></span> <span class='ocrx_word' id='word_1_715' title='bbox 2001 4788 2152 4844; x_wconf 87' lang='lat' dir='ltr'><strong>litem</strong></span> <span class='ocrx_word' id='word_1_716' title='bbox 2181 4789 2419 4846; x_wconf 85' lang='lat' dir='ltr'><strong>intulerit</strong></span> <span class='ocrx_word' id='word_1_717' title='bbox 2459 4792 2740 4863; x_wconf 73' lang='lat' dir='ltr'><strong>sexaginta</strong></span> <span class='ocrx_word' id='word_1_718' title='bbox 2786 4793 2986 4850; x_wconf 89' lang='lat' dir='ltr'><strong>solidos</strong></span> <span class='ocrx_word' id='word_1_719' title='bbox 3030 4798 3340 4866; x_wconf 80' lang='lat' dir='ltr'><strong>persolvat,</strong></span> 
     </span>
    </p>
   </div>
   <div class='ocr_carea' id='block_1_92' title="bbox 1769 4882 3343 4959">
    <p class='ocr_par' dir='ltr' id='par_1_92' title="bbox 1769 4882 3343 4959">
     <span class='ocr_line' id='line_1_92' title="bbox 1769 4882 3343 4959; baseline 0.006 -23"><span class='ocrx_word' id='word_1_720' title='bbox 1769 4889 1826 4936; x_wconf 86' lang='lat' dir='ltr'><strong>et</strong></span> <span class='ocrx_word' id='word_1_721' title='bbox 1850 4882 1994 4952; x_wconf 91' lang='lat' dir='ltr'><strong>quod</strong></span> <span class='ocrx_word' id='word_1_722' title='bbox 2017 4883 2212 4952; x_wconf 84' lang='lat' dir='ltr'><strong>repetit</strong></span> <span class='ocrx_word' id='word_1_723' title='bbox 2237 4883 2546 4938; x_wconf 82' lang='lat' dir='ltr'><strong>evindicare</strong></span> <span class='ocrx_word' id='word_1_724' title='bbox 2572 4900 2677 4940; x_wconf 90' lang='lat' dir='ltr'><strong>non</strong></span> <span class='ocrx_word' id='word_1_725' title='bbox 2716 4885 2927 4951; x_wconf 87' lang='lat' dir='ltr'><strong>valeat,</strong></span> <span class='ocrx_word' id='word_1_726' title='bbox 2965 4889 3058 4943; x_wconf 91' lang='lat' dir='ltr'><strong>sed</strong></span> <span class='ocrx_word' id='word_1_727' title='bbox 3105 4906 3343 4959; x_wconf 79' lang='lat' dir='ltr'><strong>praesens</strong></span> 
     </span>
    </p>
   </div>
   <div class='ocr_carea' id='block_1_93' title="bbox 1771 4973 3344 5043">
    <p class='ocr_par' dir='ltr' id='par_1_93' title="bbox 1771 4973 3344 5043">
     <span class='ocr_line' id='line_1_93' title="bbox 1771 4973 3344 5043; baseline 0.004 -16"><span class='ocrx_word' id='word_1_728' title='bbox 1771 4973 2074 5043; x_wconf 84' lang='lat' dir='ltr'><strong>ingenuitas</strong></span> <span class='ocrx_word' id='word_1_729' title='bbox 2103 4988 2221 5028; x_wconf 87' lang='lat' dir='ltr'><strong>mea</strong></span> <span class='ocrx_word' id='word_1_730' title='bbox 2260 4981 2318 5028; x_wconf 88' lang='lat' dir='ltr'><strong>et</strong></span> <span class='ocrx_word' id='word_1_731' title='bbox 2352 4973 2580 5030; x_wconf 84' lang='lat' dir='ltr'><strong>aliorum</strong></span> <span class='ocrx_word' id='word_1_732' title='bbox 2611 4975 2871 5032; x_wconf 89' lang='lat' dir='ltr'><strong>bonorum</strong></span> <span class='ocrx_word' id='word_1_733' title='bbox 2901 4977 3178 5034; x_wconf 87' lang='lat' dir='ltr'><strong>hominum</strong></span> <span class='ocrx_word' id='word_1_734' title='bbox 3230 4995 3344 5034; x_wconf 58' lang='lat' dir='ltr'><strong>ma-</strong></span> 
     </span>
    </p>
   </div>
   <div class='ocr_carea' id='block_1_94' title="bbox 1773 5064 3341 5136">
    <p class='ocr_par' dir='ltr' id='par_1_94' title="bbox 1773 5064 3341 5136">
     <span class='ocr_line' id='line_1_94' title="bbox 1773 5064 3341 5136; baseline 0.005 -18"><span class='ocrx_word' id='word_1_735' title='bbox 1773 5064 1932 5121; x_wconf 89' lang='lat' dir='ltr'><strong>nibus</strong></span> <span class='ocrx_word' id='word_1_736' title='bbox 1956 5065 2206 5120; x_wconf 87' lang='lat' dir='ltr'><strong>roborata</strong></span> <span class='ocrx_word' id='word_1_737' title='bbox 2235 5080 2358 5121; x_wconf 86' lang='lat' dir='ltr'><strong>cum</strong></span> <span class='ocrx_word' id='word_1_738' title='bbox 2380 5066 2728 5136; x_wconf 87' lang='lat' dir='ltr'><strong>stipulatione</strong></span> <span class='ocrx_word' id='word_1_739' title='bbox 2769 5068 2998 5129; x_wconf 79' lang='lat' dir='ltr'><strong>subnixa</strong></span> <span class='ocrx_word' id='word_1_740' title='bbox 3023 5071 3168 5126; x_wconf 88' lang='lat' dir='ltr'><strong>omni</strong></span> <span class='ocrx_word' id='word_1_741' title='bbox 3201 5079 3341 5126; x_wconf 81' lang='lat' dir='ltr'><strong>tent-</strong></span> 
     </span>
    </p>
   </div>
   <div class='ocr_carea' id='block_1_95' title="bbox 1767 5155 2506 5226">
    <p class='ocr_par' dir='ltr' id='par_1_95' title="bbox 1767 5155 2506 5226">
     <span class='ocr_line' id='line_1_95' title="bbox 1767 5155 2506 5226; baseline 0.003 -16"><span class='ocrx_word' id='word_1_742' title='bbox 1767 5170 1901 5226; x_wconf 81' lang='lat' dir='ltr'><strong>pore</strong></span> <span class='ocrx_word' id='word_1_743' title='bbox 1929 5165 2145 5212; x_wconf 89' lang='lat' dir='ltr'><strong>maneat</strong></span> <span class='ocrx_word' id='word_1_744' title='bbox 2172 5155 2506 5212; x_wconf 88' lang='lat' dir='ltr'><strong>inconvulsa.</strong></span> 
     </span>
    </p>
   </div>
   <div class='ocr_carea' id='block_1_96' title="bbox 1841 5247 3346 5324">
    <p class='ocr_par' dir='ltr' id='par_1_96' title="bbox 1841 5247 3346 5324">
     <span class='ocr_line' id='line_1_96' title="bbox 1841 5247 3346 5324; baseline 0.005 -21"><span class='ocrx_word' id='word_1_745' title='bbox 1841 5247 2173 5319; x_wconf 73' lang='lat' dir='ltr'><strong>(Buncnann.</strong></span> <span class='ocrx_word' id='word_1_746' title='bbox 2202 5248 2297 5304; x_wconf 90' lang='lat' dir='ltr'><strong>lib.</strong></span> <span class='ocrx_word' id='word_1_747' title='bbox 2318 5264 2385 5314; x_wconf 79' lang='grc' dir='ltr'><strong>ιι,</strong></span> <span class='ocrx_word' id='word_1_748' title='bbox 2404 5264 2454 5306; x_wconf 91' lang='lat' dir='ltr'><strong>c.</strong></span> <span class='ocrx_word' id='word_1_749' title='bbox 2475 5250 2577 5320; x_wconf 90' lang='lat'><strong>27;</strong></span> <span class='ocrx_word' id='word_1_750' title='bbox 2601 5250 2710 5318; x_wconf 85' lang='lat' dir='ltr'><strong>lvo,</strong></span> <span class='ocrx_word' id='word_1_751' title='bbox 2733 5262 2872 5322; x_wconf 87' lang='lat' dir='ltr'><strong>part.</strong></span> <span class='ocrx_word' id='word_1_752' title='bbox 2895 5269 2971 5319; x_wconf 73' lang='lat' dir='ltr'><strong>vr,</strong></span> <span class='ocrx_word' id='word_1_753' title='bbox 2993 5269 3043 5308; x_wconf 93' lang='lat' dir='ltr'><strong>c.</strong></span> <span class='ocrx_word' id='word_1_754' title='bbox 3072 5252 3217 5324; x_wconf 69' lang='grc' dir='ltr'><strong>ηε.)</strong></span> <span class='ocrx_word' id='word_1_755' title='bbox 3241 5253 3346 5309; x_wconf 85' lang='lat' dir='ltr'><strong>De-</strong></span> 
     </span>
    </p>
   </div>
   <div class='ocr_carea' id='block_1_97' title="bbox 1775 5339 3344 5414">
    <p class='ocr_par' dir='ltr' id='par_1_97' title="bbox 1775 5339 3344 5414">
     <span class='ocr_line' id='line_1_97' title="bbox 1775 5339 3344 5414; baseline 0.004 -22"><span class='ocrx_word' id='word_1_756' title='bbox 1775 5339 1902 5393; x_wconf 89' lang='lat' dir='ltr'><strong>bent</strong></span> <span class='ocrx_word' id='word_1_757' title='bbox 1949 5348 2131 5396; x_wconf 87' lang='lat' dir='ltr'><strong>autem</strong></span> <span class='ocrx_word' id='word_1_758' title='bbox 2178 5341 2557 5413; x_wconf 65' lang='lat' dir='ltr'><strong>suprascripta:</strong></span> <span class='ocrx_word' id='word_1_759' title='bbox 2597 5343 2942 5414; x_wconf 88' lang='lat' dir='ltr'><strong>ingenuitatis</strong></span> <span class='ocrx_word' id='word_1_760' title='bbox 2995 5343 3183 5399; x_wconf 89' lang='lat' dir='ltr'><strong>charta</strong></span> <span class='ocrx_word' id='word_1_761' title='bbox 3236 5359 3344 5400; x_wconf 88' lang='lat' dir='ltr'><strong>non</strong></span> 
     </span>
    </p>
   </div>
   <div class='ocr_carea' id='block_1_98' title="bbox 92 5411 1666 5486">
    <p class='ocr_par' dir='ltr' id='par_1_98' title="bbox 92 5411 1666 5486">
     <span class='ocr_line' id='line_1_98' title="bbox 92 5411 1666 5486; baseline 0.006 -21"><span class='ocrx_word' id='word_1_762' title='bbox 92 5411 300 5466; x_wconf 88' lang='lat' dir='ltr'><strong>mulum</strong></span> <span class='ocrx_word' id='word_1_763' title='bbox 327 5413 544 5469; x_wconf 90' lang='lat' dir='ltr'><strong>nomine</strong></span> <span class='ocrx_word' id='word_1_764' title='bbox 570 5414 715 5468; x_wconf 90' lang='lat' dir='ltr'><strong>illum</strong></span> <span class='ocrx_word' id='word_1_765' title='bbox 736 5415 894 5486; x_wconf 76' lang='grc'>182</span> <span class='ocrx_word' id='word_1_766' title='bbox 923 5419 1094 5473; x_wconf 89' lang='lat' dir='ltr'><strong>sacris</strong></span> <span class='ocrx_word' id='word_1_767' title='bbox 1116 5420 1395 5475; x_wconf 89' lang='lat' dir='ltr'><strong>ordinibus</strong></span> <span class='ocrx_word' id='word_1_768' title='bbox 1408 5421 1666 5485; x_wconf 89' lang='lat' dir='ltr'><strong>oblatum,</strong></span> 
     </span>
    </p>
   </div>
   <div class='ocr_carea' id='block_1_99' title="bbox 1773 5431 3341 5506">
    <p class='ocr_par' dir='ltr' id='par_1_99' title="bbox 1773 5431 3341 5506">
     <span class='ocr_line' id='line_1_99' title="bbox 1773 5431 3341 5506; baseline 0.005 -20"><span class='ocrx_word' id='word_1_769' title='bbox 1773 5431 1946 5486; x_wconf 90' lang='lat' dir='ltr'><strong>solum</strong></span> <span class='ocrx_word' id='word_1_770' title='bbox 1983 5447 2179 5488; x_wconf 88' lang='lat' dir='ltr'><strong>nomen</strong></span> <span class='ocrx_word' id='word_1_771' title='bbox 2215 5433 2356 5489; x_wconf 89' lang='lat' dir='ltr'><strong>illius</strong></span> <span class='ocrx_word' id='word_1_772' title='bbox 2375 5436 2464 5504; x_wconf 90' lang='lat' dir='ltr'><strong>qui</strong></span> <span class='ocrx_word' id='word_1_773' title='bbox 2488 5436 2587 5490; x_wconf 89' lang='lat' dir='ltr'><strong>has</strong></span> <span class='ocrx_word' id='word_1_774' title='bbox 2633 5436 2747 5490; x_wconf 81' lang='lat' dir='ltr'><strong>ﬁeri</strong></span> <span class='ocrx_word' id='word_1_775' title='bbox 2786 5443 2978 5506; x_wconf 85' lang='lat' dir='ltr'><strong>rogat,</strong></span> <span class='ocrx_word' id='word_1_776' title='bbox 3031 5435 3127 5492; x_wconf 90' lang='lat' dir='ltr'><strong>sed</strong></span> <span class='ocrx_word' id='word_1_777' title='bbox 3173 5437 3341 5494; x_wconf 88' lang='lat' dir='ltr'><strong>etiam</strong></span> 
     </span>
    </p>
   </div>
   <div class='ocr_carea' id='block_1_100' title="bbox 95 5505 1674 5581">
    <p class='ocr_par' dir='ltr' id='par_1_100' title="bbox 95 5505 1674 5581">
     <span class='ocr_line' id='line_1_100' title="bbox 95 5505 1674 5581; baseline 0.006 -25"><span class='ocrx_word' id='word_1_778' title='bbox 95 5507 159 5557; x_wconf 89' lang='lat' dir='ltr'><strong>ad</strong></span> <span class='ocrx_word' id='word_1_779' title='bbox 189 5505 380 5560; x_wconf 88' lang='lat' dir='ltr'><strong>altaris</strong></span> <span class='ocrx_word' id='word_1_780' title='bbox 403 5520 570 5560; x_wconf 82' lang='lat' dir='ltr'><strong>cornu</strong></span> <span class='ocrx_word' id='word_1_781' title='bbox 591 5546 605 5570; x_wconf 95' lang='lat'><strong>,</strong></span> <span class='ocrx_word' id='word_1_782' title='bbox 635 5506 685 5560; x_wconf 92' lang='lat' dir='ltr'><strong>in</strong></span> <span class='ocrx_word' id='word_1_783' title='bbox 718 5509 975 5562; x_wconf 86' lang='lat' dir='ltr'><strong>nobilium</strong></span> <span class='ocrx_word' id='word_1_784' title='bbox 1005 5510 1242 5566; x_wconf 88' lang='lat' dir='ltr'><strong>virorum</strong></span> <span class='ocrx_word' id='word_1_785' title='bbox 1269 5512 1552 5581; x_wconf 71' lang='lat' dir='ltr'><strong>prazsentia</strong></span> <span class='ocrx_word' id='word_1_786' title='bbox 1577 5527 1674 5580; x_wconf 86' lang='lat' dir='ltr'><strong>per</strong></span> 
     </span>
    </p>
   </div>
   <div class='ocr_carea' id='block_1_101' title="bbox 1775 5523 3340 5600">
    <p class='ocr_par' dir='ltr' id='par_1_101' title="bbox 1775 5523 3340 5600">
     <span class='ocr_line' id='line_1_101' title="bbox 1775 5523 3340 5600; baseline 0.006 -24"><span class='ocrx_word' id='word_1_787' title='bbox 1775 5523 1992 5578; x_wconf 89' lang='lat' dir='ltr'><strong>nomina</strong></span> <span class='ocrx_word' id='word_1_788' title='bbox 2023 5525 2362 5580; x_wconf 89' lang='lat' dir='ltr'><strong>sacerdotum</strong></span> <span class='ocrx_word' id='word_1_789' title='bbox 2389 5535 2444 5581; x_wconf 90' lang='lat' dir='ltr'><strong>et</strong></span> <span class='ocrx_word' id='word_1_790' title='bbox 2465 5527 2721 5582; x_wconf 90' lang='lat' dir='ltr'><strong>nobilium</strong></span> <span class='ocrx_word' id='word_1_791' title='bbox 2773 5527 3033 5582; x_wconf 90' lang='lat' dir='ltr'><strong>laicorum</strong></span> <span class='ocrx_word' id='word_1_792' title='bbox 3060 5567 3078 5594; x_wconf 93' lang='lat'><strong>,</strong></span> <span class='ocrx_word' id='word_1_793' title='bbox 3123 5529 3214 5600; x_wconf 92' lang='lat' dir='ltr'><strong>qui</strong></span> <span class='ocrx_word' id='word_1_794' title='bbox 3262 5531 3340 5587; x_wconf 90' lang='lat' dir='ltr'><strong>ibi</strong></span> 
     </span>
    </p>
   </div>
   <div class='ocr_carea' id='block_1_102' title="bbox 1775 5610 3338 5690">
    <p class='ocr_par' dir='ltr' id='par_1_102' title="bbox 1775 5610 3338 5690">
     <span class='ocr_line' id='line_1_102' title="bbox 1775 5610 3338 5690; baseline 0.005 -24"><span class='ocrx_word' id='word_1_795' title='bbox 1775 5610 2084 5680; x_wconf 79' lang='lat' dir='ltr'><strong>adfuerint,</strong></span> <span class='ocrx_word' id='word_1_796' title='bbox 2135 5616 2190 5670; x_wconf 88' lang='lat' dir='ltr'><strong>in</strong></span> <span class='ocrx_word' id='word_1_797' title='bbox 2243 5616 2432 5671; x_wconf 88' lang='lat' dir='ltr'><strong>ordine</strong></span> <span class='ocrx_word' id='word_1_798' title='bbox 2475 5616 2682 5686; x_wconf 83' lang='lat' dir='ltr'><strong>digesta</strong></span> <span class='ocrx_word' id='word_1_799' title='bbox 2732 5632 2855 5672; x_wconf 92' lang='lat' dir='ltr'><strong>cum</strong></span> <span class='ocrx_word' id='word_1_800' title='bbox 2911 5616 3077 5688; x_wconf 87' lang='lat' dir='ltr'><strong>signis</strong></span> <span class='ocrx_word' id='word_1_801' title='bbox 3120 5620 3338 5690; x_wconf 87' lang='lat' dir='ltr'><strong>propria</strong></span> 
     </span>
    </p>
   </div>
   <div class='ocr_carea' id='block_1_103' title="bbox 1774 5706 3337 5779">
    <p class='ocr_par' dir='ltr' id='par_1_103' title="bbox 1774 5706 3337 5779">
     <span class='ocr_line' id='line_1_103' title="bbox 1774 5706 3337 5779; baseline 0.003 -20"><span class='ocrx_word' id='word_1_802' title='bbox 1774 5720 1937 5760; x_wconf 88' lang='lat' dir='ltr'><strong>manu</strong></span> <span class='ocrx_word' id='word_1_803' title='bbox 1964 5706 2242 5779; x_wconf 87' lang='lat' dir='ltr'><strong>impressis</strong></span> <span class='ocrx_word' id='word_1_804' title='bbox 2260 5707 2555 5766; x_wconf 89' lang='lat' dir='ltr'><strong>continere.</strong></span> <span class='ocrx_word' id='word_1_805' title='bbox 2579 5706 2714 5763; x_wconf 81' lang='lat' dir='ltr'><strong>Nam</strong></span> <span class='ocrx_word' id='word_1_806' title='bbox 2734 5708 2853 5765; x_wconf 89' lang='lat' dir='ltr'><strong>sine</strong></span> <span class='ocrx_word' id='word_1_807' title='bbox 2898 5709 3088 5766; x_wconf 88' lang='lat' dir='ltr'><strong>horum</strong></span> <span class='ocrx_word' id='word_1_808' title='bbox 3131 5711 3337 5778; x_wconf 80' lang='lat' dir='ltr'><strong>astipu-</strong></span> 
     </span>
    </p>
   </div>
   <div class='ocr_carea' id='block_1_104' title="bbox 99 5594 1672 5666">
    <p class='ocr_par' dir='ltr' id='par_1_104' title="bbox 99 5594 1672 5666">
     <span class='ocr_line' id='line_1_104' title="bbox 99 5594 1672 5666; baseline 0.007 -19"><span class='ocrx_word' id='word_1_809' title='bbox 99 5594 202 5649; x_wconf 89' lang='lat' dir='ltr'><strong>hoc</strong></span> <span class='ocrx_word' id='word_1_810' title='bbox 253 5597 597 5652; x_wconf 88' lang='lat' dir='ltr'><strong>auctoritatis</strong></span> <span class='ocrx_word' id='word_1_811' title='bbox 655 5606 1034 5655; x_wconf 87' lang='lat' dir='ltr'><strong>testamentum</strong></span> <span class='ocrx_word' id='word_1_812' title='bbox 1094 5611 1307 5666; x_wconf 85' lang='lat' dir='ltr'><strong>statuo,</strong></span> <span class='ocrx_word' id='word_1_813' title='bbox 1354 5604 1428 5658; x_wconf 91' lang='lat' dir='ltr'><strong>ita</strong></span> <span class='ocrx_word' id='word_1_814' title='bbox 1498 5615 1556 5658; x_wconf 91' lang='lat' dir='ltr'><strong>ut</strong></span> <span class='ocrx_word' id='word_1_815' title='bbox 1604 5605 1672 5658; x_wconf 87' lang='lat' dir='ltr'><strong>ab</strong></span> 
     </span>
    </p>
   </div>
   <div class='ocr_carea' id='block_1_105' title="bbox 96 5684 1673 5765">
    <p class='ocr_par' dir='ltr' id='par_1_105' title="bbox 96 5684 1673 5765">
     <span class='ocr_line' id='line_1_105' title="bbox 96 5684 1673 5765; baseline 0.007 -25"><span class='ocrx_word' id='word_1_816' title='bbox 96 5684 360 5742; x_wconf 85' lang='lat' dir='ltr'><strong>hodierna</strong></span> <span class='ocrx_word' id='word_1_817' title='bbox 388 5688 476 5743; x_wconf 90' lang='lat' dir='ltr'><strong>die</strong></span> <span class='ocrx_word' id='word_1_818' title='bbox 527 5697 583 5743; x_wconf 91' lang='lat' dir='ltr'><strong>et</strong></span> <span class='ocrx_word' id='word_1_819' title='bbox 640 5697 878 5760; x_wconf 90' lang='lat' dir='ltr'><strong>tempore</strong></span> <span class='ocrx_word' id='word_1_820' title='bbox 911 5692 1047 5747; x_wconf 88' lang='lat' dir='ltr'><strong>bene</strong></span> <span class='ocrx_word' id='word_1_821' title='bbox 1089 5694 1350 5765; x_wconf 87' lang='lat' dir='ltr'><strong>ingenuus</strong></span> <span class='ocrx_word' id='word_1_822' title='bbox 1399 5703 1563 5764; x_wconf 88' lang='lat' dir='ltr'><strong>atque</strong></span> <span class='ocrx_word' id='word_1_823' title='bbox 1605 5697 1673 5751; x_wconf 88' lang='lat' dir='ltr'><strong>ab</strong></span> 
     </span>
    </p>
   </div>
   <div class='ocr_carea' id='block_1_106' title="bbox 169 5865 2002 5949">
    <p class='ocr_par' dir='ltr' id='par_1_106' title="bbox 169 5865 2002 5949">
     <span class='ocr_line' id='line_1_106' title="bbox 169 5865 2002 5949; baseline 0.007 -30"><span class='ocrx_word' id='word_1_824' title='bbox 169 5865 318 5940; x_wconf 69' lang='grc'><strong>(264)</strong></span> <span class='ocrx_word' id='word_1_825' title='bbox 345 5867 478 5925; x_wconf 79' lang='lat' dir='ltr'><strong>Vide</strong></span> <span class='ocrx_word' id='word_1_826' title='bbox 501 5869 699 5925; x_wconf 88' lang='lat' dir='ltr'><strong>tom.&#39;ll</strong></span> <span class='ocrx_word' id='word_1_827' title='bbox 731 5870 856 5927; x_wconf 76' lang='lat' dir='ltr'><strong>Rcr.</strong></span> <span class='ocrx_word' id='word_1_828' title='bbox 899 5873 1180 5929; x_wconf 79' lang='lat' dir='ltr'><strong>Alamann.</strong></span> <span class='ocrx_word' id='word_1_829' title='bbox 1218 5874 1490 5942; x_wconf 84' lang='lat' dir='ltr'><strong>Goldasti,</strong></span> <span class='ocrx_word' id='word_1_830' title='bbox 1523 5892 1640 5946; x_wconf 81' lang='lat' dir='ltr'><strong>cap.</strong></span> <span class='ocrx_word' id='word_1_831' title='bbox 1684 5878 1733 5940; x_wconf 88' lang='lat'><strong>&#39;7,</strong></span> <span class='ocrx_word' id='word_1_832' title='bbox 1765 5893 1884 5949; x_wconf 79' lang='lat' dir='ltr'><strong>pag.</strong></span> <span class='ocrx_word' id='word_1_833' title='bbox 1914 5878 2002 5932; x_wconf 82' lang='grc'><strong>57.</strong></span> 
     </span>
    </p>
   </div>
  </div>
