3944 6412
1059 307 1098 326 θ

81 421 200 480 273

979 417 1064 474 DE
1098 411 1380 473 ECCLES.
1415 413 1693 472 DlSClPI..
1737 415 1912 474 LlBlil
1950 407 2108 476 ﬁll-0.
2160 451 2214 458 —
2253 415 2376 471 LIB.
2417 413 2460 470 l.

3243 416 3300 466 Ξῖ
3312 421 3344 466 οἱ

85 531 158 589 (ἔτ
185 533 514 590 divisionibus
551 531 904 602 similibusque
932 531 1282 602 passiouibus_
1299 529 1484 602 irretiti
1519 527 1670 602 mini—
1697 535 1740 592 Α
1771 530 2004 600 dignitas
2033 530 2336 585 nullatenus
2361 525 2578 597 recipit;
2610 525 3046 594 praesertimcum
3076 523 3206 578 nihil
3229 517 3344 580 tua-4

153 617 322 726 sterl‘ta
347 623 502 660 sacra
537 614 766 660 tractare
818 597 941 658 non'
961 602 1202 656 debeant.
1235 599 1320 653 Ea:
1347 599 1526 653 eadem
1561 597 1670 667 epi-

153 685 240 726 διο
265 693 322 726 α.

153 685 322 731 stola.

157 765 314 836 (267)
365 764 672 822 CCCCXlll.
711 764 954 836 (Decreta
988 761 1226 826 Ceus",
1271 775 1320 815 c.
1381 759 1478 823 l9;
1529 758 1668 814 Bun-

81 871 288 910 cutno.
315 854 412 911 lib.
444 872 508 921 ιι,
539 871 588 912 c.
626 855 740 926 20.)
787 854 968 922 Usque
994 851 1128 908 adeo
1157 866 1284 906 sane
1313 850 1674 919 comperimus

85 947 276 1002 illicita
331 962 557 1016 quaeque
599 960 950 1018 prorumpere
995 955 1052 998 ut
1101 943 1434 998 dmmonibus
1483 941 1674 996 simili-

85 1039 304 1107 busque
335 1039 674 1112 passionibus
725 1036 970 1092 irretitos
1021 1033 1280 1104 mysteria
1327 1039 1676 1088 sacrosancta

87 1135 332 1180 tractare
358 1128 642 1182 tribuatur.
671 1126 740 1180 Et
777 1137 890 1196 post
933 1125 1095 1194 188
1122 1140 1308 1193 pauca.
1355 1121 1412 1176 Si
1448 1136 1673 1190 corpore

86 1215 272 1269 saucia
283 1224 395 1268 tum
419 1227 510 1269 aut
537 1213 764 1270 debilem
788 1227 1124 1283 nequaquam
1149 1219 1332 1266 sancta
1363 1211 1674 1279 contingere

87 1307 174 1360 lea
224 1306 410 1360 divina
467 1307 736 1374 prohibet,
788 1312 991 1373 quanto
1049 1303 1219 1372 magis
1262 1299 1386 1355 doni
1435 1297 1675 1354 caelestis

85 1401 496 1468 dispensatores
519 1414 626 1453 non
655 1397 926 1461 convenit,
943 1395 1084 1464 quod
1109 1402 1192 1449 est
1219 1393 1476 1455 deterius,
1497 1401 1676 1445 mente

85 1487 374 1556 perculsos
399 1489 586 1560 (268)?

115 1579 200 1631 De
231 1579 364 1647 ﬁliis
389 1580 824 1641 concubinarum,
851 1593 916 1630 ne
937 1576 1007 1629 ad
1046 1578 1242 1647 clerum
1281 1583 1637 1647 assumantur.

375 1649 460 1702 Ea:
489 1647 712 1702 concilio
743 1646 1130 1708 Aurelianenst',
1159 1662 1277 1714 cap.
1305 1645 1392 1698 10.

155 1739 474 1796 CCCCXIV.
511 1737 736 1810 (Concil.
771 1738 1040 1794 Aurelian.
1075 1754 1158 1802 ιιι,
1181 1753 1232 1792 c.
1262 1736 1326 1802 9;
1364 1735 1676 1794 Buncultnu.

83 1835 182 1888 lib.
217 1849 348 1898 n,c.
375 1833 484 1904 19.)
509 1832 584 1886 De
614 1833 698 1886 his
723 1833 816 1902 qui
840 1846 906 1885 ex
928 1830 1242 1884 concubinis
1270 1828 1412 1884 ﬁlios
1452 1827 1672 1894 habent,

1773 619 2011 675 culosum
2037 619 2146 674 ﬁco
2169 619 2271 674 rite
2297 613 2661 688 possitoﬂ‘crri
2687 613 2774 668 vel
2792 613 2906 684 ejus
2933 613 3153 670 servitio
3177 613 3349 686 appli-

1771 711 1904 766 cari.

1809 799 1876 854 Ut
1907 799 2079 854 nullus
2108 798 2324 853 alterius
2357 795 2600 866 suscipiat
2635 797 2897 851 clericum.
2929 795 2995 850 In
3027 795 3318 852 canonibur

2373 867 2746 937 apostolorum.

1841 958 2154 1016 CCCCXIX.
2206 959 2429 1028 (Cancri.
2463 957 2748 1027 apostolor.
2802 972 2850 1012 c.
2895 955 3008 1026 16.)
3057 957 3352 1026 EpiscOpus
3396 1006 3398 1008 .

1773 1050 1914 1120 apud
1943 1065 2101 1120 quem
2128 1048 2358 1102 clericos
2387 1047 2606 1102 alterius
2629 1055 2865 1102 moratos
2879 1061 2998 1100 esse
3021 1047 3346 1106 constiterit,

1774 1143 1818 1196 si
1860 1141 2020 1212 190
2039 1149 2228 1196 contra
2257 1155 2353 1194 eos
2381 1139 2652 1194 decretam
2677 1137 3034 1193 cessationem
3057 1151 3156 1206 pro
3183 1137 3352 1190 nihilo

1775 1243 2047 1304 reputans,
2079 1241 2332 1300 tanquam
2355 1231 2580 1287 clericos
2601 1229 2832 1284 fortasse
2863 1229 3180 1297 susceperit,
3211 1229 3355 1284 velut

1776 1323 2035 1392 magister
2062 1321 2451 1391 inquietudinis
2487 1319 2863 1376 communione
2885 1319 3144 1387 privetur.

1813 1413 1878 1468 Ut
1917 1413 2428 1472 alienumclericum
2479 1429 2628 1466 nemo
2667 1411 2902 1480 suscipit.
2961 1409 3046 1464 Ea:
3105 1397 3328 1462 decretis?

2337 1483 2524 1538 Leonis
2547 1481 2792 1552 episcopi.

1847 1571 2139 1627 CCCCXX.
2165 1571 2405 1642 (Decreta
2437 1570 2628 1626 Leonas
2657 1570 2698 1634 l,
2724 1567 2902 1640 c.39.)
2926 1568 3172 1623 Alienum
3201 1567 3362 1622 cleri-

1775 1677 1896 1718 cum
1930 1662 2094 1716 invito
2117 1663 2366 1734 episcopo
2391 1661 2557 1732 ipsius
2587 1673 2746 1716 nemo
2772 1660 3058 1736 suscipiat,
3073 1673 3232 1714 nemo
3255 1657 3364 1714 sol-

1775 1751 1968 1818 licitel,
2001 1752 2102 1806 nisi
2135 1751 2273 1806 forte
2301 1766 2366 1806 ex
2397 1737 2600 1822 placito
2622 1749 2908 1805 cbaritatis
2952 1749 3004 1802 id
3047 1749 3192 1802 inter
3225 1750 3362 1804 dan-

1778 1851 1886 1897 tem
1913 1841 2374 1912 accipientemqne
2418 1841 2722 1898 conveniat.
2761 1838 2895 1897 Nam
2935 1839 3114 1908 gravis
3155 1837 3362 1907 injuriae

82 1937 140 1982 et
191 1941 394 1981 uxores
441 1925 706 1996 legitimas
739 1922 1077 1988 habuerunt,
1121 1930 1174 1977 et
1214 1917 1482 1976 defunctis
1541 1935 1672 1974 uxo-

1805 1946 1902 1988 cus
1928 1943 2011 1988 est
2031 1893 2124 2004 qui
2151 1934 2216 1990 de
2239 1893 2424 1989 frlatris
2451 1933 2688 1990 Ecclesia
2721 1933 2772 1988 id
2799 1893 2948 2002 quod
2961 1939 3046 1986 est
3059 1931 3250 2014 utilius
3268 1940 3360 1985 aut

83 2017 240 2072 ribus
273 2015 379 2071 sibi
409 2015 738 2070 concubinas
761 2013 974 2083 publice
1003 2012 1363 2076 sociat/erum.
1399 2011 1449 2064 id
1481 2011 1672 2066 Obser-
1772 2023 2062 2092 pretiosius
2091 2023 2255 2078 audet
2283 2023 2366 2080 vel
2396 2024 2632 2096 abjicerc
2653 2022 2730 2094 [in
2753 2020 2972 2089 epistola
3007 2011 3220 2086 Leonis,
3245 2019 3361 2074 alii.-

82 2107 328 2161 vandum
355 2105 682 2170 censuimus,
711 2112 769 2158 ut
794 2103 936 2158 sicut
957 2117 1052 2157 eos
1082 2101 1171 2172 qui
1208 2101 1320 2172 jam
1361 2099 1544 2155 clerici
1579 2115 1675 2170 per
1772 2112 1922 2185 εει-ρ]
1949 2114 2030 2168 νει
2063 2122 2264 2169 tenere.

85 2197 452 2269 ignorantiam
475 2196 710 2252 ordinati
765 2203 890 2251 sunt
921 2209 1030 2249 non
1059 2207 1416 2259 removemus,
1461 2193 1534 2247 ita
1564 2202 1674 2248 sta-

85 2289 298 2343 tuimus
328 2302 396 2343 ne
419 2285 645 2342 ulterius
671 2287 1008 2342 ordinentur.

117 2379 204 2434 De
237 2379 538 2450 raptoribus
577 2379 829 2450 virginum
861 2388 908 2450 et
957 2377 1255 2450 viduarum.
1308 2373 1393 2430 Ea:
1421 2375 1641 2431 concilio

623 2448 904 2514 Meldeasi,
935 2463 1050 2518 cap.
1075 2447 1162 2502 61.

155 2537 456 2596 CCCCXV.
475 2537 700 2608 (Concil.
725 2537 890 2592 Held.
926 2535 1105 2607 c.64.)
1126 2535 1388 2606 Raptores
1409 2535 1676 2605 virginum

81 2641 142 2686 et
163 2631 448 2684 viduarum
469 2627 640 2700 (269),
689 2627 782 2697 qui
833 2628 996 2683 etiam
1027 2636 1215 2698 postea
1259 2626 1537 2680 voluntate
1577 2641 1675 2696 pa-

81 2731 310 2780 rentum
355 2735 448 2776 eas
489 2720 644 2790 Quasi
674 2720 1032 2791 desponsatas
1059 2721 1159 2775 sub
1189 2718 1416 2774 dotalitii
1459 2720 1680 2774 nomine

85 2813 142 2867 in
177 2811 490 2882 conjugium
519 2811 806 2877 duxerunt,
841 2811 1070 2882 publica:
1092 2810 1424 2880 paenitentiae
1454 2809 1678 2878 subjun-

86 2910 314 2973 gantur,
334 2910 392 2956 et
409 2911 534 2972 post
559 2901 826 2972 publicam
855 2902 1255 2972 penitentiam,
1299 2916 1367 2956 ne
1417 2901 1470 2955 in
1527 2901 1680 2971 pejus

83 3000 373 3057 corruant,
405 2993 598 3048 iterant
635 2993 1020 3047 canvenieutes
1059 2991 1126 3046 de
1147 3001 1349 3047 etetero
1377 2990 1678 3062 eleemosy-

85 3084 180 3140 nis
211 3089 274 3136 et
300 3083 508 3138 caloris
536 3083 946 3152 quibuscnnque
979 3080 1230 3138 salvificae
1259 3081 1683 3137 conversationis

85 3173 404 3230 actionibus
439 3174 700 3229 inservire
732 3173 894 3244 189
943 3181 1254 3243 procurent,
1287 3187 1568 3242 usquequo
1613 3172 1682 3228 ab

83 3281 262 3338 opere
286 3265 552 3339 coniugali
583 3282 649 3324 ex
677 3282 944 3324 consensu
973 3283 1032 3323 se
1055 3267 1270 3322 valeant
1297 3266 1590 3322 abstinuere.

107 3409 114 3418 ,
579 3356 658 3411 De
680 3357 805 3427 ﬁliis
832 3375 934 3412 non
961 3357 1224 3428 legitimis.

168 3445 484 3504 CCCCXVI.
539 3446 762 3524 (Concil.
799 3447 962 3504 Meld.
995 3464 1042 3503 c.
1076 3447 1166 3514 64,
1199 3457 1254 3504 et
1283 3447 1336 3514 l,
1373 3462 1430 3518 q.
1477 3448 1530 3512 7,
1563 3461 1684 3516 cap.

89 3537 216 3594 Tali
243 3536 542 3608 conjugio.)
583 3537 700 3592 Filii
735 3553 862 3594 vero
891 3551 958 3592 ex
997 3537 1367 3609 hujuscemodi
1411 3536 1689 3607 vitupera-

87 3630 186 3686 Βίιί
237 3628 624 3696 conjunctione
671 3639 798 3685 ante
851 3629 1158 3701 coniugium
1196 3630 1374 3684 minus
1420 3627 1691 3684 laudabile

89 3719 396 3792 procreati,
420 3719 489 3774 ad
527 3720 951 3776 ecclesiasticam
977 3721 1296 3792 dignitatem
1343 3719 1490 3774 nullo
1531 3719 1690 3773 modo

89 3808 488 3880 provehantur,
523 3823 623 3864 nec
651 3810 718 3864 de
749 3809 837 3864 tali
867 3808 1118 3880 conjugio
1161 3809 1403 3880 generati
1432 3807 1690 3862 ecclesia-

89 3900 256 3955 sticis
307 3900 589 3954 ordinibus
654 3901 993 3970 applicentur
1029 3941 1044 3967 ,
1107 3901 1208 3956 nisi
1263 3901 1403 3956 forte
1453 3915 1548 3956 eos
1599 3906 1694 3954 aut

93 3993 340 4070 maxima
369 3991 624 4046 Ecclesiae
648 3991 855 4048 utilitas
881 4003 975 4048 aut
997 3993 1296 4048 necessitas
1315 3992 1576 4062 postulet,
1599 3998 1694 4046 aut

91 4081 324 4138 evidens
351 4082 666 4138 meritorum
696 4085 1050 4155 praerogativa
1081 4085 1444 4140 conunendet.

123 4229 130 4236 η
417 4171 492 4226 De
522 4173 702 4226 eadem
735 4190 808 4226 re.
842 4173 925 4228 Ea:
953 4172 1086 4244 Lege
1121 4173 1380 4228 Romana.

164 4260 514 4319 CCCCXVII.
542 4261 686 4334 (Gaii
715 4262 951 4318 lnstitut.
991 4265 1072 4318 tit.
1101 4261 1183 4334 4.)
1225 4261 1280 4320 Si
1315 4262 1437 4334 quis
1459 4262 1694 4318 incestas

95 4363 196 4410 aut
217 4353 459 4408 nefarias
483 4355 702 4425 nuptias
727 4355 930 4422 inierit,
967 4371 1066 4411 nec
1097 4371 1322 4412 uxorem
1377 4355 1542 4410 habet
1594 4367 1694 4408 nec

97 4445 244 4500 ﬁlios
271 4445 444 4516 (270).
475 4444 610 4500 Nam
641 4447 694 4500 hi
729 4447 820 4516 qui
855 4461 920 4502 ex
953 4447 1320 4516 hujuscemodi
1345 4446 1696 4517 conceptione

99 4540 216 4596 nati
256 4539 481 4605 fuerint,
511 4541 761 4610 quamvis
787 4541 1080 4597 videantur
1100 4541 1274 4606 nasci,
1297 4549 1507 4610 patrem
1527 4539 1696 4594 nulla-

99 4641 266 4688 tenus
285 4633 492 4690 habcre
519 4642 830 4700 censentur,
865 4644 918 4688 et
953 4643 1206 4702 tanquam
1253 4633 1296 4688 si
1329 4633 1394 4688 de
1433 4631 1698 4688 adulterio

99 4723 356 4794 concepti
387 4723 614 4780 fuissent
644 4725 990 4794 deputantur.

135 4815 516 4870 Ecclesias:ica
563 4817 790 4887 dignitas
829 4835 930 4872 non
981 4819 1158 4885 recipit
1207 4817 1346 4887 ﬁlios
1381 4833 1446 4872 ea:
1483 4817 1666 4871 illicito

681 4888 954 4942 concubitu
993 4899 1162 4941 natos.

139 4961 537 5032 'CCCCXVlli.
579 4979 686 5034 Eos
725 4981 905 5048 itaque
934 4995 1069 5049 quos
1119 4979 1346 5050 publica:
1400 4980 1546 5052 leges
1592 4995 1696 5036 non

101 5068 423 5132 admittunt,
452 5069 544 5123 sed
570 5068 711 5123 velut
754 5069 987 5123 inl‘amim
1015 5070 1239 5126 maculis
1277 5085 1554 5141 respersos
1583 5085 1698 5126 res-

103 5165 304 5228 puant,
333 5166 389 5212 ct
429 5159 580 5229 quasi
617 5159 911 5232 degeneres
958 5160 1279 5230 despiciunt,
1333 5162 1698 5230 ecclesiastica

149 5323 152 5326 '
181 5309 340 5382 (‘26?)
377 5310 550 5382 Caput
577 5313 683 5368 412
709 5314 882 5369 vicem
910 5313 1191 5370 obtinebat
1217 5313 1486 5367 lcmmatis
1515 5313 1565 5367 in
1591 5315 1704 5367 edi-

109 5379 266 5436 tione
295 5379 780 5438 Helmiestadiensi.
805 5385 1074 5450 Quoniam
1107 5399 1238 5440 vero
1263 5385 1352 5438 hic
1381 5384 1568 5438 titulus
1597 5399 1700 5436 non

105 5451 477 5524 conveniebat
516 5454 678 5523 capiti
714 5454 838 5518 H5,
877 5455 930 5508 in
989 5470 1097 5524 quo
1127 5455 1192 5508 de
1231 5456 1444 5508 divorsa
1487 5469 1705 5524 prorsus

112 5519 350 5594 materia
379 5519 728 5594 anitum—nos,
775 5539 844 5578 ne
872 5519 1288 5594 quid'remorari
1322 5519 1524 5594 posset,
1545 5523 1705 5576 lecto-

113 5605 256 5653 rem,
285 5591 496 5660 singula
519 5591 903 5648 distinximus;
921 5595 1057 5648 Tum
1103 5591 1352 5647 lemmata
1390 5593 1472 5648 his
1499 5593 1708 5647 duobtls

113 5661 240 5728 capi
259 5659 399 5716 “ibus
419 5662 721 5718 addidimus
745 5679 810 5718 cx
845 5675 1052 5718 nostro.

551 5733 742 5804 librum
767 5749 862 5787 vnt
893 5733 1152 5804 Capitnb,
1186 5749 1302 5804 cap.
1337 5733 1393 5786 Pii
1413 5773 1424 5786 .

193 5798 348 5872 (269)
391 5799 518 5858 Vi-lc
549 5803 684 5856 infra
717 5805 806 5857 lib.
837 5821 892 5866 II,
927 5798 1040 5872 (ηιμ.
1075 5803 1191 5858 liii).

2231 2205 2310 2259 De
2345 2205 2632 2275 transfugis
2671 2203 2894 2260 clericis.

1845 2291 2158 2350 CCCCXXI.
2177 2294 2418 2364 (Decreta
2449 2295 2643 2349 Leoms
2673 2293 2781 2360 l,c.
2809 2291 2922 2363 59.)
2941 2293 3124 2362 Itaque
3145 2290 3191 2346 si
3221 2291 3362 2346 intra

1773 2389 2108 2458 provinciam
2133 2403 2220 2444 res
2251 2388 2444 2456 agitur,
2487 2385 2818 2454 transfugam
2849 2385 3106 2440 clericum
3147 2385 3214 2438 ad
3247 2381 3358 2436 Ec—

1777 2480 1996 2536 clesiam
2047 2478 2680 2548 suammetropolitanus
2730 2478 2908 2532 redire
2956 2475 3264 2546 compellat.
3301 2473 3358 2529 Si

1780 2582 1958 2625 autem
1989 2570 2198 2642 longius
2222 2571 2468 2636 recessit,
2497 2571 2574 2626 tui
2621 2569 2878 2641 praecepti
2921 2568 3246 2644 auctoritate
3277 2583 3362 2624 re-

1781 2661 2063 2716 vocabitur
2099 2661 2268 2734 (τιτι).

2399 2751 2547 2808 Unde
2575 2771 2752 2824 supra.
3105 2801 3132 2828 ,

1853 2841 2186 2898 CCCCXXII.
2241 2843 2464 2916 (Regula
2494 2844 2552 2898 S.
2587 2844 2819 2900 Ferreoli
2839 2861 2888 2902 c.
2925 2845 3026 2911 20;
3061 2845 3366 2901 Buncumo.

1782 2931 1875 2986 lib.
1911 2949 2026 2997 vm,
2065 2949 2114 2988 c.
2158 2934 2271 3006 26.)
2305 2935 2610 3007 Fugitivum
2641 2953 2772 2994 vero
2811 2923 3088 3002 clericum,
3120 2947 3212 2992 aut
3254 2951 3368 2992 mo-

1783 3024 2017 3080 nacbnm
2063 3025 2401 3080 deserentem
2436 3027 2796 3098 disciplinam,
2837 3029 3004 3085 veluti
3034 3036 3367 3098 contempto-

1785 3133 1899 3172 rem
1929 3117 2129 3186 placuit
2160 3133 2434 3174 revocare.

1709 3236 1755 3298 ρ
1864 3205 2388 3298 eadem
2415 3226 2488 3264 re.
2521 3209 2606 3264 Ea:
2630 3211 2782 3266 dictis
2808 3210 2998 3266 Basilii
3023 3212 3272 3283 episcopi.

1853 3293 2213 3352 CCCCXXIII.
2255 3297 2586 3369 (Buncaano.
2619 3301 2712 3358 lib.
2745 3317 2804 3369 ιι,
2839 3301 2988 3372 9.28.)
3015 3301 3076 3358 Si
3100 3303 3222 3374 quis
3243 3317 3368 3357 eum

1784 3387 1876 3458 qui
1919 3387 2309 3444 districtionem
2347 3389 2768 3447 ecclesiasticam
2815 3408 2920 3448 non
2961 3393 3140 3449 ferens
3185 3395 3366 3466 fugam

1787 3479 2036 3534 meditari
2077 3480 2374 3550 agnoverit,
2423 3481 2468 3536 si
2507 3497 2613 3537 non
2656 3483 2838 3538 statim
2887 3484 3200 3553 prodiderit,
3247 3499 3370 3555 pro-

1788 3569 2010 3624 ditionis
2053 3569 2196 3626 illius
2239 3571 2558 3642 participem
2609 3587 2668 3628 se
2719 3587 2840 3628 esse
2891 3588 2995 3627 non
3045 3573 3274 3638 dubitet,
3317 3582 3375 3628 et

1791 3659 1972 3713 tandiu
1999 3675 2030 3712 a
2055 3671 2321 3716 conventu
2357 3661 2587 3716 fratrum
2617 3663 3036 3736 sequestrandus
3080 3671 3164 3718 est
3202 3677 3374 3734 quan-

1790 3751 1881 3806 diu
1915 3751 2002 3806 ille
2029 3752 2205 3807 valeat
2234 3753 2498 3808 revocari.
2702 3735 2707 3736 ί
3403 3735 3412 3738 ’

1828 3859 1894 3914 Ut
1923 3860 2098 3916 clerici
2125 3879 2244 3936 cunt
2271 3864 2514 3936 epistolis,
2532 3865 2757 3935 episcopi
2795 3841 2884 3936 sui
2922 3867 3342 3936 proﬁciscantur.

2179 3934 2262 3988 Ea:
2291 3934 2592 3988 (Iunonibus
2620 3934 2994 4005 apostolorum.

1861 4020 2224 4078 CCCCXXIV.
2272 4023 2496 4095 (Conon.
2525 4024 2820 4094 Apostolor.
2851 4041 2900 4082 c.
2947 4027 3042 4094 l5;
3071 4025 3358 4081 Buacuano

1791 4111 1883 4166 lib.
1915 4128 1975 4178 ιι,
2004 4129 2052 4168 c.
2084 4113 2230 4184 156.)
2261 4113 2318 4169 Si
2350 4116 2471 4184 quis
2494 4115 2726 4172 clericus
2749 4126 2842 4172 aut
2869 4117 3038 4174 laicus
3065 4117 3132 4180 ad
3155 4117 3380 4172 alteram

1791 4213 2046 4274 properat
2095 4203 2392 4272 civitatem,
2445 4215 2501 4261 et
2543 4209 2840 4278 suscipitur
2877 4218 3074 4280 praeter
3116 4222 3384 4262 commen-

1793 4293 2014 4350 datitias
2044 4295 2298 4366 epistolas
2316 4337 2330 4360 ,
2353 4307 2409 4352 et
2449 4299 2541 4368 qui
2570 4299 2866 4372 susceperit
2906 4310 2956 4358 ct
2985 4301 3078 4374 qui
3106 4309 3385 4370 susceptus

1793 4397 1876 4444 est
1901 4389 2279 4445 communione
2307 4391 2570 4460 privetur.

2043 4501 2122 4557 De
2149 4503 2328 4558 eadem
2363 4521 2438 4558 re.
2471 4503 2556 4559 Ex
2581 4505 2804 4560 concilio
2829 4505 3170 4562 Αιιιὶοειιοηο.

1725 4587 1784 4647 1)·
1871 4589 2211 4648 CCCCXXV.
2269 4591 2496 4663 (Concil.
2555 4595 2799 4650 Antioch.
2853 4611 2906 4652 ο.
2959 4596 3022 4662 7;
3075 4597 3382 4652 Buncustto.

1801 4677 1894 4758 lib.
1932 4697 1998 4750 ιι,
2027 4697 2077 4736 c.
2119 4683 2268 4752 157.)
2301 4681 2488 4738 Nullus
2526 4685 2936 4756 peregrinorum
2975 4687 3092 4742 sine
3127 4686 3384 4757 pacificis,

1803 4773 1853 4828 Iti
1889 4781 1994 4840 est,
2029 4775 2488 4832 commendatitiis
2523 4777 2850 4848 suscipiatur
2879 4779 3140 4849 epistolis.

1985 4890 2058 4944 De
2086 4891 2264 4944 eadem
2297 4908 2370 4946 re.
2407 4891 2492 4946 Ea:
2521 4892 2741 4947 concilio
2779 4891 3210 4947 Chalcedonensi.

1871 4979 2230 5036 CCCCXXVI.
2276 4981 2498 5050 (Concil.
2525 4979 2840 5036 Chalcedon.
2867 4999 2916 5036 c.
2947 4981 3048 5046 l5;
3081 4981 3386 5034 Bnncusuo.

1807 5075 1900 5128 lib.
1958 5091 2040 5138 ιι,
2099 5089 2218 5144 cap.
2263 5074 2410 5142 l39.)
2483 5075 2804 5142 Peregrinos
2869 5075 3098 5128 clericos
3160 5081 3218 5126 et
3279 5072 3389 5126 lce-

1813 5175 1953 5218 torcs
1994 5165 2046 5217 in
2076 5163 2182 5218 alia
2207 5163 2425 5218 civitate
2462 5169 2659 5233 prteter
2686 5163 3156 5220 commendatitias
3185 5161 3392 5216 litteras

1885 5315 2030 5388 (270)
2076 5317 2206 5388 )‘itle
2233 5317 2324 5380 lib.
2357 5333 2394 5370 ιι
2429 5317 2556 5388 Leg.
2589 5317 2963 5386 Longob...tit.
2987 5317 3046 5388 8,
3075 5330 3228 5388 capp.
3257 5314 3312 5388 4,
3335 5315 3388 5370 5.

1884 5387 2032 5454 ιίὶῖι)
2074 5385 2126 5439 In
2157 5388 2391 5442 editione
2429 5385 2886 5442 Helmmstadiensi
2917 5396 2972 5440 et
3001 5387 3052 5440 in
3081 5387 3265 5439 codice
3295 5385 3396 5436 Pa-

1815 5457 2026 5511 risiensi
2056 5457 2270 5526 legitur,
2307 5459 2386 5510 sui
2437 5457 2680 5526 pm’cepti
2710 5459 3021 5510 auctoritate
3049 5455 3392 5526 revocabitur.

1815 5525 2233 5598 Vcrunrscnsns
2263 5525 2538 5598 repugnat.
2557 5525 2825 5598 Praeterea
2849 5526 2900 5598 in
2923 5527 3174 5598 omnibus
3197 5525 3398 5598 cpisto-

1815 5598 1986 5649 larmn
2013 5595 2210 5651 Leonis
2231 5595 2555 5651 editionibus
2578 5596 2774 5663 legitur
2799 5597 2894 5650 tui.
2925 5595 3116 5665 Agitur
3137 5597 3280 5650 enim
3314 5595 3401 5648 hic

1817 5669 1881 5720 de
1911 5668 2233 5720 auctoritate
2254 5667 2526 5736 Anastasii
2547 5667 2790 5736 episcopi
2815 5665 3315 5722 'l'bcssalonicensis
3339 5665 3392 5718 in

1819 5737 2112 5806 provinciis
2139 5736 2478 5808 lllyricianis.
2515 5735 2644 5808 Vide
2672 5735 2792 5808 Alii).
2821 5753 2848 5792 γ
2891 5739 2955 5792 de
2989 5737 3286 5792 Concordia
3315 5753 3398 5789 sae

1821 5805 2040 5860 irerdotii
2066 5819 2114 5860 ct
2151 5805 2380 5876 imperii,
2413 5821 2528 5874 cap.
2555 5806 2642 5869 ‘27,
2665 5805 2692 5874 §
2883 5821 2888 5827 '
