3944 6432
542 349 651 411 275

1596 334 1963 415 [immunis
1995 357 2408 417 PRUMIENSIS
2441 359 2738 419 ABBATIS-

3712 372 3822 429 27G

543 473 784 545 episcopi
839 473 927 531 sui
971 489 1234 546 nusquam
1285 475 1500 546 penitus
1547 477 1862 534 ministrare
1913 478 2126 536 debere.
2157 486 2207 547 Α
2234 480 2325 538 lib.
2377 499 2444 546 ιι,
2478 500 2526 540 e:
2576 485 2725 555 Hi.)
2763 487 2874 554 Qui
2914 504 3036 545 cum
3080 488 3388 546 senioribus
3426 487 3542 544 suis
3588 487 3658 542 de
3699 490 3820 545 aliis

787 585 870 642 De
893 587 1072 643 eadem
1100 606 1173 645 re.
1209 588 1296 646 Ea:
1323 593 1543 650 concilio
1571 593 1874 666 Agathensi.

615 693 995 752 CCCCXXVH.
1033 697 1212 762 (Cone.
1261 699 1454 771 Agath.
1485 716 1534 758 ε.
1579 703 1694 770 52;.
1720 703 1814 760 lib.
1850 718 1925 758 γη
1967 701 2126 774 σαρξί-

545 785 708 852 tular.
752 800 802 840 c.
849 785 981 854 “9;
1018 786 1328 845 Buncntnn.
1359 790 1453 846 lib.
1490 808 1551 859 ιι,
1590 807 1640 849 c.
1680 792 1798 864 44.)
1841 792 2128 864 Presbyter

544 881 638 928 aut
683 874 942 931 diaconus
976 885 1068 931 aut
1105 877 1342 935 clericus
1367 882 1485 937 sine
1515 882 1770 937 antistitis
1812 882 1892 937 sui
1931 880 2129 937 litteris

545 963 850 1031 ambulans,
886 969 1320 1024 communionem
1349 971 1398 1027 ei
1427 971 1604 1026 nullus
1633 971 1924 1041 impendat.

619 1053 779 1124 192
815 1055 894 1110 De
923 1057 1103 1112 eadem
1133 1075 1207 1114 re.
1243 1060 1331 1115 Ex
1379 1061 1600 1116 concilio
1631 1061 2056 1116 Chalcedonensi.

613 1143 1024 1202 CCCCXXVIII.
1087 1146 1316 1220 (σωκ-ει.
1369 1148 1682 1205 Chalcedon.
1731 1165 1784 1204 c.
1833 1150 1932 1217 ll;
1981 1147 2128 1206 Bun-

545 1248 740 1289 ειιΑιιι).
774 1236 872 1292 lib.
904 1252 962 1303 ιι,
993 1253 1044 1293 ε.
1078 1238 1234 1312 us.)
1272 1239 1472 1297 Omnes
1499 1254 1762 1312 pauperes
1793 1251 1847 1296 et
1886 1241 2129 1313 indigen-

544 1333 628 1382 tes
661 1327 1027 1386 ecclesiastico
1073 1331 1300 1400 auxilio,
1348 1347 1469 1388 cum
1519 1332 1957 1404 proﬁciscuntur,
2005 1347 2128 1388 cum

542 1422 862 1491 probatiOne
900 1424 1130 1494 cpistolii
1172 1426 1258 1482 vel
1297 1427 1677 1485 ecclesiasticis
1722 1429 1965 1499 paciﬁcis
2005 1437 2128 1482 tan-

542 1513 824 1567 tummodo
853 1517 1237 1572 commendare
1262 1517 1624 1582 decrevimus,
1640 1527 1694 1573 et
1722 1534 1828 1574 non
1855 1534 2130 1574 commen-

541 1602 749 1661 datitiis
787 1605 1002 1674 litteris,
1042 1617 1324 1679 propterea
1355 1610 1498 1680 quod
1539 1611 2004 1666 commcndatitias
2043 1610 2134 1666 lit-

547 1701 694 1750 teras
726 1696 1164 1755 honoratioribus
1209 1699 1578 1756 tantummodo
1604 1701 1855 1771 personis
1884 1701 2129 1772 prastari

545 1787 852 1842 conveniat.

565 1877 567 1880 ⁴
834 1878 912 1935 De
946 1882 1127 1936 eadem
1158 1899 1230 1937 re.
1268 1881 1354 1937 Ea
1379 1882 1558 1938 eodem
1589 1881 1828 1938 concilio.

612 1965 975 2024 CCCCXXIX.
1019 1969 1202 2044 (Cone.
1236 1971 1424 2043 Agam.
1459 1989 1506 2029 c.
1541 1973 1649 2039 38;
1688 1971 1780 2027 lib.
1820 1989 1872 2027 Vt
1916 1974 2131 2045 Capitu-

539 2055 646 2112 l‘ar.
690 2075 739 2113 c.
785 2061 986 2126 130,et
1028 2063 1120 2118 lib.
1160 2080 1260 2130 vn,
1303 2081 1352 2120 c.
1400 2065 1532 2130 195;
1569 2063 1879 2118 Buncmtno.
1927 2063 2019 2119 lib.
2068 2080 2130 2132 ιι,

543 2164 594 2204 c.
635 2150 783 2222 142.)
827 2153 1037 2208 Clerico
1075 2155 1194 2210 sine
1233 2155 1690 2211 commendatitiis
1738 2154 1979 2225 epistolis
2020 2155 2133 2224 epi-

542 2243 690 2312 scopi
720 2244 801 2299 sui
833 2243 1050 2301 licentia
1089 2262 1194 2302 non
1224 2256 1409 2317 pateat
1443 2247 1724 2318 evagandi.
1750 2247 1809 2302 lu
1853 2246 2132 2303 monachis

541 2346 756 2403 quoque
783 2338 1062 2404 praesentis
1091 2339 1373 2393 sententia:
1411 2338 1582 2394 forma
1613 2348 1874 2394 servetur.

721 2424 801 2479 De
827 2428 1007 2482 eadem
1038 2445 1112 2484 re.
1148 2427 1234 2483 Ex
1265 2429 1551 2484 carminibus
1579 2429 1952 2500 apostolorum.

611 2514 952 2573 CCCCXXX.
995 2518 1149 2590 (Can.
1200 2519 1483 2592 apostolor.
1535 2537 1589 2576 c.
1625 2521 1738 2593 54.)
1791 2520 1979 2574 Nullus
2015 2519 2130 2590 epi-

541 2621 828 2677 scoporum
865 2613 1295 2682 peregrinorum,
1327 2613 1791 2684 presbyterorum,
1824 2621 1918 2666 aut
1945 2611 2131 2666 diaco-

541 2718 735 2758 norum
773 2705 890 2761 sine
917 2707 1373 2762 commendatitiis
1412 2707 1742 2778 suscipiatur
1769 2706 2048 2777 epistolis;
2079 2714 2134 2762 et

542 2809 668 2850 cum
699 2795 901 2866 scripta
929 2797 1248 2864 detulerint,
1276 2798 1639 2853 discutiantur
1669 2799 1948 2865 attentius,
1979 2806 2034 2852 et
2059 2797 2134 2853 ita

544 2887 932 2958 suscipiantur.

779 2979 856 3035 De
892 2981 1073 3035 eadem
1102 2998 1183 3046 re.
1208 2981 1296 3036 Ea:
1324 2981 1544 3038 concilio
1582 2981 1901 3038 Sardicenai.

617 3070 983 3128 CCCCXXXI.
1031 3073 1256 3142 (Concil.
1313 3072 1524 3128 Sardic.
1576 3089 1624 3128 c.
1683 3073 1794 3144 18.)
1847 3071 2136 3129 lanuarius

545 3161 829 3231 cpisc0pus
856 3162 990 3216 dixit
1026 3179 1040 3216 :
1072 3161 1203 3216 Illud
1233 3177 1449 3233 quoque
1495 3170 1697 3216 statuat
1742 3163 2004 3218 sanctitas
2036 3177 2129 3217 ve-
2158 3200 2205 3260 ρ

545 3263 681 3320 stra,
724 3264 779 3309 ut
810 3255 938 3310 nulli
977 3257 1228 3329 episcopo
1259 3255 1419 3312 liceat
1449 3257 1673 3313 alterius
1717 3257 1952 3326 episcopi
1998 3257 2132 3312 civi-

548 3343 676 3399 tatis
718 3345 1022 3402 ministrum
1053 3347 1340 3405 sollicitare
1369 3359 1423 3405 et
1470 3349 1522 3404 in
1564 3349 1677 3406 suis
1718 3348 2013 3421 paruecbiis
2045 3363 2136 3404 or-

547 3433 756 3491 dinare.

1168 3529 1320 3587 Unde
1353 3549 1534 3602 supra.

617 3617 1004 3676 CCCCXXX".
1050 3621 1272 3694 (Concil.
1325 3624 1536 3680 Sardic.
1584 3640 1634 3680 c.
1669 3622 1779 3697 l9.)
1827 3622 1985 3702 Osius
2023 3621 2136 3692 epi-

527 3724 745 3779 scopus
789 3707 925 3767 dixit
954 3732 966 3766 :
998 3713 1066 3768 Et
1093 3716 1194 3769 hoc
1229 3715 1466 3770 universi
1499 3715 1898 3780 constituimus,
1930 3723 1989 3767 ut
2014 3713 2135 3783 qui-

549 3813 762 3869 cunque
811 3815 878 3855 ex
935 3803 1091 3876 193
1142 3805 1245 3859 alia
1295 3805 1568 3876 parmchia
1615 3805 1847 3860 voluerit
1900 3803 2133 3858 alienum

548 3887 858 3942 ministrum
887 3891 1004 3946 sine
1033 3907 1298 3947 consensu
1325 3894 1557 3964 episcopi
1589 3893 1759 3963 ipsius
1780 3902 1835 3949 et
1861 3891 2136 3949 voluntate

549 3977 824 4043 ordinare,
856 3994 962 4035 non
994 3980 1064 4035 sit
1093 3991 1207 4036 rata
1233 3983 1502 4039 ordinatio
1527 3984 1659 4055 eius.

789 4070 869 4125 De
898 4073 1079 4126 eadem
1108 4090 1181 4128 re.
1210 4073 1295 4129 Ea:
1323 4075 1544 4130 concilio
1573 4075 1902 4132 Laudiceni.

615 4157 1030 4219 CCCCXXXIII.
1069 4164 1291 4235 (Concil.
1323 4165 1537 4222 Laodic.
1573 4183 1622 4225 e.
1662 4168 1763 4236 4|;
1804 4169 1897 4225 lib.
1930 4185 2005 4225 vn
2033 4169 2134 4225 Ca-

546 4253 765 4321 pitular.
797 4270 846 4308 c.
878 4254 977 4320 59;
1025 4255 1334 4312 Buucuanu.
1385 4257 1475 4314 lib.
1505 4275 1562 4323 ιι,
1595 4274 1646 4316 c.
1688 4259 1802 4333 45.)
1844 4260 1997 4329 Quod
2026 4277 2139 4318 non.

544 4357 791 4417 oporteat
827 4351 1160 4406 sacerdotem
1197 4351 1280 4408 vel
1328 4351 1583 4410 clericum
1627 4353 1746 4410 sine
1771 4354 1964 4412 litteris
2003 4369 2130 4428 pre-

551 4437 718 4492 licisci
743 4440 1037 4496 canonicis.

692 4528 770 4583 De
791 4531 971 4584 eadem
997 4548 1073 4585 re.
1101 4532 1182 4585 Ex
1211 4533 1430 4586 concilio
1454 4532 1728 4598 Meldensi,
1748 4551 1865 4604 cap.
1897 4534 1985 4590 50.

621 4617 1033 4674 CCCCXXXIV.
1076 4619 1298 4692 (Concil.
1328 4620 1486 4677 Μεισι.
1516 4639 1566 4679 c.
1593 4622 1711 4695 50.)
1738 4623 1804 4679 Ut
1828 4624 2130 4696 presbyteri

551 4709 638 4764 vel
669 4709 893 4778 quilibet
927 4711 1110 4767 clerici
1139 4712 1192 4767 in
1232 4711 1453 4769 alterius
1494 4714 1823 4785 paroecbiam
1864 4715 1980 4770 sine
2021 4715 2130 4772 for-

548 4809 694 4858 mata
723 4818 830 4857 non
860 4803 1210 4873 recipiantur,
1242 4820 1414 4875 neque
1443 4806 1799 4874 retineantur,
1836 4821 1935 4862 nec
1963 4807 2124 4862 etiam

544 4894 856 4950 ministrare
899 4896 1167 4952 sinantur.
1213 4896 1496 4953 Crimiuati
1547 4909 1727 4954 autem
1770 4901 1838 4956 ab
1874 4901 2127 4957 omnibus

545 4985 901 5041 excludantur
928 4995 983 5043 et
1005 4987 1292 5057 cjieiantar
1317 5005 1348 5044 a
1381 4991 1671 5060 parwchiis
1694 4991 1745 5046 in
1772 4993 1966 5061 quibus
1993 4991 2124 5047 deli-

546 5090 779 5149 tescunt,
825 5099 1104 5157 usquequo
1139 5086 1204 5142 ad
1235 5101 1356 5142 eum
1393 5097 1729 5144 revertantur
1757 5090 2063 5162 episcOpum
2091 5106 2121 5144 a

544 5189 651 5244 quo
676 5175 948 5246 aufugisse
977 5187 1273 5233 noscuntur
1301 5179 1467 5251 (ατε).

847 5266 926 5321 De
949 5267 1130 5323 eadem
1159 5286 1231 5323 re.
1259 5269 1344 5323 Ex
1371 5270 1548 5324 eodem
1578 5269 1818 5325 concilio.
1857 5301 1862 5306 ε

613 5357 1003 5416 CCCCXXXV.
1070 5360 1290 5432 (Coneil.
1345 5359 1509 5416 Μειιι.
1561 5375 1609 5416 c.
1661 5361 1762 5426 51;
1814 5359 2119 5428 Buncnsan,

617 5551 766 5624 (272)
799 5552 1155 5609 Consentium
1182 5554 1234 5608 in
1272 5553 1383 5624 hoc,
1406 5554 1580 5624 capite
1607 5554 1772 5609 editio
1810 5554 2124 5611 llelmaesta-

545 5620 843 5696 dicttsis'het
884 5623 1182 5696 codeths.
1219 5620 1557 5696 Rarisicusis.
1594 5624 1650 5696 ln
1677 5625 1908 5696 vulgatis
1947 5637 2126 5683 tamen

544 5691 874 5748 cditionibus
897 5694 1107 5766 concilii
1133 5693 1420 5766 Meldcnsis
1445 5693 1517 5766 ita
1545 5694 1740 5761 legitur
1764 5691 1796 5749 ἴ
1805 5707 1851 5750 et
1882 5697 2124 5766 rejiciau-

548 5775 635 5815 tur
661 5780 694 5816 a
724 5765 1077 5838 parochiisjn
1115 5764 1298 5838 quibus
1343 5765 1554 5836 cupiunt
1589 5765 1857 5822 intmorari
1880 5807 1895 5832 ,
1933 5764 2129 5838 nsque-

2226 573 2520 643 provinciis
2562 577 2628 631 ad
2679 589 2894 635 nostras
2936 580 3245 650 provincias
3273 580 3495 636 veniunt
3536 579 3661 634 sine
3705 578 3818 634 fur—

2227 674 2400 733 mata,
2425 667 2736 726 ministrare
2759 686 2864 727 non
2894 673 3303 742 permittuntur;
3334 687 3496 743 quam
3531 672 3639 727 etsi
3679 681 3824 726 attn-

2227 754 2418 825 lerint,
2457 768 2514 816 et
2556 763 2864 820 ministram
2907 765 3082 821 idonei
3130 763 3289 837 195
3327 764 3532 820 inventi
3578 763 3819 830 fuerint.

2227 847 2563 908 instruantur
2604 869 2766 925 quam
2804 857 3054 929 religiose
3100 867 3262 928 atque
3307 856 3548 913 studiose
3595 870 3818 912 saeuum

2228 941 2585 1000 ministerium
2611 957 2873 1020 peragant
2899 948 3047 1021 [edit
3092 947 3459 1015 Belmmtad.,
3503 947 3818 1019 peragere].

2228 1040 2320 1086 aut
2348 1033 2401 1088 in
2432 1036 2627 1106 quibus
2652 1037 2785 1096 locis
2813 1039 2941 1096 illud
2977 1054 3139 1111 agere
3166 1055 3272 1095 non
3301 1040 3556 1096 debeant.

2648 1166 2728 1222 De
2753 1169 2937 1225 eadem
2966 1186 3040 1226 re.
3080 1169 3169 1225 Ea:
3191 1169 3390 1225 eodem.

2298 1274 2710 1334 CCCCXXX“.
2753 1279 2976 1353 (Concil.
3019 1281 3186 1338 Held.
3233 1281 3388 1352 ibid.)
3428 1280 3628 1336 Clerici
3671 1293 3824 1343 vero.

2231 1367 2280 1422 si
2309 1368 2377 1423 ab
2405 1367 2708 1438 huiusmodi
2753 1372 3063 1430 hominibus
3089 1375 3156 1429 ad
3193 1373 3553 1429 ordinandum
3581 1370 3826 1426 oneran-

2233 1469 2343 1525 tur,
2370 1459 2563 1516 instrui
2585 1462 2788 1518 debent
2806 1472 2866 1518 ut
2891 1464 2957 1518 ad
2984 1465 3266 1535 episcOpos
3285 1479 3358 1518 ex
3378 1477 3616 1534 quorum
3644 1475 3827 1532 para.~

2233 1552 2372 1607 chiis
2393 1554 2600 1623 sumpti
2615 1563 2739 1610 sunt
2759 1569 2855 1611 eos
2875 1556 3169 1621 remittant,
3189 1563 3246 1612 et
3264 1564 3358 1610 aut
3379 1554 3452 1610 ibi
3472 1553 3824 1614 ordinentur,

2234 1652 2327 1698 aut
2359 1644 2567 1702 litteras
2591 1648 2882 1703 canonicas
2917 1648 2985 1703 ab
3019 1648 3271 1718 episcopo
3304 1662 3369 1703 ex
3415 1645 3569 1716 cujus
3597 1642 3831 1725 dieeesi

2236 1744 2362 1790 sunt
2385 1734 2586 1803 ferant,
2613 1739 2751 1793 sicut
2778 1739 3042 1794 canonica
3072 1739 3231 1794 docet
3258 1737 3577 1794 auctoritas.

2157 1831 2208 1890 Β
2238 1866 2461 1943 Νἱσίειια
2491 1872 2720 1943 synodus
2759 1872 2896 1927 lauru:
2925 1874 3157 1929 ordinem
3187 1875 3325 1928 inter
3359 1872 3633 1943 episcopos
3668 1870 3725 1924 in
3753 1869 3832 1937 {a-

2375 1942 2573 1996 ciendis
2595 1943 2826 2012 epistolis
2853 1945 3266 1999 conservandum
3297 1942 3406 1998 me
3431 1942 3689 1996 instituit.

2310 2061 2748 2122 CCCCXXXV’ll.
2791 2064 2920 2138 (lvo,
2952 2075 3096 2138 part.
3128 2083 3204 2134 vt,
3233 2082 3286 2123 c.
3312 2065 3460 2136 455.)
3479 2065 3680 2122 (hac:
3723 2063 3831 2119 ele-

2233 2162 2412 2208 menta
2443 2153 2744 2210 litterarum
2788 2172 3047 2213 numeros
3076 2157 3242 2212 etiam
3269 2157 3572 2228 exprimere
3622 2154 3830 2218 huius»,

2233 2243 2324 2312 qui
2372 2243 2456 2299 vel
2485 2245 2718 2300 tenuiter
2767 2244 2949 2301 (ἶηεί
2993 2247 3266 2304 sermonis
3311 2246 3559 2302 notitiam
3619 2245 3831 2307 habet,

2233 2333 2468 2404 ignorat.
2509 2333 2587 2392 Ne
2633 2335 2795 2408 igitur
2838 2337 2892 2392 in
2934 2337 3194 2394 faciendis
3235 2339 3474 2409 epistolis
3511 2338 3830 2400 canonicis.

2233 2441 2372 2496 quas
2396 2442 2514 2482 mos
2535 2426 3046 2486 Latiuuslormatas
3068 2431 3304 2501 appellat
3319 2471 3333 2494 ,
3359 2430 3533 2500 aliqua
3557 2428 3714 2484 fraus
3733 2428 3829 2481 fal-

2233 2517 2410 2572 sitatis
2437 2525 2636 2574 tetnere
2661 2530 3098 2588 prasumcretur,
3126 2521 3234 2576 hoc
3258 2535 3288 2575 a
3319 2521 3562 2591 patribus
3585 2525 3830 2574 eccm)!

2234 2607 2425 2663 Nicaea:
2456 2608 2762 2664 constitutis
2807 2609 3162 2666 saluberrime
3190 2611 3464 2666 inventum
3493 2618 3578 2665 est
3608 2618 3668 2665 et
3700 2624 3827 2664 ωη-

2233 2698 2503 2764 stitutum,
2530 2706 2590 2753 ut
2613 2698 2856 2755 formata:
2882 2701 3122 2772 epistola:
3151 2702 3294 2759 hanc
3317 2701 3701 2759 calculationis
3717 2703 3837 2756 sive

2233 2789 2637 2860 supputationis
2657 2789 2894 2846 habeant
2919 2792 3208 2861 rationem,
3237 2793 3291 2849 id
3321 2802 3426 2860 est,
3459 2802 3522 2848 ut
3546 2808 3832 2849 assumas-

2233 2890 2321 2936 tur
2357 2882 2411 2936 in
2441 2883 2874 2953 supputationem
2903 2884 3080 2956 prima
3109 2884 3298 2942 Graeca
3339 2886 3605 2942 elementa
3652 2884 3834 2940 Patris

2233 2982 2288 3028 et
2317 2973 2464 3040 Filii,
2487 2985 2542 3029 et
2570 2973 2801 3045 Spiritus
2835 2975 3028 3042 sancti,
3074 2975 3127 3032 id
3155 2985 3260 3043 est,
3293 2988 3351 3044 ιι,
3387 2987 3447 3043 Υ,
3472 2985 3548 3042 Δ;
3571 2991 3702 3046 qua:
3723 2975 3834 3030 ele-

2235 3075 2416 3123 menta
2463 3067 3513 3140 octogenarium‘quadringentenarium
3555 3076 3616 3122 et
3664 3081 3830 3121 unum

2235 3175 2516 3216 numerum
2553 3170 2792 3216 servant.
2833 3160 2983 3217 Petri
3011 3175 3225 3232 quoque
3262 3158 3491 3232 apostoli
3531 3159 3713 3229 prima
3740 3159 3831 3212 lit-

2239 3256 2373 3316 tera,
2402 3250 2456 3305 id
2483 3260 2564 3306 est
2591 3260 2650 3317 lt,
2677 3250 2769 3320 qui
2796 3265 3056 3307 numerus
3082 3251 3352 3321 octoginta
3380 3248 3678 3320 signiﬁcat.
3705 3247 3834 3318 Eius

2235 3341 2326 3411 qui
2360 3342 2557 3396 scribit
2602 3341 2884 3412 epistolam
2930 3343 3106 3413 prima
3153 3341 3372 3407 littera;
3419 3340 3505 3396 cui
3546 3339 3828 3402 scribitur,

2235 3435 2468 3489 secunda
2495 3450 2509 3500 ;
2539 3434 2876 3505 accipientis,
2906 3435 3063 3490 tertia
3087 3451 3104 3503 ;
3134 3433 3370 3491 civitatis
3391 3431 3609 3503 quoque
3632 3431 3702 3487 de
3725 3447 3825 3502 qm

2233 3525 2509 3594 scribitur,
2537 3537 2762 3598 quarta;
2787 3536 2842 3584 et
2866 3528 3197 3594 indictionis,
3222 3540 3557 3599 quaecunque
3576 3535 3668 3580 est
3690 3524 3830 3579 illius

2235 3619 2514 3689 temporis,
2566 3619 2725 3690 195
2765 3635 3023 3677 numerus
3052 3629 3380 3676 assumatur.
3411 3617 3591 3686 Atque
3637 3616 3717 3669 ita
3746 3615 3826 3670 his

2231 3710 2482 3766 omnibus
2519 3711 2717 3767 litteris
2742 3710 2970 3778 Graecis,
3015 3726 3162 3782 qua},
3187 3719 3247 3766 ut
3275 3710 3536 3773 diximus,
3565 3719 3824 3762 numeros

2232 3800 2564 3868 exprimunt,
2609 3801 2669 3856 in
2691 3816 2856 3857 unum
2887 3802 3084 3869 ductis,
3117 3816 3303 3866 unam,
3338 3811 3684 3870 quacunque
3716 3797 3822 3852 eol-

2231 3889 2368 3948 lccta
2391 3892 2574 3959 fuerit,
2599 3907 2866 3949 summam
2890 3893 3114 3964 epistola
3136 3901 3338 3948 teneat.
3357 3891 3538 3946 Addat
3559 3899 3823 3960 praeterea

2232 3985 2520 4054 separatim
2550 3985 2605 4040 in
2633 3985 2864 4056 epistola
2891 3986 3056 4041 etiam
3087 3984 3510 4056 nonagenarium
3536 3989 3594 4036 et
3622 3995 3819 4036 nonum

2230 4091 2485 4132 numeros
2503 4115 2518 4142 ,
2553 4078 2645 4147 qui
2674 4077 2971 4133 secundum
2997 4076 3184 4133 Graeca
3214 4075 3480 4132 elementa
3513 4069 3818 4142 signiﬁcant

2228 4173 2412 4222 AMHN.
2449 4165 2583 4221 Tres
2615 4167 2779 4236 igitur
2803 4166 3070 4238 praedicta:
3110 4166 3326 4231 linem,
3355 4164 3407 4218 id
3433 4170 3538 4228 est,
3573 4173 3641 4228 ιι,
3675 4171 3732 4227 1',
3760 4170 3815 4223 Δ,

2230 4265 2284 4312 et
2309 4259 2484 4327 prima
2523 4258 2704 4314 littera
2733 4274 2800 4314 ex
2826 4260 3043 4317 nomine
3070 4259 3235 4326 Petri,
3277 4260 3329 4314 id
3356 4267 3459 4324 cst,
3488 4264 3552 4322 ll,
3592 4271 3701 4310 uc:
3723 4264 3816 4309 ett

2229 4351 2465 4408 elliciunt
2491 4367 2764 4408 numeros.
2794 4363 2834 4409 Π
2861 4352 3026 4417 enim,
3060 4367 3180 4423 qua:
3206 4359 3288 4406 est
3311 4351 3481 4422 prima
3508 4350 3564 4403 in
3605 4348 3818 4402 nomine

2229 4443 2424 4498 summi
2449 4442 2650 4508 Patris,
2679 4459 2821 4499 LXXX
2850 4451 3116 4498 numerat.
3141 4454 3182 4501 Υ
3206 4457 3354 4505 vero,
3383 4456 3504 4511 qua:
3533 4450 3622 4495 est
3649 4440 3812 4510 prima

2155 4554 2207 4614 D
2235 4535 2288 4590 in
2317 4536 2535 4591 nomine
2571 4536 2728 4602 Filii,
2757 4551 2886 4592 cccc
2914 4545 3182 4591 numerat.
3219 4546 3258 4594 Δ
3299 4551 3450 4600 vero,
3481 4549 3606 4604 (ιιιιε
3649 4532 3812 4602 prima

2233 4634 2317 4680 est
2339 4625 2393 4681 in
2419 4625 2638 4682 nomine
2662 4625 2896 4697 Spiritus
2916 4627 3111 4692 sancti,
3135 4630 3296 4680 unum
3318 4625 3542 4680 indicat.
3571 4621 3631 4678 Si
3659 4621 3816 4676 addas

2231 4727 2290 4783 η,
2321 4731 2440 4786 quae
2470 4717 2522 4772 in
2550 4717 2769 4772 nomine
2796 4715 2947 4772 Petri
2970 4725 3054 4772 est
3081 4717 3277 4786 prima,
3311 4715 3362 4770 id
3387 4725 3471 4770 est
3499 4730 3668 4778 Lux,
3699 4727 3809 4768 DLSI

2231 4809 2486 4879 reperies.
2515 4815 2679 4866 suum
2704 4823 2853 4875 vero,
2887 4808 3030 4879 quod
3073 4808 3124 4863 in
3158 4808 3264 4863 ﬁne
3285 4807 3557 4878 praedicta:
3580 4798 3810 4876 epistola

2229 4899 2491 4970 scriptum
2517 4908 2620 4965 est,
2659 4914 2787 4954 scut
2813 4899 3033 4954 indicat.
3060 4907 3100 4956 Δ
3131 4900 3275 4954 enim
3305 4913 3492 4961 unum,
3525 4910 3592 4962 tu,
3618 4911 3725 4959 XL;
3755 4901 3807 4953 Β,

2227 5005 2361 5054 vm;
2392 5003 2453 5056 Ν,
2484 5006 2514 5044 ι.
2552 4999 2868 5058 numerant,
2895 4991 2984 5060 qui
3016 5005 3140 5045 xcrx
3179 4989 3416 5044 efﬁciunt
3444 5003 3718 5043 numeros.
3751 4985 3806 5039 Et

2228 5083 2272 5137 si
2300 5096 2566 5136 summam
2608 5092 2774 5138 totam
2812 5082 2973 5138 simul
3007 5083 3221 5154 iungas,
3262 5095 3397 5136 neu
3443 5080 3673 5151 epistola
3716 5095 3802 5131 nu-

2175 5203 2177 5205 ί
2227 5185 2407 5227 meros
2447 5179 2612 5226 tenet.

2299 5268 2405 5324 Sed
2436 5278 2656 5339 propter
2693 5267 2872 5324 minus
2897 5268 3391 5338 scientesponenda
3423 5267 3676 5324 videntur
3707 5263 3801 5320 elc~

2229 5368 2411 5415 menta
2441 5359 2553 5429 ipsa
2581 5359 2770 5414 Graeca
2796 5374 2918 5436 eum
2945 5359 3185 5414 numeris
3203 5359 3458 5430 propriis.

2231 5577 2354 5631 quo,
2381 5570 2488 5631 etc.
2525 5559 2994 5631 Habemusautem
3023 5575 3120 5616 nos
3145 5560 3788 5631 vetustumcodicemrms

2235 5629 2286 5685 in
2313 5646 2419 5701 quo
2448 5629 2705 5699 descripti
2736 5639 2861 5684 sunt
2890 5644 3122 5701 canones
3165 5631 3320 5686 istius
3351 5631 3544 5701 synodi
3573 5629 3793 5686 leiden-

2234 5699 2409 5762 sis,'in
2437 5715 2544 5770 quo
2574 5701 2722 5756 locus
2751 5701 2852 5755 istc
2888 5699 2966 5771 sic
2994 5701 3189 5755 habet:
3220 5711 3266 5756 et
3297 5699 3580 5771 reficiantur
3602 5719 3635 5756 a
3655 5715 3792 5771 paro-

2236 5772 2363 5826 rhiis
2397 5769 2657 5842 inquibus
2689 5772 2901 5841 cupiunt
2932 5769 3219 5835 immorari,
3248 5769 3350 5827 etc.
