3944 6410
1109 386 1196 442 DE
1221 385 1497 442 ECCLES.
1539 381 1820 440 DISCIPL.
1863 379 2038 433 LlBlll
2082 379 2238 464 DL'O.
2283 413 2348 423 ——
2386 383 2514 439 LIB.
2559 384 2596 438 Ι.

3356 384 3460 437 278

1579 531 1781 573 διξερε
1820 532 1903 573 ιιπ
1913 531 2087 572 τειιιε.

214 380 319 437 9.77

172 645 256 707 vl.
576 664 612 709 Δ
721 652 855 706 Alia.
1270 661 1278 709 1
1333 653 1397 706 Χ.
1709 665 1724 708 I

207 716 281 776 η.
583 733 614 776 B
721 723 868 778 Béla.
1270 716 1278 778 Ι
1333 722 1446 776 XX.
1688 739 1720 777 tt

206 781 302 849 ill.
579 799 612 845 t‘
719 793 963 848 Gamnta.
1267 781 1277 849 Ι
1332 791 1496 846 XXX.
1680 806 1719 848 Α

213 864 306 988 tVy.
579 874 614 918 Α
723 863 890 946 Delta.
1269 863 1442 988 lxc.
1673 873 1714 918 Μ

268 971 284 986 .
573 945 608 988 ε
718 932 833 988 Eat.
1329 933 1391 987 L.
1681 947 1714 988 N

213 945 307 1057 ii.
573 945 610 1058 ξ
718 945 918 1056 ἓὲἔξοη.
1268 945 1440 1059 Hist.
1679 947 1721 1059 ἕ

214 1072 328 1127 VII.
578 1084 613 1129 z
721 1073 870 1128 Zeta.
1266 1071 1275 1129 Ι
1327 1071 1487 1127 LXX.
1678 1085 1718 1127 0

211 1142 347 1197 VIII.
575 1155 609 1200 Il
717 1144 836 1197 Eta.
1265 1141 1537 1200 ILXXX.
1684 1154 1700 1197 I

209 1212 303 1268 IX.
391 1293 412 1308 .
566 1223 612 1270 θ
717 1213 906 1269 'I‘hcta.
1264 1211 1438 1275 IXC.
1659 1213 1712 1279 tc'

1831 653 1961 709 lota.
2373 661 2384 713 l
2431 659 2471 713 C

2933 676 3030 714 lto.

2479 699 2491 710 .
2793 672 2824 712 Ρ

1829 724 2029 799 Cappa.
2374 724 2384 799 |
2431 727 2555 799 (ῖς.
2790 745 2821 781 c
2929 729 3130 799 Signia.

1828 793 2031 862 Lapda.
2341 793 2384 862 ~I
2429 797 2577 852 CCC.
2783 808 2822 852 Τ
2929 793 3062 852 Tan.

1827 862 1916 917 Mi.
2374 862 2384 925 Ι
2431 867 2620 925 CCCC.
2786 878 2822 922 1·
2930 869 3030 925 RV.

2374 885 2384 992 Ι
2431 885 2620 990 ἴθυν’
2787 885 2822 990 Ξ
2928 885 3030 992 Fili

1827 1003 1914 1056 Χῖ.
2374 1003 2384 1062 1
2434 1006 2536 1061 DC.
2784 1017 2823 1061 X
2929 1007 3047 1062 Clti.

1824 1075 1869 1130 Ο
1903 1076 2102 1131 brevis.
2374 1075 2383 1132 Ι
2432 1075 2580 1132 DCC.
2779 1086 2821 1130 γ
2926 1075 3034 1130 Psi.

1826 1144 1951 1218 ξξί.Δ
2373 1144 2383 1218 |
2773 1152 2822 1198 Ω
2925 1148 2976 1218 Q
3007 1146 3180 1218 longa.

1824 1215 2028 1286 COphe.
2373 1215 2668 1279 lDCCCC.
2775 1230 2862 1331 ῆς
2938 1215 3467 1276 Eunaeum/Elide.

285 1381 449 1454 193
473 1380 765 1436 Numerant
789 1389 968 1435 autem
991 1382 1094 1440 ita:
1120 1381 1248 1448 mia,
1271 1380 1382 1448 dia,
1409 1381 1532 1449 tria,
1564 1389 1789 1451 tessera,
1822 1394 1869 1452 Α
1894 1385 2246 1451 cauteriatam
2274 1386 2471 1444 habent
2496 1404 2648 1444 suam
2677 1392 3080 1457 conscientiam,
3118 1391 3357 1448 dicentes
3411 1407 3470 1446 se

204 1481 394 1542 pente,
418 1487 544 1537 exa,
569 1479 716 1541 epla,
751 1471 909 1542 ogda,
939 1487 1062 1538 nea,
1091 1471 1242 1538 deca,
1273 1470 1427 1539 icosi,
1458 1473 1669 1544 triepta,
1709 1489 1798 1530 se-

207 1571 388 1631 renta,
412 1562 644 1631 nirenta,
676 1571 883 1626 exettta,
911 1562 1241 1631 ebdominta,
1271 1564 1601 1636 ogdontinta,
1625 1581 1794 1621 enne-

203 1657 402 1724 minta,
424 1665 634 1723 ecaton,
657 1656 857 1723 diacos,
879 1665 1141 1724 tetracos,
1159 1669 1434 1729 pentacos;
1463 1673 1680 1728 exacos,
1709 1661 1798 1718 eb-

201 1748 393 1816 daeos,
422 1748 674 1821 ogdacos,
701 1763 954 1813 ennacos,
985 1757 1090 1804 etc.
1118 1747 1290 1822 (273).

583 1838 870 1911 Exemplar
895 1839 1126 1909 epistola:
1154 1840 1417 1910 formatae.

272 1929 731 1994 CCCCXXXVIII.
753 1931 886 2005 (lvo,
908 1938 1048 2004 part.
1067 1947 1142 1988 vt.
1171 1945 1221 1988 c.
1253 1929 1404 2003 454.)
1421 1929 1477 1986 In
1497 1930 1711 1986 nomine
1732 1943 1791 1990 Π.

196 2026 406 2093 Patris,
459 2037 512 2082 et
539 2037 598 2091 Υ,
625 2025 767 2091 Filii,
795 2032 849 2078 et
871 2033 932 2089 Δ,
964 2021 1194 2093 Spiritus
1232 2022 1428 2078 sancti.
1484 2020 1797 2076 Rathbodus

199 2125 409 2170 sancta:
436 2114 784 2170 Treverensis
815 2111 1064 2167 Ecclesiae
1101 2126 1166 2166 ac
1211 2109 1385 2182 plebis
1423 2107 1590 2180 ipsius
1620 2109 1797 2164 Immi-

198 2206 269 2261 lis
300 2205 550 2270 famulus,
590 2203 849 2259 Rotbertn
871 2200 1166 2258 reverendo
1193 2208 1396 2256 sancta:
1423 2198 1676 2254 Metensis
1698 2199 1798 2254 Ec-

201 2293 384 2353 clesia:
415 2296 667 2361 antistiti,
698 2295 751 2350 in
775 2293 990 2349 Christo
1017 2301 1296 2362 pastorum
1318 2290 1558 2363 principe
1580 2305 1797 2345 mansu-

200 2403 324 2443 ram
370 2403 492 2442 cum
533 2387 728 2459 gaudio
776 2383 1150 2456 prosperitatis
1185 2398 1249 2439 ac
1282 2383 1656 2454 perpetuitatis
1677 2383 1794 2452 glo-

199 2480 364 2534 riam.
394 2479 616 2534 Decreta
647 2485 952 2533 sanctorum
987 2483 1348 2531 trecentorum
1381 2474 1568 2530 decem
1594 2483 1647 2529 et
1673 2484 1796 2530 octo

192 2571 425 2626 Patrum
455 2569 646 2625 Nicaeae
668 2568 1082 2623 constitutorum
1112 2564 1466 2622 saluberrima
1489 2573 1792 2629 servantes,

193 2660 316 2715 Deo
347 2660 562 2731 dignam
599 2659 848 2729 piamque
889 2657 1276 2714 fraternitatem
1334 2665 1566 2714 vestram
1630 2672 1795 2712 cano-

1897 1492 2018 1534 esse
2038 1478 2334 1549 simplices,
2379 1494 2501 1536 cum
2531 1482 2638 1538 sint
2662 1486 2858 1539 astutia
2885 1483 3148 1540 diabolica
3181 1483 3388 1554 repleti,
3415 1493 3471 1539 et

1895 1581 1993 1637 pro
2020 1583 2182 1638 opere
2202 1569 2414 1639 pietatis
2433 1570 2617 1628 dicunt
2640 1588 2702 1628 se
2719 1574 2786 1629 de
2808 1574 2924 1630 loco
2937 1574 3004 1629 ad
3029 1574 3202 1630 locum
3221 1573 3471 1636 transire.

1895 1674 2016 1721 cum
2043 1659 2151 1714 sint
2192 1674 2289 1714 sua
2327 1659 2528 1716 malitia
2568 1661 2800 1719 faciente
2842 1661 3070 1736 fugitivi,
3097 1672 3152 1719 et
3189 1664 3375 1719 dicunt.
3413 1678 3474 1718 se

1895 1764 2016 1805 esse
2061 1749 2360 1807 ministerio
2404 1767 2561 1808 sacro
2608 1753 2864 1820 incertos,
2915 1769 3040 1810 cum
3061 1768 3166 1810 non
3190 1754 3318 1819 sint,
3356 1763 3472 1809 sta-

1896 1845 2069 1893 tutum
2118 1848 2197 1896 est
2244 1855 2276 1894 a
2333 1841 2534 1898 sanctis
2575 1841 2818 1912 patribus
2892 1843 3163 1899 neminem
3213 1843 3472 1898 clericum

1895 1928 2128 1985 alienum
2195 1937 2252 1985 et
2314 1930 2556 2002 ignotum
2603 1931 2770 2002 recipi
2835 1931 2903 1986 ad
2967 1931 3149 2002 aliquo
3199 1931 3472 2002 episcopo,

1894 2031 1949 2078 et
2004 2023 2359 2079 inthronizari
2440 2023 2493 2080 in
2551 2039 2649 2080 sua
2713 2024 2994 2092 Ecclesia,
3068 2025 3172 2081 nisi
3209 2024 3472 2080 habeata

1893 2113 2109 2184 proprio
2128 2114 2377 2185 episcopo
2392 2113 2668 2186 epistolam
2686 2130 2804 2185 qua:
2830 2115 2882 2170 in
2911 2115 3208 2172 canonibus
3227 2113 3472 2170 nomina-

1895 2213 1983 2259 tur
2009 2204 2253 2260 formata.
2287 2205 2410 2262 Ideo
2442 2213 2627 2261 notum
2658 2204 2886 2262 facimus
2927 2204 3238 2277 paternitati
3280 2212 3474 2261 vestra:

1894 2297 2034 2366 quod
2067 2311 2304 2367 praesens
2333 2296 2499 2352 frater
2541 2297 2702 2369 198
2731 2305 2912 2354 noster
2953 2298 3145 2353 harum
3170 2297 3470 2352 litterarum

1892 2388 2143 2458 portitor,
2172 2388 2390 2445 nomine
2446 2389 2752 2456 Adruinus,
2811 2405 2918 2446 non
2971 2405 3069 2460 pro
3095 2404 3195 2446 sua
3235 2389 3470 2458 nequitia

1893 2478 2150 2548 expulsus
2197 2487 2332 2534 esta
2384 2479 2579 2543 nobis;
2628 2478 2723 2534 sed
2764 2477 3160 2549 postulantibus
3217 2477 3475 2532 fratribus

1894 2566 2114 2632 nostris,
2159 2581 2225 2622 eo
2255 2567 2397 2638 quod
2427 2582 2494 2623 ex
2533 2565 2735 2622 familia
2766 2575 2952 2622 nostra
2983 2565 3082 2621 fuit
3116 2566 3285 2638 (274),
3325 2565 3476 2621 dedi-

1897 2675 2014 2714 mus
2032 2659 2082 2712 ei
2109 2657 2411 2713 libertatem
2436 2666 2704 2730 receptam
2739 2671 2768 2712 a
2786 2672 2954 2713 cornu
2985 2655 3170 2711 altaris
3192 2655 3473 2721 canonice,

191 2751 324 2806 nice
345 2751 703 2822 aggredimur,
727 2759 782 2803 et
804 2748 904 2804 sub
925 2750 1140 2804 nomine
1171 2747 1413 2804 formatae
1446 2739 1684 2818 epistola:
1700 2763 1788 2803 re-
1820 2760 1864 2820 Β
1891 2757 1946 2805 et
1987 2749 2354 2804 ordinavimus
2399 2764 2522 2804 eum
2572 2748 2640 2804 ad
2671 2748 2894 2819 gradum
2973 2745 3326 2836 presbyterii;
3385 2747 3472 2802 cui

189 2851 453 2898 verenter
478 2850 707 2897 vestram
734 2841 1075 2896 sanctitatem
1123 2839 1355 2904 adimus,
1395 2839 1548 2894 vobis
1584 2838 1792 2894 scilicet

191 2933 507 2992 lntimando
542 2934 666 3005 quia
709 2932 960 3004 pnesenti
1008 2931 1321 3004 presbytero
1359 2940 1539 2987 nostra
1575 2931 1791 2986 nomine

193 3025 508 3082 Cislemaro
537 3026 634 3079 has
661 3022 996 3078 dimissorias
1029 3021 1270 3077 dedimus
1292 3021 1521 3087 litteras,
1551 3035 1710 3091 quem
1735 3021 1790 3075 in

192 3124 390 3170 nostra
413 3113 628 3169 dioecesi
659 3110 1022 3167 ecclesiastiee
1049 3109 1356 3176 educatum,
1384 3111 1448 3166 de
1476 3110 1664 3164 ordine
1684 3110 1793 3164 cle-

195 3202 411 3262 ricatus
432 3203 496 3259 ad
521 3204 921 3275 presbyteratus
964 3201 1308 3272 proveximus
1347 3199 1594 3272 gradum,
1621 3209 1679 3256 ut
1707 3199 1792 3255 his

194 3299 485 3356 canonicis
515 3298 752 3353 munitus
796 3295 1037 3367 apicibus
1059 3309 1179 3349 eum
1215 3303 1398 3348 nostra
1421 3292 1633 3348 licentia
1662 3293 1710 3347 ei
1736 3292 1789 3346 in

196 3401 389 3446 vestra
419 3388 691 3459 partecbia
718 3387 818 3443 sub
851 3385 1162 3442 defensione
1199 3400 1264 3440 ac
1293 3384 1550 3454 regimine
1597 3391 1790 3438 veslm

195 3483 388 3538 chara:
433 3479 731 3537 dilectionis
777 3479 972 3549 degere
1019 3477 1221 3541 liceat;
1268 3475 1526 3544 illumque
1572 3475 1625 3530 in
1666 3475 1786 3529 sinu

193 3583 406 3629 sancta:
428 3572 616 3628 matris
641 3571 893 3626 Ecclesia:
919 3569 1174 3624 canonice
1201 3559 1487 3622 fovendum
1511 3580 1573 3620 ac
1596 3580 1786 3636 regen-

194 3666 329 3721 dum
358 3663 508 3719 vobis
529 3662 931 3720 committimus.
957 3659 1106 3716 lianc
1127 3674 1255 3730 ergo
1280 3655 1556 3726 epistolam
1585 3655 1789 3711 Grzecis

195 3755 401 3811 litteris
426 3755 552 3810 hinc
577 3753 704 3808 inde
724 3752 942 3806 munire
977 3750 1335 3816 decrevimus,
1359 3756 1414 3802 et
1457 3747 1656 3802 annulo
1681 3746 1789 3802 Ec~

195 3846 382 3902 clesire
417 3845 576 3916 197
608 3853 806 3900 nostrae
834 3841 1038 3898 bnllare
1067 3842 1392 3898 censuimus.
1422 3840 1671 3896 Christus
1695 3855 1789 3910 pa-

194 3945 409 3993 storum
433 3927 678 4006 princeps
699 3935 1000 3990 interventu
1023 3933 1166 3988 beati
1191 3932 1358 3998 Petri,
1380 3931 1464 3988 cui
1484 3931 1789 4002 specialiter

193 4027 345 4082 ovile
377 4026 710 4082 Dominicum
757 4025 1102 4081 commissum
1132 4034 1235 4090 est,
1259 4024 1652 4080 fraternitatem
1696 4039 1787 4080 ve-

1891 2841 2055 2896 etiam
2096 2840 2195 2896 has
2219 2839 2550 2896 dimissorias
2597 2839 2710 2896 sive
2746 2838 3212 2896 commendatitias
3260 2838 3469 2894 litteras

1892 2928 2135 2996 fecimus,
2152 2940 2206 2988 et
2218 2947 2339 2988 eum
2355 2931 2420 2986 ad
2435 2941 2671 2988 vestram
2687 2931 3065 2987 dilectissiman
3081 2928 3472 2986 fraternitaqu

1891 3021 2189 3093 dirigimus,
2235 3031 2292 3077 ut
2318 3023 2372 3077 in
2425 3029 2603 3077 vestra
2644 3021 2918 3093 parcechia
2962 3022 3062 3078 sub
3094 3029 3277 3078 vestro
3316 3036 3471 3078 sacro

1892 3115 2151 3187 regimine
2197 3124 2251 3170 et
2269 3113 2578 3170 defensione
2619 3112 2915 3169 consistere
2953 3111 3150 3169 valeat.
3196 3112 3334 3184 Ego,
3383 3112 3467 3168 in-

1890 3223 2074 3278 quam,
2102 3207 2154 3263 in
2183 3208 2396 3264 nomine
2421 3219 2481 3274 II,
2507 3207 2702 3273 Patris,
2729 3215 2784 3262 et
2806 3218 2867 3272 Υ,
2905 3206 3050 3274 Filii,
3071 3212 3127 3264 et
3149 3213 3210 3274 A,
3233 3205 3469 3278 Spiritus

1891 3300 2083 3365 sancti,
2128 3306 2184 3354 et
2235 3297 2289 3354 in
2313 3299 2519 3356 unitate
2558 3308 2760 3355 sancta:
2796 3299 3070 3368 Ecclesiae,
3097 3299 3150 3354 in
3183 3313 3287 3370 qua
3310 3298 3472 3355 Petro

1891 3392 2073 3448 datum
2123 3401 2208 3450 est
2239 3393 2330 3465 jus
2371 3392 2569 3464 ligandi
2592 3402 2752 3462 atque
2776 3392 3034 3458 solvendi,
3066 3392 3285 3449 absolvo
3313 3392 3469 3450 Dado

1890 3485 2108 3541 humilis
2140 3486 2422 3556 episcopus
2467 3486 2834 3557 presbyterum
2875 3485 3176 3541 Adruinum
3219 3485 3290 3540 de
3338 3485 3470 3540 civi-

1891 3582 2002 3630 tate
2029 3573 2401 3641 Wirdunensi,
2434 3574 2721 3630 indictione
2744 3574 2798 3639 9,
2824 3582 2880 3628 et
2905 3573 3176 3629 licentiam
3201 3573 3271 3630 do
3295 3573 3467 3635 vobis.

1891 3662 2188 3729 Rathbode,
2217 3662 2540 3719 venerabilis
2591 3662 3023 3733 archiepiscope,
3074 3661 3471 3724 intbronizandi

1889 3767 2012 3808 eum
2057 3753 2110 3808 in
2140 3766 2456 3823 quacunque
2484 3751 2712 3808 ecclesia
2760 3750 2918 3806 vultis
2942 3758 3134 3807 vestrae
3157 3749 3466 3821 parmcbi’w.

1889 3845 2148 3901 Dilectam
2172 3845 2551 3916 paternitatem
2573 3853 2808 3899 vestram
2835 3843 3092 3898 virtutum
3134 3841 3358 3897 ﬂoribus
3387 3840 3473 3895 in-

1889 3935 2140 4008 signitam
2205 3934 2542 4004 omnipotens
2612 3933 2754 3990 Deus
2820 3947 3142 3990 conservare
3197 3931 3470 4001 dignetur.

1891 4026 2082 4081 Amen.
2111 4035 2170 4082 II.
2197 4036 2256 4082 Υ.
2284 4031 2340 4079 Δ.
2364 4034 2423 4082 n.
2455 4037 2509 4079 A.
2541 4033 2599 4082 Α.
2633 4037 2684 4080 P.
2719 4037 2774 4080 A.
2799 4033 2860 4080 6.
2892 4037 3215 4080 nccuxvtn.
3254 4021 3390 4076 Data
3415 4035 3468 4075 v.

195 4127 375 4172 stram
414 4117 486 4171 ad
519 4116 816 4172 custodiam
858 4115 939 4172 sui
974 4115 1152 4188 gregis
1190 4115 1278 4170 ditt
1326 4116 1481 4171 nobis
1509 4123 1789 4171 conservet
1815 4129 1860 4192 ο
1889 4115 1966 4171 ld.
2012 4115 2157 4182 Maii,
2200 4131 2341 4173 anno
2388 4115 2678 4172 Dominicae
2717 4114 3103 4171 incarnationis
3129 4127 3365 4176 accccvt,
3389 4111 3470 4165 in-

196 4207 551 4264 incolumem.
588 4208 782 4264 Amen.
809 4218 867 4265 n.
897 4219 956 4266 1'.
991 4216 1052 4264 Δ.
1079 4219 1136 4264 n.
1162 4220 1214 4263 P.
1247 4217 1308 4262 ο.
1339 4218 1396 4262 c.
1434 4219 1491 4265 Υ.
1514 4217 1576 4265 Θ.
1602 4218 1782 4265 Attum.

199 4298 430 4354 Summa
455 4300 646 4357 horum
680 4315 944 4355 quxnx.
975 4299 1111 4354 Data
1138 4298 1392 4356 Treveris
1427 4299 1561 4354 Idib.
1590 4298 1782 4356 Octob.

195 4407 347 4448 anno
403 4391 694 4448 Dominicae
744 4391 1131 4448 incarnationis
1179 4407 1393 4448 nccecvt
1422 4431 1438 4460 ,
1498 4391 1786 4450 indictione

194 4498 364 4540 nona.
401 4495 460 4540 ll.
485 4495 542 4541 Υ.
563 4494 620 4542 Δ.
653 4495 710 4541 Π.
740 4496 794 4540 Δ.
821 4497 877 4544 Ρ.
902 4495 958 4540 Δ.
981 4493 1043 4541 Θ.

733 4575 868 4632 Item
887 4577 994 4631 alia
1015 4577 1252 4650 epistola.

269 4666 686 4724 CCCCXXXIX.
711 4668 840 4739 (lvo,
861 4678 1000 4739 part.
1018 4685 1095 4736 Vl,
1110 4668 1313 4738 c.4155.)
1330 4667 1784 4726 Reverentissimo

195 4766 254 4812 et
278 4758 620 4814 sanctissimo
642 4757 924 4814 Rathbodo
947 4769 1147 4816 sanetae
1165 4758 1512 4815 Treverensis
1534 4757 1785 4814 Ecclesiae

194 4848 604 4919 archiepiscopo
643 4849 790 4903 Dado
832 4849 1208 4905 Wirdunensis
1258 4849 1513 4904 Ecclesia}
1561 4850 1784 4904 devotus

194 4941 378 5011 gregis
412 4940 612 4996 Christi
653 4939 884 4996 famulus
907 4941 963 4996 in
989 4941 1214 4995 Domino
1239 4957 1366 4996 vero
1387 4942 1532 5012 Rege
1557 4955 1784 4996 summa:

192 5030 472 5086 felicitatis
515 5030 917 5087 beatitudinem.
957 5031 1290 5102 (Buncusnn.
1335 5031 1429 5086 lib.
1463 5048 1522 5097 ιι,
1554 5047 1604 5087 c.
1630 5030 1782 5103 227.)

189 5121 332 5177 Cum
360 5133 544 5178 sancta
567 5123 832 5179 catholica
868 5123 1106 5180 Ecclesia
1147 5131 1389 5194 prompta
1415 5125 1487 5179 sit
1508 5124 1658 5193 sequi
1689 5122 1784 5179 do-

188 5221 447 5268 cumenta
465 5207 806 5286 'evangelica,
834 5229 953 5285 qua
978 5215 1196 5271 dicunt:
1230 5215 1335 5280 Qui
1358 5216 1537 5286 recipit
1557 5215 1779 5285 prop/te-

191 5316 305 5359 lam
335 5305 390 5358 in
413 5307 616 5361 nomine
643 5307 922 5377 prophetae,
947 5307 1230 5362 mercedem
1255 5306 1514 5377 prapltetaa
1542 5306 1780 5376 accipiet;

191 5405 242 5450 et
280 5395 371 5464 qui
392 5397 567 5466 recipit
584 5397 813 5467 justum,
840 5406 981 5463 etc.;
1011 5405 1067 5452 et
1089 5397 1376 5467 Apostolus
1394 5396 1581 5466 iubeat
1607 5396 1782 5467 hospi-

196 5484 463 5540 talitatem
487 5487 682 5541 sectari
700 5487 1174 5543 etnecessitatibus
1202 5496 1510 5542 sanctorum
1539 5488 1780 5543 virorum

193 5575 598 5632 communicare
623 5592 637 5643 ;
663 5585 839 5632 tamen
868 5577 958 5648 qui
987 5576 1110 5650 [leg.
1139 5586 1360 5648 propter
1380 5591 1474 5633 eos
1497 5577 1588 5647 qui
1607 5576 1777 5649 caut.]

271 5730 420 5800 (273)
450 5731 556 5787 lsta
587 5741 713 5789 sunt
735 5733 886 5788 valde
913 5743 1186 5802 corrupta.
1222 5732 1327 5787 Sed
1363 5747 1484 5790 cum
1531 5731 1683 5791 facile
1711 5733 1781 5790 sit

199 5800 288 5854 illa
319 5803 608 5876 corrigere,
633 5803 765 5859 nihil
795 5813 1003 5860 mutare
1032 5800 1314 5860 voluimus.

1888 4208 2120 4264 dictione
2148 4207 2200 4264 9.

2063 4297 2142 4353 De
2171 4297 2522 4352 ordinatione.
2550 4295 2634 4350 Ea:
2653 4295 2871 4366 epistola
2903 4293 3100 4352 Gelasii
3128 4307 3297 4363 papre.

1953 4407 2237 4466 CCCCXL.
2289 4405 2529 4481 (Decreta
2556 4406 2798 4473 Gsusn,
2825 4420 2874 4462 c.
2905 4405 3006 4472 ll;
3062 4402 3174 4468 lvo,
3202 4411 3344 4474 part.
3391 4415 3462 4467 vt,

1885 4515 1934 4556 c.
1961 4500 2077 4571 74.)
2103 4499 2482 4558 Ordinationes
2513 4498 2950 4571 presbyterorum
2996 4505 3051 4552 et
3094 4496 3466 4559 diaconorum,

1883 4605 2003 4676 quae
2053 4590 2157 4646 nisi
2205 4590 2368 4647 certis
2409 4590 2739 4660 temporibus
2772 4596 2828 4643 et
2871 4587 3058 4644 diebus
3078 4585 3319 4642 exerceri
3359 4598 3466 4676 non

1884 4675 2101 4748 debent,
2136 4681 2312 4752 quarti
2365 4679 2490 4753 [leg.
2543 4680 2594 4735 id
2627 4689 2727 4742 est,
2762 4679 2920 4750 primi
2951 4687 3003 4733 et
3030 4676 3241 4750 quarti]
3268 4675 3468 4732 mensis

1877 4771 2101 4842 jejunio,
2148 4771 2382 4840 septimi,
2433 4779 2490 4826 et
2523 4769 2742 4836 decimi,
2769 4771 2862 4826 sed
2911 4770 3073 4826 etiam
3119 4765 3465 4838 quadragesi-
3551 4777 3566 4788 “

1884 4862 2040 4917 malis
2091 4859 2230 4917 initii
2275 4876 2340 4917 ac
2380 4859 2626 4916 mediana
2657 4859 3082 4930 quadragesimm
3116 4858 3225 4922 die,
3256 4854 3465 4910 sabbati

1875 4951 2083 5024 jejunio
2105 4953 2247 5009 circa
2274 4967 2552 5024 vesperam
2575 4951 2816 5006 noverint
2842 4949 3221 5013 celebrandas;
3253 4962 3352 5002 nec
3367 4962 3436 5001 cu

1877 5041 2100 5112 juslibet
2134 5041 2380 5097 utilitatis
2418 5055 2513 5096 seu
2541 5040 2702 5112 199
2731 5040 3101 5111 presbyterum
3135 5051 3228 5092 seu
3277 5036 3462 5090 diaco-

1883 5149 2010 5188 num
2041 5133 2124 5190 his
2145 5133 2398 5205 praeferre
2419 5131 2511 5204 qui
2543 5140 2667 5189 ante
2695 5133 2838 5205 ipsos
2860 5131 3060 5188 fuerint
3081 5127 3338 5194 ordinati,
3370 5127 3462 5181 ali-

1881 5224 2004 5295 quis
2031 5233 2336 5296 praesumat.

1884 5337 2123 5404 Qualiter
2146 5337 2413 5408 episcopus
2445 5336 2591 5408 delret
2627 5335 2859 5408 ordinent
2901 5333 3094 5402 facere.
3121 5329 3205 5386 Ea:
3239 5326 3459 5384 condito

2504 5405 2556 5459 Ν
2560 5404 2844 5459 annetensi.

1952 5495 2260 5554 CCCCXLI.
2318 5494 2538 5568 (Concil.
2595 5493 2825 5548 Nannet.
2876 5507 2924 5546 c.
2983 5492 3085 5555 Il;
3151 5490 3456 5544 Βυῐιεηωω.

1883 5586 1976 5642 lib.
2011 5603 2070 5653 II,
2101 5602 2150 5642 c.
2183 5588 2258 5657 Ι.)
2289 5587 2580 5658 Episcopus
2609 5585 2824 5654 quando
2863 5583 3230 5638 ordinationes
3281 5581 3457 5635 facere

1954 5737 2098 5809 (27.4)
2132 5735 2261 5793 Vide
2291 5751 2470 5806 supra,
2495 5750 2611 5804 cap.
2640 5735 2759 5789 5‘39.
