3884 5686
489 400 597 458 279

1534 396 1904 456 REGINONIS
1941 395 2355 456 PilUMlENSlS
2391 398 2604 457 ABBA‘I
2620 398 2681 457 IS
3637 394 3719 454 280

488 512 751 586 disponit,
778 528 968 571 omnes
1022 513 1114 586 qui
1144 515 1212 570 ad
1257 527 1471 570 sacrum
1510 513 1870 569 ministerium
1918 526 2071 569 acce-
2098 525 2145 581 Α
2175 514 2524 580 conﬁrmans,
2558 523 2834 585 totamque
2863 513 3181 569 Trinitatem
3209 513 3471 568 deitatem
3501 527 3720 569 coessen.

489 606 621 663 dere
646 605 853 672 volunt,
877 605 1011 662 feria
1053 614 1246 677 quarta
1283 613 1409 661 ante
1453 606 1623 676 ipsam
1667 604 2063 661 ordinationem

486 697 750 753 evocandi
777 705 904 753 sunt
926 694 994 752 ad
1013 696 1286 752 civitatem
1307 711 1414 751 una
1434 710 1557 751 cum
1583 694 2066 766 archipresbyteris

488 791 581 861 qui
617 805 712 847 eos
750 799 1137 863 repraesentare
1186 790 1400 847 debent.
1442 784 1509 845 Et
1546 798 1672 845 tunc
1711 789 1993 859 episcOpus
2034 803 2066 844 ο

485 880 657 938 latere
689 896 791 938 suo
814 881 1046 951 dirigere
1068 881 1230 937 debet
1251 881 1561 938 sacerdotes
1586 889 1641 935 et
1670 878 1807 935 alios
1829 879 2067 948 pruden-

484 985 570 1030 tes
590 975 739 1031 viros
766 990 966 1048 gnaros
989 975 1126 1048 legis
1152 975 1349 1031 divinae
1367 983 1423 1031 et
1450 972 1782 1055 exercitatos
1808 970 1860 1025 in
1892 968 2087 1025 eccle-v

484 1066 720 1124 siasticis
744 1067 1137 1133 sanctionibus,
1172 1069 1265 1140 qui
1286 1065 1710 1123 ordinandorum
1750 1063 1945 1129 vitam,
1968 1076 2065 1134 ge-

484 1172 612 1223 nus,
662 1158 931 1229 patriam,
963 1167 1223 1224 aetatem,
1276 1156 1702 1221 institutionem,
1755 1153 1932 1211 locum
1973 1152 2066 1208 ubi

482 1247 703 1303 educati
728 1255 875 1314 sunt,
898 1248 943 1304 si
970 1248 1080 1304 sint
1109 1249 1246 1304 bene
1274 1246 1524 1313 litterati,
1554 1245 1599 1301 si
1632 1246 1686 1299 in
1708 1243 1827 1316 lege
1850 1241 2066 1298 Domini

485 1336 775 1402 instructi,
826 1336 1115 1406 diligenter
1161 1335 1505 1409 investigent.
1558 1334 1704 1389 Ante
1749 1333 1972 1401 omnia,
2019 1332 2067 1387 si

490 1428 657 1484 ﬁdem
707 1428 1026 1487 catholicam
1076 1430 1307 1487 ﬁrmiter
1349 1438 1570 1485 teneant
1622 1436 1678 1484 et
1723 1427 1904 1482 verbis
1931 1426 2063 1482 sim—

484 1516 720 1588 plicibus
782 1519 1035 1575 adserere
1083 1528 1301 1591 queant.
1338 1519 1441 1590 Ipsi
1476 1526 1656 1574 autem
1712 1516 1909 1587 quibus
1960 1515 2064 1571 hoc

486 1610 847 1667 eo‘mmittitur
870 1625 1064 1668 cavere
1087 1611 1282 1668 debent
1320 1626 1391 1666 ne
1421 1618 1512 1665 aut
1541 1607 1947 1678 favoris‘gratia
1975 1613 2072 1660 aut

486 1700 856 1774 cujuscunque
898 1703 1140 1760 muneris
1188 1701 1481 1773 cupiditate
1528 1699 1694 1758 illecti
1739 1713 1771 1753 a
1819 1710 1950 1752 vero
1979 1696 2072 1752 de-

483 1793 675 1859 vient,
727 1802 788 1848 ut
832 1778 1199 1866 indignum"et
1245 1794 1423 1849 minus
1472 1791 1724 1848 idoneum
1775 1789 1843 1844 ad
1885 1802 2071 1844 sacros

2163 605 2347 660 tialem
2372 616 2427 661 et
2453 606 2967 663 consubstantialem
2990 614 3044 661 et
3085 604 3470 662 coacternalem
3494 614 3551 660 et
3570 620 3720 659 coom-

2162 701 2493 771 nipoteutem
2511 703 2846 771 praedicans,
2886 701 3157 774 sing-illam
3183 716 3463 772 quamque
3493 700 3545 755 in
3573 701 3721 755 Triuio

2167 800 2274 846 tate
2302 807 2587 862 personam
2608 794 2825 863 plenum
2856 793 3022 848 Deum
3053 801 3108 848 et
3143 801 3282 847 totas
3329 802 3451 846 tres
3494 806 3725 862 personas

2164 899 2331 939 unum
2362 886 2552 950 Deum,
2585 887 2629 942 si
2658 886 3085 941 incarnationem
3110 885 3348 939 divinam
3381 899 3495 938 non
3520 882 3571 937 in
3592 881 3722 938 Patre

2165 988 2338 1043 neque
2361 974 2413 1028 in
2445 974 2650 1045 Spiritu
2681 984 2869 1031 sancto
2898 974 3121 1042 factam,
3144 974 3237 1029 sed
3284 973 3338 1028 iu
3368 971 3516 1027 Filio
3546 981 3722 1049 tantum

2164 1064 2390 1131 credat;
2419 1067 2595 1137 utqui
2623 1074 2743 1121 erat
2783 1068 2836 1121 in
2866 1065 3151 1123 divinitate
3186 1063 3282 1118 Dei
3324 1062 3515 1117 Patris
3554 1060 3723 1125 Filius,
3812 1082 3813 1085 η

2166 1155 2281 1227 ipse
2324 1156 2480 1213 ﬁeret
2518 1159 2571 1212 in
2621 1158 2839 1214 homine
2890 1157 3123 1213 hominis
3162 1155 3353 1211 matris
3405 1154 3581 1218 ﬁlius,
3611 1153 3726 1207 Deus

2165 1260 2327 1302 verus
2354 1264 2418 1302 ex
2441 1247 2625 1313 Patre,
2647 1249 2812 1305 homo
2838 1263 2999 1303 verus
3040 1262 3109 1301 cx
3155 1254 3329 1301 matre
3353 1286 3371 1311 ,
3412 1259 3629 1301 carnem
3671 1258 3722 1297 ex

2168 1339 2355 1393 matris
2385 1338 2680 1395 visceribus
2720 1339 2927 1395 habens
2972 1346 3026 1394 et
3057 1337 3288 1391 animam
3334 1336 3630 1391 humanam
3658 1347 3725 1387 ra-

2168 1431 2444 1495 tionalem,
2471 1430 2630 1487 simul
2668 1432 2720 1487 in
2748 1446 2813 1487 eo
2834 1431 3114 1499 utriusque
3137 1437 3365 1492 natura,
3390 1427 3449 1481 id
3471 1434 3573 1491 est,
3594 1426 3724 1479 homo

2168 1530 2223 1577 et
2250 1521 2408 1593 201
2441 1521 2602 1588 Deus,
2631 1537 2737 1577 una
2765 1536 3019 1593 persona,
3043 1537 3180 1575 unus
3214 1518 3573 1584 Filius,unus
3602 1514 3725 1571 Chriv

2169 1622 2309 1679 stus,
2340 1628 2477 1669 unus
2509 1614 2786 1680 Dominus,
2822 1624 3194 1669 creaturarum
3223 1606 3493 1682 [creator]
3519 1606 3723 1662 omnium

2170 1719 2290 1775 qua:
2319 1715 2442 1760 sunt
2469 1713 2522 1759 et
2551 1686 2739 1761 auctor
2767 1713 2823 1761 et
2850 1704 3101 1760 dominus
3128 1709 3183 1758 et
3225 1714 3409 1757 rector
3451 1714 3573 1755 cum
3600 1697 3726 1752 Patre

2170 1806 2226 1853 et
2248 1796 2453 1868 Spiritu
2488 1806 2676 1853 sancto
2703 1797 2943 1853 omnium
2989 1805 3362 1851 creaturarum
3383 1834 3402 1859 ,
3447 1791 3541 1861 qui
3569 1803 3727 1859 passus

485 1882 686 1954 gradus
747 1883 1118 1955 ευεθίρίθηάοδ
1174 1883 1414 1954 episcopi
1471 1881 1720 1937 mann)“
1775 1879 2064 1950 αβριίοθηί·
2101 1877 2147 1937 Β
2174 1897 2257 1945 est
2276 1904 2404 1944 vera
2431 1890 2612 1945 carnis
2635 1888 2904 1959 passione,
2951 1896 3195 1943 mortuus
3227 1900 3357 1941 vera
3401 1882 3639 1954 corporis
3661 1880 3723 1935 sui

486 1971 641 2041 Quod
667 1974 711 2030 si
740 1972 986 2040 fecerint,
1017 1983 1074 2031 et
1110 1974 1200 2030 ille
1229 1975 1318 2046 qui
1348 1973 1566 2045 indigne
1604 1971 1851 2037 accessit,
1898 1972 1967 2027 ab
1991 1971 2073 2025 al-

484 2064 592 2120 tari
618 2066 1005 2131 removebitur,
1033 2075 1089 2122 et
1116 2066 1189 2121 illi
1221 2067 1313 2137 qui
1361 2067 1559 2121 donum
1609 2064 1788 2121 sancti
1833 2063 2069 2134 Spiritus

484 2156 724 2214 vendere
742 2159 921 2214 conati
964 2167 1117 2226 sunt,
1166 2175 1350 2216 coram
1408 2159 1519 2216 Deo
1552 2157 1666 2229 jam
1705 2159 2071 2226 condemnati,

489 2248 863 2306 ecclesiastica
889 2250 1151 2322 dignitate
1175 2253 1453 2308 carebunt.
1487 2251 1656 2323 igitur
1683 2266 1782 2323 per
1808 2259 1917 2306 tres
1942 2266 2072 2306 con-

485 2337 669 2394 tinuos
688 2337 803 2395 dies
823 2338 1109 2410 diligenter
1134 2340 1534 2397 examinentur.
1579 2340 1646 2395 Et
1687 2340 1765 2396 sic
1809 2338 2067 2406 Sahbato,

485 2426 582 2497 qui
609 2427 823 2498 probati
849 2429 1051 2485 inventi
1073 2439 1220 2497 sunt,
1235 2431 1487 2503 episcopo
1515 2438 1997 2501 repraesententur.

859 2522 1023 2594 2m
1057 2521 1142 2579 Ea:
1163 2524 1382 2580 concilio
1414 2523 1692 2579 Meldenai.

557 2610 888 2670 CCCCXLII.
922 2614 1146 2688 (Concil.
1180 2615 1343 2672 Held.
1378 2632 1429 2673 c.
1457 2616 1567 2684 52;
1611 2617 1922 2674 BURCBARD.
1971 2615 2067 2671 lib.

483 2717 550 2768 ιι,
572 2716 622 2758 c.
644 2701 725 2767 4.)
755 2702 820 2759 lli
851 2704 943 2774 qui
972 2705 1213 2761 ordinari
1266 2714 1525 2778 petuntur
1569 2706 1878 2761 nullatenus
1918 2706 2069 2761 ordi-

484 2805 689 2853 nentur
718 2797 825 2854 nisi
854 2797 1053 2856 inloco
1081 2805 1231 2856 certo
1259 2808 1314 2855 et
1343 2798 1599 2872 religioso
1627 2840 1642 2865 ,
1671 2799 1756 2853 vel
1805 2799 1970 2854 etiam
2014 2797 2068 2852 in

485 2887 729 2955 civitate,
759 2889 952 2946 saltem
977 2906 1086 2947 uno
1114 2906 1256 2947 anno
1295 2891 1668 2957 immorentur,
1696 2898 1755 2946 ut
1782 2891 1847 2946 de
1884 2890 1990 2945 vita
2017 2898 2073 2946 et

487 2980 904 3037 conversatione
925 2988 1088 3055 atque
1106 2980 1351 3038 doctrina
1375 2981 1585 3037 illorum
1608 2981 1876 3040 certitudo
1900 2982 2073 3053 possit

487 3070 707 3141 agnosci
736 3069 908 3143 (275).

547 3165 791 3232 Qualiter
825 3167 1095 3238 episcopus
1121 3167 1450 3238 ordinandus
1484 3168 1895 3226 examinabitur.
1927 3167 2013 3223 Ea:

959 3236 1182 3294 cunt-ilio
1211 3236 1634 3310 Carllragt'nensi.

559 3321 915 3383 CCCCXLIII.
939 3325 1163 3399 (Concil.
1189 3326 1439 3399 Carthag.
1474 3343 1548 3393 IV,
1577 3343 1628 3384 c.
1662 3329 1685 3383 l
1717 3345 1732 3396 ;
1762 3328 2068 3384 BURCHARD.

489 3416 588 3473 lib.
614 3431 657 3484 ι,
681 3432 731 3474 c.
762 3418 835 3485 8;
862 3417 974 3485 lvo,
1016 3427 1164 3490 part.
1191 3434 1244 3484 v,
1270 3435 1321 3475 c.
1350 3419 1458 3487 62;
1503 3420 1773 3477 GBATIAN.
1795 3420 1923 3477 dist.
1952 3420 2025 3475 2'5
2053 3435 2069 3487 ;

492 3523 546 3563 οε
570 3507 659 3580 2.)
678 3508 781 3577 Qui
810 3510 1096 3582 episcopus
1118 3510 1455 3567 ordinandus
1482 3519 1584 3577 est,
1615 3520 1776 3567 antea
1796 3510 2074 3567 examine-

491 3608 600 3665 tnr,
632 3601 677 3657 si
705 3610 900 3658 natura
940 3603 1178 3673 prudens
1204 3612 1308 3670 est,
1340 3602 1385 3659 si
1414 3602 1692 3669 docibilis,
1743 3603 1789 3658 si
1831 3601 2074 3657 moribus

490 3699 844 3762 temperatus,
877 3693 929 3750 si
952 3693 1061 3748 vita
1088 3702 1290 3760 castus,
1325 3694 1371 3750 si
1393 3694 1629 3761 sobrius,
1667 3694 1714 3749 si
1750 3708 1966 3763 semper
1991 3692 2074 3747 sui

490 3783 699 3852 negotii
722 3797 940 3849 cavens,
969 3784 1014 3840 si
1038 3785 1276 3851 humilis,
1298 3785 1345 3840 si
1384 3784 1635 3850 affabilis,
1667 3784 1714 3839 si
1743 3772 2074 3848 misericors,

492 3871 545 3926 si
589 3872 900 3940 litteratus,
939 3875 989 3929 si
1033 3875 1087 3930 in
1126 3874 1243 3946 lege
1289 3874 1505 3930 Domini
1553 3874 1853 3930 instructus
1881 3914 1896 3939 ,
1944 3873 1990 3928 si
2019 3872 2077 3927 in

493 3963 899 4036 Scripturarum
930 3968 1180 4024 sensibus
1206 3979 1428 4033 cautus,
1455 3969 1503 4024 si
1535 3969 1586 4024 in
1620 3968 1963 4040 dogmatibus
1988 3983 2078 4024 ec-

492 4055 814 4114 clesiasticis
844 4059 1193 4127 exercitatus,
1221 4067 1277 4117 et
1320 4068 1446 4116 ante
1486 4060 1698 4127 omnia,
1748 4059 1795 4116 si
1825 4058 1951 4116 ﬁdei
1981 4058 2075 4116 do-

492 4154 744 4201 cumenta
771 4148 954 4204 verbis
979 4148 1317 4221 simplicibus
1343 4157 1569 4215 asserat,
1602 4150 1655 4205 id
1685 4158 1768 4205 est
1784 4190 1816 4227 ,.
1832 4148 2073 4214 Patrem,

490 4243 549 4291 et
590 4235 805 4306 Filium,
836 4248 893 4295 et
944 4240 1204 4312 Spiritum
1256 4249 1504 4298 sanctum
1546 4258 1713 4298 unum
1760 4241 1929 4298 Deum
1956 4253 2079 4297 esse

543 4436 546 4439 η
563 4365 717 4511 ἕῖἾὲζ
742 4369 879 4427 Vide
913 4388 1077 4443 supra
1104 4388 1221 4445 cap.
1257 4374 1384 4431 539.

553 4468 557 4477 ι
587 4438 654 4511 27
744 4439 1078 4498 Pustremam
1111 4445 1265 4499 istius
1289 4460 1384 4511 cap

553 4438 712 4517 «ἃ,Ὶῆ
744 4438 1265 4517 Pgstreniamjsfius
1289 4444 1486 4517 capitis
1520 4452 1728 4517 partem
1776 4439 2080 4517 decurtavit

492 4505 726 4585 Regino.
774 4511 840 4564 Et
866 4520 1050 4585 tamen,
1077 4514 1166 4568 illa
1210 4505 1390 4585 magni
1438 4505 1695 4585 momenti
1742 4522 1845 4585 est.
1896 4512 2081 4585 Itaque

491 4592 594 4653 nos
614 4578 707 4634 hic
721 4594 851 4653 eant
864 4583 1180 4653 censuimus
1207 4578 1724 4653 esséreponendam
1759 4583 1811 4636 in
1852 4578 2080 4653 gratiam

490 4644 781 4724 lectorum.
819 4649 911 4724 Sic
956 4666 1082 4724 ergo
1125 4653 1284 4708 habet
1329 4654 1381 4708 in
1420 4644 1600 4724 capite
1641 4651 1824 4724 prium
1852 4644 2067 4705 Εὐιιοὶιῆ

493 4714 936 4799 Carthaginiensis
957 4714 1134 4799 quarti
1162 4739 1227 4799 ε]
1261 4723 1397 4799 Qum
1429 4714 1503 4799 _iii
1539 4723 1623 4776 his
1643 4714 1914 4776 'nmnihus
1941 4735 2071 4775 exa-

491 4790 751 4855 minatus,
787 4790 1036 4848 inventus
1062 4793 1226 4848 fuerit
1247 4793 1403 4863 plene
1428 4792 1746 4857 instructus,
1774 4799 1902 4846 tunc
1940 4804 2071 4846 con-

2174 1988 2366 2046 morte,
2396 1981 2693 2036 resurrexit
2720 1995 2847 2035 vera
2892 1979 3071 2035 carnis
3109 1992 3220 2033 suae
3246 1973 3640 2032 resurrectione
3662 1971 3722 2023 vel

2170 2073 2536 2144 resumptione
2564 2072 2712 2145 [alibi
2736 2071 2948 2142 legitur,
2970 2080 3025 2126 et
3052 2085 3178 2125 vera
3207 2068 3405 2123 animae
3448 2060 3723 2133 resumpt],

2170 2165 2225 2220 in
2251 2181 2359 2236 qua
2388 2165 2567 2220 veniet
2587 2162 2832 2232 judicare
2853 2161 3001 2219 vivos
3029 2169 3084 2217 et
3105 2168 3365 2215 mortuos.
3395 2156 3721 2226 Quaerendum

2170 2258 2333 2313 etiam
2369 2255 2437 2311 ab
2462 2272 2527 2312 eo
2566 2255 2612 2311 si
2652 2253 2787 2310 Novi
2817 2263 2871 2309 et
2897 2253 3110 2310 Veteris
3156 2249 3531 2312 Testamenti,
3572 2246 3619 2301 id
3640 2252 3721 2306 est,
3812 2246 3813 2273 ’

2171 2349 2329 2421 chis
2350 2355 2405 2402 et
2436 2347 2828 2418 Prophetarum
2873 2353 2929 2400 et
2967 2343 3371 2415 Apostolorum,
3400 2355 3568 2412 unum
3599 2350 3719 2393 eum-

2171 2439 2400 2508 demque
2433 2437 2621 2493 credat
2646 2443 2921 2491 auctorem
2950 2435 3137 2500 Deum,
3178 2433 3220 2489 si
3255 2432 3505 2489 diabolus
3528 2445 3624 2485 non
3649 2440 3721 2497 per

2172 2529 2534 2587 conditionem
2557 2529 2650 2584 sed
2664 2543 2762 2599 per
2785 2526 3067 2582 arbitrium
3090 2524 3267 2580 factus
3294 2523 3365 2578 sit
3389 2521 3581 2577 malus.
3599 2517 3718 2586 Qua:-

2172 2619 2397 2675 reudum
2421 2617 2585 2673 etiam
2622 2617 2689 2672 ab
2709 2629 2775 2672 eo
2802 2615 2846 2672 si
2870 2614 3056 2671 credat
3078 2612 3238 2685 hujus
3274 2628 3445 2683 quam
3486 2617 3719 2681 gestamus

2170 2717 2227 2765 et
2262 2723 2369 2763 non
2398 2707 2620 2762 alterius
2642 2705 2823 2763 carnis
2869 2703 3318 2761 resurrectionem
3342 2743 3357 2768 ,
3394 2703 3441 2757 si
3470 2698 3643 2756 credat
3654 2695 3719 2765 ju-

2171 2800 2370 2857 dicium
2402 2797 2664 2863 futurum,
2688 2806 2743 2853 et
2788 2803 3102 2868 recepturos
3142 2793 3383 2866 singulos
3410 2809 3512 2865 pro
3538 2789 3614 2845 his
3630 2799 3721 2856 qua:
3812 2844 3813 2851 η

2172 2890 2228 2946 in
2258 2890 2361 2945 hac
2405 2903 2567 2944 carne
2604 2895 2889 2959 gesserunt
2931 2884 3017 2940 vel
3052 2899 3241 2955 poenas
3284 2881 3371 2937 vei
3414 2878 3652 2952 ιιι·ωωία,
3685 2872 3720 2927 si

2174 2980 2389 3051 nuptias
2433 2994 2537 3035 non
2576 2978 2862 3048 improbet,
2890 2976 2936 3033 si
2979 2975 3218 3032 secunda
3258 2970 3598 3029 matrimonia
3639 2979 3721 3021 non
3812 3028 3813 3037 χ

2171 3074 2511 3139 condemnet,
2542 3073 2589 3129 si
2614 3073 2856 3128 carnium
2884 3069 3283 3143 perceptionem
3318 3083 3424 3122 non
3468 3063 3633 3134 culpet
3653 3099 3665 3125 ,
3684 3055 3720 3111 si

2173 3164 2560 3236 pmnitentibus
2593 3162 2956 3219 reconciliatis
2992 3158 3374 3223 communicet,
3426 3156 3474 3211 si
3506 3155 3557 3209 in
3586 3146 3721 3219 bapli-
3812 3194 3813 3231 ξ

2103 3242 2148 3304 C
2179 3271 2296 3311 smo
2320 3255 2501 3313 omnia
2527 3266 2769 3325 peccata,
2803 3253 2856 3309 id
2889 3261 2997 3318 est,
3028 3258 3137 3305 tam
3178 3248 3306 3304 illud
3337 3244 3597 3321 originale
3620 3254 3719 3296 con-

2175 3355 2403 3402 tractum
2432 3386 2449 3412 ,
2477 3361 2638 3416 quam
2684 3344 2772 3400 illa
2816 3357 2938 3415 quae
2973 3340 3277 3398 voluntarie
3322 3339 3556 3393 admissa
3597 3336 3719 3387 sunt.

2171 3430 2549 3504 dimittantur,
2592 3438 2637 3490 si
2662 3442 2820 3492 extra
2866 3431 3162 3489 Ecclesiam
3212 3428 3534 3485 catholicam
3581 3420 3721 3478 nullus

2171 3529 2426 3586 salvetur.
2450 3529 2585 3586 Cum
2612 3530 2666 3585 in
2696 3530 2784 3585 his
2807 3528 3116 3585 hominibus
3135 3526 3500 3590 examinatus,
3532 3518 3718 3594 pleniter

2171 3623 2470 3678 instructus
2496 3629 2739 3692 repertus
2761 3621 2941 3686 fuerit,
2974 3629 3103 3675 tunc
3126 3620 3409 3675 ordinetur
3440 3614 3604 3689 (276).

2243 3714 2406 3785 202
2432 3713 2673 3783 Qualiter
2695 3712 2996 3784 presbyteri
3029 3710 3116 3767 vel
3147 3708 3359 3765 diaconi
3392 3718 3521 3763 ante
3544 3702 3718 3760 ordina-

2174 3805 2374 3860 tionem
2398 3802 2481 3860 vel
2505 3811 2630 3875 post
2654 3802 3047 3858 ordinationem
3090 3800 3490 3862 examinentur,
3519 3793 3596 3865 vel
3618 3804 3721 3861 qua-

2174 3882 2298 3950 liter
2318 3895 2383 3950 de
2402 3910 2500 3949 suo
2525 3892 2824 3948 ministerio
2846 3891 3220 3954 discutiantur,
3250 3888 3302 3943 in
3325 3886 3583 3958 principio
3596 3880 3721 3937 istius

2174 3983 2337 4039 libelli
2367 3984 2501 4040 satis
2523 3997 2838 4055 expressum
2861 3990 2963 4047 est,
2990 3980 3079 4035 ubi
3105 3979 3363 4049 scriptum
3394 3984 3480 4034 est
3505 3974 3619 4048 quid
3640 3971 3715 4026 sita

2174 4078 2493 4147 presbytero
2515 4074 2920 4146 requirendum.
2948 4072 3015 4128 Et
3038 4072 3159 4127 ideo
3196 4069 3529 4141 superﬂuum
3548 4066 3717 4121 videtur

2177 4167 2347 4239 repeti
2374 4175 2429 4222 et
2455 4165 2640 4221 iterari
2671 4163 2813 4236 quod
2834 4162 2950 4233 jam
2981 4169 3193 4219 constat
3228 4175 3349 4215 esse
3383 4168 3637 4216 notatum.

2179 4378 2340 4423 sensu
2394 4363 2716 4420 clericorum
2771 4368 2826 4416 et
2871 4358 3133 4429 laicorum
3179 4363 3235 4410 et
3282 4363 3547 4411 conventu

2178 4419 2468 4509 provinciae
2515 4434 2889 4509 episcoporum
2917 4470 2932 4491 ,
2993 4426 3345 4509 masimeque.
3394 4419 3715 4509 metropolita-

2181 4496 2237 4562 in
2272 4506 2353 4560 vel
2392 4496 2714 4559 auctoritate
2749 4501 2833 4556 vel
2868 4498 3188 4568 prmsentia,
3223 4496 3513 4568 ordinetur
3548 4496 3712 4562 episeo-

2182 4591 2303 4647 pus.
2336 4573 2732 4647 rliurcbardus
2756 4581 2811 4647 e_t
2834 4565 2946 4634 lvo,
2980 4569 3106 4647 quia
3129 4583 3203 4647 ex_
3221 4565 3497 4647 βεεῑειίῑιιθ
3531 4573 3711 4647 ΨῬΡῨ

2173 4634 2321 4710 runt,
2358 4645 2519 4701 linem
2544 4645 2685 4698 haue
2710 4642 2867 4696 istius
2889 4634 3377 4710 capitisexhibc'nt
3397 4634 3709 4710 decurtatam.

2174 4706 2466 4773 Gratianus
2493 4713 2706 4768 aliunde
2725 4706 2998 4785 accepisse
3020 4708 3234 4785 videtur
3256 4722 3415 4785 quam
3438 4721 3508 4759 ex
3532 4706 3713 4759 istorum

2176 4785 2606 4851 collectionibus,
2633 4798 2758 4838 cum
2790 4778 3061 4852 integrum
3086 4779 3261 4833 locum
3301 4778 3522 4832 referat.

1741 4900 1995 4940 EXPLICIT
2034 4897 2289 4939 LIBELLUS
2323 4895 2541 4935 PRIMUS.

2603 4965 3648 4995 ___________________.___...

2403 4982 2594 4996 *-

1354 5092 1515 5165 203
1550 5062 1951 5187 lNClPlT
2006 5105 2316 5185 LIBER
2376 5101 2949 5184 SECUNDUS.

572 5392 647 5475 In
679 5390 996 5467 superiori
1028 5390 1252 5475 libello
1283 5392 1439 5475 quid
1469 5394 1774 5475 episcOpo
1811 5391 1912 5455 vel
1947 5392 2086 5470 ejus
2121 5388 2620 5475 ministris_cum
2651 5387 3108 5475 ecclesiasticis
3141 5383 3412 5475 virisusit
3444 5374 3709 5475 ageudﬂyj

493 5477 578 5576 et‘
605 5468 673 5531 in
720 5464 839 5564 sua
877 5472 1123 5566 synodo
1152 5464 1618 5556 requirendum
1650 5464 1727 5536 ei
1766 5481 1947 5532 Darte
1976 5464 2080 5520 Emi

2173 5469 2340 5510 ;m|1o
2414 5470 2549 5498 κτα.⁴
2578 5488 2585 5489 κ
2719 5466 2793 5494 λζ]
2839 5486 2877 5490 ,γ
2930 5483 2963 5486 κ-
3195 5464 3205 5484 Ι
3295 5464 3435 5486 ⁸Ι,,,,
3475 5481 3482 5488 Α
3519 5467 3533 5480 ι
