3944 6460
137 433 242 498 Ξ81

1119 439 1208 500 DE
1248 403 1525 501 ECCLES.
1567 443 1842 499 DESC’PL.
1889 444 2064 500 unm
2105 447 2258 504 DI‘O.
2291 483 2360 493 -
2397 451 2522 509 Lm.
2561 453 2622 511 ιι.

3337 457 3454 517 282⁵

141 567 308 622 debet
339 563 580 636 proprii
607 563 834 636 pastoris
861 563 1162 630 adventum,
1191 573 1244 620 et
1267 575 1324 620 ut
1350 581 1538 620 omnes
1563 566 1628 618 ad
1648 565 1763 634 ejus
1789 569 1837 626 Α
1867 568 2210 636 requirimus.
2255 571 2451 629 Cavete
2501 591 2566 630 ne
2611 575 2812 644 aliquid
2854 573 3226 642 abscondatis,
3272 585 3328 631 et
3371 591 3442 632 ex

137 657 428 732 synodum
479 658 583 713 die
622 657 960 712 denominata
1006 657 1442 726 impraetermisse
1481 666 1770 712 occurrant
1831 649 2086 714 'altcrius
2119 671 2338 730 peccato
2371 673 2544 718 vestra
2575 665 2668 718 ﬁat
2693 666 2984 720 damnatio.

137 748 496 804 omnimodis
520 763 598 802 ex
621 747 937 802 auctoritate
964 755 1271 802 sanctorum
1317 761 1580 801 canonum
1623 761 1764 816 pra:-

139 840 354 908 cipere,
387 847 454 894 et
483 839 780 893 minaciter
803 837 1120 893 denuntiare
1159 837 1301 907 quod
1327 838 1371 892 si
1403 837 1524 908 quis
1565 837 1767 906 absque

141 930 294 1001 gravi
347 930 705 986 necessitate
749 927 1000 992 defuerit,
1031 929 1216 997 procul
1253 927 1414 982 dubio
1455 943 1484 980 a
1527 942 1765 980 commu-

136 1021 302 1075 nione
328 1019 671 1076 Christiana
699 1018 768 1073 sit
788 1017 1140 1088 repellendus.
1156 1017 1357 1072 Deinde
1378 1017 1560 1071 ascitis
1581 1029 1763 1070 secum

139 1111 496 1182 presbyteris
525 1111 624 1182 qui
655 1111 746 1164 illo
773 1110 964 1164 inloco
985 1108 1259 1163 servitium
1289 1107 1484 1161 debent
1509 1105 1764 1160 exhibere

139 1204 306 1276 205
329 1205 636 1274 episcopo,
669 1202 926 1273 quidquid
953 1201 1018 1255 de
1047 1199 1344 1254 minoribus
1374 1207 1428 1253 et
1473 1197 1762 1252 levioribus

142 1294 322 1350 causis
349 1295 652 1364 corrigere
693 1300 890 1364 potest,
927 1289 1219 1346 emendare
1251 1296 1491 1358 satagat;
1531 1297 1589 1342 ut
1625 1303 1762 1357 pon-

141 1384 276 1440 tifex
297 1385 554 1440 veniens
577 1397 920 1454 nequaquam
947 1380 998 1435 in
1025 1379 1354 1434 facilioribus
1379 1377 1607 1450 negotiis
1637 1377 1760 1432 fati-

142 1487 319 1550 getur,
351 1486 458 1534 aut
509 1477 592 1531 ibi
633 1475 910 1532 immorari
954 1473 1183 1544 amplius
1227 1487 1443 1526 necesse
1485 1473 1554 1526 sit
1596 1485 1756 1540 quam

140 1582 380 1638 expensa
417 1565 688 1622 suﬂiciat.
735 1567 826 1620 Ait
865 1564 1008 1618 enim
1053 1563 1310 1616 Dominus
1339 1563 1404 1614 ad
1443 1561 1656 1630 Moysen
1692 1561 1758 1614 de

139 1663 456 1734 hujusmodi
492 1660 947 1732 cooperatoribus
973 1678 984 1712 :
1015 1656 1080 1712 Ut
1114 1667 1280 1712 tecum
1315 1665 1596 1710 sustentent
1625 1671 1754 1709 onus

141 1755 338 1828 pepuli,
367 1765 420 1809 et
453 1771 572 1809 non
615 1765 674 1808 tu
701 1753 846 1809 solus
867 1753 1094 1819 graveris
1124 1749 1312 1820 (Num.
1337 1749 1436 1820 ιι).
1478 1749 1540 1803 Ει
1566 1749 1756 1804 beatus

143 1847 374 1904 hmines
408 1845 671 1915 Baptista
717 1845 1004 1899 adventum
1052 1841 1262 1896 Domini
1298 1839 1578 1912 praecurrit
1619 1853 1754 1908 pra:-

2113 747 2240 803 Post
2278 753 2388 805 Iuro
2421 753 2492 806 ita
2520 770 2612 824 per
2635 755 2865 808 ordinent
2894 757 3189 825 interroget.

1935 837 1999 894 ν.
2029 838 2354 911 (Buncusan.
2383 843 2477 899 lib.
2511 861 2549 911 ι,
2581 861 2629 900 c.
2663 845 2775 919 94.)
2817 847 2867 900 1.
2903 847 2996 902 Est
3035 849 3086 902 in
3131 849 3230 904 hac
3261 861 3440 918 parat-

1865 925 1987 981 chia
2011 928 2275 986 homicida
2299 973 2312 996 ,
2338 934 2442 1002 qui
2477 935 2747 991 hominem
2795 947 2888 992 aut
2927 947 3221 1008 spontanea
3248 939 3438 993 volun-

1863 1026 1994 1084 tate,
2025 1028 2118 1074 aut
2151 1023 2460 1094 cupiditatis
2490 1034 2581 1079 aut
2620 1027 2928 1096 rapacitatis
2957 1043 3138 1094 causa,
3168 1038 3261 1082 aut
3281 1043 3434 1092 casu,

1863 1117 1953 1161 aut
1997 1109 2201 1177 nolens,
2232 1121 2288 1166 et
2327 1123 2564 1180 coactus,
2605 1127 2698 1169 aut
2723 1131 2820 1185 pro
2858 1115 3089 1170 vindicta
3133 1125 3436 1187 parentum,

1860 1200 2001 1270 quod
2029 1201 2226 1256 faidam
2253 1203 2500 1268 dicimus,
2527 1197 2619 1259 aut
2643 1207 2694 1260 in
2731 1205 2887 1272 bello,
2913 1207 3172 1277 autjussu
3211 1206 3438 1273 domini,

1860 1299 1950 1344 aut
1981 1291 2251 1359 praprium
2281 1308 2493 1348 servum
2519 1295 2812 1352 occiderit?

1928 1381 2090 1452 206
2123 1383 2178 1436 '2.
2215 1383 2308 1438 Est
2343 1385 2538 1455 aliquis
2565 1388 2851 1458 parricida,
2879 1397 2970 1442 aut
3011 1387 3307 1453 fratricida,
3343 1387 3437 1456 qui

1855 1480 2086 1540 patrem,
2109 1480 2360 1539 matrem,
2393 1474 2637 1542 fratrem,
2665 1491 2928 1544 sororem,
2971 1477 3315 1543 avunculum,
3345 1483 3440 1531 aut

1858 1561 2088 1632 aliquem
2131 1573 2408 1633 parentem
2439 1565 2804 1622 interfecerit?

1924 1652 1978 1706 5.
2021 1653 2116 1707 Est
2153 1653 2344 1723 aliquis
2368 1656 2456 1724 qui
2477 1643 2858 1728 presbyterum
2887 1665 2979 1712 aut
3018 1657 3304 1713 diaconum
3343 1664 3438 1712 aut

1854 1742 2084 1813 aliquem
2115 1745 2430 1801 clericorum
2459 1747 2721 1802 occiderit
2745 1746 2830 1802 vel
2849 1747 3052 1827 ‘aliquo
3079 1747 3320 1803 membro
3345 1747 3440 1803 de-

1853 1836 2218 1889 truncaverit?
3193 1863 3196 1866 ’

144 1919 370 1992 dicando
393 1937 640 1991 dicens:
665 1933 1030 1990 Paenitentiam
1061 1935 1229 2002 agite,
1257 1929 1360 1986 etc;
1396 1929 1608 2002 (Matth.
1642 1929 1744 2000 ιιι).
1779 1931 1825 1990 Β
1921 1925 1975 1978 4.
2013 1926 2108 1980 Est
2146 1927 2339 1998 aliquis
2381 1927 2466 1984 vel
2517 1928 2692 2000 aliqua
2737 1929 2828 1998 qui
2868 1929 3124 1985 infantem
3158 1929 3432 2001 preprium

143 2027 208 2082 Et
243 2027 392 2082 idem
423 2045 462 2081 ~:
521 2025 729 2080 Parate
775 2029 910 2080 viam
955 2023 1180 2077 Domino
1228 2020 1426 2092 (ibid.).
1471 2019 1748 2090 Siquidem

143 2118 430 2188 episcopus
487 2117 675 2172 vicem
733 2115 932 2172 Christi
996 2130 1153 2185 agere
1222 2113 1452 2167 videtur.
1511 2113 1578 2166 Et
1629 2111 1750 2167 ideo

145 2224 260 2264 cum
306 2208 520 2281 gaudio
553 2251 572 2276 ,
632 2209 823 2264 timore
877 2217 929 2264 et
978 2222 1186 2263 summa
1219 2207 1518 2262 reverentia
1567 2222 1596 2260 a
1637 2206 1750 2277 ple-

147 2300 292 2356 bibus
333 2300 440 2356 sibi
467 2300 738 2371 subjcctis
784 2297 1153 2370 suscipiendus
1197 2309 1315 2364 est,
1365 2307 1424 2352 ut
1471 2299 1573 2352 illis
1622 2314 1748 2354 cum

147 2389 292 2446 laude
321 2391 554 2446 dicatur
598 2391 740 2461 quod
769 2390 1059 2462 Apostolus
1093 2389 1368 2460 discipulis
1401 2389 1549 2444 dicit.
1582 2387 1748 2444 Testi-

149 2482 372 2536 monium
397 2522 416 2548 ,
463 2482 675 2552 inquit,
703 2483 842 2538 vobis
885 2483 1124 2552 perhibeo
1159 2483 1298 2554 quod
1333 2483 1406 2534 ita
1451 2481 1746 2546 suscepistis

146 2584 222 2621 me
268 2569 404 2624 sicut
483 2570 740 2642 angelum
807 2571 950 2638 Dei,
1015 2571 1151 2626 sicut
1210 2571 1491 2624 Dominum
1565 2569 1747 2625 Jesum

152 2654 278 2728 (Gal.
308 2658 414 2730 tv.)

400 2747 486 2804 De
503 2749 848 2818 furatoribus
876 2751 1082 2822 synodi.
1125 2749 1272 2806 Unde
1299 2769 1478 2822 supra.

207 2837 272 2892 ll.
297 2839 650 2910 (Buncnsan.
679 2841 771 2896 lib.
811 2858 847 2906 ι,
879 2857 926 2898 c.
963 2841 1077 2914 91.)
1117 2843 1412 2912 Episcopus
1444 2843 1495 2898 in
1539 2843 1744 2914 synodo

149 2929 412 2998 residens,
459 2941 601 3002 post
648 2947 938 3003 congruam
982 2933 1396 3002 allocutionem,
1441 2945 1642 3005 septem
1677 2953 1740 2992 ex

148 3017 287 3086 plebe
329 3021 504 3090 ipsius
557 3021 847 3092 parmcbia:
891 3021 975 3078 vel
1017 3037 1082 3078 eo
1129 3022 1358 3093 amplius
1404 3033 1497 3077 aut
1541 3025 1740 3093 minus,

149 3118 292 3178 prout
317 3111 518 3168 viderit
559 3112 836 3183 expedire,
869 3111 1193 3168 maturiores
1219 3153 1232 3178 ,
1265 3113 1622 3180 honestiores,
1654 3123 1741 3169 at-

148 3211 240 3266 que
264 3201 587 3258 veraciores
612 3201 760 3258 viros
784 3201 835 3255 in
859 3203 1038 3257 medio
1061 3203 1222 3258 debet
1241 3215 1467 3257 evocare
1492 3219 1506 3268 ;
1538 3213 1590 3257 et
1611 3203 1740 3258 alla-

1847 2017 2174 2084 oppresserit
2199 2017 2282 2070 vel
2314 2017 2756 2073 vestimentorum
2788 2018 3023 2087 pondere
3057 2017 3440 2074 sulfocaverit?

1845 2105 1913 2160 Et
1944 2106 1988 2160 si
2019 2107 2119 2162 hoc
2166 2105 2364 2162 factum
2397 2117 2481 2164 est
2525 2118 2652 2164 ante
2692 2107 3016 2180 baptismum
3061 2119 3154 2165 aut
3185 2119 3305 2180 post
3339 2109 3438 2164 ba-

1845 2197 2118 2266 ptismum.
2149 2198 2254 2252 Aut
2283 2199 2328 2254 si
2359 2199 2534 2255 infans
2580 2199 2880 2256 infirmatus
2914 2215 3012 2272 per
3053 2200 3436 2272 negligentiam

1845 2289 2084 2357 parentis
2115 2291 2320 2362 absque
2345 2291 2611 2363 baptismo
2633 2294 2846 2348 obierit.

1915 2377 1968 2432 5.
2010 2377 2106 2433 Est
2152 2381 2349 2450 aliquis
2375 2382 2458 2435 vel
2503 2383 2680 2451 aliqua
2712 2383 2802 2452 qui
2833 2382 3056 2438 alterius
3081 2391 3293 2452 partum
3333 2395 3432 2436 ex-

1845 2471 2128 2525 cusserit?
2153 2471 2238 2526 vel
2262 2473 2307 2526 si
2337 2472 2450 2542 ipsa
2482 2473 2680 2528 femina
2704 2474 2918 2543 propria
2961 2473 3236 2528 voluntate
3273 2485 3434 2526 suum
3479 2463 3493 2467 ’

1843 2571 2058 2632 partum
2087 2563 2408 2627 excusserit,
2437 2571 2490 2617 et
2515 2563 2816 2618 abortivum
2843 2561 3072 2617 fecerit?

1913 2653 1967 2709 6.
2008 2655 2103 2709 Est
2138 2654 2318 2728 aliqua
2363 2654 2562 2710 femina
2604 2669 2726 2725 qua:
2754 2655 2807 2710 in
2851 2653 3208 2710 fornicatione
3245 2652 3432 2709 conci-

1843 2745 2017 2817 piens,
2047 2748 2241 2802 timens
2263 2763 2330 2804 ne
2358 2747 2816 2812 manifestaretur,
2859 2747 3116 2802 infantem
3153 2747 3432 2818 proprium

1842 2848 1935 2894 aut
1977 2840 2030 2894 in
2072 2855 2267 2909 aquam
2309 2839 2598 2912 projecerit
2639 2847 2732 2894 aut
2773 2839 2827 2894 in
2867 2847 3012 2894 terra
3040 2837 3430 2906 occultaverit,

1842 2931 1984 3001 quod
2014 2931 2189 2985 morth
2227 2929 2432 2986 dicunt.

1913 3021 1965 3074 7.
2007 3021 2100 3077 Est
2125 3021 2319 3092 aliquis
2376 3021 2467 3092 qui
2493 3035 2716 3077 uxorem
2760 3037 2915 3077 suam
2963 3021 3162 3092 absque
3189 3021 3306 3093 lege
3337 3028 3433 3076 aut

1841 3121 1987 3168 certa
2017 3113 2332 3183 probatione
2353 3112 2722 3168 interfecerit?

1910 3203 1962 3260 8.
2005 3203 2100 3259 Est
2129 3203 2310 3274 aliqua
2339 3203 2538 3260 femina
2563 3218 2686 3274 quat
2709 3205 2886 3259 virum
2905 3218 3060 3260 suum
3083 3203 3168 3258 vel
3189 3202 3424 3272 aliquem

151 3287 212 3343 tis
234 3299 554 3348 sanctorum
585 3292 898 3363 pignoribus
935 3308 1372 3366 unumquemque
1399 3293 1608 3348 illorum
1639 3295 1734 3350 tali
1762 3279 1808 3344 C
1839 3295 2108 3350 hominem
2137 3311 2232 3366 per
2277 3295 2475 3351 herbas
2521 3305 2815 3350 venenatas
2857 3296 2945 3349 vel
2989 3295 3298 3349 mortiferas
3329 3307 3426 3362 po-

153 3389 476 3437 sacramento
503 3383 866 3453 constringat.
962 3397 970 3402 '
1041 3451 1048 3458 _

589 3491 991 3550 Sacramentum
1021 3495 1290 3565 synodale.

212 3580 292 3636 Ill.
339 3583 694 3656 (Buncnsnn.
739 3585 834 3640 lib.
885 3602 946 3652 1,
993 3603 1041 3642 c.
1093 3587 1206 3658 92.)
1251 3588 1460 3644 Amodo
1513 3588 1732 3644 inantea

155 3670 392 3744 quidquid
417 3679 588 3743 nosti,
613 3677 696 3732 vel
722 3677 942 3744 audisti,
962 3687 1056 3732 aut
1074 3681 1411 3749 postmodum
1444 3681 1730 3750 inquisitu-

155 3777 236 3818 rus
251 3779 326 3830 es,
353 3770 498 3836 quod
524 3779 718 3824 contra
745 3769 838 3824 Dei
866 3769 1195 3826 voluntatem
1237 3780 1293 3826 ct
1334 3781 1536 3828 rectam
1574 3773 1729 3829 Chri-

155 3853 462 3912 stianitatem
494 3860 552 3914 in
585 3860 687 3914 ista
713 3860 988 3930 parmchia
1021 3860 1220 3916 factum
1248 3871 1351 3928 est,
1381 3873 1474 3920 aut
1497 3865 1549 3919 in
1583 3863 1727 3920 futu—

155 3955 260 4000 rum
277 3948 402 4015 erit,
426 3951 474 4005 si
499 3952 557 4008 in
586 3951 774 4007 diebus
803 3953 910 4006 tuis
936 3954 1196 4020 evenerit,
1229 3963 1434 4010 tantum
1459 3955 1633 4028 205
1667 3966 1726 4012 ut

155 4037 212 4092 ad
235 4048 370 4097 tuam
395 4046 760 4117 cognitionem
800 4061 1121 4118 quocunque
1147 4050 1304 4104 modo
1333 4051 1646 4120 perveniat,
1677 4053 1724 4109 si

155 4127 246 4184 scis
265 4141 352 4186 aut
379 4135 476 4190 tibi
511 4135 808 4190 indicatum
834 4135 997 4191 fuerit
1022 4136 1330 4208 synodalem
1360 4153 1576 4192 causam
1603 4153 1722 4194 esse

154 4223 202 4269 cl.
241 4221 304 4274 ad
351 4224 714 4280 ministerium
780 4227 1014 4296 episcopi
1072 4227 1382 4296 pertinere,
1431 4229 1573 4298 quod
1623 4244 1722 4284 nec

153 4317 348 4376 Propter
372 4328 640 4380 amorem,
671 4329 770 4370 nec
800 4325 1018 4387 propter
1055 4317 1326 4383 timorem,
1372 4333 1472 4372 nec
1501 4326 1721 4388 propter

153 4401 430 4470 pmmium,
479 4421 586 4461 nec
617 4416 838 4476 propter
865 4408 1198 4478 parcntelam
1227 4409 1494 4466 ullatenus
1538 4411 1718 4468 celare

153 4483 327 4548 debeas
349 4498 604 4566 episeopo
632 4499 698 4555 de
723 4499 972 4555 Treveris
1016 4509 1109 4555 aut
1137 4501 1253 4570 ejus
1282 4489 1468 4570 misso,
1499 4507 1584 4560 cui
1611 4507 1716 4562 hoc

155 4573 400 4646 inquirere
419 4589 667 4657 jusserit,
707 4591 1135 4663 quandocunquc
1161 4603 1212 4649 te
1248 4609 1315 4649 ex
1354 4596 1458 4650 hoc
1483 4597 1714 4653 interro-
1741 4629 1794 4690 D

155 4673 356 4768 paverit.
383 4675 476 4735 Sic
510 4689 562 4735 te
590 4681 731 4738 Deus
755 4681 971 4752 adjuvet
993 4693 1048 4740 et
1087 4685 1204 4741 ista:
1240 4697 1549 4743 sanctorum
1592 4693 1719 4748 reli-

153 4771 292 4822 quite.

653 4859 855 4932 Reliqui
887 4863 962 4916 ita
982 4863 1186 4933 jurent.

213 4957 526 5028 (Buacuaan.
553 4971 680 5025 ibid.
701 5013 716 5038 ,
740 4988 792 5027 c.
823 4971 936 5046 95.)
965 4973 1110 5028 lstud
1139 4985 1536 5033 sacramentum
1565 4981 1708 5048 quod

159 5042 450 5121 lstejuravit
475 5063 541 5118 de
576 5063 818 5134 synodali
864 5042 1049 5126 causa,
1084 5067 1226 5134 quod
1255 5075 1309 5120 tu
1353 5067 1482 5123 illud
1521 5042 1709 5125 obser-

155 5138 316 5226 vabis,
355 5149 405 5204 in
448 5165 706 5224 quantum
751 5157 896 5226 sapis
946 5163 1040 5209 aut
1088 5158 1318 5222 audisti,
1367 5167 1460 5213 aut
1489 5160 1556 5215 ab
1601 5161 1704 5217 bac

161 5223 230 5282 die
261 5223 840 5318 inanteainquisiturus
861 5261 936 5301 es.
967 5245 1058 5302 Sic
1087 5255 1139 5302 te
1165 5247 1308 5304 Deus
1335 5249 1568 5320 adjuvet.

631 5355 892 5410 Allocutio
929 5357 1172 5428 episcopi.

1837 3385 2011 3441 tiones
2039 3383 2386 3448 interfecerit,
2417 3385 2501 3442 vel
2537 3387 2700 3440 alium
2733 3387 2836 3442 hoc
2855 3386 3037 3442 facere
3059 3384 3364 3441 docuerit?’

1847 3487 1850 3492 ‘
1908 3477 1962 3532 9.
2000 3477 2096 3532 Est
2124 3477 2320 3547 aliquis
2352 3477 2436 3533 vel
2464 3478 2640 3547 aliqua
2668 3479 2758 3548 qui
2787 3479 2892 3541 hoc
2935 3477 3121 3534 fecerit
3152 3477 3234 3532 vel
3259 3476 3422 3530 alium

1831 3567 2008 3623 facere
2032 3568 2276 3625 docuerit
2297 3576 2357 3623 ut
2379 3568 2461 3623 vir
2489 3583 2593 3623 non
2619 3569 2790 3639 possit
2817 3583 3078 3640 generare
3105 3577 3198 3622 aut
3221 3566 3420 3621 femina

1828 3657 2144 3728 concipere?

1900 3745 1988 3800 10.
2023 3745 2120 3802 Est
2163 3747 2359 3818 aliquis
2391 3745 2482 3817 qui
2521 3746 2802 3817 prOprium
2847 3761 3062 3802 servum
3090 3753 3242 3800 extra
3275 3741 3419 3812 judi-

1828 3849 1946 3891 cem
1987 3837 2286 3902 occiderit,
2315 3845 2369 3892 et
2397 3837 2572 3907 aliqua
2615 3837 2813 3892 femina
2845 3851 2966 3908 quae
3002 3834 3250 3891 ancillam
3293 3837 3418 3904 pro-

1823 3929 1995 4000 priam
2021 3930 2296 3986 necaverit
2316 3931 2496 3987 furore
2525 3930 2624 3984 zeli
2651 3929 3010 3986 inﬂammata?

1858 4022 2058 4092 .207
2099 4023 2185 4076 11.
2223 4021 2320 4076 Est
2361 4023 2558 4092 aliquis
2607 4025 2698 4093 qui
2727 4023 2940 4078 diabolo
2981 4021 3288 4092 impellente
3329 4032 3414 4072 se-

1825 4113 2110 4182 metipsum
2155 4113 2448 4168 occiderit?

1894 4201 1983 4254 12.
2017 4199 2075 4255 Si
2131 4201 2186 4256 in
2215 4193 2370 4256 bello
2432 4201 2628 4271 aliquis
2690 4203 2936 4258 homines
2975 4203 3307 4268 vulneravit,
3359 4213 3415 4258 ct

1821 4291 1996 4346 nescit
2022 4291 2066 4346 si
2099 4292 2166 4346 de
2192 4291 2282 4346 illo
2321 4291 2544 4346 vulnere
2586 4291 2782 4361 aliquis
2817 4292 3059 4362 perierit,
3088 4293 3208 4347 etsi
3248 4292 3410 4348 alicui

1821 4381 2121 4454 imputatur
2145 4381 2288 4452 quod
2319 4381 2594 4438 hominem
2629 4382 2917 4452 occiderit,
2947 4392 3002 4439 et
3030 4384 3146 4455 ipse
3181 4385 3282 4442 hoc
3315 4386 3412 4442 de~

1821 4479 1999 4545 negat.

1901 4564 1991 4619 15.
2035 4563 2093 4619 Si
2127 4563 2322 4635 aliquis
2347 4563 2508 4618 estin
2539 4563 2768 4620 consilio
2790 4573 2849 4620 ut
2867 4564 3032 4622 homo
3050 4565 3409 4622 interficiatur

1820 4663 1874 4711 et
1915 4671 2023 4710 non
2051 4663 2136 4712 est
2166 4657 2220 4710 in
2251 4653 2417 4723 facto,
2447 4664 2504 4710 et
2548 4665 2728 4711 tamen
2765 4671 2865 4727 per
2891 4656 3008 4728 ejus
3037 4658 3322 4713 consilium
3353 4669 3408 4714 et

1817 4747 2247 4802 exhortationem
2283 4747 2596 4803 interfectus
2620 4756 2723 4802 est.

1887 4837 1974 4891 11.
2010 4837 2106 4892 Est
2129 4837 2323 4906 aliquis
2341 4837 2434 4907 qui
2473 4838 2843 4892 truncationes
2873 4853 3153 4902 manuum,
3178 4837 3399 4909 pedum,

1813 4927 2027 4996 linguai,
2079 4937 2137 4983 et
2181 4927 2556 4983 testiculorum
2601 4927 2825 4996 fecerit,
2861 4937 2916 4984 et
2957 4930 3142 4986 oculos
3181 4929 3402 4985 alterius

1809 5021 2049 5076 eruerit?

1809 5113 2009 5167 Deinde
2033 5113 2458 5184 interrogandum
2479 5113 2544 5168 de
2564 5113 2841 5170 adulteriis
2864 5123 2916 5169 et
2938 5113 3396 5185 fornicationibus.

1827 5209 1832 5216 ”
1879 5203 1966 5257 15.
2011 5203 2066 5258 Si
2096 5204 2217 5273 quis
2247 5202 2564 5274 coniugatus
2609 5219 2734 5261 cum
2785 5206 3008 5262 alterius
3043 5221 3208 5260 uxore
3249 5203 3396 5258 adul-

1806 5301 2011 5349 teratus
2049 5293 2230 5348 fuerit.
2263 5294 2318 5349 Si
2343 5309 2448 5364 qua
2479 5311 2616 5350 uxor
2637 5312 2760 5351 cum
2797 5296 3018 5350 alterius
3037 5297 3174 5350 viro.

1875 5384 1961 5438 16.
2006 5383 2064 5438 Si
2107 5385 2230 5454 quis
2278 5399 2497 5440 uxorem
2547 5387 2790 5450 habens;
2831 5385 3184 5441 concubinam
3229 5385 3390 5441 simul

195 5441 293 5546 4V.-
321 5453 636 5524 (Buacusun.
669 5467 802 5522 ibid.
831 5484 884 5524 c.
927 5468 1042 5540 94.)
1080 5467 1270 5526 Videte
1295 5511 1312 5538 ,
1359 5471 1557 5529 fratres
1585 5515 1602 5540 ,
1640 5483 1702 5531 ut
1803 5475 2051 5530 habuerit
2077 5441 2322 5530 adcillam
2351 5477 2616 5546 propriam
2647 5441 2740 5530 aut
2763 5441 2922 5530 aliam
2949 5474 3225 5530 fiaminam.

162 5523 353 5624 Domino
373 5549 919 5624 reddatisjuramenta
942 5569 1144 5614 vestra.
1173 5559 1292 5616 Non
1319 5561 1460 5616 enim
1493 5564 1696 5619 homini

159 5629 362 5728 iurastis.
391 5643 478 5696 sed
501 5646 610 5702 Deo
631 5651 860 5706 creatori
885 5661 1083 5708 vestro.
1109 5653 1220 5709 Nos
1243 5664 1444 5724 autem,
1468 5658 1557 5726 qui
1581 5658 1698 5728 ejus

161 5719 356 5778 ministri
389 5743 594 5803 sumus,
633 5753 739 5792 non
767 5749 1034 5796 terrenam
1081 5745 1435 5802 substantiam
1461 5719 1694 5802 vestram

165 5805 577 5893 c°"‘-‘"Piscimtts,
621 5827 712 5882 sed
764 5829 990 5884 salutem
1038 5831 1337 5888 animarum
1394 5845 1694 5893 vestrarum

1875 5569 1961 5623 17.
2001 5570 2056 5624 Si
2089 5571 2208 5640 quis
2243 5585 2466 5626 uxorem
2499 5568 2790 5639 legitimam
2829 5566 3112 5633 dimiserit,
3143 5575 3196 5622 et
3223 5566 3387 5624 aliam

1803 5658 1856 5712 in
1885 5658 2192 5730 conjugium
2225 5647 2514 5732 accdperit.

1877 5749 1963 5803 18.
2007 5748 2063 5803 Si
2096 5766 2197 5820 qua
2245 5751 2435 5806 mulier
2480 5752 2652 5808 virum
2683 5757 2956 5828 proprium
3005 5755 3286 5820 dimiserit,
3327 5763 3378 5808 ct

1805 5839 1965 5894 alteri
1992 5858 2048 5896 sc
2080 5841 2432 5911 conjunxcrit.
