3944 6416
564 373 671 431 285

1641 366 2008 426 ΒΕΟΙΝΟΝΙΞ
2045 368 2458 458 PRUMIENSIS
2495 365 2784 424 ABBATIS

3679 366 3762 422 9.8L

641 484 726 540 19.
763 482 821 538 Si
853 481 1240 538 interveniente
1279 463 1504 551 repudio
1527 481 1594 535 ab
1627 479 1855 535 invicem
1886 495 2140 550 separau-
2166 486 2216 546 Α
2244 484 2488 540 nesciens
2516 492 2607 537 aut
2649 489 2864 538 coactus
2891 480 3044 552 jussu
3097 479 3324 535 senioris
3347 521 3360 544 ,
3397 489 3492 536 aut
3513 495 3606 551 pro
3627 497 3760 538 mem-

566 583 659 631 ωι-
690 583 745 632 et
770 577 853 631 sic
878 584 1118 629 manent.

635 664 726 720 20.
770 663 827 720 Si
851 665 971 734 quis
991 665 1194 734 absque
1220 678 1488 719 consensu
1524 663 1708 717 uxoris
1729 703 1744 728 ,
1778 661 2034 718 derelicto
2062 661 2140 718 le-

567 754 754 826 gitimo
782 753 1046 823 conjugio,
1083 753 1136 808 in
1163 755 1546 809 monasterium
1574 754 1758 808 intrat.

635 844 724 899 9.1.
764 843 821 900 Si
867 845 1058 914 aliquis
1087 861 1239 899 suam
1268 845 1548 916 conjugem
1574 884 1588 909 ,
1616 845 1862 916 quamvis
1906 843 2145 916 culpabi-

566 931 696 1011 lem,
725 933 840 990 sine
868 935 1103 1006 episc0pi
1123 935 1327 1005 judicio
1356 935 1629 1005 relinquit.

636 1022 727 1077 22.
771 1022 829 1078 Si
879 1038 986 1095 qua
1039 1023 1234 1078 mulier
1291 1023 1509 1079 conscio
1560 1023 1674 1079 viro
1733 1039 1833 1082 suo
1885 1023 2144 1082 fornicata

566 1110 749 1190 fuerit.
830 1144 836 1151 -

635 1202 726 1255 25.
769 1202 825 1257 Si
866 1202 989 1273 quis
1028 1218 1195 1259 uxore
1237 1217 1458 1270 carens,
1495 1220 1617 1260 cum
1666 1205 1886 1262 alterius
1922 1203 2146 1277 conjuge

566 1296 733 1366 208
758 1295 1051 1352 fornicatus
1091 1296 1290 1362 fuerit;
1333 1306 1426 1352 aut
1454 1297 1498 1353 si
1529 1313 1635 1369 qua
1682 1298 1874 1354 mulier
1903 1314 2010 1355 non
2052 1299 2147 1354 ha-

565 1386 700 1442 bens
723 1386 921 1454 virum,
949 1402 1070 1443 cum
1095 1387 1316 1445 alterius
1345 1390 1560 1444 marito.

634 1477 728 1531 24.
771 1477 827 1533 Si
857 1479 981 1549 quis
1010 1495 1113 1535 non
1145 1480 1349 1538 habens
1373 1497 1616 1547 uxorem,
1641 1496 1763 1538 cum
1799 1480 2000 1540 femina
2026 1497 2147 1554 quae

564 1565 742 1621 virum
765 1581 871 1622 non
894 1568 1056 1625 habet
1079 1567 1375 1626 fornicatus
1402 1571 1582 1626 fuerit.

634 1658 725 1714 23.
767 1659 826 1716 Si
873 1660 1010 1717 laica
1057 1662 1207 1769 virgo
1261 1665 1533 1720 mmchata
1592 1664 1756 1722 fuerit
1797 1679 1922 1722 cum
1965 1663 2148 1721 adole-

564 1761 692 1803 scen
699 1756 772 1805 te.

2189 611 2198 622 .
2243 572 2355 628 bris
2375 582 2427 627 et
2457 573 2562 626 vita
2595 571 2900 627 redimenda
2931 588 2943 624 :
2978 579 3071 624 aut
3107 570 3151 625 si
3181 569 3302 640 quis
3320 569 3550 625 scienter
3573 587 3668 626 nou
3699 587 3764 627 so-

2242 661 2352 717 lum
2398 662 2780 734 perjuraverit,
2823 659 2918 716 sed
2955 660 3115 714 etiam
3145 659 3278 716 alios
3310 661 3360 714 in
3389 659 3669 732 perjurium
3705 661 3765 716 in-

2243 751 2473 808 duxerit.

2735 843 2813 898 De
2845 841 2980 915 falso
3007 843 3316 898 testimonio.

2243 916 2260 930 ι
2313 931 2403 988 40.
2442 932 2882 1005 lnterrogandum
2909 933 2956 988 si
3006 933 3198 1002 aliquis
3225 933 3460 988 scienter
3496 939 3668 987 contra
3691 932 3766 986 ali-

2243 1038 2404 1095 quem
2431 1023 2624 1079 falsum
2655 1024 3014 1080 testimonium
3045 1023 3352 1095 protulerit,
3382 1024 3512 1094 quia
3541 1025 3634 1078 hoc
3651 1027 3768 1094 capi-

2244 1114 2350 1171 tale
2373 1116 2575 1172 crimen
2605 1124 2717 1182 est,
2763 1125 2818 1172 et
2846 1117 3002 1187 quale
3029 1117 3285 1172 damnum
3330 1115 3526 1187 aliquis
3555 1131 3645 1187 per
3665 1118 3769 1172 hanc

2246 1209 2678 1266 testificationem
2712 1209 2978 1266 habuerit.

2315 1302 2404 1358 41.
2440 1302 2884 1373 lnterrogandum
2923 1303 2967 1358 si
3011 1302 3202 1373 aliquis
3229 1301 3502 1358 hominem
3546 1299 3770 1364 liberum,

2246 1401 2339 1446 aut
2361 1407 2573 1449 servum
2602 1392 2846 1456 alterius,
2873 1401 2961 1447 aut
2988 1393 3330 1462 peregrinum
3361 1391 3528 1461 210
3551 1399 3602 1445 et
3619 1390 3772 1444 adven-

2248 1483 2429 1539 titium
2470 1482 2679 1538 furatus
2707 1481 2888 1548 fuerit,
2921 1492 3014 1537 aut
3040 1497 3163 1537 eum
3190 1480 3517 1537 blandiendo
3545 1480 3773 1536 seduxerit

2247 1582 2303 1630 et
2324 1574 2644 1640 vendiderit,
2669 1582 2724 1630 et
2752 1582 2904 1629 extra
2931 1575 3159 1644 patriam
3185 1572 3238 1627 in
3265 1571 3627 1643 captivitatem
3650 1570 3773 1625 mise-

2249 1667 2342 1733 rit,
2367 1679 2460 1724 aut
2482 1667 2526 1723 si
2549 1667 2742 1738 aliquis
2761 1665 2942 1723 Judato
2966 1665 3047 1720 vel
3062 1679 3268 1737 pagano
3283 1662 3639 1720 Christianum
3660 1675 3773 1716 mau-

2250 1761 2450 1832 cipium
2478 1759 2798 1826 vendiderit,
2821 1767 2913 1815 aut
2933 1759 2981 1816 si
3012 1758 3114 1830 ipsi
3141 1755 3311 1813 Judaei
3331 1755 3633 1814 Christiana
3653 1767 3770 1808 man-

634 1839 724 1895 26.
766 1839 825 1896 Si
852 1842 974 1912 quis
1015 1844 1395 1914 desponsatam
1419 1847 1650 1918 puellam
1693 1863 1800 1904 non
1831 1848 2064 1919 duxerit,
2093 1859 2148 1908 et
2176 1829 2221 1892 Β
2249 1829 2387 1923 cipia
2410 1851 2665 1908 vendant.

565 1928 724 1984 tidem
755 1931 1150 2001 sponsaliorum
1179 1933 1420 2008 fregerit.

633 2018 722 2073 27.
764 2019 821 2076 Si
847 2022 968 2094 quis
1000 2023 1226 2080 alterius
1256 2039 1514 2096 sponsam
1543 2027 1787 2100 rapuerit
1817 2037 1873 2085 et
1917 2029 2021 2087 sibi
2061 2045 2151 2087 so-

567 2110 812 2168 ciaverit.

635 2204 725 2260 28.
768 2207 825 2261 Si
852 2206 974 2277 quis
998 2223 1376 2281 quamcunque
1411 2209 1690 2278 feminam,
1727 2212 2012 2284 virginem,
2057 2221 2152 2270 aut

565 2293 804 2363 viduam,
834 2311 933 2368 per
961 2308 1175 2370 raptum
1223 2301 1470 2366 traxerit,
1500 2311 1556 2358 et
1583 2303 1871 2360 sociaverit
1899 2305 1998 2362 sibi
2030 2320 2150 2360 ma-

569 2390 841 2447 trimonio.
869 2393 936 2448 Et
960 2394 1003 2448 si
1033 2394 1198 2464 aliqui
1226 2404 1352 2451 sunt
1372 2396 1464 2467 qui
1509 2397 1565 2452 in
1615 2396 1719 2453 hoc
1751 2399 2150 2454 consentientes

563 2492 620 2538 et
645 2485 960 2555 adjuvantes
997 2486 1237 2542 fuerunt.

631 2574 721 2630 29.
764 2573 820 2630 Si
847 2577 967 2645 quis
992 2592 1113 2632 cum
1142 2575 1346 2643 Judzea,
1373 2577 1459 2633 vel
1484 2579 1527 2634 si
1551 2578 1768 2635 Iudaeus
1794 2580 1878 2636 vel
1903 2581 1948 2636 si
1988 2595 2151 2652 paga-

563 2682 665 2722 nus
687 2683 809 2723 cum
834 2669 1011 2738 aliqua
1037 2669 1369 2736 Christiana,
1397 2673 1695 2728 mmchatus
1722 2671 1905 2727 fuerit.

633 2759 721 2815 50.
748 2759 804 2816 Si
834 2761 954 2831 quis
982 2761 1445 2817 sanctimonialem
1472 2763 1556 2818 vel
1583 2763 1797 2818 viduam
1827 2765 1936 2820 Deo
1964 2779 2151 2820 sacra-

567 2861 680 2905 tam
729 2852 968 2922 rapuerit
1011 2861 1066 2907 et
1089 2853 1141 2906 in
1179 2853 1485 2924 conjugium
1537 2855 1845 2926 sumpserit,
1895 2855 1978 2911 vel
2021 2856 2152 2928 ipsis

565 2939 1030 2996 consentientibus
1051 2956 1174 2997 cum
1205 2942 1284 2997 eis
1311 2941 1606 3000 fornicatus
1636 2942 1818 3000 fuerit.

636 3030 724 3085 51.
768 3028 825 3086 Si
848 3031 969 3104 quis
993 3032 1208 3088 vivente
1231 3033 1424 3108 marito
1455 3032 1736 3103 conjugem
1769 3035 1912 3093 illius
1935 3035 2147 3092 adulte-

565 3141 718 3184 resse
742 3137 1048 3195 accusatur,
1082 3137 1136 3184 et
1163 3144 1227 3185 eo
1265 3129 1320 3188 iu
1348 3131 1592 3202 proximo
1621 3131 1874 3189 defuncto
1899 3133 2160 3204 eamdenr

565 3218 862 3287 sumpsisse
890 3219 1246 3289 dignoscitur.

635 3307 725 3363 52.
768 3308 824 3364 Si
851 3309 1028 3380 aliqua
1051 3310 1242 3366 mulier
1268 3311 1398 3367 dicit
1425 3314 1567 3384 quod
1590 3313 1672 3370 vir
1694 3313 1810 3386 ejus
1849 3330 1955 3370 non
1980 3313 2152 3385 possit

563 3416 689 3456 cum
729 3416 796 3457 ea
817 3403 982 3469 coire,
1013 3412 1070 3458 et
1096 3404 1165 3458 ob
1193 3403 1334 3460 hanc
1379 3419 1598 3460 causam
1627 3405 1909 3462 discidium
1936 3405 2149 3476 quaerit,

561 3501 620 3548 et
651 3492 815 3548 alium
841 3493 1015 3548 virum
1045 3494 1156 3548 vult
1179 3494 1444 3564 accipere.

635 3586 725 3641 55.
769 3585 825 3642 Si
852 3587 974 3656 quis
999 3602 1120 3642 eum
1149 3596 1323 3643 matre
1349 3578 1579 3658 Spiritali
1623 3589 1928 3644 mcechatus
1961 3586 2149 3653 fuerit,

563 3679 650 3733 vel
674 3694 792 3735 eam
821 3681 875 3735 in
919 3681 1320 3736 matrimonium
1352 3683 1592 3752 accepit,
1626 3683 1982 3754 similiterque
2024 3699 2149 3739 cum

569 3769 732 3825 filiola
762 3786 926 3840 quam
960 3787 1029 3828 ex
1048 3786 1202 3828 sacro
1232 3771 1380 3828 fonte
1409 3773 1646 3843 suscepit
1677 3783 1771 3830 aut
1794 3781 1920 3829 ante
1946 3775 2154 3844 episco-

565 3875 695 3930 pum
727 3861 915 3917 tenuit.

637 3954 726 4009 54.
768 3955 826 4010 Si
861 3954 983 4025 quis
1009 3955 1360 4026 propinquam
1402 3965 1458 4012 et
1497 3957 1949 4029 consanguineam
1995 3973 2150 4015 suam

567 4047 621 4103 in
649 4048 1050 4103 matrimonium
1081 4049 1310 4118 accepit,
1331 4057 1424 4103 aut
1451 4063 1575 4104 cum
1601 4064 1663 4104 ea
1688 4048 1982 4106 fornicatus
2009 4059 2112 4107 est.

636 4139 800 4212 209
828 4139 917 4195 55.
959 4138 1017 4194 Si
1043 4139 1236 4209 aliquis
1264 4139 1722 4206 irrationabiliter,
1754 4140 1807 4196 id
1845 4148 1929 4196 est
1955 4149 2147 4196 contra

565 4243 813 4289 naturam
839 4273 855 4302 ,
881 4249 1006 4290 cum
1037 4232 1289 4290 masculis
1325 4242 1382 4288 et
1415 4233 1578 4289 mutis
1617 4233 1910 4289 misceatur
1938 4232 2148 4288 anima-

564 4325 723 4380 libus.

633 4416 724 4471 56.
769 4416 826 4472 Si
857 4432 961 4487 qua
983 4418 1176 4473 mulier
1201 4418 1524 4474 lenocinium
1551 4416 1758 4472 fecerit.

2175 3186 2222 3252 C

2595 1944 2674 2001 De
2695 1942 3104 2000 incantatoribus
3127 1951 3176 1997 et
3196 1943 3479 2013 sortilegis.

2315 2038 2406 2094 42.
2449 2035 2890 2108 lnterrogandum
2921 2035 2970 2091 si
2997 2033 3191 2105 aliquis
3220 2049 3433 2105 magus,
3455 2030 3694 2098 hariolus,
3707 2038 3774 2085 aut

2247 2129 2572 2196 incantator,
2595 2129 2827 2193 divinus,
2853 2134 2947 2182 aut
2971 2126 3260 2198 sortilegus
3285 2125 3379 2181 sit.

2315 2220 2406 2277 45.
2433 2221 2758 2292 (Buucuanu.
2790 2218 2884 2273 lib.
2917 2233 2972 2282 ι,
3015 2231 3065 2272 c.
3097 2215 3214 2288 '52.)
3263 2214 3322 2271 Si
3365 2214 3562 2286 aliquis
3598 2221 3701 2268 vota
3724 2211 3772 2266 ad

2249 2309 2471 2365 arbores
2510 2307 2594 2364 vel
2624 2308 2691 2362 ad
2715 2306 2892 2363 fontes
2919 2305 3004 2362 vel
3029 2306 3096 2361 ad
3138 2304 3343 2375 lapides
3373 2305 3626 2375 quosdam
3654 2301 3770 2372 quasi

2249 2405 2316 2458 ad
2337 2401 2528 2457 altaria
2552 2399 2735 2466 faciat,
2751 2407 2848 2456 aut
2873 2399 2947 2454 ibi
2975 2397 3255 2454 candelam
3284 2410 3378 2452 seu
3402 2394 3664 2465 quodlibet
3683 2406 3771 2446 mu-

2250 2509 2351 2548 nus
2377 2491 2604 2557 deferat,
2634 2491 2779 2547 velut
2819 2489 2890 2546 ibi
2921 2488 3192 2561 quoddam
3226 2502 3428 2544 numen
3455 2486 3526 2543 sit
3561 2484 3682 2555 quod
3702 2483 3770 2538 bo-

2250 2598 2378 2638 num
2416 2591 2510 2636 aut
2538 2581 2735 2637 malum
2773 2581 2944 2653 possit
2971 2580 3192 2636 inferre.

2317 2671 2407 2726 44.
2441 2671 2770 2744 (Buncuauu.
2797 2672 2891 2728 lib.
2919 2687 2960 2738 ι,
2990 2687 3040 2728 c.
3067 2671 3158 2737 94,
3188 2669 3216 2744 ς
3241 2670 3331 2737 45;
3358 2679 3416 2726 et
3439 2670 3531 2727 lib.
3555 2684 3604 2733 x,
3627 2681 3667 2722 c.
3691 2663 3770 2732 18.)

2251 2761 2701 2818 Perscrutandum
2728 2761 2773 2841 si
2805 2761 3000 2832 aliquis
3035 2760 3291 2818 subulcus
3317 2760 3404 2817 vel
3426 2757 3670 2816 bubulcus
3688 2755 3770 2810 sive

2251 2866 2478 2912 venator
2496 2857 2579 2913 vel
2601 2857 2783 2913 caeteri
2807 2855 3113 2928 huiusmodi
3135 2855 3280 2911 dicat
3298 2852 3560 2910 diabolica
3580 2846 3768 2906 carmina

2251 2963 2413 3022 super
2450 2963 2645 3020 panem
2691 2955 2782 3004 aut
2814 2947 3010 3004 herbas
3042 2953 3097 3003 et
3145 2959 3306 3016 super
3331 2943 3574 3016 quaedam
3611 2936 3767 2995 nefaria

2249 3029 2543 3112 ligamenta
2566 3080 2582 3108 ,
2626 3050 2682 3096 et
2709 3039 2822 3096 hac
2845 3047 2941 3095 aut
2970 3038 3026 3094 in
3077 3038 3270 3095 arbore
3298 3035 3608 3100 abscondat,
3634 3029 3766 3087 autin

2251 3131 2397 3196 bivio
2426 3141 2520 3188 aut
2550 3133 2604 3188 in
2637 3131 2796 3188 trivio
2824 3128 3102 3203 projiciat,
3134 3135 3194 3185 ut
3220 3143 3320 3184 sua
3345 3125 3594 3184 animalia
3626 3122 3771 3178 libent

2252 3239 2284 3279 a
2309 3232 2460 3294 peste
2484 3231 2540 3278 et
2565 3221 2742 3290 clade,
2764 3230 2819 3278 et
2839 3221 3063 3278 alterius
3093 3219 3322 3292 perdat:
3353 3232 3476 3290 qua:
3496 3212 3657 3272 omnia
3690 3209 3770 3265 ido-

2254 3314 2521 3370 lolatriam
2541 3328 2662 3370 esse
2697 3312 2826 3368 nulli
2855 3311 3000 3368 fideli
3027 3310 3246 3367 dubium
3271 3316 3378 3376 est,
3422 3316 3478 3365 et
3521 3305 3630 3363 ideo
3661 3314 3769 3357 sum-

2253 3419 2472 3476 mopere
2505 3413 2632 3461 sunt
2659 3403 3090 3462 exterminanda.
3130 3401 3134 3405 ’

2322 3497 2414 3552 45.
2453 3497 2783 3568 (BURCBARD.
2815 3496 2909 3553 lib.
2941 3511 2982 3563 ι,
3009 3508 3059 3552 c.
3094 3494 3185 3560 94,
3216 3492 3267 3566 ἐ.
3307 3492 3403 3559 44,
3429 3492 3520 3548 lib.
3545 3505 3598 3555 ι,
3623 3482 3767 3551 c.29.)

2252 3588 2675 3662 Perquirendum
2713 3589 2759 3646 si
2803 3589 2983 3659 aliqua
3011 3587 3211 3644 femina
3232 3587 3303 3641 sit
3331 3600 3454 3657 qum
3472 3597 3565 3654 per
3577 3576 3768 3652 quaedam

2251 3683 2514 3740 maleficia
2550 3690 2605 3738 et
2649 3682 3044 3737 incantationes
3089 3687 3300 3734 mentes
3333 3676 3601 3732 hominum
3625 3683 3674 3726 se
3697 3666 3768 3719 im-
3872 3711 3873 3724 χ

2251 3781 2459 3828 mutare
2501 3786 2659 3844 posse
2698 3772 2872 3836 dicat,
2897 3771 2951 3827 id
2991 3779 3092 3834 est,
3142 3781 3203 3825 ut
3232 3768 3453 3825 de’odio
3481 3767 3532 3821 in
3555 3770 3766 3839 amorem.

2249 3873 2342 3920 aut
2362 3866 2427 3922 de
2455 3880 2639 3921 amore
2659 3865 2712 3920 in
2734 3865 2916 3920 odium
2942 3869 3246 3927 convertat,
3267 3869 3357 3915 aut
3381 3861 3520 3916 bona
3541 3852 3763 3912 hominum

2249 3962 2344 4009 aut
2371 3953 2590 4010 damnet
2626 3961 2720 4008 aut
2743 3952 3028 4022 subripiat.
3060 3952 3127 4007 Et
3146 3951 3190 4006 si
3220 3950 3398 4021 aliqua
3424 3956 3504 4004 est
3520 3959 3628 4018 quae
3646 3955 3693 3996 se
3709 3937 3767 3990 di-

2249 4055 2339 4102 cat
2369 4061 2491 4101 cum
2514 4047 2814 4101 daemonum
2863 4043 3018 4099 turba
3066 4043 3120 4098 in
3152 4040 3506 4098 similitudine
3535 4032 3763 4091 mulierum

2249 4134 2628 4190 transformata
2652 4134 2816 4191 certis
2837 4133 3088 4189 noctibus
3113 4131 3358 4202 equitare
3382 4142 3544 4200 super
3561 4119 3763 4196 quasdam

2245 4226 2445 4281 bestias
2489 4233 2543 4280 et
2582 4225 2638 4279 in
2676 4239 2862 4280 earum
2909 4222 3182 4279 consortio
3209 4225 3608 4276 annumeratam
3642 4204 3758 4280 211

2244 4332 2383 4385 esse,
2407 4317 2523 4373 haec
2560 4316 2682 4371 talis
2705 4314 3027 4372 omnimodis
3049 4329 3113 4370 ex
3131 4312 3407 4384 parcnchia
3433 4309 3672 4382 ejiciatur.

2645 4429 2724 4485 De
2747 4428 3037 4484 morticinis
3065 4439 3113 4483 et
3137 4429 3412 4499 sanguine.

634 4507 726 4560 57.
767 4506 825 4562 Si
855 4507 1048 4577 aliquis
1094 4508 1149 4562 in
1200 4523 1294 4563 sua
1335 4507 1496 4563 domo
1535 4505 1804 4561 consentit
1847 4521 1968 4561 cum
2015 4521 2139 4576 pro-

2311 4545 2405 4601 46.
2436 4545 2768 4616 (Buncmnu.
2811 4542 2905 4598 lib.
2930 4557 2972 4607 ι,
2999 4556 3051 4597 c.
3078 4539 3170 4607 94,
3207 4539 3235 4612 ᾗ
3279 4539 3348 4594 45
3373 4546 3430 4595 et
3456 4532 3616 4606 seqq.)
3638 4528 3760 4583 lnter-

563 4596 698 4668 priis
731 4596 939 4652 ancillis
973 4597 1058 4653 vel
1095 4597 1412 4668 geneciariis
1449 4596 1561 4652 suis
1587 4595 1909 4652 adulterium
1948 4611 2141 4667 perpe-

567 4699 733 4745 trare.
1207 4695 1214 4700 ’

1033 4781 1111 4836 De
1145 4782 1286 4852 furto
1311 4791 1358 4835 et
1386 4781 1680 4853 sacrilegio.

631 4870 726 4925 ‘58.
767 4870 1217 4944 lnterrogandum
1263 4871 1307 4926 si
1340 4872 1532 4942 aliquis
1581 4871 1669 4926 fur
1714 4879 1806 4927 aut
1846 4870 2141 4943 sacrilegus

565 4965 656 5030 sit,
689 4964 780 5034 qui
812 4964 1068 5021 ecclesias
1092 4965 1184 5020 Dei
1209 4964 1505 5036 infregerit,
1544 4965 1625 5020 vel
1656 4965 1854 5035 aliquid
1879 4967 1946 5022 de
1969 4964 2141 5022 eccle-

565 5057 646 5109 sia
674 5055 880 5111 furatus
901 5057 991 5123 sit,
1009 5065 1101 5111 aut
1121 5057 1330 5127 publice
1357 5058 1618 5128 rapuerit,
1639 5066 1730 5111 aut
1757 5057 1988 5112 latenter
2008 5057 2138 5112 sub-

565 5149 828 5218 ripuerit,
872 5161 966 5205 aut
991 5150 1188 5220 aliquis
1227 5165 1389 5220 rapax
1414 5158 1468 5205 et
1503 5159 1687 5220 raptor
1706 5159 1762 5205 et
1804 5149 2139 5220 depraedator

565 5239 806 5296 ecclesia:
827 5242 918 5298 Dei
941 5249 1041 5297 est.
1063 5241 1320 5309 Quamvis
1340 5242 1482 5297 enim
1514 5242 1627 5296 haec
1646 5241 1937 5297 secundum
1966 5239 2136 5311 legem

567 5333 854 5390 humanam
897 5336 1172 5392 emendari
1213 5337 1443 5391 debeant
1476 5343 1638 5405 atque
1676 5333 1909 5400 exsolvi,
1954 5341 2135 5389 tamen

568 5425 883 5494 pmnitentia
904 5427 971 5481 ad
997 5428 1307 5498 episc0pum
1328 5427 1580 5497 pertinet.

1168 5540 1246 5596 De
1284 5542 1534 5613 perjurio.
1611 5603 1618 5610 ο

642 5651 729 5705 59.
772 5651 1208 5725 lnterrogandum
1238 5653 1284 5709 si
1317 5652 1513 5724 aliquis
1560 5653 1808 5724 pcrjurus
1840 5651 1929 5718 sit,
1961 5659 2056 5706 aut
2091 5650 2136 5706 si

571 5745 750 5801 sciens
797 5754 850 5801 et
889 5763 984 5817 pro
1013 5747 1307 5818 cupiditate
1347 5755 1561 5805 terrena
1590 5745 1971 5819 pcrjuravcrit;
2000 5757 2053 5802 et
2092 5747 2133 5798 si

2242 4638 2538 4711 rogandum
2577 4639 2624 4694 si
2650 4636 2847 4707 aliquis
2890 4635 3206 4707 sanguinem
3233 4674 3249 4699 ,
3307 4631 3658 4688 morticinum.
3693 4621 3759 4671 θυι

2245 4731 2591 4786 dilaceratum
2616 4745 2645 4783 a
2674 4728 2846 4783 bestia
2871 4727 3142 4783 comedat.

2313 4824 2403 4879 47.
2445 4822 2499 4878 Si
2533 4822 2726 4892 aliquis
2745 4836 2841 4891 per
2866 4820 3048 4874 odium
3069 4818 3136 4874 ad
3159 4833 3344 4888 pacem
3373 4832 3475 4871 non
3503 4805 3754 4867 revertitur.

2244 4925 2339 4972 aut
2359 4914 2584 4984 juravit,
2607 4913 2750 4983 quod
2775 4912 2886 4967 Deo
2907 4909 3243 4966 contrarium
3273 4916 3378 4973 est,
3408 4915 3460 4960 ut
3500 4897 3635 4958 fratri
3656 4905 3754 4984 nun:

2243 4976 2406 5078 quam
2451 5003 2871 5070 reconcilietur,
2911 4999 3056 5072 quod
3090 5008 3175 5056 est
3215 5007 3489 5070 peccatum
3533 4999 3674 5057 usque
3706 4976 3752 5031 ad

2243 5108 2470 5156 mortem
2479 5138 2493 5152 .

2311 5191 2401 5248 48.
2443 5189 2502 5246 Si
2541 5187 2735 5258 aliquis
2770 5184 2907 5243 bibit
2938 5183 3005 5242 de
3030 5183 3237 5254 liquore
3269 5181 3321 5236 in
3348 5194 3451 5250 quo
3473 5166 3668 5230 mustela
3691 5155 3748 5212 vel

2241 5299 2362 5339 mus
2396 5281 2511 5336 sive
2543 5279 2757 5351 aliquod
2789 5276 3120 5333 immundum
3152 5272 3352 5346 animal
3372 5277 3599 5326 necatum
3617 5264 3694 5312 est.

2310 5374 2402 5428 49.
2455 5373 2514 5428 Si
2565 5341 2759 5442 aliquis
2798 5369 3059 5442 jejunium
3098 5341 3548 5439 quadragesimale
3572 5366 3657 5408 non
3678 5341 3749 5398 Ol"

2241 5472 2445 5530 servat,
2472 5463 2557 5519 vel
2590 5462 2830 5530 Quatuor
2852 5461 3200 5532 Temporum,
3237 5458 3352 5512 sive
3385 5448 3633 5509 Letaniam
3665 5447 3746 5489 ma-

2233 5559 2409 5630 jorem
2433 5557 2516 5614 vel
2553 5557 2942 5628 Rogationum,
2991 5554 3106 5608 sive
3149 5551 3406 5605 indictum
3450 5545 3514 5600 ab
3549 5535 3744 5608 episfolw

2233 5648 2496 5719 jejunium
2523 5663 2619 5718 pro
2643 5660 2959 5717 quacunque
2985 5643 3162 5713 plaga.
3733 5703 3740 5711 _

2314 5741 2398 5796 50.
2441 5740 2772 5812 (Buncruau.
2816 5736 2906 5790 lib.
2949 5752 3003 5800 x,
3047 5749 3095 5788 (ι.
3133 5733 3249 5801 23.)
3281 5732 3336 5786 Si
3366 5724 3547 5797 aliquis
3573 5724 3638 5774 est
3677 5720 3740 5773 lli"
