3944 6446
278 396 391 457 285

1238 407 1327 464 DE
1366 405 1646 465 ECCLES.
1688 401 1969 461 DlSClPL.
2016 402 2189 458 LIBRI
2228 402 2385 463 DUO.
2427 439 2497 451 --
2533 410 2661 467 LIB.
2700 409 2761 466 ll.

3434 415 3539 475 εεσ

276 513 415 569 bibit
443 521 539 569 aut
563 513 856 572 mandatast
889 526 982 573 aut
1011 528 1192 591 portat
1222 537 1384 594 super
1409 537 1469 579 se
1495 522 1637 594 quod
1670 520 1857 577 existi-
1881 524 1929 581 Α
2031 519 2119 575 66.
2163 519 2219 576 Si
2252 523 2371 591 quis
2396 531 2478 580 est
2506 525 2598 595 qui
2626 525 2898 581 assiduam
2927 524 3243 583 ebrietatem
3272 536 3533 587 sectatur.

277 612 391 658 mat
421 601 516 657 Dei
538 604 806 675 judicium
834 620 1147 680 pervertere
1169 629 1347 683 posse.

346 692 438 749 51.
463 694 794 766 (Buacman.
818 700 913 758 lib.
940 718 997 769 ι,
1019 717 1068 760 c.
1091 704 1203 777 17.)
1226 706 1283 761 Si
1309 705 1503 777 aliquis
1530 706 1584 762 in
1605 704 1861 762 Kalendis

274 780 518 838 Januarii
557 783 762 856 aliquid
804 788 935 846 fecit
971 795 1114 863 quod
1136 809 1166 849 a
1195 796 1422 865 paganis
1454 795 1734 851 inventum
1753 803 1857 860 est,

273 881 332 926 et
354 873 469 929 dies
488 874 761 945 observat,
800 888 857 937 et
896 882 1104 953 lunam,
1124 894 1179 941 et
1205 900 1442 952 menses,
1466 894 1524 942 et
1555 887 1748 941 horum
1776 884 1857 940 ef-

269 961 471 1021 fectiva
495 971 736 1038 potentia
764 972 969 1046 aliquid
994 986 1177 1050 sperat
1201 978 1255 1034 in
1279 978 1473 1035 melius
1499 988 1595 1035 aut
1626 978 1681 1034 in
1705 977 1854 1034 dete-

268 1055 388 1111 rius
422 1060 580 1115 verti.
1780 1112 1787 1113 ν

341 1145 433 1201 52.
475 1146 533 1204 Si
569 1150 767 1222 aliquis
794 1157 1154 1230 quodcunque
1194 1175 1331 1233 opus
1358 1160 1624 1217 inchoans
1649 1201 1666 1229 ,
1711 1160 1855 1216 aliud

265 1235 345 1325 ibi
376 1236 579 1310 aliquid
605 1243 773 1311 dicit,
804 1256 896 1303 aut
942 1266 1264 1323 quacunque
1297 1253 1505 1325 magica
1546 1262 1664 1309 arte
1708 1253 1855 1308 aliud

264 1323 422 1392 facit,
459 1329 584 1397 nisi,
614 1342 673 1389 ut
709 1336 997 1405 Apostolus
1017 1341 1189 1403 docet.
1214 1323 1475 1408 omnia-in
1502 1344 1719 1401 nomine
1744 1344 1852 1399 Do-

259 1416 403 1471 mini
436 1417 701 1477 facienda.
723 1424 910 1496 Neque
942 1429 1085 1484 enim
1110 1431 1380 1489 daemones
1404 1433 1459 1487 in
1491 1443 1676 1489 nostro
1699 1436 1854 1507 adju-

260 1508 413 1564 torio
464 1512 718 1571 debemus
762 1518 1015 1576 invocare
1038 1561 1055 1587 ,
1095 1523 1191 1578 sed
1228 1524 1414 1580 Deum.
1449 1525 1506 1580 In
1535 1526 1853 1583 collectione

255 1600 519 1659 similiter
542 1605 832 1665 herbarum
859 1613 1258 1671 medicinalium
1300 1616 1618 1689 Symbolum
1642 1628 1696 1676 et
1721 1636 1851 1677 ora-

256 1690 469 1840 tilonoim
515 1697 678 1768 212
722 1701 1057 1761 Dominicam
1099 1707 1280 1765 dicere
1323 1718 1569 1780 oportet,
1617 1720 1674 1767 et
1710 1712 1846 1768 nihil

256 1799 287 1838 a
322 1800 434 1839 lat.

252 1799 434 1839 allati.

1960 610 2146 682 Neque
2172 614 2314 669 enim
2344 616 2543 673 ebriosi
2574 633 2797 690 regnum
2826 619 2919 673 Dei
2944 620 3313 690 possidebunt.

2028 704 2115 759 67.
2147 702 2204 759 Si
2226 704 2422 775 aliquis
2448 715 2532 762 est
2556 709 2646 778 qui
2678 716 2986 779 contempto
3011 726 3111 766 suo
3136 713 3452 785 presbytero
3479 715 3533 770 in

1957 795 2117 851 aliam
2148 798 2478 866 partechiam
2507 800 2652 855 venit
2679 800 2745 855 ad
2767 801 3077 869 ecclesiam,
3106 810 3161 857 et
3190 802 3262 858 ibi
3293 819 3535 860 commu-

1956 885 2105 940 nicat
2136 894 2190 941 et
2218 902 2369 942 suam
2396 887 2660 945 decimam
2687 890 2797 947 dat.

2027 974 2115 1031 68.
2146 975 2526 1047 lnquirendum
2552 979 2618 1035 de
2647 980 2907 1036 mendicis
2934 982 3024 1052 qui
3051 996 3147 1053 per
3172 984 3383 1055 patrias
3418 985 3529 1041 dis-

1954 1073 2198 1130 currunt,
2227 1074 2280 1121 et
2315 1066 2361 1121 si
2393 1069 2757 1139 unusquisque
2782 1085 3073 1141 pauperem
3098 1073 3165 1129 de
3199 1073 3405 1128 familia
3430 1090 3529 1131 sua

1953 1164 2163 1226 pascat.

2024 1245 2113 1303 69.
2144 1247 2473 1318 (Buacman.
2503 1250 2595 1307 lib.
2638 1267 2677 1319 ι,
2709 1267 2758 1308 c.
2788 1253 2889 1318 95,
2920 1253 2948 1327 ς
2985 1254 3074 1322 68,
3100 1264 3154 1312 et
3179 1256 3358 1329 seqq.)
3387 1257 3444 1313 Si
3474 1258 3529 1313 in

1953 1354 2278 1411 unaquaque
2314 1344 2586 1412 paruachia
2614 1346 2802 1401 decani
2845 1356 2972 1402 sunt
3008 1363 3103 1420 per
3137 1349 3290 1404 villas
3328 1351 3530 1405 consti-

1955 1436 2084 1501 tuti,
2115 1437 2217 1491 viri
2253 1453 2505 1505 veraces,
2545 1450 2601 1497 et
2648 1441 2813 1513 Deum
2852 1444 3134 1508 timentes,
3165 1444 3258 1514 qui
3302 1455 3531 1500 caeteros

1952 1530 2279 1586 admoneant
2308 1541 2366 1587 ut
2395 1534 2460 1587 ad
2486 1534 2767 1589 ecclesiam
2816 1545 3043 1605 pergant
3088 1535 3155 1590 ad
3194 1537 3488 1592 matutinas
3508 1576 3524 1602 ,

1956 1620 2201 1689 missam,
2226 1630 2281 1677 et
2305 1639 2580 1694 vesperas,
2609 1635 2663 1681 et
2692 1627 2823 1681 nihil
2852 1627 3032 1697 operis
3072 1628 3126 1682 in
3156 1614 3347 1685 diebus
3373 1628 3525 1685 festis

1951 1707 2189 1765 faciant:
2215 1721 2268 1767 et
2305 1713 2348 1768 si
2382 1713 2574 1769 horum
2605 1716 2887 1785 quisquam
2922 1726 3292 1788 transgressus
3324 1716 3523 1781 fuerit,

1952 1802 2133 1857 statim
2174 1804 2490 1876 presbytero
2525 1807 2877 1874 annuntient;
2905 1806 3154 1862 similiter
3179 1816 3235 1863 et
3258 1807 3326 1863 de
3361 1805 3528 1880 214

334 1876 425 1931 55.
448 1876 806 1945 Qttterendum
831 1886 993 1943 etiam
1025 1889 1072 1945 si
1104 1889 1360 1948 mulieres
1383 1892 1438 1947 in
1458 1892 1709 1950 lanificiis
1734 1895 1846 1951 suis
1876 1866 1925 1928 Β
1954 1866 2249 1947 Ιιιιυτὶεισθι
2268 1866 2413 1949 omni
2439 1910 2603 1967 opere
2630 1912 2819 1968 pravo.

248 1963 351 2057 vel
407 1966 458 2021 in
510 1969 781 2029 ordiendis
836 1973 1008 2047 [edit.
1075 1976 1446 2048 Helmwatad.,
1481 1982 1844 2057 ordinandis]

251 2055 386 2112 telis
431 2057 634 2131 aliquid
665 2063 850 2121 dicant
872 2069 1270 2127 autobservent
1296 2072 1420 2138 nisi,
1455 2082 1513 2129 ut
1555 2090 1719 2146 supra
1765 2055 1846 2133 di:-

248 2155 405 2202 ctum
434 2159 537 2215 est,
567 2154 747 2209 omnia
778 2156 833 2211 in
860 2160 1078 2217 nomine
1107 2161 1347 2218 Domini.

330 2239 422 2294 54.
460 2240 518 2297 Si
566 2244 704 2315 quis,
728 2246 1059 2317 oblationes,
1091 2252 1146 2307 id
1191 2263 1274 2311 est
1318 2255 1715 2329 eleemosynatu
1756 2274 1845 2331 pa-

246 2341 474 2388 rentum
496 2334 893 2407 defunctorum,
921 2341 1119 2411 injuste
1142 2346 1358 2403 retinet.

328 2423 422 2479 55.
475 2424 531 2482 Si
581 2428 776 2500 aliquis
824 2448 989 2505 super
1040 2446 1311 2493 mortuum
1365 2441 1649 2499 nocturnis
1693 2444 1841 2501 horis

244 2519 502 2573 carmina
535 2518 798 2579 diabolica
829 2536 1043 2593 cantat,
1085 2536 1141 2585 et
1170 2530 1328 2597 bibit,
1358 2540 1413 2586 et
1438 2534 1746 2599 manducat,
1785 2545 1841 2591 et

244 2612 413 2680 quasi
436 2611 632 2684 deejus
658 2624 831 2673 morte
861 2619 1192 2691 gratulatur,
1236 2631 1293 2678 et
1312 2623 1359 2678 si
1383 2623 1511 2680 alibi
1543 2626 1744 2682 mortui
1783 2626 1839 2682 in

246 2702 458 2774 vigiliis
487 2710 762 2765 nocturnis
801 2711 905 2766 nisi
950 2711 1002 2768 in
1029 2714 1266 2772 Ecclesia
1297 2718 1692 2774 custodiuntur.

324 2793 416 2849 56.
449 2795 508 2851 Si
538 2797 734 2869 aliquis
758 2800 1101 2860 Christianus
1128 2814 1212 2861 est
1238 2807 1329 2878 qui
1352 2824 1455 2864 non
1480 2810 1839 2867 communicet

242 2883 338 2939 vel
369 2885 542 2943 tribus
571 2893 901 2960 temporibus
936 2895 988 2949 in
1020 2912 1182 2963 anno,
1214 2899 1266 2953 id
1311 2909 1414 2967 est,
1448 2901 1673 2967 Pascha,
1702 2902 1838 2960 Peu-

246 2985 520 3045 tecosten,
564 2989 620 3035 et
650 2979 840 3039 Natale
869 2984 1103 3054 Domini,
1138 2989 1242 3045 nisi
1286 3005 1385 3060 pro
1412 2992 1707 3050 mortiferis
1732 2996 1837 3051 cri-

247 3063 495 3122 minibus
530 3068 768 3141 episcopi
817 3072 902 3129 vel
943 3077 1287 3135 saeerdotum
1308 3078 1514 3150 judicio
1536 3098 1567 3139 a
1596 3098 1837 3141 commu-

246 3153 421 3211 nione
446 3157 609 3214 fuerit
634 3173 894 3221 remotus.

320 3246 422 3338 57ἶ
440 3249 533 3304 Est
562 3251 761 3324 aliquis
804 3258 897 3328 qui
933 3258 988 3314 in
1015 3260 1101 3317 die
1124 3260 1409 3321 Dominica
1450 3266 1534 3323 vel
1566 3267 1618 3321 in
1643 3267 1835 3338 praeci-

249 3336 379 3404 puis
400 3336 784 3401 festivitatibus
834 3350 1128 3422 quidquam
1153 3356 1333 3426 operis
1366 3356 1552 3425 faciat;
1594 3336 1719 3414 etsi
1766 3358 1834 3414 ad

252 3434 556 3492 matutinas
590 3447 646 3494 et
690 3439 758 3495 ad
800 3442 1019 3499 missam
1050 3455 1106 3501 et
1144 3449 1211 3504 ad
1243 3462 1495 3519 vesperas
1524 3451 1609 3507 his
1646 3450 1835 3507 diebus

252 3520 695 3592 impraetermisse
714 3544 901 3588 omnes
930 3546 1213 3592 occurant.

323 3613 414 3670 58.
442 3614 499 3672 Si
528 3619 721 3690 aliquis
751 3628 1251 3686 excommunicatus
1285 3647 1388 3703 pro
1414 3632 1585 3691 nihilo
1621 3635 1835 3693 duxerit

251 3710 889 3782 exeommunicatiouem,
916 3726 972 3774 et
995 3720 1042 3775 si
1064 3720 1260 3793 aliquis
1294 3738 1419 3781 cum
1459 3729 1831 3784 excommuni-

250 3802 378 3849 cato
396 3800 893 3861 communicaverit.

324 3884 415 3941 59.
451 3886 508 3943 Si
559 3890 753 3962 aliquis
801 3896 1018 3955 modum
1045 3902 1382 3977 pcenitentite
1403 3905 1507 3962 sibi
1536 3906 1831 3979 injunctum

244 3990 361 4030 non
395 3982 731 4039 custodierit.

325 4067 415 4123 60.
446 4069 502 4162 Si
533 4073 728 4144 aliquis
752 4088 959 4147 patrem
1003 4093 1095 4139 aut
1129 4096 1359 4144 matrem
1390 4089 1700 4162 inhonorat,
1738 4106 1833 4153 aut

243 4161 505 4227 percutit,
539 4173 633 4218 aut
656 4168 949 4227 maledicit.

324 4251 413 4307 61.
434 4253 489 4309 Si
507 4255 702 4327 aliquis
724 4263 980 4319 vomitum
1002 4275 1123 4336 post
1146 4279 1423 4342 acceptam
1446 4275 1831 4333 eucharistiam

244 4356 351 4412 per
377 4346 695 4405 ebrietatem
729 4351 939 4412 fecerit.

325 4433 414 4489 62.
446 4435 504 4491 Si
528 4439 721 4510 aliquis
742 4451 827 4500 est
850 4447 943 4515 qui
962 4463 1115 4505 suam
1138 4451 1401 4510 decimam
1425 4455 1536 4513 Deo
1557 4467 1609 4514 et
1629 4460 1832 4519 sanctis

243 4522 369 4591 ejus
395 4528 655 4584 retrahat.

322 4615 411 4669 63.
442 4617 498 4673 Si
525 4620 720 4690 aliquis
753 4635 838 4681 est
867 4635 976 4683 tam
1017 4645 1303 4699 perversus
1338 4645 1392 4692 et
1441 4653 1471 4693 a
1515 4639 1621 4697 Deo
1665 4641 1826 4715 213

245 4704 462 4764 alienus
512 4719 573 4765 ut
615 4714 795 4770 saltim
838 4717 1113 4778 Dominica
1160 4725 1247 4781 die
1281 4729 1349 4784 ad
1393 4704 1831 4792 ecclesiam—th

242 4794 452 4850 veniat.

320 4886 410 4941 64;
456 4888 514 4944 Si
552 4897 791 4962 porcarii
823 4907 875 4954 et
917 4901 1005 4957 alii
1039 4913 1285 4974 pastores
1329 4910 1605 4969 Dominica
1648 4916 1734 4972 die
1761 4918 1829 4974 ad

244 4980 532 5037 ecclesiam
562 4988 780 5043 veniant
803 5001 858 5046 et
873 4993 1067 5051 missas
1095 5000 1335 5056 audiant.
1354 5001 1613 5062 Similiter
1631 5007 1684 5064 in
1706 5009 1828 5067 aliis

246 5069 408 5128 festis
439 5074 627 5133 diebus
659 5080 835 5153 (277).

333 5186 409 5240 i5.
443 5186 501 5243 Si
530 5190 724 5263 aliquis
751 5197 817 5252 ad
845 5202 1238 5262 confessxonem
1265 5225 1371 5265 non
1400 5214 1584 5269 veniat
1614 5215 1699 5272 vel
1720 5233 1824 5272 una

245 5298 370 5338 rice
391 5284 444 5339 in
476 5302 634 5353 anno,
667 5288 718 5344 id
745 5300 847 5356 est,
879 5294 931 5348 in
957 5299 1129 5366 capite
1145 5300 1604 5375 Quadragesimaa,
1635 5318 1690 5365 et
1710 5324 1831 5381 pm-

249 5379 530 5437 nitentiam
560 5399 659 5453 pro
678 5388 917 5456 peccatis
943 5390 1056 5446 suis
1077 5394 1353 5465 suscipiat.

323 5558 473 5630 (277)
502 5559 588 5635 Ita
627 5562 817 5635 editio
854 5564 1336 5626 Ilelmwatadiensis
1388 5583 1437 5627 et
1485 5573 1825 5635 Bura/tardus

251 5627 287 5679 ι.
308 5627 348 5692 ι.
376 5627 493 5705 cap.
508 5630 599 5697 94,
623 5632 648 5704 ᾗ
674 5634 762 5687 ea.
782 5634 957 5690 Codex
980 5655 1096 5691 vero
1115 5638 1431 5696 Parisiensia
1459 5627 1711 5701 auaui
1724 5627 1754 5703 ἶ
1765 5627 1822 5705 "si

290 5702 606 5781 amatr-ii..."
630 5702 881 5759 ‘veniant.
923 5705 1187 5781 Similiter
1208 5713 1493 5781 praecipuis
1516 5702 1825 5774 festivitati;

291 5785 371 5824 us.
398 5769 575 5826 Codex
605 5788 698 5827 ma.
732 5778 1039 5850 monasterii.
1062 5769 1452 5852 Rivip'ullens'is,
1484 5769 1557 5841 in,
1577 5769 1824 5859 M73};-

2019 1982 2107 2037 70.
2137 1982 2193 2037 Si
2214 1984 2409 2054 aliquis
2438 1994 2521 2042 est
2545 1986 2637 2057 qui
2664 1988 2900 2042 bannum
2923 1984 3160 2057 episcopi
3184 1993 3277 2040 aut
3298 1986 3524 2057 presby-

1948 2071 2053 2127 teri
2098 2072 2179 2128 sui
2221 2082 2275 2128 et
2319 2075 2931 2132 cxcommunicatiouem
2961 2074 3353 2147 parvipendens
3379 2113 3395 2140 ,
3425 2088 3525 2146 pro

1944 2162 2113 2237 nihilo
2141 2162 2323 2219 ducat.

2014 2250 2100 2307 71.
2150 2252 2206 2307 Si
2238 2254 2573 2325 paraechiaui
2597 2255 2914 2327 presbytero
2942 2269 3043 2311 suo
3072 2254 3312 2310 debitum
3353 2252 3525 2308 hono-

1945 2360 2058 2401 rem
2088 2345 2422 2415 impendant,
2450 2357 2544 2401 aut
2569 2347 2614 2402 si
2652 2348 2846 2417 aliquis
2871 2356 2956 2403 est
2978 2347 3069 2418 qui
3095 2362 3219 2403 eum
3245 2344 3413 2402 verbo
3436 2342 3523 2400 vel

1942 2434 2087 2491 facto
2113 2434 2401 2492 inhonorat
2429 2445 2485 2492 et
2504 2437 2620 2508 ejus
2643 2438 2846 2493 monita
2874 2437 3102 2507 spernit.

2013 2526 2101 2580 72.
2143 2526 2199 2581 Si
2223 2526 2417 2597 aliquis
2451 2537 2537 2584 est
2562 2527 2654 2599 qui
2684 2529 2969 2599 peregrino
2994 2534 3087 2583 aut
3113 2524 3311 2582 viatori
3338 2523 3521 2595 hospi-

1941 2616 2073 2672 tium
2100 2617 2446 2673 contradicit.

2007 2708 2096 2763 75.
2123 2694 2502 2779 lnquirendum
2527 2723 2662 2779 quas
2683 2707 3008 2765 festivitates
3037 2707 3242 2789 colant.

2021 2798 2109 2853 74.
2141 2798 2197 2855 Si
2225 2799 2427 2870 patrini
2452 2799 2630 2856 ﬁliolis
2654 2800 2769 2856 suis
2797 2799 3095 2872 symbolum
3126 2807 3182 2854 et
3217 2797 3521 2855 orationem

1941 2890 2278 2946 Dominicam
2313 2890 2591 2947 insinuant
2616 2901 2711 2947 aut
2734 2890 2994 2947 insinuari
3020 2889 3249 2946 faciunt.

2007 2980 2100 3036 75.
2123 2980 2180 3036 Si
2204 2990 2435 3051 quatuor
2459 2990 2553 3037 aut
2580 2981 2816 3053 quinque
2838 2980 2921 3038 vel
2948 2981 3132 3053 plures
3159 2995 3325 3036 unum
3351 2980 3522 3036 inter-

1938 3071 2169 3127 fecerint
2193 3072 2488 3128 hominem.

2007 3161 2092 3218 76.
2123 3162 2181 3218 Si
2218 3162 2411 3234 aliquis
2437 3172 2521 3221 est
2548 3164 2649 3235 qui
2669 3162 2986 3221 contradicit
3003 3162 3255 3233 episcopo
3281 3169 3376 3217 aut
3401 3160 3521 3233 ejus

1937 3252 2223 3320 ministris,
2248 3269 2316 3309 ne
2348 3253 2524 3310 coloni
2564 3263 2657 3309 aut
2679 3255 2820 3311 servi
2848 3263 3069 3326 propter
3096 3253 3384 3311 commissa
3412 3250 3523 3307 cri-

1936 3345 2081 3400 mina
2112 3344 2275 3416 virgis
2299 3346 2425 3402 nudi
2453 3346 2748 3403 caedantur.

2013 3438 2099 3491 77.
2142 3438 2531 3508 lnquirendum
2573 3440 2619 3496 si
2665 3439 2860 3510 aliquis
2894 3439 3274 3510 pcregrinum,
3325 3438 3416 3508 qui
3450 3438 3519 3495 de

1933 3543 2029 3584 sua
2054 3530 2229 3599 patria
2260 3540 2481 3601 propter
2506 3530 3251 3603 paganoruminfestationem
3280 3530 3364 3586 vel
3393 3543 3518 3600 per-

1934 3623 2269 3679 secutionem
2303 3623 2463 3696 fugit,
2505 3625 2609 3681 hac
2638 3627 2704 3681 de
2750 3640 2913 3681 causa
2957 3625 3083 3695 quia
3113 3624 3167 3679 in
3206 3623 3367 3679 domo
3399 3619 3518 3690 ejus

1932 3714 2150 3779 mansit,
2183 3722 2237 3770 et
2265 3714 2454 3773 diebus
2486 3724 2581 3771 aut
2614 3716 2772 3772 annis
2800 3716 2919 3772 loco
2943 3713 3263 3771 mercenarii
3294 3712 3369 3768 illi
3400 3727 3521 3767 ser-

1931 3805 2083 3870 vivit,
2112 3820 2211 3875 pro
2236 3805 2459 3877 proprio
2497 3820 2655 3863 servo
2686 3807 2833 3861 illum
2864 3806 2996 3863 velit
3033 3804 3238 3862 habere
3263 3846 3279 3873 ,
3307 3814 3363 3860 et
3387 3816 3518 3859 ven-

1932 3896 2063 3953 dere
2088 3905 2181 3953 ant
2214 3897 2344 3953 dare
2368 3898 2527 3954 alicui
2562 3907 2874 3968 prmsumat.

2001 4007 2089 4063 78.
2118 4006 2176 4062 Si
2198 4008 2399 4079 aliquis
2423 4018 2507 4064 est
2533 4009 2623 4078 qui
2650 4007 2852 4078 injusta
2879 4022 3133 4064 mensura
3163 4020 3316 4061 suam
3345 4018 3517 4059 anno-

1930 4113 2055 4153 nam
2094 4108 2187 4153 aut
2211 4099 2394 4154 vinum
2426 4101 2641 4167 vendat,
2663 4115 2786 4155 cum
2814 4100 3072 4156 Dominus
3095 4099 3278 4154 dicat:
3303 4095 3521 4168 .Equua

1930 4189 2024 4243 tibi
2046 4189 2112 4242 sit
2141 4190 2349 4244 modius
2364 4199 2412 4244 et
2446 4190 2707 4245 sextarius
2736 4206 2935 4261 (equus.

2000 4301 2089 4357 79.
2128 4300 2559 4357 Denuntiandum
2579 4302 2743 4358 etiam
2772 4317 2934 4372 quam
2964 4315 3217 4372 magnum
3238 4299 3520 4371 piaculum:

1931 4389 2003 4445 sit
2048 4405 2243 4446 usuras
2267 4392 2488 4462 exigere
2518 4400 2573 4446 et
2600 4392 2667 4447 de
2695 4393 2878 4448 alieno
2910 4391 3096 4447 fenore
3116 4392 3254 4446 velle
3280 4392 3517 4447 ditesce-

1931 4497 1992 4537 re
2016 4523 2032 4549 ,
2075 4492 2131 4539 et
2172 4484 2315 4554 quod
2349 4484 2491 4541 sacri
2537 4498 2773 4542 canones
2814 4484 2959 4541 tales
2989 4485 3056 4541 ab
3099 4482 3340 4541 Ecclesia
3389 4483 3521 4553 ejici-

1854 4591 1905 4651 υ
1931 4577 2267 4648 praecipiant.

2004 4669 2165 4740 215
2199 4669 2288 4726 80.
2336 4669 2394 4725 Si
2424 4669 2618 4741 aliquis
2638 4680 2861 4743 prapter
2889 4669 3240 4743 cupiditatem
3271 4668 3508 4739 judaeum

1933 4772 2026 4815 aut
2060 4776 2329 4832 paganum
2360 4762 2711 4819 interfecerit.

2003 4856 2091 4912 8|.
2121 4854 2179 4911 Si
2220 4855 2416 4927 aliquis
2457 4857 2732 4914 insaniens
2767 4858 3002 4929 aliquem
3043 4857 3317 4912 hominem
3361 4853 3513 4911 occis

1931 4945 2090 5001 derit.

1999 5036 2088 5091 82.
2121 5036 2179 5092 Si
2203 5038 2326 5107 quis
2350 5039 2598 5116 arborem
2631 5039 2901 5106 inciderit,
2922 5050 2979 5095 et
3001 5041 3125 5096 dum
3147 5038 3295 5110 operi
3328 5052 3511 5094 ncces»

1929 5131 2074 5188 sario
2111 5132 2332 5197 insistit,
2362 5133 2558 5205 aliquis
2581 5136 2771 5191 subtus
2800 5136 3049 5191 arborem
3078 5132 3369 5190 deveniens
3404 5131 3506 5185 im-

1928 5223 2142 5293 proviso
2162 5226 2504 5295 opprimitur.

2000 5314 2090 5369 85.
2120 5313 2175 5369 Si
2206 5315 2326 5385 quis
2354 5313 2753 5386 coniurationes
2784 5327 2838 5374 et
2864 5315 3294 5386 conspirationes
3324 5323 3497 5371 secta-

1928 5412 2034 5459 tur.

1929 5580 2164 5635 tinentur
2185 5582 2391 5655 decreta
2416 5582 2735 5655 Eutychiam’
2756 5597 2943 5654 paper:
2968 5583 3024 5640 Si
3056 5583 3291 5654 pomarii
3317 5593 3372 5640 et
3411 5584 3501 5639 alit

1932 5662 2180 5719 pastores
2219 5653 2495 5708 Dominica
2527 5653 2613 5709 die
2642 5656 2708 5708 ad
2735 5656 3019 5711 ecclesiam
3052 5653 3158 5711 non
3198 5658 3413 5711 veniant
3449 5664 3505 5711 et

1928 5721 2153 5845 lmissam
2182 5739 2287 5779 non
2320 5724 2557 5780 audiant.
2589 5725 2849 5781 Similiter
2874 5737 2928 5782 et
2955 5728 3008 5783 in
3052 5727 3171 5783 aliis
3201 5726 3502 5783 festivitati-

1968 5806 2046 5847 us.
