3944 6412
482 390 598 476 '28:
624 454 631 465 ρ

1575 407 1943 469 nemnem
1978 403 2390 464 rnonnsssrs
2416 400 2701 461 sanans
3172 378 3177 384 ’
3326 400 3335 405 ‘
3630 393 3721 460 iss

565 527 654 586 84.
689 527 746 585 Si
776 525 897 600 quis
929 527 1212 591 ecclesiam
1254 534 1346 581 aut
1374 526 1630 582 clericum
1665 525 1892 594 fatigare
1931 536 2067 592 pra»
2095 523 2140 581 Α
2168 526 2224 573 et
2266 515 2468 570 mellita
2496 515 2747 581 cervisia,
2797 528 2827 568 a
2870 526 3034 569 carne
3075 520 3132 568 et
3165 525 3321 567 caseo
3364 517 3422 566 et
3464 510 3721 584 pinguibus

492 632 676 769 “31516.
694 711 1075 783 lnquirendum
1116 710 1183 766 de
1213 709 1416 781 refugis
1443 718 1497 765 et
1522 709 1744 779 perﬁdis
1771 709 1947 764 laicis.

560 800 652 857 86.
678 800 1138 856 Percunctandum
1163 801 1229 856 de
1254 799 1565 856 confratriis
1584 810 1639 857 et
1668 800 2068 856 fraternitatum

491 891 842 964 societatibus
876 891 1105 960 qualiter
1131 892 1185 947 in
1214 891 1489 962 paroechia
1517 902 1765 963 agantur.

561 981 653 1037 87.
693 982 750 1036 Si
781 981 993 1037 cantica
1040 983 1216 1053 turpia
1259 992 1315 1039 et
1355 985 1521 1039 risum
1562 986 1832 1042 moventia
1874 987 2067 1063 aliqu's

490 1071 635 1126 circa
660 1070 945 1127 ecclesiam
973 1080 1196 1128 cantare
1226 1073 1522 1144 prmsumit.

558 1158 649 1215 88.
682 1159 741 1215 Si
775 1160 974 1232 aliquis
1012 1162 1067 1216 in
1088 1162 1372 1218 ecclesiam
1396 1164 1625 1229 intrans,
1654 1163 2067 1225 fabulis'vacare

488 1250 787 1315 consuevit,
816 1259 870 1305 et
898 1266 1004 1307 non
1032 1251 1317 1325 diligenter
1336 1255 1603 1310 auscultat
1625 1256 1805 1311 divina
1827 1258 2063 1330 eloquia,

488 1351 545 1398 et
565 1343 612 1399 si
640 1352 928 1414 antequam
958 1346 1121 1401 missa
1151 1347 1390 1413 ﬁniatur,
1417 1348 1482 1402 de
1512 1348 1739 1405 ecclesia
1770 1351 1901 1405 exit.

557 1436 647 1494 89.
672 1436 730 1492 Si
759 1438 1107 1505 oblationem,
1139 1441 1191 1495 id
1219 1451 1303 1497 est
1336 1458 1530 1513 panem
1564 1454 1617 1499 et
1644 1444 1848 1511 vinum,
1880 1446 1981 1501 viri
2011 1455 2067 1502 et
2164 1438 2171 1443 “

484 1526 700 1583 femina:
747 1527 816 1583 ad
853 1528 1044 1585 missas
1072 1529 1338 1599 offerunt;
1371 1543 1423 1588 et
1445 1533 1489 1588 si
1513 1550 1619 1589 non
1650 1534 1772 1597 viri,
1806 1536 2065 1608 coniuges

484 1631 584 1687 pro
611 1616 717 1674 illis
742 1617 990 1686 offerant,
1016 1634 1117 1692 pro
1153 1636 1212 1678 se
1241 1623 1462 1694 suisque
1490 1625 1740 1682 omnibus
1758 1666 1776 1695 ,
1806 1633 1869 1682 ut
1898 1626 1953 1682 in
1975 1643 2067 1683 ea-

483 1722 628 1765 none
662 1709 993 1766 continetur.
1660 1790 1663 1791 ;
1713 1736 1724 1744 ο

483 1797 732 1870 Capitula
765 1801 881 1857 haec
913 1818 1032 1873 quae
1068 1817 1168 1874 per
1204 1806 1449 1863 ordinem
1476 1807 1872 1876 adnotavimus,
1901 1825 2062 1866 eano-

803 1893 940 1950 nicis
960 1904 1174 1965 oportet
1200 1897 1445 1954 roborari
1486 1897 1739 1955 decretis.

483 1978 564 2034 De
580 1982 881 2051 paenitentia
910 1985 1314 2042 homicidarum.
1352 1988 1436 2043 Ea:
1466 1989 1684 2044 concilio
1713 1988 2057 2046 Triburiensi.

496 2084 501 2090 '
554 2070 641 2127 γι.
683 2073 751 2130 Ut
795 2077 1130 2145 pmnitentia‘
1155 2095 1316 2149 super
1350 2081 1656 2138 homicidiis
1702 2100 1804 2137 non
1846 2084 2062 2141 diverso

483 2179 657 2232 more,
689 2174 747 2220 ut
775 2167 945 2238 prius,
977 2169 1072 2225 sed
1097 2169 1151 2225 in
1179 2171 1470 2245 episcopiis
1511 2172 1737 2244 singulis
1768 2189 1874 2229 uno
1910 2190 2061 2231 more

481 2260 689 2323 agatur.

979 2348 1144 2422 216
1195 2347 1344 2406 Unde
1379 2368 1562 2422 supra.

550 2435 885 2507 (Βυιιοωιιο.
914 2437 1014 2494 lib.
1045 2456 1083 2505 ι,
1115 2456 1166 2496 c.
1197 2440 1273 2513 1.)
1305 2441 1363 2498 Si
1393 2445 1514 2515 quis
1540 2454 1839 2516 spontaneo
1870 2447 2064 2505 volun;

479 2524 620 2592 tate,
653 2525 867 2582 diabolo
897 2528 1190 2597 suadente,
1230 2531 1580 2588 homicidium
1618 2537 2014 2605 perpetraverit
2038 2578 2055 2606 ,

472 2613 630 2685 iuxta
656 2629 921 2671 canonum
951 2619 1261 2676 sanctiones
1306 2630 1361 2676 et
1384 2621 1647 2692 judicium
1678 2626 2058 2698 episcoporum

480 2704 643 2762 talem
669 2708 1044 2781 paenitentiam
1068 2711 1317 2782 accipere
1350 2714 1529 2769 debet.

496 2804 503 2815 ‘
551 2798 608 2855 ln
638 2801 829 2872 primis
876 2810 937 2857 ut
963 2801 1240 2860 licentiam
1272 2822 1376 2861 non
1426 2807 1621 2867 habeat
1651 2808 1933 2865 ecclesiam
1974 2811 2060 2866 in-

479 2890 658 2945 trandi
699 2890 819 2947 illos
844 2893 1121 2962 proximos
1147 2894 1504 2968 quadraginta
1534 2897 1682 2964 dies,
1712 2900 1871 2955 nudis
1907 2899 2061 2971 pedi-

476 2978 581 3035 Bus
618 2979 863 3047 incedat,
896 2993 952 3038 et
973 2983 1119 3040 nullo
1146 2986 1394 3042 vehiculo
1420 2996 1630 3055 utatur;
1658 2990 1709 3045 in
1743 2991 1913 3048 laneis
1935 3007 2058 3049 ves-

479 3068 622 3150 tibus
644 3069 715 3125 sit
740 3071 942 3142 absque
975 3072 1361 3141 femoralibus;
1386 3093 1537 3133 arma
1566 3096 1672 3136 non
1702 3081 1860 3150 ferat,
1896 3094 1951 3139 et
1974 3085 2059 3140 nio

474 3148 553 3213 hil
581 3168 759 3215 sumat
795 3160 881 3216 his
901 3162 1260 3235 quadraginta
1286 3165 1475 3223 diebus
1501 3169 1602 3224 nisi
1628 3148 2050 3244 tantumvpanem

472 3258 530 3304 et
555 3249 744 3318 salem,
768 3261 824 3308 et
851 3269 1043 3324 puram
1078 3255 1229 3311 bibat
1259 3272 1473 3327 aquam,
1505 3268 1561 3315 et
1589 3261 1788 3317 nullam
1815 3278 2058 3319 commn-

476 3341 694 3398 nionem
718 3359 842 3400 cum
868 3347 1080 3403 caeteris
1101 3347 1425 3405 Christianis
1449 3367 1621 3422 neque
1646 3369 1767 3409 cum
1803 3355 1909 3410 alio
1935 3370 2055 3427 pte-

473 3431 681 3489 nitente
704 3434 902 3491 habeat
924 3436 976 3492 in
1008 3436 1128 3494 cibo
1157 3448 1211 3495 et
1239 3448 1365 3511 potu
1390 3452 1677 3514 antequam
1699 3448 2053 3518 quadraginta

471 3521 589 3578 dies
616 3522 1032 3596 adimpleautur;
1055 3538 1110 3584 et
1126 3545 1192 3585 ex
1218 3531 1338 3587 cibo
1359 3547 1515 3603 quem
1543 3535 1895 3591 sumitnullus
1919 3537 2056 3592 alius

470 3617 779 3675 manducet.
803 3617 1158 3678 Considerata
1174 3638 1303 3680 vero
1327 3640 1568 3695 personae
1582 3628 1844 3698 qualitate
1867 3630 1951 3684 vel
1976 3632 2056 3684 iu-

472 3704 749 3772 tirmitate,
792 3709 859 3765 de
893 3712 1071 3781 pomis
1111 3713 1194 3768 vel
1233 3714 1470 3772 oleribus
1506 3731 1601 3772 seu
1651 3717 2011 3789 leguminibus
2036 3761 2051 3787 ,

470 3802 633 3866 prout
669 3798 844 3853 visum
873 3799 1056 3868 fuerit,
1098 3803 1302 3874 aliquid
1331 3821 1429 3875 pro
1464 3807 1835 3863 misericordia
1880 3809 2057 3864 indul-

470 3899 683 3958 geatur,
715 3893 948 3949 maxime
968 3894 1012 3949 si
1042 3897 1164 3965 quis
1189 3906 1411 3954 coactus
1443 3907 1499 3953 et
1523 3916 1630 3956 non
1659 3910 1851 3970 sponte
1877 3903 2054 3958 homi—

471 3978 670 4034 cidium
702 3979 913 4037 fecerit.
946 3982 1013 4038 Et
1038 3984 1089 4038 ei
1118 3986 1446 4042 omnimodis
1473 4004 1542 4043 ex
1572 3991 1833 4045 canonica
1862 4000 2052 4048 aucto-

468 4067 632 4126 ritate
660 4067 1018 4127 interdieatur
1040 4082 1105 4129 ut
1130 4074 1183 4130 in
1214 4075 1300 4130 bis
1322 4076 1512 4134 diebus
1539 4094 1660 4134 cum
1684 4081 1828 4135 nulla
1854 4080 2052 4137 femina

468 4159 785 4228 misceatur,
830 4156 935 4220 nec
960 4166 1028 4221 ad
1075 4169 1349 4239 propriam
1388 4186 1613 4228 uxorem
1653 4175 1917 4243 accedat,
1954 4191 2053 4232 nec

467 4267 594 4308 cum
617 4253 798 4325 aliquo
821 4256 1040 4315 homine
1055 4259 1310 4329 dormiat;
1325 4262 1481 4332 juxta
1506 4266 1791 4322 ecclesiam
1817 4268 1906 4334 sit,
1925 4278 2054 4325 ante

468 4341 624 4412 cuius
641 4342 842 4414 ianuas
864 4358 1089 4419 peccata
1117 4368 1216 4409 sua
1255 4352 1450 4413 deﬂeat
1472 4356 1664 4413 diebus
1689 4367 1747 4414 et
1765 4361 2050 4427 noctibus;

468 4443 528 4492 et
551 4450 658 4491 non
682 4437 750 4493 de
786 4438 906 4496 loco
936 4442 1004 4498 ad
1035 4442 1214 4499 locum
1252 4455 1443 4517 pergat
1490 4449 1584 4503 sed
1616 4448 1669 4503 in
1692 4464 1802 4505 uno
1825 4450 1944 4507 loco
1967 4451 2053 4508 his

2171 609 2406 678 piscibus
2460 607 2749 671 abstineat,
2797 604 2903 659 nisi
2957 603 3112 660 festis
3164 602 3356 657 diebus
3409 602 3501 672 qui
3546 604 3596 658 in
3644 604 3720 661 illo

2169 696 2439 766 episeopio
2468 711 2498 750 a
2525 704 2719 750 cuncto
2748 693 2942 765 populo
2970 692 3342 756 celebrantur,
3378 699 3437 746 et
3473 692 3575 747 nisi
3604 692 3722 751 forte

2164 786 2223 842 in
2255 800 2449 857 magno
2472 785 2680 848 itinere,
2698 784 2792 840 'vel
2816 784 2870 838 in
2899 784 3074 848 hoste,
3102 781 3297 837 vel‘diu
3320 782 3392 836 ad
3420 782 3719 839 dominicam

2169 884 2374 933 eurtem
2402 876 2484 931 vel
2513 875 2826 930 inﬁmitate
2855 874 3104 930 detentus
3147 873 3237 927 sit.
3272 872 3428 928 Tune
3457 872 3611 928 liceat
3634 890 3722 931 uno

2169 968 2408 1030 denario,
2436 967 2518 1022 vel
2557 967 2732 1037 pretio
2768 966 2930 1021 unius
2967 964 3197 1030 denarii,
3224 971 3315 1018 aut
3354 973 3468 1019 tres
3489 978 3723 1034 pauperes

2169 1057 2455 1127 pascendo,
2489 1056 2703 1112 tertiam
2745 1056 2960 1120 feriam,
2988 1057 3227 1126 quintam
3269 1054 3487 1120 feriam,
3516 1063 3569 1110 et
3608 1055 3721 1112 Sab-

2165 1151 2350 1205 batum
2381 1150 2668 1213 redimere,
2709 1149 2783 1203 ita
2818 1149 3078 1203 tluntaxat
3120 1156 3183 1203 ut
3217 1160 3322 1201 una
3372 1162 3433 1202 re
3474 1146 3539 1201 de
3578 1147 3723 1205 tribus

2165 1250 2366 1295 utatur.
2393 1240 2684 1309 Postquam
2715 1239 2931 1293 domum
2961 1238 3190 1303 venerit,
3222 1245 3316 1292 aut
3336 1237 3554 1292 sanitati
3586 1237 3726 1294 fuerit

2165 1329 2468 1393 restitutus,
2501 1328 2698 1383 nullam
2728 1327 2999 1382 licentiam
3031 1327 3226 1382 habeat
3257 1325 3578 1380 redimendi.

2306 1417 2448 1484 Quid
2474 1418 2529 1471 in
2559 1417 2679 1476 aliis
2717 1417 2917 1471 duobus
2953 1416 3105 1470 annis
3132 1406 3413 1489 observare
3443 1416 3587 1469 debet

2234 1504 2366 1561 Vlll.
2397 1505 2731 1577 (Buncmnn.
2772 1505 2867 1560 lib.
2906 1521 2984 1569 vr,
3030 1520 3080 1559 c.
3110 1504 3167 1569 5,
3196 1504 3276 1575 4.)
3301 1503 3579 1574 Completo
3618 1505 3724 1560 anni

2160 1595 2368 1651 circulo
2393 1594 2677 1653 ecclesiam
2714 1594 3069 1665 ingrediatur,
3099 1602 3155 1649 et
3177 1595 3327 1664 pacis
3355 1593 3599 1648 osculum
3618 1609 3725 1650 con-

2156 1687 2404 1742 cedatur.
2435 1685 2491 1742 ln
2519 1686 2755 1747 secundo
2778 1694 2834 1740 et
2856 1685 3016 1741 tertio
3045 1699 3189 1740 anno
3218 1683 3481 1739 similiter
3502 1682 3721 1755 ieiunet;

2161 1776 2265 1831 nisi
2312 1776 2454 1847 quod
2497 1776 2708 1831 tertiam
2765 1774 2975 1839 feriam,
3030 1775 3297 1845 quintam,
3350 1783 3407 1830 et
3459 1774 3723 1830 Sabbatum

2086 1873 2135 1935 Β
2162 1876 2483 1939 potestatem
2506 1868 2705 1923 habeat
2730 1867 3051 1932 redimendi,
3070 1866 3386 1936 ubicunque
3404 1875 3506 1920 est.
3535 1865 3715 1922 cetera

2161 1958 2448 2029 diligenter
2470 1957 2652 2013 omnia
2686 1958 2938 2014 observet
2960 1966 3019 2012 ut
3042 1955 3097 2012 in
3121 1958 3300 2027 primo
3330 1971 3499 2013 anno.

2160 2052 2327 2124 218
2394 2052 2535 2119 Quid
2587 2054 2644 2108 in
2697 2052 2930 2178 reliqt‘tiisb
2962 2063 3201 2177 leuatur
3255 2052 3416 2108 annis
3474 2053 3718 2111 observare

2870 2140 2899 2178 ε
2933 2141 2960 2178 e
2988 2163 3004 2178 .

2870 2140 3004 2179 ενοι.
3014 2178 3019 2179 ,

2227 2210 2318 2268 ll.
2347 2211 2679 2285 (Buncman.
2707 2211 2802 2267 lib.
2831 2226 2909 2278 vr,
2933 2226 2983 2267 e.
3017 2210 3100 2283 5.)
3126 2211 3374 2280 Quatuor
3399 2212 3525 2267 anni
3553 2211 3719 2266 deinde

2160 2312 2392 2371 restant,
2424 2319 2522 2375 per
2541 2320 2681 2375 quos
2720 2304 2961 2377 singulos
2987 2303 3196 2375 ieiunet
3245 2314 3360 2361 tres
3403 2305 3723 2375 quadragesi-

2158 2408 2294 2453 mas.
2327 2392 2503 2448 Unam
2551 2402 2677 2449 ante
2720 2393 2930 2450 Pascha
2971 2409 3095 2450 eum
3125 2394 3339 2450 caeteris
3393 2394 3716 2459 Christianis,

2159 2484 2480 2541 abstinendo
2502 2499 2532 2541 a
2558 2485 2713 2552 vino,
2740 2486 2999 2550 medone,
3036 2485 3237 2543 mellita
3263 2486 3537 2551 cervisia;
3563 2502 3716 2550 caseo,

2159 2586 2215 2637 et
2256 2593 2288 2633 a
2313 2577 2552 2648 piscibus
2585 2578 2894 2650 pinguibus.
2932 2578 3174 2635 Alteram
3216 2588 3349 2634 ante
3394 2579 3718 2635 Nativitaten

2158 2668 2329 2723 sancti
2364 2666 2610 2725 Joannis.
2662 2667 2722 2725 Si
2767 2667 2969 2739 aliquid
3010 2676 3254 2724 remanet
3285 2668 3356 2725 de
3385 2671 3716 2741 quadraginta

2157 2758 2367 2820 diebus.
2394 2769 2518 2829 post
2541 2758 2758 2834 missam
2788 2758 2960 2815 sancti
2981 2756 3206 2815 Joannis
3226 2759 3471 2831 impleat.
3498 2759 3706 2816 Tertiam

2156 2849 2500 2913 anteNatale
2522 2849 2735 2905 Domini
2763 2848 2988 2921 ieiunet,
3012 2859 3074 2915 ut
3102 2866 3266 2921 supra
3299 2853 3503 2911 dictum
3532 2860 3628 2908 est.
3662 2852 3716 2906 Et

2155 2941 2210 2996 in
2240 2949 2473 3013 quatuor
2502 2942 2828 3014 supradictis
2856 2930 3032 3007 annis,
3065 2942 3245 3007 tertia,
3275 2943 3469 3014 quinta
3497 2942 3643 3009 feria,
3667 2949 3713 2997 et

2155 3029 2394 3092 Sabbato
2413 3040 2596 3088 utatur
2617 3031 2879 3103 quidquid
2903 3030 3038 3099 vult,
3064 3041 3121 3087 et
3155 3032 3452 3094 secundam
3490 3041 3544 3089 et
3576 3046 3713 3103 quar-

2156 3132 2263 3178 tam
2309 3122 2503 3178 feriam
2558 3124 2886 3181 omnimodis
2928 3125 3221 3192 observet,
3288 3134 3351 3182 et
3396 3140 3708 3197 nequaquam

2079 3225 2129 3289 ο
2160 3213 2409 3273 redimat.
2450 3212 2546 3270 His
2573 3214 2822 3285 expletis,
2868 3230 3082 3274 sacram
3116 3219 3561 3282 communionem
3602 3218 3713 3274 acci-

2159 3304 2292 3373 piat.

2155 3393 2236 3452 οε
2272 3413 2334 3453 eo
2369 3398 2461 3469 qui
2507 3399 2802 3458 voluntarie
2849 3403 3187 3467 homicidium
3225 3403 3370 3473 fecit.
3416 3404 3501 3459 Ea:
3525 3401 3712 3461 concilio

2795 3474 3101 3545 Ancyrano.

2225 3559 2293 3615 Χ.
2328 3559 2551 3635 (Concil.
2584 3562 2779 3636 Ληουῖ.
2802 3550 2869 3622 ’0.
2900 3565 2989 3633 21;
3018 3565 3317 3625 llam-can.
3349 3569 3448 3625 lib.
3479 3584 3553 3635 tv,
3587 3581 3634 3623 e.
3664 3566 3707 3627 ις

2156 3652 2467 3711 Buncnann.
2499 3654 2592 3710 lib.
2623 3671 2698 3721 vi,
2731 3669 2782 3710 c.
2807 3655 2921 3729 l3.)
2944 3656 3047 3725 Qui
3070 3658 3371 3715 voluntarie
3398 3657 3712 3715 homicidium

2154 3740 2401 3810 fecerint,
2429 3746 2763 3815 paenitentiae
2792 3748 3006 3817 quidem
3041 3748 3244 3827 iugiter
3279 3765 3340 3806 se
3371 3749 3707 3811 submittant,

2153 3834 2542 3904 perfectionem
2578 3852 2705 3893 vero
2743 3838 2887 3894 circa
2918 3839 3044 3895 vitae
3079 3840 3282 3895 exitum
3317 3844 3706 3910 consequantur.

2397 3927 2478 3983 De
2507 3918 2689 3984 eadem
2721 3947 2797 3986 re.
2831 3929 2911 3986 Ex
2944 3932 3165 3986 concilio
3205 3931 3500 4007 Rhenmui.

2226 4016 2315 4071 XI.
2348 4016 2574 4089 (Concil.
2606 4016 2894 4074 Rliemense
2934 4020 3063 4075 anni
3091 4019 3215 4087 630,
3244 4036 3295 4076 c.
3334 4021 3401 4088 9;
3434 4021 3707 4077 Buteone.

2153 4106 2246 4164 lib.
2284 4124 2362 4175 vt,
2389 4124 2439 4165 c.
2475 4108 2590 4181 M.)
2616 4109 2675 4165 Si
2705 4111 2828 4180 quis
2855 4111 3204 4167 homicidium
3235 4122 3431 4184 sponte
3452 4110 3706 4169 commisso

2153 4199 2247 4267 rit,
2277 4209 2464 4255 etnon
2497 4199 2720 4256 violenti
2749 4201 3033 4268 resistens,
3062 4202 3158 4259 sed
3187 4203 3294 4259 vim
3330 4201 3552 4267 faciens,
3579 4201 3707 4254 inno-

2152 4299 2363 4347 centem
2394 4300 2450 4348 et
2489 4292 2806 4363 simpliciter
2839 4294 3177 4365 gradientem
3209 4294 3568 4359 interfecerit,
3605 4301 3708 4347 cum

2152 4380 2259 4437 isto
2296 4381 2512 4451 penitus
2540 4398 2647 4438 non
2691 4382 3231 4451 communicandum,
3268 4384 3346 4441 sic
3386 4396 3563 4440 tamen
3584 4389 3637 4435 ut
3669 4376 3704 4433 si

2151 4471 2527 4541 paenitentiam
2557 4473 2752 4544 egerit,
2795 4474 2849 4529 in
2886 4473 3035 4529 exitu
3058 4475 3109 4530 ei
3146 4474 3540 4551 communionis
3575 4467 3706 4527 viati-

464 4528 824 4637 quadraginta
863 4532 1051 4637 diebus
1075 4536 1163 4637 sit.
1294 4539 1340 4593 si
1378 4538 1520 4637 forte
1538 4541 1792 4637 habuerit
1829 4546 2052 4602 insidia—
2075 4528 2281 4637 D-cum
2306 4577 2417 4621 ιιοη
2449 4528 2695 4635 ηεεοῖυιι.

465 4627 616 4676 tores
634 4621 759 4678 vitae
782 4638 911 4691 suae,
941 4625 1155 4683 interim
1177 4627 1458 4687 differatur
1471 4633 1522 4688 ei
1543 4635 1858 4704 pmnitentia
1873 4639 2046 4697 donec

465 4708 537 4764 ab
558 4710 808 4783 episeopo
833 4729 935 4784 pax
962 4716 1011 4771 ei
1043 4718 1110 4773 ab
1144 4719 1379 4782 inimicis
1414 4724 1692 4781 reddatur.
1715 4726 1783 4782 Et
1814 4729 1862 4784 si
1893 4730 2047 4786 inﬁr-

466 4799 658 4858 mitate
683 4802 932 4862 detentus
951 4804 1134 4876 fuerit,
1158 4809 1235 4867 ita
1265 4820 1325 4867 ut
1349 4828 1456 4869 non
1483 4816 1655 4886 possit
1683 4817 1841 4889 digne
1873 4822 2047 4891 pteni-

466 4898 617 4958 tere,
649 4892 935 4951 differatur
956 4899 1279 4967 paenitentia
1315 4904 1490 4961 donec
1527 4906 1752 4963 sanitati
1792 4910 2048 4967 restitua-

466 4991 575 5047 tur.
599 4983 656 5041 Si
682 4995 864 5043 autem
887 4988 1045 5063 longa
1066 4988 1228 5065 217
1250 4998 1569 5069 aegritudine
1593 5001 1843 5059 detentus
1856 5003 2043 5074 fuerit,

465 5076 535 5135 ad
558 5080 884 5137 sententiam
911 5083 1151 5156 episcOpi
1189 5089 1486 5157 pertinebit
1510 5094 1782 5163 quomodo
1805 5109 1955 5151 reum
1991 5106 2048 5153 et

465 5165 738 5257 infirmum
751 5185 949 5229 sanare
962 5173 1227 5245 disponat.
1245 5176 1536 5250 Completis
1556 5184 1914 5257 quadraginta
1934 5186 2050 5243 die-

464 5254 588 5323 bus,
632 5274 771 5330 aqua
799 5262 961 5331 lotus,
1004 5268 1327 5325 vestimenta
1363 5278 1418 5326 et
1460 5254 1840 5343 calciamenta,
1863 5292 1985 5348 quae
2014 5292 2047 5334 a

460 5364 525 5406 se
545 5350 837 5420 abiecerat,
862 5373 1048 5415 rursus
1071 5368 1267 5425 sumat,
1291 5372 1346 5419 et
1364 5363 1614 5433 capillum
1639 5365 1860 5422 incidat.

680 5444 820 5510 Quid
854 5447 907 5502 in
940 5452 1109 5519 primo
1147 5470 1287 5508 anno
1325 5455 1596 5512 observare
1633 5458 1834 5513 debeat.

510 5574 514 5581 .
540 5532 649 5588 \‘ll.
693 5534 1024 5606 (Buacnann.
1057 5542 1149 5599 lib.
1176 5559 1250 5612 vr,
1289 5561 1342 5603 c.
1372 5548 1452 5619 2).
1479 5550 1536 5603 lu
1558 5551 1735 5620 primo
1767 5568 1909 5609 anno
1931 5558 2052 5622 post

464 5624 823 5697 quadraginta
851 5630 963 5686 dies
986 5643 1152 5689 totum
1176 5637 1321 5693 illum
1352 5655 1552 5695 annum
1581 5658 1609 5698 a
1635 5643 1775 5709 vino,
1803 5647 2050 5714 melone,

538 5785 683 5856 i278)
719 5789 1005 5862 Sequentia
1033 5811 1137 5850 non
1162 5808 1380 5854 exstant
1407 5801 1456 5855 in
1489 5802 1606 5857 col.
1635 5818 1732 5857 ms.

2291 4653 2457 4725 219
2490 4654 2569 4710 De
2604 4656 2785 4711 eadem
2819 4674 2893 4713 re.
2926 4657 3012 4713 Ea:
3029 4658 3249 4713 concilio
3268 4656 3564 4730 Agatltenti.

2220 4743 2335 4800 ΧΠ.
2369 4744 2550 4817 (Cone.
2579 4747 2768 4818 Agalh.
2804 4763 2854 4804 e.
2878 4750 2977 4816 57;
3005 4749 3313 4806 Buncaann.
3340 4750 3435 4806 lib.
3450 4765 3522 4814 vr,
3545 4761 3589 4802 c.
3608 4738 3702 4811 29.)

2150 4835 2337 4905 Itaque
2356 4837 2669 4894 censuimus
2694 4839 2997 4896 homicidas
3019 4848 3075 4896 et
3122 4840 3289 4897 falsos
3337 4850 3502 4897 testes
3525 4852 3554 4892 a
3580 4847 3700 4891 eom—

2152 4927 2408 4982 munione
2435 4926 2805 4986 ecclesiastica
2833 4930 3246 4996 submovendos,
3273 4932 3378 4989 nisi
3410 4924 3701 5004 paenitet!“ai

2153 5017 2527 5075 satisfactione
2552 5020 2783 5077 crimina
2807 5020 3043 5077 admissa
3072 5023 3347 5079 diluerint.

2384 5108 2459 5164 De
2486 5111 2667 5165 eadem
2695 5127 2768 5165 re.
2798 5110 2885 5166 Ex
2904 5113 3125 5168 concilio
3159 5114 3501 5169 Nannetemi.

2221 5202 2353 5259 Xlll.
2386 5202 2607 5275 (Concil.
2645 5204 2873 5260 Nannet.
2926 5221 2977 5262 c.
3008 5205 3108 5273 i7;
3159 5206 3463 5264 Buncuaan.
3515 5204 3595 5259 lib.
3633 5212 3692 5261 Vl.

2150 5309 2200 5348 e.
2225 5293 2338 5363 12.)
2369 5292 2426 5348 Si
2455 5293 2576 5363 quis
2600 5292 2902 5350 voluntarie
2941 5305 2996 5350 et
3043 5310 3143 5365 per
3190 5296 3415 5352 insidias
3460 5290 3693 5349 hominem

2152 5382 2507 5448 interfecerit,
2524 5383 2637 5454 iugi
2655 5398 2729 5439 se
2754 5383 3085 5453 paenitentiae
3115 5384 3416 5441 submittat.
3468 5382 3530 5438 Et
3550 5380 3591 5435 si
3611 5378 3692 5432 hoc

2154 5474 2366 5546 publice
2393 5486 2571 5531 actum
2602 5484 2844 5543 constat,
2880 5477 2926 5531 si
2962 5476 3132 5534 laicus
3157 5487 3240 5534 est
3286 5494 3318 5534 a
3363 5471 3691 5533 communione

2157 5566 2461 5621 orationum
2494 5565 2867 5637 quinquennio
2891 5578 3267 5635 removeatur;
3296 5576 3413 5641 post
3430 5566 3690 5637 quinqueﬂ‘

2160 5657 2305 5714 nium
2350 5658 2402 5713 in
2449 5657 2751 5715 orationum
2802 5660 3182 5718 communione
3232 5660 3514 5732 recipiatur
3539 5648 3685 5725 (278};
