3884 5598
185 419 308 476 Ξ89

185 631 294 690 gat
321 622 374 676 in
409 635 516 691 quo
543 619 844 690 perdurans
867 621 1277 690 quattuordecim
1315 621 1495 686 annis,
1546 632 1674 673 tunc
1727 617 1795 672 ad

183 713 416 782 plenam
443 714 872 774 communionem
903 727 1025 767 cum
1067 713 1429 769 oblationibus
1475 711 1790 782 recipiatur-

631 803 706 858 De
734 803 914 858 eadem
939 820 1014 858 re.
1067 803 1148 857 Ea:
1174 805 1372 858 eodem.

271 895 418 951 XIV.
449 895 672 969 (Concil.
704 895 937 951 Naanet.
967 895 1125 970 ibid.)
1177 895 1234 951 In
1291 897 1478 951 Exodo
1532 894 1797 950 Dominus

189 989 338 1044 dicit
361 991 425 1044 de
445 989 726 1044 homicidis
757 1007 770 1042 :
796 987 858 1044 Si
877 989 992 1055 quis
1017 989 1080 1042 de
1107 987 1366 1042 industria
1389 999 1436 1042 ct
1459 1005 1552 1057 per
1573 985 1796 1040 insidias

189 1079 466 1156 hominem
489 1079 750 1144 occiderit,
776 1079 840 1132 ab
869 1077 1030 1132 altari
1049 1095 1160 1132 meo
1185 1077 1368 1133 cvelles
1391 1093 1528 1142 eum,
1588 1085 1642 1129 ut
1685 1089 1797 1126 mo-

189 1174 380 1224 riatur
409 1171 606 1243 (Exod.
647 1169 784 1240 xxt).

191 1281 281 1338 De
341 1283 635 1340 homicidiis
690 1297 794 1335 nou
841 1289 1021 1350 sponte
1072 1281 1378 1337 commissis.
1441 1281 1524 1336 Ea:
1577 1277 1796 1334 concilio

723 1356 728 1364 '
846 1355 1147 1420 Aucyrano.

265 1435 397 1506 ,ΧΨ
421 1439 642 1510 (Concit.
674 1441 866 1512 Ancgr.
890 1457 938 1496 e.
961 1441 1063 1506 ἥς
1097 1439 1396 1494 ΙιΑιιτςΑῐι.
1423 1437 1516 1493 lib.
1546 1453 1620 1500 ιν,
1644 1455 1692 1494 c.
1718 1437 1753 1494 2
1779 1457 1793 1508 ;

189 1530 518 1586 Buncnum.
544 1533 634 1586 lib.
666 1549 734 1598 vx,
766 1550 814 1588 c.
841 1533 953 1604 15.)
997 1531 1073 1588 De
1105 1531 1410 1587 homicidiis
1453 1547 1558 1586 non
1610 1541 1798 1600 sponte

193 1623 514 1678 commissis
560 1625 708 1694 prior
753 1626 968 1696 quidem
1016 1623 1256 1678 definitio
1315 1631 1438 1693 post
1485 1635 1798 1692 septennem

187 1713 586 1782 paenitentiam
631 1715 1017 1784 perfectionem
1059 1714 1317 1782 consequi
1363 1713 1662 1784 praecepit,
1715 1727 1800 1768 se-

189 1801 386 1856 cunda
413 1819 540 1858 vero
566 1803 920 1875 quinquennii
952 1813 1160 1874 tempus
1187 1802 1424 1872 explere.

1074 418 1162 476 DE
1201 417 1478 475 ECCLES.
1525 413 1803 472 DISCII’L.
1845 413 2022 470 LIBRI
2065 417 2220 474 DUO.
2265 453 2324 460 —
2353 419 2481 475 LIB.
2527 419 2588 476 II.

187 547 312 586 non
343 541 521 592 autem
551 529 708 586 simul
739 529 949 596 oll'erat,
977 546 1082 586 non
1111 547 1309 600 corpus
1331 530 1544 586 Domini
1575 530 1788 584 eontin-
1815 533 1867 594 Α

3367 421 3474 480 290

2199 533 2272 586 De
2297 537 2474 588 cadent
2501 553 2574 590 re.
2604 535 2688 589 Ea:
2712 551 2908 602 eoaem,
2940 553 3055 608 cap.
3085 535 3175 591 9.0.

1969 619 2084 675 XX.
2119 621 2341 694 (Coucil.
2383 625 2588 680 Tribur.
2635 641 2684 681 c.
2738 627 2853 698 52.)
2899 628 2975 682 De
3023 625 3326 683 homicidiis
3369 642 3476 684 non

1897 721 2090 782 Sponte
2125 715 2448 780 commissis,
2481 715 2626 786 quali
2651 719 2982 787 poenitentia:
3007 718 3136 789 jugo
3165 717 3481 774 submittan-

1899 811 1986 857 tur
2014 803 2068 858 bi
2095 805 2188 874 qui
2209 805 2434 860 fecerint
2463 823 2549 872 ea,
2577 807 2630 862 in
2660 810 2900 880 episcopi
2938 811 3205 866 sententia
3239 815 3479 866 maneat.

2321 895 2398 950 De
2423 897 2600 950 eadem
2631 913 2706 952 re.
2749 899 2834 952 Ea:
2857 899 3057 953 eodem.

1957 983 2096 1038 XXI.
2148 985 2366 1054 ((ἰοηεὶι.
2404 986 2610 1040 Tribur.
2667 1002 2713 1042 c.
2767 989 2867 1054 55;
2915 989 3227 1044 Buncmnn.
3282 987 3374 1044 lib.
3403 1002 3484 1054 v1,

1897 1091 1947 1131 c.
1979 1076 2093 1147 56.)
2126 1076 2182 1131 Si
2215 1077 2335 1147 quis
2389 1077 2554 1131 filium
2601 1093 2754 1132 suum
2811 1095 2922 1133 non'
2963 1091 3151 1150 sponte
3205 1079 3485 1144 occiderit,

1891 1164 2044 1233 juxta
2073 1167 2365 1222 homicidia
2399 1183 2503 1222 non
2529 1178 2718 1238 sponte
2747 1169 3031 1224 commissa
3057 1169 3340 1239 pmniteat.

2109 1259 2186 1314 De
2210 1261 2484 1315 eademre.
2537 1261 2620 1316 Ea:
2661 1263 2880 1316 concilio
2931 1263 3272 1316 Nanuetensi.

1967 1347 2128 1402 XXII.
2159 1347 2380 1420 (Cuncil.
2435 1347 2668 1405 Nanuet.
2707 1367 2754 1407 c.
2809 1351 2903 1416 l8;
2949 1352 3254 1407 Buncmun.
3287 1351 3378 1406 lib.
3407 1367 3488 1415 vr,

1899 1455 1949 1496 c.
1979 1441 2090 1510 I6.)
2115 1440 2172 1494 Si
2205 1442 2328 1511 quis
2355 1456 2505 1506 casu,
2565 1458 2670 1496 non
2731 1442 2916 1496 volens
2971 1442 3320 1498 homicidium
3363 1457 3488 1510 per—

1899 1534 2214 1604 petraverit,
2246 1535 2602 1604 quadraginta
2635 1535 2900 1588 diebusin
2923 1549 3060 1604 pane
3081 1543 3136 1588 et
3169 1549 3308 1602 aqua
3365 1547 3486 1602 pce-

1899 1623 2089 1678 niteat.
2121 1621 2326 1690 Quibus
2375 1623 2632 1694 peractis,
2675 1623 2892 1678 biennio
2943 1623 3010 1677 ab
3059 1623 3307 1676 oratione
3362 1619 3493 1673 fide-

1899 1715 2029 1770 lium
2053 1725 2388 1785 segregetur,
2421 1731 2528 1769 non
2564 1715 2942 1770 communione
2973 1711 3235 1768 orationis
3279 1710 3491 1774 offerat,

1901 1823 2006 1862 non
2045 1816 2222 1862 tamen
2250 1809 2630 1863 communicet.
2687 1807 2849 1876 222
2889 1805 3018 1861 Post
3068 1803 3492 1876 quinquennium

191 1915 374 1985 22o
403 1915 480 1970 De
502 1917 681 1970 eadem
709 1934 780 1970 re.
817 1915 898 1970 Ex
919 1914 1136 1996 ερξειοια
1180 1913 1385 1969 nabam'
1433 1913 1503 1968 ad
1547 1911 1795 1969 Hei-ibat-
1825 1879 1872 1940 Β
1901 1901 1966 1956 ad
1995 1897 2206 1972 plenam
2235 1901 2667 1956 communionem
2701 1901 3014 1971 recipiatur.
3041 1897 3384 1954 Abstinentia
3412 1895 3494 1950 ci-

765 1987 892 2040 dum
922 1987 1234 2056 episcopum.

271 2076 422 2132 XVI.
458 2077 640 2148 (Ihm,
687 2077 852 2150 Epist.
901 2079 970 2132 ad
1020 2077 1290 2133 Heribald.
1317 2094 1367 2134 c.
1395 2079 1450 2140 ις
1483 2077 1796 2134 Βυιιειιλιω.

191 2170 298 2226 lib.
333 2187 412 2239 vx,
441 2187 490 2226 c.
518 2172 634 2244 23.)
659 2171 792 2226 Nam
828 2173 894 2227 de
921 2173 1006 2228 bis
1031 2173 1255 2244 legimus
1276 2173 1368 2242 qui
1394 2173 1664 2228 hominem
1693 2187 1800 2226 non

193 2271 401 2332 sponte
437 2261 849 2326 interfecerunt,
881 2262 1054 2316 Deum
1097 2277 1192 2331 per
1225 2262 1588 2334 legislatorem
1640 2262 1802 2316 urbes

191 2351 406 2422 refugii
437 2352 748 2423 deputasse,
781 2352 848 2407 ad
886 2365 1020 2421 quas
1055 2353 1424 2422 confugientes
1466 2353 1804 2408 salvarentur

193 2443 274 2498 ab
303 2443 480 2498 ultore
506 2443 784 2514 sanguinis
805 2441 1034 2511 proximi
1059 2441 1140 2496 sui
1179 2450 1230 2496 et
1279 2457 1386 2496 non
1443 2449 1799 2496 morerentur.

193 2531 370 2587 Unde
413 2531 468 2586 in
499 2531 912 2587 Deuteronomio
937 2531 1196 2600 scriptmn
1246 2540 1330 2586 est
1359 2550 1373 2584 :
1424 2529 1550 2586 Herc
1577 2531 1674 2585 erit
1721 2531 1805 2586 tea:

192 2623 490 2678 homicidia
504 2624 654 2693 cujus
675 2625 781 2678 vita
805 2623 1062 2678 servanda
1097 2631 1192 2677 est.
1217 2623 1322 2688 Qui
1344 2625 1654 2694 percusserit
1680 2639 1804 2690 pro-

192 2713 411 2768 ximum
435 2729 588 2768 suum
615 2715 866 2780 nesciens,
910 2723 958 2768 et
1005 2713 1120 2767 lteri
1166 2723 1212 2768 et
1259 2715 1637 2769 nudiustertius
1687 2715 1805 2769 nul-

195 2803 320 2856 lum
369 2812 552 2856 contra
597 2817 716 2856 eum
766 2803 944 2856 odium
993 2803 1234 2857 habuisse
1280 2803 1665 2874 comprobatur,
1713 2805 1804 2858 sed

197 2893 378 2948 abisse
405 2893 709 2964 simpliciter
727 2909 842 2947 cum
865 2909 924 2948 ea
957 2895 1011 2948 in
1036 2894 1218 2948 silvam
1249 2893 1318 2948 ad
1359 2893 1500 2966 ligna
1534 2895 1800 2963 credenda,

197 2994 250 3038 et
288 2985 348 3037 in
387 2987 677 3040 succisione
720 2985 977 3056 lignorum
1019 2987 1215 3040 securis
1269 2986 1456 3056 fugerit
1505 2987 1569 3041 de
1613 3003 1802 3056 manu,

199 3085 294 3130 aut
317 3075 520 3145 ferrum
560 3076 916 3146 delapsumde
937 3077 1212 3130 manubrio
1248 3077 1475 3130 anticum
1527 3078 1640 3146 ejus
1687 3096 1805 3149 per-

197 3167 427 3220 cusserit
451 3175 502 3219 et
521 3167 785 3234 occiderit,
809 3169 894 3220 hic
937 3167 1006 3222 ad
1045 3185 1205 3221 uuam
1240 3168 1446 3222 urbium
1474 3171 1802 3240 supradicta-

207 3271 330 3310 rum
357 3257 626 3328 confugiat
649 3269 696 3312 et
721 3259 875 3313 vivat.
909 3257 1090 3330 (Deut.
1127 3259 1271 3331 xu.)

311 3345 396 3401 De
415 3347 594 3400 eadem
615 3363 690 3402 re.
729 3347 815 3402 Ex
835 3347 1054 3403 concilio
1087 3347 1478 3417 Wormaticasi,
1504 3365 1616 3420 cap.
1644 3351 1698 3405 5.

274 3435 443 3492 XVII.
475 3435 696 3508 (Coucil.
723 3438 982 3493 Wormat.
1023 3455 1072 3494 c.
1100 3437 1200 3504 29;
1246 3437 1555 3496 Buncmno.
1581 3441 1676 3496 lib.
1727 3457 1800 3506 τι,

203 3541 256 3580 e.
291 3525 412 3598 2|.)
440 3526 593 3597 Saepe
619 3529 886 3599 contingit
911 3538 970 3583 ut
998 3529 1122 3584 dum
1156 3531 1277 3600 quis
1318 3533 1466 3602 Operi
1493 3533 1806 3587 necessario

205 3619 470 3676 insistens
498 3620 744 3676 arborem
773 3621 1009 3686 incidat,
1055 3621 1248 3692 aliquis
1273 3625 1466 3678 subtus
1510 3625 1678 3693 ipsam
1715 3641 1802 3680 ve-

208 3711 371 3766 niens
404 3711 735 3782 deprimatur
765 3711 913 3784 (279)
943 3721 997 3766 et
1021 3713 1244 3780 ideirco,
1296 3715 1342 3768 si
1391 3715 1666 3770 voluntate
1719 3715 1802 3770 vel

207 3801 540 3874 negligentia
580 3801 1141 3866 incidentisarborem
1166 3803 1366 3859 factum
1391 3815 1496 3871 est,
1532 3817 1589 3860 ut
1624 3807 1800 3860 Immi-

210 3889 332 3946 cida
399 3889 730 3961 pmnitentia:
756 3891 915 3946 debet
970 3893 1190 3948 omnino
1237 3895 1496 3949 submitti.
1550 3896 1802 3962 Quodsi

210 3995 316 4035 non
337 3991 487 4046 voto,
521 3981 614 4036 sed
636 3982 840 4037 incuria
867 3980 1004 4050 ejus,
1035 3998 1138 4038 non
1177 3985 1405 4054 denique
1457 3985 1606 4057 (280)
1661 3987 1801 4058 Illaec

212 4071 360 4146 eum]
390 4074 659 4128 sententia
687 4074 984 4145 contingit;
1012 4075 1104 4129 sed
1133 4076 1257 4129 dum
1281 4075 1369 4128 ille
1415 4077 1564 4144 operi
1611 4091 1799 4132 neces-

215 4166 357 4218 sario
381 4166 629 4221 fortassis
657 4167 1024 4230 incumberet,
1073 4167 1172 4220 iste
1221 4167 1526 4236 imperatus
1565 4171 1800 4224 occurrit

215 4255 314 4308 sub
346 4256 563 4320 arbore,
585 4264 637 4311 et
670 4256 770 4310 sub
795 4257 907 4324 ipsa
931 4269 1218 4326 oppressus
1255 4265 1358 4321 est,
1398 4257 1600 4311 iucisor
1646 4259 1800 4314 arbo-

217 4345 290 4398 ris
319 4361 425 4401 non
469 4353 682 4400 tenetur
713 4361 810 4415 pro
836 4345 1125 4400 homicida.

218 4437 370 4507 22],
405 4437 482 4493 De
502 4438 682 4492 eadem
707 4454 780 4492 re.
815 4437 898 4491 E11
914 4437 1134 4492 concilio
1165 4437 1509 4504 Triburiensi,
1558 4457 1673 4511 cap.
1709 4443 1796 4498 l7.

283 4530 467 4590 XVIII.
503 4529 720 4601 (Concit.
751 4527 957 4583 Tribur.
1000 4529 1173 4595 c.36;
1221 4529 1528 4585 Buacmno.
1581 4531 1674 4586 lib.
1721 4549 1796 4599 v1,

219 4635 268 4674 c.
292 4621 408 4694 22.)
435 4620 493 4676 Si
519 4621 625 4675 duo
653 4620 849 4674 fratres
887 4621 940 4674 in
991 4621 1126 4676 silva
1176 4623 1396 4678 arbores
1443 4625 1791 4692 succideriut,

220 4723 272 4767 et
295 4716 753 4786 appropinquante
773 4721 898 4769 casu
943 4715 1104 4770 unius
1163 4715 1371 4772 arboris
1416 4717 1586 4772 frater
1641 4719 1794 4775 fratri

223 4805 353 4861 Cave
383 4807 600 4870 dixerit,
647 4815 704 4860 et
731 4805 819 4860 ille
869 4805 1075 4876 fugiens
1124 4807 1176 4860 in
1227 4822 1531 4877 pressuram
1584 4811 1796 4867 arboris

225 4893 464 4952 inciderit
487 4903 542 4952 et
567 4905 810 4972 mortuus
839 4895 1040 4962 fuerit,
1085 4897 1274 4952 vivens
1317 4899 1483 4952 frater
1537 4899 1798 4956 innocens

225 4986 288 5039 de
311 4987 567 5058 sanguine
593 4986 832 5057 germani
864 4984 1202 5054 dijudicetur.

639 5095 713 5150 De
742 5096 918 5150 eadem
960 5111 1034 5150 re.
1075 5093 1158 5149 Ea:
1177 5095 1374 5151 eodem.

295 5189 432 5246 XIX.
467 5189 687 5262 (Concil.
718 5189 999 5252 Tribune.
1041 5189 1158 5261 57.)
1207 5189 1375 5246 Mater
1424 5193 1470 5248 si
1513 5191 1668 5262 juxta
1719 5193 1800 5251 fo-

231 5292 344 5333 cum
380 5282 631 5338 infantem
681 5283 950 5351 posuerit,
995 5289 1052 5335 et
1103 5279 1238 5335 alius
1285 5282 1446 5338 homo
1493 5300 1686 5354 aquam
1743 5287 1796 5341 in

233 5374 370 5414 ’⁸9111⁸1
381 5377 506 5412 ἐἶσι-πη
533 5375 736 5408 νδὶξμιιοιει

792 5385 840 5400 ’⁵⁸
879 5375 1091 5420 ηἶιηΠῗίεὶ
1118 5389 1254 5418 Ωηιιεδ
1287 5375 1462 5424 infans
1485 5377 1797 5424 Sttnnrfncnc

1795 2019 1800 2024 -
1899 1994 2090 2050 borum
2118 1994 2170 2047 in
2195 1994 2422 2049 arbitrio
2468 1994 2769 2050 sacerdotis
2825 2001 3065 2048 maneat.

1903 2101 2005 2169 Qui
2051 2121 2144 2174 per
2189 2103 2390 2173 faidam
2429 2101 2690 2226 hopzipem
2745 2104 3009 2228 mitigent.
3077 2101 3164 2158 Ea:
3225 2099 3495 2156 Paeniten—

2520 2191 2634 2228 tat.
2665 2191 2779 2228 can.
2885 2216 2897 2228 .

2520 2191 2634 2238 mu,
2665 2191 2779 2244 cap.
2811 2191 2897 2228 14.

1970 2265 2156 2321 XXIII.
2182 2265 2513 2338 (Bunanno.
2547 2265 2639 2320 lib.
2669 2280 2740 2331 vr,
2769 2281 2817 2318 c.
2847 2265 2962 2336 52.)
3006 2264 3106 2332 Qui
3136 2279 3236 2335 pro
3257 2262 3495 2317 vindicta

1903 2355 2092 2411 fratris
2123 2364 2216 2409 aut
2272 2355 2497 2410 aliorum
2549 2365 2830 2424 parentum
2881 2355 3143 2410 occiderit
3193 2353 3493 2415 hominem,

1904 2459 2105 2498 annum
2132 2457 2296 2498 unum
2324 2443 2607 2514 pmniteat,
2639 2452 2694 2498 et
2743 2444 3094 2512 sequentibus
3133 2441 3341 2496 duobus
3385 2447 3498 2493 tres

1903 2533 2352 2604 quadragesimus
2386 2532 2638 2587 observet
2684 2539 2738 2586 et
2781 2533 3052 2602 legitimas
3101 2529 3287 2596 ferias,
3324 2529 3376 2584 id
3413 2535 3500 2584 est

1904 2621 2221 2686 secundam,
2254 2629 2529 2690 quartam,
2556 2627 2611 2672 et
2638 2627 2844 2672 sextam
2871 2617 3082 2672 feriam.

2329 2729 2407 2784 De
2428 2729 2607 2784 eadem
2631 2746 2704 2784 re.
2761 2729 2846 2783 Ea:
2867 2719 3066 2784 eodem.

1975 2821 2161 2878 XXIV.
2189 2819 2288 2889 Qui
2317 2837 2414 2892 per
2441 2823 2576 2876 iram
2599 2829 2655 2875 et
2683 2821 2854 2874 rixam
2884 2829 2938 2875 et
2963 2822 3287 2875 ebrietatem
3311 2821 3496 2878 subito

1904 2914 2175 2968 hominem
2198 2912 2478 2976 occiderit,
2503 2917 2733 2981 quatuor
2769 2925 2939 2965 annos
2965 2911 3245 2980 poeniteat.

2331 3001 2408 3057 De
2437 3003 2614 3056 eadem
2638 3017 2712 3056 re.
2756 2997 2840 3054 Ea:
2861 3001 3063 3055 eodem.

1953 3097 2144 3154 XXV.
2183 3097 2240 3153 Si
2267 3097 2388 3168 quis
2417 3095 2574 3163 liber,
2620 3095 2842 3167 jubente
2873 3095 3091 3150 domino
3129 3111 3248 3164 suo,
3279 3109 3496 3154 servum

1832 3229 1876 3290 ε
1908 3191 2185 3253 occiderit,
2215 3190 2579 3261 quadraginta
2611 3189 2728 3242 dies
2749 3187 3031 3258 pamiteat.
3087 3187 3155 3242 Et
3180 3189 3224 3243 si
3253 3191 3376 3258 quis
3423 3189 3495 3246 li-

1909 3285 2022 3350 ber,
2049 3281 2272 3352 jttbente
2299 3281 2521 3336 domino
2548 3293 2666 3342 suo,
2697 3279 2970 3333 hominem
3009 3279 3347 3334 innocentem
3396 3293 3496 3335 oe-

1906 3372 2343 3438 ciderit,anuum
2375 3387 2538 3425 unum
2569 3369 2848 3440 pmniteat,
2900 3379 2954 3424 et
3013 3369 3066 3422 in
3112 3369 3320 3424 duobus
3376 3370 3497 3427 aliis

1905 3463 2064 3517 annis
2092 3469 2202 3516 tres
2229 3461 2673 3530 quadragesimas
2715 3459 2968 3515 observet
3007 3467 3063 3515 et
3110 3459 3380 3530 legitimas
3415 3461 3499 3517 fe-

1905 3569 2036 3608 nas.

1903 3668 1981 3724 De
2001 3670 2080 3723 his
2102 3669 2190 3741 qui
2221 3685 2392 3741 servos
2415 3685 2538 3723 suos
2563 3677 2918 3741 necantgextra
2935 3668 3190 3741 judicem.
3240 3667 3327 3722 Ex
3366 3681 3492 3722 cou-

2103 3738 2123 3748 ’⁷
2333 3740 2453 3794 cilia
2481 3739 2785 3809 Agat/acusi,
2817 3755 2934 3808 cap.
2975 3738 3060 3792 55.

1972 3829 2162 3884 XXVI.
2197 3827 2381 3901 (Coac.
2416 3830 2607 3900 Agat/1.
2630 3845 2679 3884 c.
2710 3829 2808 3894 62;
2837 3827 2996 3896 “ML,
3023 3829 3193 3900 Epist.
3227 3830 3296 3883 ad
3331 3827 3489 3883 Heri-

1902 3921 2044 3977 bald.
2071 3923 2217 3993 0.5.)
2243 3923 2299 3978 Si
2330 3925 2450 3994 quis
2473 3939 2685 3977 servum
2715 3923 2991 3993 proprium
3023 3923 3140 3976 sine
3161 3921 3494 3976 conscientia

1894 4013 2095 4082 judicis
2124 4014 2404 4076 occiderit,
2438 4013 2998 4068 excommunicatioue
3029 4011 3231 4066 biennii
3283 4021 3493 4066 reatum

1901 4104 2180 4174 sanguinis
2209 4104 2542 4158 emumlabit.

1897 4191 1976 4246 De
2002 4193 2280 4262 parricidis
2295 4203 2342 4246 et
2358 4192 2666 4260 fratricidis.
2695 4191 2780 4246 Ea:-
2806 4191 3021 4246 coucilio
3049 4190 3492 4261 Moguntiacensi,

1971 4281 2180 4336 XXVII.
2212 4280 2434 4352 (Concil.
2489 4281 2749 4335 Wormat.
2799 4297 2846 4336 c.
2881 4282 2979 4346 ’50;
3035 4281 3348 4336 Buucuxno.
3397 4281 3492 4335 lib-

1897 4389 1953 4440 ι,
1990 4391 2038 4430 c.
2063 4373 2177 4443 54.)
2203 4371 2506 4428 Statuitnus
2529 4383 2582 4425 ut
2614 4373 2896 4442 parricida:
2915 4381 2968 4427 et
2999 4371 3289 4426 fratricida:
3329 4371 3492 4444 223

1899 4485 1995 4539 per
2017 4468 2174 4521 unius
2206 4465 2332 4520 anni
2362 4464 2622 4520 circulum
2651 4473 2778 4520 ante
2803 4464 2948 4520 fores
2981 4463 3220 4519 basilica
3271 4473 3492 4518 orantes

1827 4559 2114 4638 DDomini
2169 4558 2510 4612 clementiam
2577 4565 2943 4644 perseverent.
3019 4553 3298 4624 Completo
3365 4551 3494 4607 anni

1900 4652 2125 4715 circulo,
2151 4651 2564 4705 introducantur
2586 4649 2636 4701 iu
2661 4648 2978 4712 ecclesiam;
3007 4655 3186 4700 tamen
3227 4644 3372 4697 inter
3396 4659 3493 4697 au-

1901 4745 2124 4805 dientes,
2177 4759 2344 4813 usque
2391 4746 2516 4797 dum
2568 4742 2726 4796 unius
2787 4739 2916 4794 anni
2964 4739 3196 4808 spatium
3249 4735 3493 4798 finiatur,

1902 4845 2064 4891 stent.
2105 4833 2200 4890 llis
2227 4836 2301 4888 ita
2323 4834 2579 4903 peractis,
2621 4831 2664 4886 si
2707 4831 3036 4901 ptenitentite
3075 4829 3286 4884 fructus
3326 4827 3380 4880 in
3414 4827 3494 4880 eis

1904 4927 2256 4998 conspicitur,
2296 4927 2540 4993 corporis
2565 4935 2621 4980 et
2641 4925 2920 4995 sanguinis
2959 4922 3171 4977 Domini
3201 4917 3496 4988 participes

1905 5018 2059 5086 ﬁant,
2083 5025 2144 5072 ut
2183 5032 2291 5072 non
2330 5017 2665 5072 obdurentur
2693 5014 3084 5085 desperatione.
3119 5011 3348 5066 Carnem
3389 5019 3498 5059 non

1903 5108 2232 5163 manducent
2282 5106 2533 5161 omnibus
2586 5101 2775 5158 diebus
2800 5103 2920 5158 vita:
2949 5100 3182 5154 illorum.
3243 5093 3498 5162 Jejunent

1903 5211 2082 5256 autem
2124 5212 2294 5265 usque
2329 5197 2397 5252 ad
2424 5213 2624 5255 nonam
2665 5195 2770 5250 diei
2809 5197 2994 5249 horam
3035 5187 3300 5260 quotidie,
3341 5201 3504 5242 exce-

1903 5291 2010 5358 ptis
2043 5287 2199 5343 festis
2229 5286 2421 5341 diebus
2443 5297 2604 5357 atque
2629 5282 2920 5336 Dominum~
3110 5280 3120 5286 ·

1880 5383 2091 5420 ,ηνῖῃη
2153 5377 2378 5416 ηποῑῖηησ-
2439 5399 2442 5402 ~
