3884 5430
427 366 529 423 891

1451 363 1819 421 REGINONIS
1848 362 2263 424 PRUSIIENSIS
2297 366 2587 427 ABBATIS

3579 385 3700 442 292‘

431 473 611 530 hiculo
638 473 999 536 deducantur,
1043 472 1135 526 sed
1183 472 1408 543 pedibus
1461 474 1694 544 propriis
1754 482 2000 546 pergant.
2031 483 2080 542 Α
2108 492 2300 534 servus
2323 480 2426 535 hoc
2451 481 2812 549 commiserit,
2847 483 3052 556 judicio
3077 492 3231 560 afluat
3261 489 3528 552 ferventis
3553 512 3685 556 exa-

430 568 665 638 Tempus
696 576 876 622 autem
900 566 1056 635 hujus
1075 566 1401 637 patuitcntiae
1426 566 1479 620 in
1512 567 1885 638 episcoporum
1912 581 2008 639 po-

429 658 610 713 nimus
629 655 876 721 arbitrio,
904 665 959 730 ut
980 656 1274 711 secundum
1303 658 1768 713 conversationem
1797 657 2007 713 illorum

429 760 522 805 aut
557 750 846 806 extendere
883 749 962 805 vel
995 750 1234 806 minuere
1259 749 1494 806 valeant.
1522 749 1606 806 Ab
1643 751 1922 817 uxoribus,
1957 749 2006 808 si

429 840 734 906 habuerint,
761 855 867 896 non
893 849 1230 911 separentur.
1262 841 1319 896 Si
1355 854 1534 897 autem
1563 857 1668 897 non
1697 841 2004 909 habuerint,

423 940 482 986 et
503 946 560 985 se
589 930 866 986 continere
889 946 992 986 non
1017 931 1315 998 valuerint,
1346 932 1615 1003 legitimas
1660 932 1924 1004 accipiant
1951 933 2003 987 in

421 1022 675 1094 coniugio
697 1021 948 1090 feminas,
981 1039 1049 1079 ne
1072 1023 1125 1078 in
1154 1022 1525 1080 fornicationis
1569 1025 1878 1095 voraginem
1919 1025 2002 1080 in-

420 1114 606 1168 cidere
629 1113 929 1169 videantur.
961 1113 1017 1169 Si
1050 1123 1229 1169 autem
1269 1124 1558 1184 antequam
1589 1115 1816 1170 duorum
1865 1128 2002 1184 pra:-

423 1204 688 1258 dictorum
712 1219 975 1259 annorum
1000 1204 1254 1258 finiantur
1282 1204 1572 1270 curricula,
1617 1204 1739 1259 linis
1769 1203 1888 1258 vita:
1935 1202 2002 1256 il-

421 1295 596 1350 lorum
633 1297 960 1365 pervenerit,
985 1295 1237 1350 viaticum
1279 1296 1380 1350 illis
1415 1311 1518 1350 non
1562 1304 1806 1366 negetur.
1855 1293 2001 1366 (281)

415 1414 586 1488 224
604 1414 739 1469 Item
761 1415 826 1470 de
867 1415 1169 1488 parricidis.
1201 1412 1284 1467 Ea:
1304 1413 1429 1488 alio
1463 1412 1682 1468 concilio
1703 1411 2005 1483 Moguntia-

965 1487 1128 1550 censi,
1153 1501 1268 1555 cap.
1297 1483 1388 1538 20.

491 1575 722 1632 XXVIII.
751 1576 968 1647 (Paruit.
994 1578 1126 1632 Ras.
1156 1593 1205 1632 c.
1238 1593 1300 1643 ll,
1331 1586 1387 1631 ct
1417 1576 1468 1631 in
1488 1593 1570 1648 ep.
1623 1576 1692 1630 ad
1723 1573 1998 1631 Heribald.

412 1685 466 1726 c.
499 1670 559 1735 7;
587 1669 774 1723 concil.
807 1669 1045 1740 Magum.
1070 1668 1183 1723 sub.
1210 1667 1418 1724 “sine.
1440 1668 1542 1734 20;
1569 1666 1876 1723 Boncusnn.
1904 1665 1997 1721 lib.

416 1777 492 1827 vi,
513 1776 562 1816 c.
591 1760 706 1832 55.)
740 1760 1095 1816 Parricidium
1127 1775 1288 1830 quam
1320 1761 1390 1814 sit
1419 1756 1740 1814 detestabile
1768 1757 1996 1822 crimen,

2109 565 2347 623 minetur
2371 577 2550 626 utrum
2588 572 2694 628 hoc
2712 583 2903 644 sponte
2939 591 3006 630 an
3031 592 3091 632 se
3135 579 3472 640 defendendo
3528 585 3690 645 fecis-

2109 666 2226 747 set;
2266 667 2320 713 et
2339 659 2384 714 si
2409 663 2731 733 manuscjus
2755 673 2948 720 exusta
3005 666 3189 734 fuerit,
3242 672 3496 732 dominus
3545 678 3686 747 ejus,

2103 743 2258 837 juxta
2289 749 2432 818 quod
2460 750 2768 822 wirgildum
2811 753 2951 810 illius
2976 766 3080 823 est,
3121 759 3187 814 ad
3213 761 3507 820 ecclesiam
3561 743 3686 837 per;

2107 836 2314 905 solvat;
2341 847 2454 906 aut,
2487 842 2532 897 si
2563 842 2814 910 voluerit,
2846 861 2968 900 eum
2995 847 3172 905 eidem
3195 853 3445 912 ecclesiae
3481 836 3686 914 tradat.

2105 926 2183 984 De
2207 929 2571 988 ecclesiastico
2596 944 2649 988 ct
2670 933 2912 992 fiscalino
2938 945 2992 994 et
3037 939 3384 1001 beneﬁciaria
3435 948 3690 1008 volumus

2106 1029 2166 1074 ut
2193 1036 2290 1092 pro
2312 1039 2418 1077 uno
2444 1025 2562 1080 vice
2589 1027 2908 1100 wirigildum
2938 1046 3119 1101 proeo
3167 1051 3552 1108 componatur,
3603 1045 3686 1099 al-

2107 1117 2219 1164 tera
2245 1111 2360 1166 vice
2384 1127 2572 1169 servus
2601 1117 2666 1170 ad
2718 1119 3035 1189 supplicium
3065 1123 3324 1181 tradatur.
3384 1128 3691 1190 [hereditas

2091 1207 2280 1272 tamen
2311 1201 2463 1258 liberi
2485 1205 2650 1277 226
2686 1207 2938 1274 hominis,
2985 1213 3076 1281 qui
3121 1226 3340 1286 propter
3387 1219 3497 1275 tale
3562 1221 3688 1276 faci-

2104 1305 2204 1346 nus
2230 1292 2296 1346 ad
2324 1303 2552 1349 mortem
2583 1295 3058 1369 fueritjudicatus,
3106 1305 3173 1359 ad
3195 1305 3468 1376 legitimos
3509 1309 3683 1365 luere-

2102 1381 2198 1436 des
2227 1382 2367 1439 illius
2389 1386 2686 1455 perveniat.
2718 1386 2774 1442 Si
2805 1389 2858 1444 in
2887 1391 3029 1448 atrio
3057 1393 3319 1462 ecclesite,
3344 1397 3502 1468 cujus
3523 1412 3680 1470 porta

2103 1470 2342 1542 reliquiis
2395 1485 2706 1531 sanctorum
2767 1489 3082 1536 consecrata
3129 1491 3236 1551 est,
3299 1482 3682 1556 hujuscemodi

2103 1563 2449 1620 homicidium
2472 1577 2844 1638 perpetratum
2899 1569 3084 1639 fuerit,
3141 1574 3394 1633 similiter
3460 1595 3681 1651 compo-

2102 1664 2262 1709 natur
2288 1664 2343 1711 et
2380 1657 2717 1714 emendetur.
2767 1659 2824 1715 Si
2857 1677 2984 1718 vero
3033 1679 3140 1721 non
3197 1677 3284 1723 est
3334 1682 3677 1738 consecrata,

2101 1747 2292 1802 eodem
2317 1749 2476 1806 modo
2504 1763 2861 1822 componatur
2881 1755 3023 1811 sicut
3043 1761 3296 1830 componi
3336 1764 3501 1822 debet
3534 1767 3680 1836 quod

404 1851 614 1923 judicio
631 1850 777 1906 facto
800 1851 940 1905 inter
959 1849 1091 1906 Cain
1121 1859 1175 1905 et
1196 1849 1332 1904 Abel
1359 1848 1585 1904 fratrem
1611 1863 1768 1904 suum
1813 1843 1994 1902 Domi-
2022 1843 2068 1905 Β
2097 1842 2148 1897 in
2177 1843 2519 1903 immunitate
2564 1846 2767 1904 violata
2795 1851 3174 1908 committitur.

415 1961 517 2000 nus
543 1945 797 2000 ostendit.
823 1943 930 1999 Sed
956 1945 1080 2014 quia
1115 1943 1391 2000 modernis
1441 1941 1770 2014 temporibus
1817 1939 1994 2013 parri-

407 2034 548 2089 cida:
567 2033 776 2106 profugi
803 2034 1114 2089 discurrunt
1141 2048 1238 2104 per
1283 2033 1494 2088 diversa
1547 2033 1686 2098 loca,
1728 2039 1784 2086 et
1829 2029 1997 2086 variis

411 2124 558 2180 vitiis
583 2134 637 2180 et
664 2124 801 2196 gulae
827 2124 1098 2181 illecebris
1122 2123 1458 2189 deserviunt,
1492 2123 1683 2179 melius
1725 2121 1883 2178 nobis
1914 2120 1996 2176 vi-

410 2215 570 2271 detur
594 2225 651 2270 ut
680 2217 733 2268 in
760 2231 869 2270 uno
903 2215 1021 2270 loco
1055 2223 1337 2269 ntanentes
1382 2214 1699 2284 poenitentia
1752 2211 1992 2268 districta

410 2306 727 2376 semetipsos
760 2305 1048 2376 castigent,
1077 2304 1122 2359 si
1168 2303 1310 2360 forte
1351 2304 1562 2358 Domini
1617 2302 1864 2358 bonitate
1912 2301 1995 2356 in-

403 2395 734 2467 dulgentiam
759 2394 1011 2451 facinoris
1034 2395 1115 2450 sui
1138 2393 1418 2464 percipere
1441 2402 1773 2449 mercantur.

409 2491 562 2558 Quod
627 2490 905 2561 parricidis
955 2505 1105 2543 arma
1158 2499 1205 2542 et
1264 2488 1568 2558 conjugium
1627 2486 1990 2563 interdicatur.

476 2583 666 2640 XXIX.
706 2582 928 2657 (Concil.
960 2583 1198 2654 Mogunt.
1232 2582 1399 2649 ibid.;
1432 2582 1743 2638 Buacnsttn.
1792 2579 1884 2635 lib.
1914 2593 1992 2645 vr,

401 2693 455 2731 c.
486 2675 601 2748 '55.)
640 2674 756 2732 Non
788 2674 931 2730 enim
961 2675 1043 2729 eis
1076 2673 1260 2728 licebit
1289 2673 1429 2727 ultra
1471 2671 1676 2727 militia:
1719 2668 1992 2742 cingulum

405 2781 622 2822 sumere
650 2774 707 2822 et
759 2764 1025 2834 conjugiis
1073 2763 1336 2834 copulari,
1381 2762 1508 2833 quia
1563 2761 1705 2818 sacri
1759 2774 1995 2817 canones

405 2857 508 2913 hoc
526 2857 606 2912 eis
631 2871 737 2911 non
767 2854 1136 2910 consentiunt.

399 2969 566 3041 225
623 2968 726 3041 De
757 2985 818 3023 eo
872 2970 967 3041 qui
1006 2968 1267 3041 hominem
1311 2967 1594 3041 publicam
1640 2967 1992 3041 paenitentiam

439 3038 677 3111 agentem
710 3038 977 3108 interﬁcit.
1006 3039 1092 3093 Ea:
1113 3038 1495 3110 Capitularium
1521 3039 1591 3092 lib
1616 3038 1701 3105 ιιι,
1723 3056 1838 3110 cap.
1871 3038 1957 3092 17.

473 3131 644 3186 XXX.
677 3131 818 3202 (Lib.
849 3147 900 3185 tv
925 3129 1220 3202 Capitular.
1249 3144 1301 3186 c.
1333 3130 1422 3202 18)
1453 3129 1552 3198 Qui
1577 3131 1848 3186 hominem
1890 3146 1990 3201 pu-

2097 1951 2176 2008 De
2239 1952 2453 2024 injuriis
2498 1957 2828 2013 sacerdotum
2874 1958 2979 2086 veil4
3006 1960 3314 2019 clericorum
3363 1981 3433 2021 ea:
3472 1966 3677 2034 eodem,

2767 2047 2885 2086 cap.
2986 2069 3001 2085 .

2767 2047 2885 2100 cap.
2913 2047 3001 2086 14.

2166 2113 2380 2170 XXXII.
2410 2115 2552 2189 (Lib.
2578 2133 2629 2173 tv
2654 2118 2952 2190 Capitular.
2974 2137 3025 2177 c.
3051 2122 3150 2190 Id;
3194 2123 3288 2180 lib.
3319 2140 3361 2181 Il
3388 2125 3516 2197 Leg.
3548 2125 3683 2181 Leu-

2092 2205 2211 2276 gob.
2240 2207 2323 2262 tit.
2354 2207 2447 2275 40,
2469 2225 2519 2264 e.
2549 2208 2626 2281 6.)
2654 2208 2946 2282 Sanguinis
2966 2210 3157 2270 ell‘usio
3180 2215 3234 2270 in
3256 2215 3488 2272 ecclesia
3536 2217 3680 2272 facta

2093 2316 2216 2357 cum
2238 2299 2401 2370 fuste,
2437 2303 2482 2358 si
2519 2303 2804 2376 presbyter
2855 2305 3044 2374 fuerit,
3091 2308 3249 2378 triplo
3293 2321 3678 2381 componatur,

2093 2391 2228 2447 duas
2255 2402 2439 2463 partes
2475 2394 2648 2450 eidem
2690 2396 3010 2467 presbytero
3045 2399 3203 2454 tertia
3241 2415 3342 2471 pro
3410 2399 3568 2456 fredo
3611 2401 3681 2455 ad

2091 2481 2403 2549 ecclesiam,
2431 2492 2485 2538 et
2513 2483 2733 2556 insuper
2761 2485 2973 2542 bannus
3025 2496 3232 2544 noster.
3284 2487 3555 2546 Similiter
3613 2493 3683 2546 de

2093 2568 2322 2626 diacono
2363 2571 2518 2643 juxta
2569 2575 3018 2645 compositionem
3060 2575 3178 2648 ejus
3225 2579 3283 2634 in
3333 2580 3499 2652 triplo
3553 2597 3681 2637 cum

2091 2659 2274 2719 hanno
2328 2673 2515 2722 nostro
2562 2676 2933 2733 componatur.
2982 2669 3060 2727 De
3109 2670 3440 2729 subdiacono
3503 2686 3563 2730 et
3611 2674 3680 2729 de

2091 2753 2620 2828 uniuscujuscunque
2671 2759 2880 2817 ordinis
2921 2761 3121 2820 clerico
3171 2765 3466 2821 secundum
3517 2782 3676 2821 suam

2089 2847 2539 2916 compositionem
2589 2849 2644 2905 in
2701 2849 2864 2920 triplo
2909 2852 3270 2924 persolvatur,
3324 2864 3382 2912 et
3451 2857 3678 2927 insuper

2090 2936 2301 2994 bannus
2322 2947 2532 2995 noster.

2675 3031 2838 3104 227
2872 3032 2951 3089 De
2978 3034 3105 3091 ictu.

2160 3114 2395 3172 XXXIII.
2449 3117 2590 3188 (Lib.
2647 3136 2664 3175 ι
2723 3122 3016 3193 Capitalar.
3064 3140 3115 3181 e.
3163 3125 3264 3194 ﬂ;
3316 3126 3411 3183 lib.
3467 3143 3508 3184 ιι
3545 3126 3670 3199 ch.

401 3219 597 3278 blicam
627 3221 1004 3291 paenitentiam
1033 3230 1281 3292 agentem
1338 3219 1692 3287 interfecerit,
1748 3221 1984 3277 bannum

2101 3203 2319 3277 Longob.
2345 3208 2408 3262 tit
2453 3208 2543 3274 40,
2575 3224 2624 3266 c.
2648 3209 2726 3283 6.)
2757 3210 3016 3269 Similiter
3062 3224 3117 3272 et
3142 3215 3208 3272 de
3246 3217 3356 3272 ictu
3393 3218 3513 3274 sine
3542 3235 3674 3274 san-

402 3321 646 3368 nostrum
700 3313 752 3367 in
793 3311 952 3382 triplo
991 3319 1308 3382 componat,
1355 3320 1412 3368 et
1459 3311 1763 3384 wirgildum
1806 3311 1987 3384 proxi-

400 3405 506 3460 suis
528 3403 645 3473 ejus
679 3403 1133 3475 persolvat.(282)

577 3494 655 3551 De
685 3511 744 3551 ea
768 3497 858 3567 qui
889 3496 1154 3550 hominem
1181 3496 1237 3550 in
1299 3494 1517 3552 ecclesia
1539 3497 1804 3567 interﬁcit.

472 3586 664 3642 XXXI.
715 3586 856 3658 (Lib.
887 3603 941 3642 tv
995 3585 1290 3656 Capitular.
1351 3603 1402 3643 c.
1456 3588 1555 3654 15;
1604 3587 1719 3643 Lib.
1785 3603 1802 3643 ι
1855 3586 1981 3659 Leg.

399 3676 631 3750 {.ongob.
665 3679 746 3733 tit.
768 3678 828 3743 9,
857 3677 917 3745 2,
955 3677 1046 3744 29,
1077 3677 1165 3744 so,
1187 3678 1256 3734 55
1289 3687 1342 3732 et
1367 3678 1505 3748 seq.)
1540 3677 1596 3733 Si
1623 3679 1744 3749 quis
1772 3687 1865 3733 aut
1915 3693 1983 3732 ex

396 3771 503 3825 levi
527 3785 692 3824 causa
724 3779 818 3823 aut
841 3769 958 3824 sine
990 3784 1154 3824 causa
1185 3767 1432 3824 homines
1463 3768 1514 3822 in
1561 3767 1783 3823 ecclesia
1814 3768 1983 3823 inter-

398 3859 616 3926 fecerit,
644 3859 710 3914 de
739 3860 849 3915 vita
883 3867 1190 3929 componat.
1213 3856 1288 3919 .Si
1314 3873 1442 3914 vero
1469 3859 1632 3914 rixati
1675 3858 1806 3914 foris
1870 3857 1984 3914 fue-

401 3951 532 4016 rint,
565 3958 620 4006 et
647 3965 786 4005 unus
810 3949 1042 4005 alterum
1069 3949 1121 4004 in
1149 3949 1437 4006 ecclesiam
1468 3948 1684 4022 fugerit,
1715 3960 1770 4007 et
1803 3951 1875 4006 ibi
1924 3967 1984 4008 se

399 4041 742 4099 defendendo
771 4058 894 4098 eum
918 4041 1274 4109 interfecerit,
1304 4052 1358 4097 et
1385 4043 1429 4100 si
1465 4043 1623 4114 hujus
1655 4043 1783 4102 facti
1818 4054 1982 4101 testes

396 4149 504 4189 non
532 4134 804 4202 habuerit,
845 4151 968 4191 cum
1011 4135 1293 4193 duodecim
1353 4137 1582 4193 testibus
1621 4136 1767 4208 juret
1807 4138 1982 4209 legiti-

393 4225 500 4281 mis
523 4240 581 4282 se
622 4225 957 4284 defendendo
1007 4241 1132 4282 eum
1192 4227 1554 4298 interfecisse,
1602 4241 1658 4287 et
1705 4230 1981 4302 posthaec

394 4318 596 4372 solidos
662 4329 947 4374 sexcentos
991 4320 1056 4373 ad
1102 4328 1315 4388 partem
1362 4321 1629 4387 ecclesite,
1675 4337 1836 4393 quam
1888 4321 1978 4378 illo

395 4407 689 4462 homicidio
734 4409 1019 4478 polluerat,
1067 4420 1121 4463 et
1167 4410 1388 4480 insuper
1440 4414 1678 4466 bannum
1732 4423 1975 4468 nostrum

395 4500 606 4554 solvere
644 4509 888 4568 cogatur.
920 4500 970 4554 Is
994 4517 1122 4556 vero
1148 4503 1237 4570 qui
1271 4502 1587 4558 interfectus
1615 4513 1718 4567 est,
1772 4505 1975 4574 absque

395 4590 787 4659 compositione
804 4589 1010 4658 jaceat;
1068 4607 1132 4646 ac
1161 4592 1354 4668 deinde
1413 4592 1728 4649 interfector
1787 4586 2058 4650 sccun-D

398 4681 525 4735 dum
558 4680 819 4751 judicium
875 4682 1194 4752 canonicum
1241 4695 1535 4752 congruam
1574 4683 1799 4740 facinori
1832 4688 1976 4756 quod

395 4771 620 4827 admisit
672 4771 1048 4841 paenitentiam
1110 4771 1357 4841 accipiat.
1410 4772 1555 4844 (283)
1625 4773 1682 4829 Si
1727 4777 1975 4846 proprius

467 4901 613 4973 (281)
652 4900 708 4956 In
731 4901 1005 4971 execrptis
1037 4916 1068 4956 e
1097 4901 1379 4973 Buchardo

399 4970 1049 5043 Stevar‘tio,caputfistud
1089 4970 1323 5027 refertur
1371 4970 1452 5028 ex'
1491 4975 1714 5043 epistola
1767 4975 1969 5032 Nicolai

397 5058 549 5118 papa:
605 5044 672 5096 ad
730 5042 981 5118 Ciirolunt
1034 5041 1451 5118 Maguntiensctn
1510 5041 1969 5118 archiepiscopum

398 5111 622 5184 ejusque
683 5111 1076 5184 suﬂ‘ragancog
1127 5111 1248 5184 cum
1296 5113 1349 5166 in
1401 5114 1622 5170 Decreto
1680 5111 1974 5175 Burcliardi

399 5182 669 5238 referatur
687 5198 754 5237 ex
776 5182 1003 5238 concilio
1032 5183 1388 5254 Triburigtsi,
1412 5185 1464 5238 in
1501 5199 1607 5254 quo
1631 5201 1733 5241 non
1777 5199 1977 5254 exstat,

397 5269 574 5308 nenuc
586 5254 748 5306 etiam
774 5255 824 5307 in
848 5254 1178 5320 Mnetstntino,
1201 5232 1340 5309 uafre
1360 5232 1607 5309 faudaiur
1627 5272 1654 5302 τι
1685 5232 1977 5312 uesani."ch

2089 3299 2268 3371 guinis
2296 3298 2557 3358 eﬂ‘usione
2585 3303 2652 3358 de
2684 3305 3212 3379 uniuscujuscunque
3235 3307 3444 3365 ordinis
3472 3309 3674 3366 clerico

2087 3393 2143 3447 in
2184 3392 2343 3463 triplo
2377 3403 2756 3466 componatur,
2791 3397 3012 3470 insuper
3051 3408 3107 3456 et
3137 3401 3313 3457 bauus
3357 3411 3570 3458 noster.
3606 3403 3675 3458 Et

2087 3483 2180 3552 qui
2208 3498 2315 3538 non
2355 3483 2518 3540 habet
2555 3488 2694 3544 unde
2721 3487 2789 3543 ad
2818 3489 3106 3545 ecclesiam
3154 3491 3457 3562 persolvat,
3489 3493 3674 3548 tradat

2083 3573 2213 3629 sein
2227 3574 2504 3630 servitium
2531 3575 2708 3632 eidem
2738 3577 2981 3634 ecclesiae
3011 3595 3182 3651 usque
3203 3580 3332 3637 dum
3364 3590 3542 3639 totum
3570 3583 3665 3639 dc-

2083 3664 2255 3722 bituut
2276 3666 2568 3736 persolvat.

2085 3753 2148 3811 Si
2165 3754 2280 3826 quis
2305 3753 2545 3810 clericum
2559 3745 2942 3828 exspoliaverit.
2970 3758 3057 3815 Ea:
3072 3761 3294 3819 concilio
3319 3762 3666 3821 Triburiensi.

2153 3844 2396 3902 XXXIV.
2435 3847 2661 3916 (Concil.
2693 3846 2903 3903 Tribur.
2930 3864 2981 3906 c.
3010 3851 3086 3924 7.)
3127 3851 3199 3909 Ut
3220 3853 3397 3925 siqua
3424 3855 3482 3910 in
3520 3856 3667 3926 ipsos

2083 3939 2312 3995 clericos
2343 3940 2426 3996 vel
2478 3941 2534 3997 in
2562 3940 2820 3998 ecclesias
2863 3953 3175 4015 perpetrata
3211 3945 3436 4014 fuerint,
3481 3949 3536 4004 id
3557 3959 3661 4011 est.

2081 4031 2129 4086 si
2156 4031 2280 4102 quis
2322 4030 2580 4088 clericum
2618 4025 3003 4105 exspoliaverit
3047 4044 3140 4091 aut
3164 4037 3556 4104 vulneraverit,
3583 4039 3667 4095 vel

2083 4128 2320 4200 aliquam
2362 4128 2616 4200 injuriam
2665 4128 2874 4195 fecerit,
2922 4131 3163 4187 decimas
3197 4133 3446 4189 ecclesiae
3481 4134 3666 4190 tulerit

2079 4219 2165 4276 vel
2189 4219 2491 4286 retinuerit,
2524 4219 2572 4275 si
2591 4235 2696 4276 non
2719 4222 2874 4290 prius
2901 4235 2998 4291 per
3027 4221 3342 4278 saecularem
3362 4225 3664 4294 potentiam

2080 4312 2237 4383 digne
2281 4311 2610 4368 vindicatum
2654 4311 2834 4378 fuerit,
2863 4312 3150 4384 episcopus
3194 4315 3263 4372 ad
3308 4330 3465 4371 suam
3498 4332 3659 4388 syno-

2080 4403 2206 4458 dum
2229 4403 2351 4460 illos
2392 4403 2769 4460 malefactores
2817 4414 2970 4460 vocet
3008 4415 3067 4461 et
3094 4407 3254 4477 digne
3292 4408 3569 4465 emendet.
3601 4406 3662 4461 Si

2078 4494 2499 4563 contempserint
2521 4494 2725 4561 venire,
2748 4495 3302 4551 excommunicentur.

2265 4585 2326 4641 Si
2349 4588 2464 4657 quis
2493 4585 2741 4641 clericum
2768 4587 3130 4643 vcrberaverit.
3166 4587 3250 4643 Ea;
3272 4589 3476 4644 eodem.

2152 4676 2366 4733 XXXV.
2396 4677 2453 4732 Si
2483 4679 2602 4748 quis
2623 4678 2880 4734 clericum
2907 4679 3275 4735 vcrberaverit
3301 4681 3384 4734 vel
3413 4680 3660 4736 debilita—

2081 4773 2216 4827 verit
2235 4781 2326 4826 aut
2348 4772 2402 4825 in
2422 4768 2602 4839 aliquo
2621 4769 2841 4836 la'serit,
2865 4777 2922 4824 et
2947 4770 3204 4826 canonice
3231 4771 3493 4840 paeniteat
3517 4779 3571 4823 et
3590 4770 3658 4823 ad

1419 4918 1536 4973 qua:
1575 4904 1717 4959 edita
1765 4915 1890 4961 sunt
1941 4923 1972 4963 a
2075 4903 2368 4960 Burchardi
2397 4902 2741 4968 editionibtts,
2770 4902 3003 4963 habetur
3032 4905 3084 4960 in
3108 4905 3290 4978 capite
3329 4904 3400 4961 30
3442 4905 3654 4962 concilii

1419 4990 1437 5027 ί
1491 4975 1714 5032 epistola
1767 4975 1969 5032 Nicolai
2073 4974 2505 5032 Wormatiensis.

2144 4988 2505 5030 ormauensrs.

2173 5045 2299 5118 ζὶξξ)
2332 5045 2462 5118 _Vide
2497 5043 2638 5118 infra
2665 5059 2786 5118 cap.
2811 5036 3105 5118 l90__hujus
3131 5046 3276 5102 libri.

2174 5109 2301 5187 285)
2334 5113 2390 5187 In
2421 5109 2787 5187 vetustissimo
2817 5109 3140 5187 codice'ms.
3197 5115 3513 5172 monasterii
3563 5115 3653 5187 Ili-

2081 5181 2414 5256 vipullensis,
2447 5186 2538 5254 qui
2566 5187 2805 5239 continet
2829 5181 3039 5256 priores
3064 5189 3306 5242 ouinoue
3342 5187 3511 5240 libros
3551 5185 3652 5238 Ca-

2081 5255 2416 5310 nitularium.
2447 5265 2561 5300 nnct
2610 5255 2696 5294 illo
2751 5255 2859 5278 ἀλλ’
