3884 5420
50 399 184 456 295

972 405 1058 461 DE
1097 391 1373 464 ECCLES.
1417 409 1694 466 DISCIPL.
1740 412 1916 469 LIltttl
1959 415 2117 472 ouo.
2163 450 2228 459 —
2269 419 2401 476 LIB.
2431 421 2494 477 ιι.

3244 427 3353 486 294

54 493 261 564 legem
283 493 553 561 emendet,
561 491 715 563 juxta
732 495 875 566 quod
901 497 1263 569 inCapituIari
1285 503 1543 574 scriptum
1560 514 1663 559 est.
1694 520 1742 578 Α
1771 521 1823 562 c.
1852 509 1930 577 8.)
1958 508 2058 575 Qui
2092 515 2425 570 sacerdotem
2479 514 2785 573 voluntarie
2814 518 3093 585 occiderit,
3130 536 3352 579 carnem

364 604 442 660 De
465 605 646 660 eadem
669 623 742 661 re.
771 607 853 663 Ea:
876 609 1099 664 concilio
1126 609 1397 668 Toletano.

135 693 399 749 XXXVI.
458 695 684 766 (Concil.
716 695 883 753 Tolet.
915 715 953 765 ι,
1003 714 1054 754 c.
1087 699 1199 772 ll.)
1234 699 1291 756 Si
1336 701 1456 772 quis
1484 702 1549 759 de
1568 717 1664 774 p0-

58 787 327 840 tentibus
364 785 621 841 clericum
675 796 769 842 aut
822 787 1132 859 religiosum
1183 793 1668 862 exspoliaverit,ct

52 877 370 946 cpiscopus
411 877 749 934 mandaverit
776 893 900 934 cum
927 880 993 936 ad
1021 896 1080 936 se
1106 883 1290 938 venire
1314 892 1373 938 ut
1393 884 1664 951 audiatur,

54 978 115 1021 et
142 967 571 1038 contempserit,
604 967 655 1021 in
692 969 918 1024 invicem
947 986 1068 1026 mox
1113 971 1312 1042 scripta
1340 987 1668 1042 percurrent

54 1073 166 1128 per
218 1069 414 1114 ontries
459 1059 745 1129 provincia:
785 1061 1082 1132 episcopos,
1127 1079 1474 1135 quoscunque
1501 1066 1668 1139 228

56 1151 230 1204 adire
260 1151 552 1221 potuerint,
580 1161 639 1206 ut
661 1155 1160 1210 excommunicatus
1191 1155 1457 1212 habeatur
1492 1157 1665 1214 donec

55 1241 340 1296 audiatur
371 1250 426 1297 et
454 1242 646 1298 reddat
675 1243 867 1299 aliena.
967 1283 972 1286 -

65 1333 156 1390 De
184 1353 374 1408 pugna
401 1346 448 1391 et
485 1337 768 1460 Ιιοηιὶεἱάᾶρ
789 1339 852 1461 az:
886 1339 1034 1421 atrio.
1057 1338 1304 1394 ecclesiw.
1336 1340 1422 1396 Ea:
1442 1343 1663 1397 concilio

755 1424 798 1461 ri
836 1425 1054 1461 uriensi.

755 1424 1054 1464 naurtenst.

132 1491 416 1552 XXXVII.
447 1495 674 1568 .(Concil.
711 1499 916 1554 Tribur.
945 1516 996 1557 c.
1028 1501 1084 1567 4,
1127 1501 1190 1568 6;
1223 1503 1531 1559 Βυιιοιιιιιι).
1565 1503 1659 1559 lib.

55 1601 146 1645 ιιι.
178 1601 237 1640 c.
293 1587 440 1658 195.)
471 1587 528 1642 Si
569 1589 691 1658 quis
713 1588 770 1644 in
813 1590 956 1646 atrio
989 1591 1233 1648 ecclesiae
1257 1607 1494 1663 pugnam
1513 1609 1664 1649 com-

57 1676 243 1729 mittit
264 1687 360 1731 aut
382 1677 751 1742 homicidium,
777 1680 1040 1750 quidquid
1067 1697 1164 1752 pro
1186 1682 1532 1739 immunitate
1547 1685 1666 1739 vio-

59 1768 175 1822 lata
217 1769 618 1826 emendandum
659 1779 768 1840 est,
793 1772 986 1830 altario
1025 1773 1266 1831 solvatur
1291 1775 1662 1848 cujuscunque

55 1856 242 1914 fuerit
273 1858 525 1914 ecclesia.
822 1863 831 1870 ’

388 1949 467 2004 De
490 1967 667 2022 pugna
691 1951 748 2007 in
767 1951 1006 2008 ecclesia.
1032 1950 1119 2010 Ea:
1138 1954 1340 2012 eodem.

129 2039 434 2095 XXXVIII.
465 2042 521 2096 Si
563 2042 686 2113 quis
718 2043 770 2099 in
817 2043 1044 2100 ecclesia
1087 2046 1342 2104 clericum
1380 2048 1521 2108 fuste
1567 2061 1662 2107 aut

54 2131 251 2201 gladio
283 2133 628 2203 percusserit,
660 2142 720 2189 ut
759 2137 978 2207 sanguis
999 2145 1178 2203 exeat,
1211 2138 1297 2193 vel
1322 2140 1388 2195 de
1414 2141 1524 2197 ictu
1543 2143 1660 2199 sine

53 2221 336 2278 eﬂ‘usione
361 2223 660 2293 sanguinis,
685 2223 840 2298 juxta
876 2227 1020 2296 quod
1068 2227 1121 2282 in
1166 2226 1463 2300 Capitulari
1492 2235 1661 2304 scrip-

56 2323 176 2368 tum
211 2321 306 2370 est
325 2323 700 2384 componatur,
717 2315 774 2370 id
798 2316 974 2382 est,,in
1005 2316 1165 2388 triplo
1190 2323 1484 2379 secundum
1506 2339 1659 2380 suam

52 2402 546 2473 compositionem.
585 2403 759 2476 (284).

55 2490 228 2558 Quod
278 2491 402 2546 laici
447 2493 513 2547 de
561 2495 1660 2574 substantidmorientiutnpresbyterorum

253 2578 471 2618 suorum
503 2563 702 2618 nullam
737 2568 1029 2642 portionem
1057 2563 1350 2642 occipiunt.
1397 2563 1488 2630 Ea:

669 2638 871 2706 eodent,
899 2655 1012 2712 cap.
1039 2639 1094 2696 2.

123 2720 391 2777 XXXIX.
425 2722 572 2795 (285)
604 2724 876 2782 Perlatum
932 2738 1018 2785 est
1066 2745 1282 2802 quoque
1321 2733 1390 2790 ad
1417 2743 1659 2793 sanctam

57 2812 341 2883 synodum
386 2813 529 2882 quod
572 2814 792 2884 quidam
843 2817 966 2874 laici
1012 2819 1255 2894 improbe
1281 2833 1442 2896 agant
1469 2836 1659 2884 contra

61 2904 422 2974 presbyteros
436 2921 583 2972 suos,
602 2907 674 2963 ita
697 2917 756 2964 ut
773 2907 838 2965 de
859 2913 1200 2968 morientium
1215 2919 1658 2989 presbyterorum

61 2994 374 3048 substantia
419 3005 600 3064 partes
648 2997 750 3053 sibi
801 3000 1072 3058 vindicent
1107 3004 1264 3060 sicuti
1311 3007 1380 3062 de
1425 3012 1660 3080 propriis

63 3083 264 3138 servis.
308 3079 684 3144 lnterdicimus
711 3088 895 3161 itaque
924 3105 991 3146 ne
1022 3091 1124 3150 hoc
1148 3095 1375 3154 ulterius
1404 3079 1541 3166 ﬁat;
1561 3102 1657 3158 sed

63 3171 228 3227 sicuti
264 3171 424 3228 liberi
474 3173 602 3230 facti
655 3188 783 3233 sunt
825 3180 892 3234 ad
925 3182 1324 3254 suscipiendum
1353 3189 1578 3259 gradum
1601 3201 1658 3248 et

65 3262 338 3332 agendum
369 3263 609 3320 divinum
639 3266 899 3336 ofﬁcium,
931 3272 1003 3326 ita
1031 3273 1101 3328 ab
1127 3275 1208 3332 eis
1246 3255 1378 3333 nihil
1410 3279 1659 3352 exigatur
1686 3255 1730 3318 C

66 3365 270 3423 praeter
301 3354 398 3411 Dei
425 3356 678 3414 ollicium.
723 3361 797 3417 De
835 3363 1094 3432 peculiari
1140 3381 1270 3425 vero
1315 3373 1660 3430 sacerdotum

69 3447 201 3502 nihil
228 3449 335 3506 sibi
379 3463 668 3523 usurpent;
700 3455 794 3511 sed
834 3455 902 3512 de
927 3457 1136 3516 duabus
1177 3462 1422 3532 partibus
1461 3464 1662 3522 faciant

70 3538 376 3610 presbyteri
418 3541 563 3612 quod
587 3542 668 3598 eis
695 3544 867 3600 visum
894 3545 1078 3615 fuerit,
1105 3551 1340 3618 tertiam,
1362 3556 1656 3610 secundum

72 3643 342 3688 canonum
365 3631 538 3702 iussa,
565 3634 762 3704 quibus
795 3637 1040 3694 serviunt
1061 3638 1368 3712 relinquant
1391 3644 1655 3701 ecclesiis.

143 3721 315 3794 229
370 3721 448 3779 De
511 3726 880 3800 compositione
930 3733 1247 3800 presbyteri,
1289 3734 1336 3788 si
1387 3736 1588 3792 occisus

601 3743 622 3776 rt
661 3743 880 3782 osutone
930 3743 1124 3800 presbyt

601 3743 777 3865 litierit.
816 3797 901 3852 Ex
923 3801 1124 3854 eodem.

142 3877 255 3934 XL.
294 3879 515 3952 (Concil.
560 3881 770 3938 Tribur.
818 3900 867 3940 c.
911 3885 992 3958 4.)
1024 3887 1314 3961 Presbyter
1343 3893 1656 3949 vulneratus

79 3975 165 4022 aut
195 3984 410 4037 caesus,
458 3972 504 4027 si
553 3984 785 4030 mortem
842 3978 1111 4044 evaserit,
1170 3989 1282 4035 tota
1339 3985 1657 4054 compositio

82 4059 231 4115 cedat
251 4064 590 4136 presbytero.
617 4065 675 4121 Si
703 4080 832 4122 vero
857 4079 1101 4126 mortuus
1131 4070 1318 4136 fuerit,
1339 4077 1658 4146 compositio

85 4150 132 4204 in
170 4162 279 4209 tres
331 4155 602 4211 dividatur
643 4157 954 4227 portiones;
987 4159 1038 4215 id
1065 4169 1168 4226 est,
1213 4161 1372 4218 altari
1403 4164 1488 4219 cui
1529 4181 1655 4235 pre-

85 4241 261 4312 sbyter
288 4245 624 4301 deserviebat
666 4263 792 4318 pars
823 4264 948 4315 una,
998 4251 1172 4308 altera
1201 4254 1474 4327 episcopo,
1498 4259 1656 4314 tertia

85 4335 396 4398 parentibus
421 4338 720 4409 presbyteri
753 4340 1012 4396 solvatur.

154 4420 226 4476 De
251 4425 431 4480 eadem
467 4443 539 4480 re.
568 4427 652 4482 Ex
685 4427 1068 4500 Capitularium
1103 4434 1238 4490 libro
1263 4452 1324 4505 ll,
1355 4456 1470 4510 cap.
1493 4442 1584 4498 49.

151 4510 284 4568 XLI.
313 4515 452 4586 (Lib.
501 4533 573 4570 tv.
623 4516 914 4590 Capitular.
965 4541 1012 4578 c.
1054 4527 1158 4593 15;
1216 4527 1530 4590 BURCBARD.
1559 4535 1653 4591 lib.

1772 613 1878 653 non
1913 602 2160 656 comedat
2189 612 2242 660 et
2267 605 2452 661 vinum
2481 622 2585 663 non
2616 609 2766 665 bibat
2793 613 3001 667 cunctis
3021 613 3208 670 diebus
3227 617 3355 675 vitae

1771 705 1912 759 suae;
1939 691 2146 764 jejunet
2191 712 2361 767 usque
2410 699 2478 754 ad
2521 715 2829 772 vesperam,
2881 705 3124 776 exceptis
3163 706 3355 764 diebus

1771 782 1924 841 festis
1951 797 2118 857 atque
2137 789 2468 858 Dominicis;
2499 808 2650 850 arma
2677 811 2782 851 non
2805 807 3004 864 sumat,
3029 815 3226 869 equum
3244 818 3352 856 non

1769 876 2044 942 ascendat,
2076 879 2359 935 ecclesiam
2401 898 2498 953 per
2541 884 2966 956 quinquennium
3017 905 3125 945 non
3177 891 3355 964 ingre-

1769 965 1947 1020 diatur
1968 967 2136 1039 (9.87),
2163 971 2256 1024 sed
2282 980 2406 1026 ante
2434 971 2581 1028 fores
2617 975 2860 1030 ecclesiae
2890 985 3029 1044 stet;
3061 987 3177 1049 post
3197 981 3354 1049 quin-

1767 1058 2057 1126 quennium
2104 1060 2389 1116 ecclesiam
2415 1063 2772 1135 ingrediatur,
2795 1066 3030 1121 nondum
3055 1083 3184 1123 vero
3207 1085 3355 1124 com-

1768 1150 2027 1216 municet,
2073 1153 2168 1208 sed
2198 1153 2340 1209 inter
2369 1156 2654 1212 audientes
2681 1165 2804 1222 stet,
2835 1157 2921 1212 vel
2965 1159 3169 1217 sedeat.
3219 1162 3352 1218 Cum

1764 1250 1950 1296 autem
1998 1240 2161 1298 fuerit
2203 1245 2504 1301 duodecimi
2535 1247 2659 1303 anni
2704 1247 2868 1320 230
2914 1265 3103 1306 cursus
3128 1251 3310 1307 finitus
3335 1292 3350 1316 ,

1766 1333 2200 1390 communicandi
2247 1336 2296 1392 ei
2342 1336 2561 1394 licentia
2607 1340 2956 1406 concedatur,
2996 1349 3051 1394 et
3078 1341 3355 1410 equitandi

1767 1422 2042 1478 tribuatur
2080 1426 2350 1482 remissio.
2381 1425 2595 1484 Maneat
2621 1437 2799 1484 autem
2830 1431 2882 1484 in
2914 1430 3136 1500 reliquis
3165 1431 3352 1486 obser-

1764 1513 2068 1571 vationibus
2095 1525 2208 1571 tres
2235 1516 2350 1573 dies
2395 1533 2492 1590 per
2520 1519 2938 1587 hebdomadam,
2977 1529 3038 1575 ut
3064 1520 3356 1591 perfectius

1762 1605 2036 1675 purificari
2077 1616 2371 1663 mereatur.

1833 1695 1913 1750 De
1937 1697 2118 1751 cadent
2144 1715 2216 1752 re.
2247 1698 2332 1754 Ea:
2353 1699 2573 1755 concilio
2590 1698 3032 1772 Mogunciacensi,
3048 1720 3164 1773 cap.
3188 1703 3279 1758 24.

1831 1785 2011 1843 XLIII.
2043 1786 2266 1860 (Coucil.
2320 1789 2590 1861 Mergum.
2625 1794 2720 1848 sub
2748 1793 2966 1849 Rabano
2993 1811 3042 1852 c.
3073 1796 3172 1861 2i;
3207 1797 3352 1852 Bun-

1687 1888 1952 1951 Bcnsun.
1985 1878 2078 1935 lib.
2132 1895 2204 1943 vr,
2244 1895 2294 1936 c.
2327 1881 2405 1952 7.)
2455 1882 2556 1949 Qui
2611 1885 2992 1955 presbyterum
3046 1886 3351 1953 occiderit,

1764 1965 2050 2023 duodecim
2080 1983 2348 2023 annorum
2379 1971 2428 2026 ei
2452 1971 2767 2042 pmnitentia
2793 1975 3087 2030 secundum
3118 1991 3355 2032 canones

1766 2058 2107 2130 imponatur;
2143 2069 2236 2114 aut
2266 2061 2308 2116 si
2355 2063 2652 2133 negaverit,
2680 2063 2724 2119 si
2770 2064 2906 2120 liber
2931 2075 3033 2132 est,
3062 2083 3182 2122 cum
3215 2068 3353 2123 duo-

1763 2146 1938 2202 decim
1984 2146 2165 2218 jurct;
2199 2149 2242 2205 si
2293 2157 2472 2206 autem
2503 2166 2713 2218 servus,
2755 2168 2919 2224 super
2951 2155 3232 2212 duodecim
3260 2173 3356 2212 vo-

1763 2253 1944 2294 meres
1989 2239 2264 2296 ferventes
2316 2257 2376 2296 se
2427 2252 2643 2313 purget:
2675 2245 2958 2301 convictus
2989 2250 3168 2314 noaai,‘
3186 2265 3356 2320 usque

1763 2329 1830 2383 ad
1858 2328 2106 2383 ultimum
2144 2331 2266 2386 vine
2301 2339 2512 2404 tempus
2541 2333 2744 2390 militiae
2793 2335 3069 2407 cingulum
3096 2339 3354 2410 deponat,

1763 2426 1819 2474 et
1839 2433 2065 2476 uxorem
2088 2421 2322 2476 amittat.

1872 2509 1952 2566 De
1991 2527 2052 2566 eo
2080 2511 2169 2582 qui
2221 2512 2575 2586 presbyterum
2608 2513 2954 2586 degradatunt
2981 2518 3249 2576 occiderit.

2285 2581 2580 2638 Ex’eodem
2607 2581 2852 2640 concilio.

1833 2669 2015 2726 XLIV.
2048 2670 2273 2744 (Concil.
2315 2671 2549 2742 Mogunt.
2598 2675 2694 2729 sub
2741 2674 2957 2732 Rubano
2986 2693 3037 2735 c.
3062 2677 3163 2748 9.5;
3205 2679 3352 2739 Bun-

1762 2777 1958 2818 cuan.
2011 2762 2105 2819 lib.
2137 2779 2211 2827 vt,
2243 2778 2295 2819 c.
2351 2763 2430 2836 9.)
2504 2764 2824 2823 Nuntiatum
2877 2776 2962 2826 est
3009 2772 3166 2829 nobis
3211 2775 3358 2845 quod

1761 2853 1970 2923 aliqui,
2000 2854 2090 2926 qui
2141 2855 2268 2909 olim
2310 2855 2562 2913 dixerunt
2591 2873 2651 2914 se
2698 2859 2866 2917 fuisse
2911 2866 3259 2932 sacerdotes,
3301 2875 3357 2923 et

1761 2953 1949 3014 postea
2015 2945 2290 3014 degradati
2346 2961 2447 3017 pro
2510 2949 2624 3005 suis
2682 2952 2924 3022 peccatis
2975 2955 3354 3025 paenitentiam

1761 3036 1970 3108 agendo
2001 3035 2257 3105 suffragia
2288 3047 2622 3109 sanctorum,
2654 3059 2753 3114 per
2777 3045 2988 3102 diversa
3023 3047 3140 3104 loca
3166 3059 3350 3107 trans-

1759 3138 1985 3197 euntes,
2041 3131 2412 3201 quaesierunt,
2459 3135 2717 3192 trucidati
2767 3148 2912 3195 sunt.
2966 3140 3352 3211 Huiuscemodi

1763 3218 2198 3277 interfectoribus
2251 3237 2471 3279 omnem
2535 3227 2964 3286 ecclesiasticam
3020 3233 3355 3306 denegamus

1761 3314 2220 3381 communionem,
2247 3315 2418 3373 donec
2441 3318 2660 3390 dignam
2681 3323 3057 3391 pmnitentiam
3078 3341 3178 3396 pro
3199 3338 3353 3384 reatu

1759 3419 1858 3461 suo
1886 3407 2182 3462 secundum
2208 3407 2472 3478 judicium
2502 3412 2878 3483 episcoporum
2903 3417 3207 3474 exsolvant.

1864 3499 1944 3556 De
1994 3501 2814 3579 homicidiis“clericorumuﬁx
2853 3507 3243 3579 Capitularium

2309 3573 2401 3627 lib.
2434 3591 2519 3642 ιιι,
2544 3593 2657 3647 cap.
2691 3576 2783 3632 25.

1828 3661 1989 3718 XLV.
2043 3661 2145 3732 Qui
2193 3663 2585 3722 subdiaconum
2640 3668 2946 3738 occiderit,
2985 3686 3080 3728 ccc
3148 3671 3350 3731 solidos

1759 3762 2065 3823 componat.
2119 3751 2218 3822 Qui
2259 3755 2544 3813 diaconum
2571 3798 2588 3825 ,
2618 3773 2766 3815 cccc.
2799 3759 2902 3828 Qui
2952 3763 3348 3836 presbyterum,

1759 3856 1844 3896 nc.
1895 3841 1996 3910 Qui
2027 3843 2184 3914 231
2224 3846 2556 3918 episcopum,
2612 3864 2795 3906 ncccc.
2836 3853 2940 3920 Qui
2993 3857 3348 3928 monachum,

1757 3949 1884 3989 cccc
1913 3935 2113 3993 solidos
2132 3950 2444 4009 componat.

1759 4023 1818 4081 Si
1862 4026 2053 4100 aliquis
2097 4029 2373 4088 ordinatus
2416 4033 2757 4158 litamiciiliium
2802 4038 3001 4109 fecerit.
3043 4042 3129 4098 Ex
3171 4044 3351 4100 Paeni-

2468 4118 2608 4158 entta
2633 4123 2674 4158 ι.

2468 4118 2674 4161 enttalt.

1830 4183 2013 4243 XLVI.
2047 4188 2370 4260 (HALITGAR.
2403 4193 2496 4249 lib.
2529 4211 2602 4263 v1,
2641 4211 2690 4252 c.
2720 4199 2798 4270 l.)
2832 4198 2887 4255 Si
2919 4201 3038 4271 quis
3066 4202 3351 4274 cpisc0pus

1760 4284 1853 4331 aut
1899 4277 2096 4348 aliquis
2141 4281 2424 4338 ordinatus
2471 4285 2822 4343 homicidium
2884 4288 3110 4359 fecerit,
3155 4293 3344 4351 decem

1761 4367 2238 4449 annos‘pceniteat,
2263 4377 2376 4426 tres
2401 4385 2468 4427 ex
2497 4373 2583 4429 bis
2609 4374 2662 4430 in
2690 4391 2828 4446 pane
2855 4387 2910 4433 et
2936 4394 3096 4451 aqua.

1762 4457 1822 4513 Si
1860 4459 1976 4530 quis
2003 4463 2320 4515 consenserit
2348 4464 2426 4518 vel
2463 4466 2773 4523 cousiliatus
2805 4470 2961 4528 fuerit
2993 4482 3047 4527 ut
3075 4474 3229 4530 homo
3261 4478 3344 4533 in-

2223 4533 2538 4602 terﬁciatur.
2561 4537 2648 4592 Ea:
2673 4541 2872 4595 eodem.
3336 4565 3338 4567 '

90 4612 157 4662 V’I,
181 4617 228 4656 c.
256 4605 364 4676 li.)
391 4604 704 4679 Presbyteri
753 4611 1022 4670 interfecti
1052 4621 1372 4688 compositio
1397 4625 1653 4696 episcopo
1682 4617 1731 4675 Ι)
1827 4620 2032 4690 XLVII.
2067 4620 2394 4694 (Harman.
2437 4626 2592 4699 ibid.)
2636 4627 2694 4684 Si
2723 4632 2845 4701 quis
2881 4634 2948 4690 ad
2992 4635 3343 4695 homicidium

96 4694 154 4748 ad
189 4698 338 4766 cujus
366 4703 703 4772 partechiam
729 4709 1002 4778 pertinent
1041 4713 1320 4772 solvantur
1357 4723 1656 4779 secundum

97 4785 376 4876 capitulare
402 4791 620 4862 gloriosi
650 4794 825 4851 Caroli
871 4802 1130 4870 genitoris
1158 4808 1352 4876 nostri,
1397 4811 1470 4866 ita
1507 4814 1659 4870 vide-

99 4869 210 4931 licet
233 4889 290 4933 ut
336 4883 678 4941 medietatem
707 4869 934 4960 wirgildi
972 4893 1089 4964 ejus
1130 4869 1416 4972 episcopus
1453 4905 1663 4961 utilita-

100 4965 481 5030 tibusecclesiae
512 4979 597 5032 cui
623 4979 841 5048 prmfuit
872 4985 1090 5054 tribuat,
1113 4965 1416 5050 et—aIteram
1451 4999 1659 5053 medie-

104 5063 250 5158 tatem
272 5065 322 5119 in
343 5067 680 5142 eleemosyna
703 5072 816 5144 ejus
831 5075 974 5144 juste
995 5081 1306 5152 dispertiat:
1332 5091 1455 5158 quia
1481 5091 1661 5150 nullus

106 5151 244 5248 nobis
287 5157 401 5226 ejus
439 5162 610 5219 haeres
659 5169 955 5235 proximior
984 5174 1199 5230 videtur
1219 5193 1381 5248 quam
1432 5184 1523 5241 ille
1567 5188 1660 5250 qui

107 5255 260 5288 "mum
288 5249 510 5296 nominn
537 5258 760 5310 αητιὶεινίι
798 5261 942 5298 (θριξὶ

1763 4711 2068 4768 faciendum
2115 4719 2456 4773 consenserit
2483 4727 2539 4775 et
2575 4723 2860 4780 consilium
2905 4727 3145 4796 dederit,
3185 4742 3239 4787 et
3271 4733 3351 4789 fa-

1763 4813 1908 4861 ctum
1955 4807 2147 4874 fuerit,
2190 4819 2396 4880 septem
2448 4828 2619 4871 annos
2653 4818 2932 4886 pcenitcat.
2963 4821 3021 4878 Si
3072 4838 3199 4880 vero
3241 4843 3347 4881 non

1765 4897 1926 4953 fuerit
1955 4899 2175 4967 factum,
2202 4909 2317 4958 tres
2344 4919 2517 4961 annos
2544 4910 2827 4977 paeniteat.

1764 4985 1823 5041 Si
1849 4991 1964 5058 quis
1991 4994 2624 5123 consanguineunzgsuurz
2673 5005 2922 5061 occiderit
2951 5016 3041 5061 aut
3070 5008 3345 5062 seniorem.

2459 5085 2496 5123 an
2522 5085 2582 5123 eo
2621 5087 2724 5123 em.

2459 5085 2496 5123 ω
2522 5085 2724 5126 eodem.

1837 5149 2067 5210 XLVIII.
2123 5155 2180 5211 Si
2234 5159 2360 5227 quis
2420 5161 2727 5232 proximum
2777 5175 2831 5221 et
2895 5167 3352 5237 consanguineum
