3944 6390
573 319 684 378 295

1641 317 2003 375 REGINONIS
2044 319 2453 377 l’IIUMIENSIS
2489 319 2774 378 ABBATIS
3706 333 3786 390 296

581 431 708 488 dist.
726 433 780 498 l,
806 431 871 486 de
895 429 1110 498 Paenit.,
1137 445 1188 486 c.
1213 429 1329 502 25.)
1353 429 1661 488 Periculose
1682 448 1742 488 se
1766 433 2037 504 decipiunt
2066 435 2155 505 qui
2188 443 2236 500 Α
2310 437 2384 491 De
2408 438 2592 492 clerico
2614 440 2700 508 qui
2726 439 3021 508 proximum
3046 454 3196 492 suum
3225 439 3429 494 occidit.
3472 440 3550 497 Ea:
3575 449 3744 505 eodem.

580 521 897 578 existimant
925 537 1020 578 eos
1058 530 1266 577 tantum
1296 523 1595 579 homicidas
1625 539 1748 579 esse
1794 525 1884 594 qui
1916 527 2161 581 manibus

579 612 854 670 hominem
895 611 1178 679 occidunt,
1217 620 1274 668 et
1318 629 1423 669 non
1453 614 1631 684 potius
1669 629 1760 669 eos
1796 630 1892 684 per
1933 632 2159 686 quorum

579 703 861 759 consilium
903 713 957 757 et
985 702 1228 758 fraudem
1255 713 1312 759 et
1339 705 1769 760 exhortationem
1795 703 2042 762 homines
2068 724 2159 762 ex-

578 795 948 866 stinguuntur.
976 793 1113 850 Nam
1156 793 1321 850 Judaei
1351 795 1634 852 Dominum
1667 813 2003 868 nequaquam
2030 815 2157 870 pro-

573 886 708 956 priis
755 886 1003 941 manibus
1059 886 1479 952 interfecerunt,
1525 888 1665 943 sicut
1727 889 1986 958 scriptum
2031 899 2154 944 est:

574 973 741 1036 Nobis
787 991 891 1028 non
920 976 1039 1029 licet
1081 975 1372 1044 interﬁcere
1403 994 1713 1048 quemquam
1758 977 1941 1048 (Joan.
1967 979 2156 1051 xvtn);

569 1065 666 1120 sed
719 1073 898 1120 tamen
945 1064 1051 1120 illis
1099 1066 1324 1121 Domini
1359 1082 1506 1122 mors
1552 1067 1861 1137 imputatur,
1893 1069 2016 1139 quia
2058 1067 2157 1141 ipsi

567 1169 694 1209 eum
730 1154 911 1225 lingua
951 1155 1337 1212 cruciﬁxerunt
1392 1159 1629 1214 dicentes
1669 1178 1682 1211 :
1727 1159 1984 1231 Cruci/ige
2038 1179 2156 1231 eum

566 1241 719 1316 (Luc.
761 1247 951 1315 xxnt).
1017 1243 1170 1300 Umle
1239 1263 1378 1302 unus
1433 1248 1594 1319 232
1647 1230 1973 1321 evangelista
2027 1230 2160 1308 dici:

566 1331 852 1386 Dominum
899 1333 1215 1388 crucifixum
1266 1335 1398 1390 hora
1439 1338 1596 1390 tertia
1630 1337 1822 1408 (Marc.
1851 1340 1974 1409 xv),
2019 1340 2155 1396 alius

564 1432 718 1475 sexta
766 1419 916 1490 (Luc.
956 1424 1151 1496 xxni);
1201 1426 1326 1495 quia
1379 1425 1548 1482 Judzei
1601 1428 1984 1484 crucilixerunt
2031 1445 2154 1486 eum

563 1513 696 1568 hora
729 1515 884 1569 tertia
917 1514 1114 1587 lingua,
1154 1517 1354 1573 milites
1383 1519 1517 1574 hora
1566 1528 1718 1574 sexta
1752 1522 2018 1577 manibus.
2051 1521 2153 1590 Qui

559 1622 688 1678 ergo
736 1608 1008 1663 hominem
1047 1611 1243 1676 tradit,
1288 1611 1378 1666 ille
1421 1627 1545 1666 eum
1597 1613 1882 1680 interﬁcit,
1924 1613 2152 1670 Domino

559 1697 806 1751 dicente:
837 1695 1016 1767 Majas
1040 1709 1308 1768 peccatum
1357 1700 1507 1756 habet
1545 1704 1634 1773 qui
1684 1720 1763 1757 me
1805 1704 2024 1758 tradidit
2055 1705 2148 1759 tibi

559 1783 741 1856 (Joan.
771 1787 906 1858 xvr).
947 1785 1097 1843 Unde
1127 1789 1414 1845 Psalmista
1440 1809 1454 1844 :
1489 1790 1620 1846 Filii
1650 1793 1941 1861 hominum,
1974 1794 2151 1851 dentes
2180 1799 2227 1858 B

558 1894 739 1932 eorum
766 1895 915 1933 arma
943 1889 990 1934 et
1016 1882 1233 1952 sagitta,
1259 1892 1306 1936 et
1343 1882 1523 1953 lingua
1566 1901 1748 1938 eorum
1788 1885 1999 1953 gladius
2027 1905 2153 1941 acu-

555 1979 638 2023 tus
668 1967 840 2041 (Psal.
867 1971 998 2043 Lvt).
1039 1972 1343 2043 Subjiciant
1376 1991 1507 2048 ergo
1553 1991 1611 2030 se
1651 1978 1990 2046 paenitentia:
2028 1995 2154 2050 quo-

554 2076 675 2116 rum
705 2064 938 2120 consilio.
960 2068 1180 2139 sanguis
1227 2067 1492 2136 funditur,
1523 2069 1569 2124 si
1601 2071 1814 2125 veniam
1849 2073 2152 2142 promereri

558 2154 766 2212 volunt.

554 2269 632 2325 De
677 2271 758 2325 his
801 2272 892 2361 qui
934 2273 1234 2361 pronai/till?
1263 2275 1860 2361 ducuntlhonticidiurn
1912 2279 1967 2361 in
2002 2277 2148 2361 bello

622 2343 2150 2473 2375331.“‘é‘p'ii;hiépfiiiiiaiiiifislfif’ai’éfiiiieii

622 2429 836 2464 oaraum
877 2429 1173 2483 episcopum
1204 2429 1735 2480 Antisstoaorensem,

621 2478 1021 2536 Fontaniacum
1051 2492 1213 2553 gesto.

619 2570 682 2627 L.
723 2573 1053 2644 (Buncnsno.
1084 2575 1176 2630 lib.
1202 2591 1279 2641 vr,
1309 2591 1360 2632 c.
1386 2577 1502 2648 25.)
1534 2577 1687 2645 Quod
1713 2589 1895 2635 autem
1925 2581 2144 2650 quidam

549 2662 898 2718 homicidium
933 2666 1076 2736 quod
1120 2681 1290 2738 nuper
1328 2668 1381 2722 in
1410 2669 1677 2726 seditione
1705 2681 1758 2726 et
1784 2672 1969 2740 praelio
1995 2674 2142 2744 prin-

549 2750 730 2821 cipum
761 2760 1068 2809 nostrorum
1113 2765 1483 2826 perpetratum
1530 2769 1616 2813 est
1655 2770 1947 2828 excusant,
1989 2763 2142 2832 quasi

549 2858 658 2897 non
688 2845 1056 2916 necessarium
1104 2846 1175 2900 sit
1221 2863 1316 2917 pro
1348 2849 1451 2903 hoc
1495 2849 1718 2904 cuilibet
1761 2867 1924 2921 agere
1971 2853 2144 2923 pomi-

552 2933 797 2997 tentiam,
826 2948 891 2988 eo
919 2935 1062 3003 quod
1103 2935 1257 3006 jussu
1293 2938 1596 3009 principum
1635 2951 1910 3008 peractum
1951 2941 2043 3006 sit,
2088 2949 2143 2996 et

548 3023 647 3077 Dei
673 3023 878 3093 judicio
908 3024 983 3078 ita
1028 3024 1260 3080 finitum.
1293 3027 1506 3083 Scimus
1551 3031 1694 3084 enim
1733 3031 1875 3100 quod
1914 3031 2009 3086 Dei
2049 3031 2139 3101 ju-

547 3112 748 3169 dicium
791 3130 1004 3187 semper
1041 3119 1248 3188 justum
1297 3131 1382 3176 est
1422 3130 1476 3177 et
1525 3122 1667 3177 nulla
1713 3126 2139 3194 reprehensione
2171 3150 2215 3211 ρ

549 3205 789 3274 dignum.
837 3205 944 3262 Sed
1005 3218 1185 3264 tamen
1247 3221 1461 3280 oportet
1510 3228 1604 3268 eos
1654 3216 2001 3271 considerare
2048 3219 2140 3288 qui

547 3295 689 3352 hanc
716 3311 901 3352 necem
931 3297 1193 3354 nefariam
1221 3301 1508 3358 defendere
1532 3305 1779 3375 cupiunt,
1808 3315 1989 3360 utrum
2022 3307 2142 3364 illos

547 3391 705 3460 quasi
754 3405 935 3445 coram
966 3391 1137 3447 oculis
1183 3393 1277 3448 Dei
1326 3394 1574 3450 innoxios
1622 3411 1885 3452 excusare
1935 3399 2142 3468 possint

547 3482 640 3552 qui
671 3491 890 3552 propter
916 3484 1220 3551 avaritiam,
1259 3501 1378 3555 qum
1406 3488 1647 3541 omnium
1680 3489 1944 3543 malorum
1985 3492 2140 3546 radix

547 3580 652 3637 est,
684 3583 737 3626 et
763 3571 1028 3626 idolorum
1057 3575 1303 3629 servituti
1331 3588 1696 3647 comparatur,
1730 3589 1894 3648 atque
1920 3590 2142 3650 propter

547 3661 787 3716 favorem
843 3662 1182 3718 dominorum
1243 3681 1462 3720 suorum
1513 3668 1930 3738 temporalium,
1985 3679 2143 3724 aeter-

545 3766 674 3806 num
710 3753 996 3828 Dominum
1035 3766 1516 3827 contempserunt,
1579 3768 1633 3813 et
1689 3762 1939 3816 mandata
1999 3761 2141 3818 illius

548 3853 887 3914 spernentes,
931 3861 1035 3899 non
1067 3862 1214 3910 casu,
1249 3850 1340 3902 sed
1371 3865 1466 3918 per
1509 3850 1825 3905 industriam
1852 3893 1866 3917 ,
1909 3853 2138 3907 homici-

546 3935 692 3988 dium
741 3933 1006 3990 fecerunt.
1055 3935 1203 3991 Unde
1242 3938 1294 3992 in
1345 3939 1529 3994 Exodo
1577 3942 1836 4012 scriptum
1891 3952 1974 3998 est
2021 3962 2032 3996 :
2081 3941 2140 3998 Si

543 4028 661 4095 quis
714 4027 778 4081 de
839 4027 1100 4082 industria
1151 4040 1200 4084 et
1261 4047 1353 4100 per
1399 4031 1619 4087 insidias
1669 4035 1913 4089 occiderit
1950 4037 2138 4106 τινοῖὶ-

546 4134 710 4184 mum,
753 4119 818 4172 ab
855 4119 1014 4174 altari
1059 4138 1170 4176 meo
1199 4123 1359 4196 233
1390 4123 1572 4179 evelles
1613 4143 1731 4180 eum
1761 4127 1958 4197 (Exod.
1997 4127 2135 4198 nl).

543 4207 610 4262 Et
636 4210 688 4264 in
716 4210 1138 4268 Deutcronomio
1164 4231 1177 4268 :
1211 4212 1268 4268 Si
1304 4215 1419 4285 quis
1444 4215 1564 4269 odio
1603 4217 1800 4270 habens
1839 4220 2138 4288 proximum

542 4315 718 4363 suum,
760 4300 1040 4356 insidiatus
1069 4301 1229 4371 fuerit
1273 4307 1388 4359 vita:
1417 4305 1554 4374 ejus,
1600 4316 1648 4359 et
1686 4323 1901 4377 surgens
1928 4323 2139 4377 percus-

543 4389 667 4441 serit
697 4405 839 4453 eum,
878 4400 924 4444 et
955 4403 1195 4447 mortuus
1234 4393 1417 4462 fuerit,
1459 4405 1506 4449 et
1545 4395 1739 4464 fugerit
1781 4396 1848 4449 ad
1882 4413 2040 4450 unam
2074 4398 2138 4450 de

543 4479 864 4547 supradictis
913 4481 1152 4547 urbibus,
1189 4483 1395 4538 mittent
1441 4486 1670 4538 seniores
1713 4486 1937 4539 cititatis
1972 4485 2134 4551 illius,
2167 4501 2215 4560 D

540 4578 590 4622 et
634 4569 836 4638 rapient
883 4587 1003 4624 eum
1047 4572 1112 4627 de
1149 4573 1262 4628 loco
1310 4575 1536 4644 refugii,
1577 4587 1624 4630 et
1669 4577 1875 4631 trudent
1913 4594 2034 4652 eum
2078 4579 2134 4632 in

545 4674 735 4712 manus
769 4661 996 4729 proximi
1025 4662 1138 4728 eius
1164 4664 1318 4734 cujus
1346 4668 1561 4735 sanguis
1594 4667 1794 4736 e/fusus
1831 4678 1926 4734 est,
1956 4679 2004 4723 et
2029 4685 2135 4723 mo-

544 4748 753 4814 riatur;
777 4765 869 4803 nec
899 4751 1222 4806 misereberis
1245 4754 1361 4823 ejus
1391 4755 1570 4826 (Deut.
1598 4756 1735 4827 xu).
1766 4756 1916 4812 Illum
1951 4759 2132 4828 itaque

543 4853 704 4908 quem
752 4840 1012 4898 Dominus
1051 4843 1273 4914 dignum
1323 4857 1496 4903 morte
1526 4850 1968 4920 essejudicavit,
2006 4852 2129 4922 quis

543 4930 690 4985 dicat
718 4947 871 4986 reum
904 4947 1010 4987 non
1052 4937 1212 4990 esse?
1243 4939 1521 5004 Quomodo
1548 4941 1855 4996 contrarius
1882 4941 1984 5013 legi
2023 4959 2129 4999 non

542 5021 730 5076 existit
770 5023 862 5092 qui
915 5023 1016 5078 hoc
1060 5027 1202 5093 quod
1250 5027 1391 5082 Deus
1437 5031 1694 5100 praecepit
1742 5046 1953 5086 cassqu
2010 5049 2129 5089 esse

542 5111 860 5166 contendit?
891 5110 996 5168 Sed
1026 5113 1169 5170 inter
1198 5115 1314 5171 haec
1340 5117 1618 5172 sciendum
1649 5127 1732 5174 est
1763 5121 1904 5189 quod
1934 5137 2126 5192 magna

543 5204 799 5262 distantia
821 5217 904 5263 est
927 5207 1068 5264 inter
1093 5209 1390 5278 legitimum
1413 5213 1711 5283 principem
1734 5223 1788 5269 et
1812 5216 2124 5271 seditiosum

544 5303 862 5367 tyrannum.

889 5390 966 5446 De
992 5393 1170 5448 cadent
1197 5411 1270 5449 re.
1297 5393 1382 5448 Ea:
1413 5392 1787 5451 Paznitentiali.

612 5497 699 5554 LI.
733 5500 790 5555 Si
822 5503 944 5572 quis
988 5505 1260 5561 hominem
1297 5509 1349 5562 in
1398 5509 1540 5565 bello
1586 5511 1802 5582 publico
1831 5514 2120 5582 occiderit,

547 5591 904 5662 quadraginta
928 5595 1043 5650 dies
1070 5598 1351 5666 pmniteat.

619 5725 766 5796 (988)
800 5729 932 5784 Vitle
961 5729 1334 5788 Pmnitenllale
1354 5734 1587 5804 Rabani,
1618 5753 1737 5808 cap.
1764 5738 1850 5794 50.

2336 527 2438 582 LII.
2469 528 2525 584 Si
2569 529 2800 584 clericus
2844 529 3194 584 homicidium
3227 530 3415 586 fecerit
3441 543 3496 588 et
3521 541 3782 605 proximum

2260 635 2415 674 suum
2442 620 2706 675 occiderit
2732 621 2841 676 odii
2867 620 3238 687 meditatione,
3265 621 3416 677 exsul
3443 636 3639 695 septem
3661 636 3783 691 annis

2259 710 2544 779 ptenileat.
2875 719 2884 727 '

2601 803 2674 857 De
2698 803 2998 874 parricidis.
3025 807 3109 862 Ea:
3139 808 3516 870 Pwnitentiali.

2327 910 2563 1002 LIII.
2625 915 2747 985 quis
2811 917 2914 973 hoc
2971 921 3176 979 crimen
3240 930 3650 996 perpetraverit,
3690 932 3784 1002 qui-

2257 998 2378 1053 dam
2402 999 2781 1069 judicaverunt
2808 1015 2865 1060 ut
2891 1017 3096 1078 septem
3126 1013 3280 1068 annis
3309 1015 3566 1084 paeniteat
3589 1018 3664 1073 vel
3687 998 3787 1089 qua-

2259 1090 2553 1144 tuordecim
2593 1093 2973 1163 pmnitentiam
3020 1099 3254 1170 egisset;
3305 1103 3520 1173 quidam
3565 1111 3786 1178 usquead

2256 1177 2418 1233 linem
2447 1181 2587 1247 vita),
2615 1181 2757 1238 sicut
2777 1184 2930 1251 Cain,
2960 1189 3050 1257 qui
3074 1190 3268 1245 similia
3294 1177 3686 1264 perpetraverit.

2885 1296 2971 1352 Ea:
3005 1301 3206 1356 eodem.

2323 1379 2456 1436 LIV.
2517 1382 2618 1450 Qui
2683 1386 2955 1442 hominem
3013 1391 3381 1449 debilitaverit
3425 1403 3481 1450 et
3537 1397 3785 1455 deformem

2251 1471 2416 1544 234
2477 1473 2702 1543 fecerit,
2757 1478 3027 1548 impensas
3078 1484 3134 1537 in
3186 1486 3425 1542 medicos
3485 1485 3695 1556 tribuat,
3746 1501 3788 1548 et

2252 1564 2477 1619 macula:
2523 1569 2758 1634 pretium
2803 1580 2860 1624 et
2904 1587 3041 1641 opus
3070 1575 3204 1644 ejus,
3251 1577 3425 1633 donec
3473 1591 3694 1649 sanetur,
3719 1599 3786 1638 rc-

2249 1653 2476 1718 stituat,
2525 1664 2582 1710 et
2639 1658 2921 1714 dimidium
2981 1679 3184 1718 annum
3249 1667 3526 1736 paeniteat.
3584 1669 3638 1725 Si
3689 1687 3787 1730 vero

2254 1757 2361 1797 non
2409 1745 2569 1800 habet
2613 1748 2755 1803 unde
2798 1751 2902 1806 hoc
2949 1749 3230 1823 restituat,
3277 1772 3481 1813 annum
3522 1776 3671 1816 unum
3702 1778 3787 1834 pm-

2257 1835 2450 1890 niteat.

2249 1925 2329 1980 De
2365 1933 2779 1990 truncationibus
2823 1939 3194 2019 membrorum.
3218 1940 3308 2019 βπ
3350 1943 3573 2000 concilio
3611 1945 3787 2019 Mogon-

2794 2009 3036 2074 tiacensi,
3071 2027 3184 2080 cap.
3213 2013 3268 2066 5.

2319 2088 2429 2148 LV.
2464 2093 2689 2165 (Concil.
2738 2098 2904 2154 Tolet.
2935 2116 3002 2162 ll,
3037 2118 3087 2156 e.
3114 2102 3176 2168 6;
3217 2103 3529 2161 Buncumn.
3559 2108 3644 2164 lib.
3670 2125 3711 2175 ι,
3746 2125 3783 2165 c.

2247 2181 2398 2252 201.)
2445 2183 2538 2240 llis
2577 2201 2609 2241 a
2641 2188 2838 2256 quibus
2885 2191 3095 2246 Domini
3139 2207 3488 2251 sacramenta
3535 2209 3786 2254 tractantur

2242 2272 2501 2342 judicium
2534 2279 2815 2348 sanguinis
2841 2281 3048 2351 agitare
3093 2300 3201 2340 non
3233 2285 3360 2342 licet
3406 2289 3574 2361 (288).
3603 2292 3660 2346 Et
3693 2293 3784 2348 ideo

2248 2378 2440 2435 magno
2465 2382 2629 2436 opere
2657 2369 2781 2425 talis
2823 2387 3080 2429 excessus
3106 2377 3478 2446 prohibendus
3507 2391 3615 2448 est;
3645 2399 3704 2440 ne
3723 2384 3781 2437 in-

2246 2453 2494 2510 discreta:
2537 2461 2972 2531 praesumptionis
3002 2466 3241 2523 motibus
3281 2469 3502 2539 agitati,
3532 2483 3649 2538 aut,
3675 2475 3783 2542 quod

2246 2554 2420 2599 morte
2465 2546 2805 2616 plectendum
2851 2562 2960 2618 est,
3011 2557 3277 2613 sententia
3322 2563 3542 2632 propria
3584 2563 3782 2632 judicare

2245 2648 2609 2704 praesumant,
2651 2650 2744 2695 aut
2791 2645 3159 2703 truncationes
3206 2650 3538 2718 quibuslibet
3580 2655 3782 2722 personis

2243 2735 2336 2780 aut
2363 2741 2464 2795 per
2486 2745 2546 2784 se
2589 2730 2822 2787 inferant
2858 2744 2950 2789 aut
2991 2735 3271 2795 inferenda
3311 2745 3636 2814 prmcipiant.
3663 2746 3781 2813 Quod

2243 2815 2288 2870 si
2320 2817 2602 2888 quisquam
2636 2817 2826 2876 horum
2878 2825 3164 2883 immemor
3190 2841 3599 2902 praceptorum,
3629 2844 3707 2888 aut
3742 2836 3781 2889 in

2243 2909 2486 2966 ecclesiae
2531 2929 2643 2969 sua:
2688 2915 2909 2972 familiis
2957 2929 3049 2973 aut
3096 2922 3148 2975 in
3199 2923 3529 2991 quibuslibet
3581 2927 3782 2998 personis

2244 3001 2350 3056 tale
2405 3001 2606 3073 aliquid
2662 3004 2885 3073 fecerit,
2941 3019 2997 3064 et
3047 3013 3292 3068 concessi
3353 3016 3562 3072 ordinis
3616 3017 3782 3072 honore

2245 3092 2489 3160 privetur
2533 3102 2588 3148 et
2631 3093 2771 3160 loco,
2816 3096 2915 3151 sub
2965 3109 3239 3170 perpetua:
3282 3093 3782 3171 damnationisreli-

2247 3191 2401 3250 gatus
2441 3185 2741 3255 ergastulo;
2789 3189 2872 3242 cui
2917 3199 3092 3244 tamen
3135 3195 3444 3251 comnmnio
3493 3197 3694 3252 exeunti
3731 3211 3782 3250 ex

2246 3272 2350 3327 hac
2377 3273 2486 3328 vita
2529 3290 2635 3329 non
2686 3278 2929 3348 neganda
2977 3289 3061 3334 est
3105 3289 3324 3352 propter
3354 3283 3569 3341 Domini
3613 3286 3783 3342 miseri-

2242 3366 2503 3420 cordiam.

2245 3453 2376 3534 Quae
2396 3455 2575 3539 debeat
2599 3457 3195 3539 discretioyecclesiarum
3219 3467 3505 3539 rectoribus
3527 3485 3628 3524 esse
3649 3487 3702 3523 ne
3715 3483 3783 3539 per

2312 3526 2630 3579 inconditam
2659 3514 3232 3599 disciplinainsubeant
3257 3537 3529 3592 homicidii
3555 3514 3728 3593 n'otam:

2312 3615 2444 3670 LVI.
2495 3618 2729 3688 (Additio
2773 3639 2824 3675 iv
2853 3623 3148 3693 Capitular.
3173 3642 3223 3681 c.
3247 3627 3324 3701 6.)
3365 3631 3500 3686 Cum
3539 3634 3681 3702 juxta
3709 3646 3782 3684 an-

2243 3708 2405 3778 tiqua:
2455 3710 2804 3768 institutionis
2854 3717 3086 3771 edictum
3137 3720 3256 3788 plus
3299 3737 3429 3792 erga
3477 3723 3781 3795 corrigendos

2241 3814 2399 3867 agere
2430 3800 2622 3855 debeat
2652 3804 3024 3860 benevolentia
3071 3824 3231 3878 quam
3275 3815 3558 3879 severitas,
3586 3814 3691 3884 plus
3713 3827 3782 3865 co-

2243 3889 2478 3944 hortatio
2521 3908 2683 3962 quam
2715 3897 3027 3963 commotio,
3053 3900 3174 3968 plus
3217 3901 3460 3957 charitas
3486 3919 3638 3973 quam
3662 3909 3784 3972 pote-

2240 3990 2353 4034 stas
2384 3981 2626 4037 adhiberi
2654 3985 2828 4039 debet.

2240 4068 2402 4140 235
2442 4070 2518 4125 De
2545 4075 2853 4140 parricidio.
2897 4076 2981 4132 Ex
3021 4077 3156 4149 Lege
3211 4080 3577 4139 Theodosiana
3617 4084 3694 4138 lib.
3720 4098 3776 4136 lx.

2309 4161 2465 4218 LVII.
2491 4165 2851 4236 (Interpretat.
2881 4169 2972 4224 lib.
2997 4183 3034 4234 ι,
3065 4171 3197 4227 Cod.
3225 4172 3506 4242 Theodos.,
3537 4177 3597 4230 de
3628 4172 3779 4228 Pani-

2240 4255 2423 4326 c'dio.)
2460 4255 2518 4310 Si
2559 4259 2680 4326 quis
2714 4269 2945 4328 patrem,
2980 4273 3238 4330 matrem,
3269 4265 3527 4334 fratrem,
3555 4281 3776 4329 sororem,

2241 4345 2400 4412 ﬁlios,
2441 4346 2601 4413 ﬁlias,
2634 4350 2716 4405 vel
2756 4351 2890 4407 alios
2923 4354 3252 4423 propinquos
3282 4359 3564 4423 occiderit,
3609 4365 3777 4412 remoto

2241 4436 2469 4490 aliorum
2495 4454 2692 4509 genere
2723 4451 3136 4510 tormentorum,
3166 4444 3310 4501 facto
3353 4449 3422 4503 de
3462 4451 3621 4504 coriis
3650 4460 3776 4503 sacco

2239 4526 2330 4594 qui
2361 4527 2566 4582 culleus
2616 4532 2951 4599 nominatur,
2993 4535 3046 4588 in
3088 4551 3195 4604 quo
3224 4553 3346 4592 cum
3400 4540 3598 4595 missus
3642 4535 3774 4592 fuerit

2236 4630 2357 4670 cum
2402 4618 2517 4686 ipso
2563 4621 2726 4675 etiam
2771 4634 3050 4692 serpentes
3089 4626 3429 4696 claudantur,
3475 4640 3529 4686 et
3567 4631 3610 4686 si
3658 4640 3776 4683 mare

2236 4708 2468 4763 vicinum
2519 4727 2622 4766 non
2660 4713 2844 4780 fuerit,
2877 4717 2928 4770 in
2957 4717 3196 4788 quolibet
3233 4721 3445 4791 gurgite
3483 4720 3772 4792 projiciatur,

2235 4797 2328 4851 tali
2362 4813 2518 4868 poena
2546 4802 2831 4859 damnatus
2858 4806 3002 4862 nullo
3039 4824 3273 4879 unquam
3305 4820 3548 4882 tempore
3571 4812 3774 4867 obtineat

2233 4888 2581 4956 sepulturam.

2231 4977 2308 5034 De
2346 4980 2559 5036 domina
2601 5001 2718 5056 quw
2743 4989 2992 5113 ancilll’ani
3047 4994 3254 5048 occidit.
3304 4992 3390 5049 Ea:
3434 4995 3647 5050 concilio
3683 4990 3772 5046 Eli-

2915 5072 3137 5113 emam).

2915 5072 3137 5116 eritano.

2297 5145 2474 5201 LVIII.
2503 5146 2733 5218 (Concil.
2775 5150 3016 5207 Eliberit.
3059 5170 3111 5209 c.
3147 5155 3210 5222 5;
3259 5157 3561 5217 ΗΑιιτοΑιι.
3608 5161 3685 5215 Iib.
3711 5170 3768 5219 ιν,

2227 5254 2277 5294 c.
2308 5239 2374 5304 5;
2409 5241 2717 5297 Bnncnsnn.
2754 5245 2846 5299 lib.
2890 5262 2963 5312 v1,
3003 5264 3054 5304 c.
3089 5250 3199 5321 19.)
3241 5251 3294 5306 Si
3328 5269 3432 5322 qua
3469 5255 3669 5308 domina
3703 5251 3768 5304 fu-

2229 5346 2351 5385 rore
2379 5332 2478 5387 zeli
2519 5333 2848 5390 inﬂammata
2879 5340 3131 5394 ancillam
3161 5344 3438 5410 occiderit,
3475 5347 3546 5400 ita
3573 5356 3626 5400 ut
3656 5345 3768 5398 intra

2226 5425 2446 5480 tertium
2472 5427 2612 5482 diem
2635 5430 2869 5485 animam
2900 5447 3022 5487 cum
3046 5435 3292 5490 cruciatu
3317 5439 3546 5504 emittat,
3577 5453 3637 5492 eo
3653 5431 3769 5505 quod

2226 5517 2491 5572 incertum
2525 5520 2597 5573 sit
2637 5522 2937 5579 voluntarie
2969 5541 3034 5587 an
3061 5539 3192 5582 casu
3214 5529 3504 5596 occiderit;
3538 5530 3580 5584 si
3615 5527 3767 5581 volun-

2228 5612 2392 5678 tarie,
2449 5623 2567 5682 post
2610 5623 2814 5684 septem
2857 5633 3058 5687 annos,
3101 5621 3148 5677 si
3206 5637 3367 5691 casu,
3410 5631 3530 5692 post
3569 5622 3767 5692 φιίιιψιο
