3944 6418
191 419 299 475 Ξθῗ

1107 411 1194 467 DE
1234 410 1512 468 ECCLES.
1557 405 1837 465 DISCIPL.
1879 403 2054 459 LIBRI
2097 403 2252 460 DUO.
2289 435 2358 444 —
2395 403 2520 458 LIB.
2558 401 2621 456 II.

3353 396 3461 455 293

191 500 456 585 annorum
507 536 745 597 tempora
769 567 784 590 ,
830 535 948 580 aeta
1001 525 1244 593 legitima
1300 521 1649 594 poenitentia,
1707 520 1773 574 ad
1802 525 1848 582 Α
1878 517 1976 571 bus
2005 515 2270 585 aliquibus
2296 516 2610 576 colliseriut,
2661 514 2712 567 in
2744 522 2968 583 utroque
2999 528 3132 568 sexu
3180 513 3457 572 adulteris.

187 620 625 675 communionem
663 617 877 671 admitti
905 616 1130 686 placuit.

187 731 250 786 Si
286 748 464 786 servus
492 730 746 785 occiditur
767 728 976 797 domino
1001 729 1123 781 dum
1148 728 1440 781 verberibus
1465 726 1773 797 castigatur.

674 799 760 852 Ea:
789 798 897 868 lege
929 793 1313 851 Theodosiana.

252 888 398 944 LIX.
440 889 807 959 (Interpretat.
835 888 871 940 l.
902 888 926 940 1
961 885 1090 942 Cod.
1123 886 1380 941 Theodos.
1413 886 1487 941 De
1508 885 1771 940 emendat.

181 979 418 1049 servor.)
451 979 507 1034 Si
545 993 760 1041 servus,
799 978 925 1031 dum
963 977 1176 1045 culpam
1225 976 1475 1030 dominus
1507 975 1775 1037 vindicat,

180 1079 440 1122 mortuus
482 1065 675 1131 fuerit,
711 1066 962 1120 dominus
999 1065 1154 1134 culpa
1179 1065 1453 1120 homicidii
1488 1079 1592 1118 non
1627 1071 1778 1118 tene-

181 1169 274 1212 tur
307 1158 474 1228 :quia
524 1166 650 1212 tunc
693 1155 970 1211 homicidii
1017 1170 1142 1209 reus
1171 1164 1280 1216 est.
1325 1156 1370 1209 si
1409 1155 1657 1210 occidere
1678 1168 1774 1208 vo-

180 1247 360 1302 luisse
400 1247 756 1302 convincitur.
802 1244 936 1300 Nam
967 1245 1273 1300 emendatio
1303 1261 1409 1300 non
1452 1254 1676 1299 vocatur
1708 1242 1776 1297 ad

179 1336 263 1389 (τί
276 1351 419 1391 men.

179 1423 264 1478 De
295 1429 625 1497 oppressione
652 1426 934 1494 infantum.
966 1424 1052 1480 Ex
1079 1426 1298 1480 concilio
1335 1425 1774 1496 Mogonciacensi.

259 1515 375 1570 LX.
405 1516 732 1587 (Burnmann.
765 1517 860 1572 lib.
889 1533 1002 1571 xvu
1021 1559 1035 1580 ,
1063 1533 1114 1572 c.
1141 1518 1253 1586 58.)
1277 1517 1334 1572 Si
1369 1519 1490 1588 quis
1515 1518 1774 1573 infantem

175 1620 348 1660 suum
366 1606 588 1662 incaute
616 1608 979 1677 Oppresserit,
1012 1608 1176 1679 236
1199 1619 1291 1662 aut
1328 1611 1775 1664 vestimentorum

183 1696 428 1764 pondere
456 1696 831 1762 suﬂ'ocaverit,
857 1706 912 1752 et
942 1698 1043 1752 hoc
1073 1708 1189 1768 post
1224 1700 1550 1768 baptismum
1576 1700 1775 1756 factum

173 1787 390 1852 fuerit,
428 1790 783 1860 quadraginta
811 1790 924 1844 dies
961 1791 1218 1859 poeniteat
1251 1791 1302 1844 in
1333 1808 1470 1861 pane.
1510 1802 1567 1847 et
1605 1808 1772 1862 aqua,

1878 606 1930 660 id
1979 620 2063 659 est
2091 606 2226 674 patri
2273 607 2356 660 vel
2386 607 2564 670 matri,
2593 615 2712 674 post
2743 613 2946 672 septem
2976 621 3240 658 annortun
3281 605 3458 660 curri.

1875 697 1992 750 cula
2016 696 2324 750 communio
2349 697 2632 758 tribuatur,
2659 696 2730 747 ita
2755 702 2935 748 tamen
2963 703 3023 749 ut
3046 694 3193 749 omni
3219 704 3460 765 tempore

1876 787 1998 841 vitae
2026 802 2137 841 sua:
2164 786 2375 841 fletibus
2411 796 2464 840 et
2493 784 2781 840 humilitati
2828 785 3102 840 insistant.

2054 898 2132 952 De
2164 900 2345 952 eadem
2395 915 2470 953 re.
2507 898 2592 952 Ea:
2643 897 2864 952 concilio
2914 899 3262 954 Eliberitano.

1945 1007 2106 1062 LXV.
2129 1007 2352 1079 (Concil.
2385 1008 2622 1062 Eliberit.
2654 1025 2704 1062 c.
2735 1009 2836 1074 65;
2870 1009 3004 1064 Rau.
3033 1011 3181 1080 epist.
3207 1011 3276 1064 ad
3309 1010 3465 1065 Heri-

1876 1097 2047 1162 bald.,
2076 1113 2126 1153 c.
2154 1100 2219 1164 8;
2251 1082 2555 1154 Buttcututn.
2591 1098 2680 1152 lib.
2715 1114 2851 1163 xvu,
2877 1114 2925 1153 c.
2955 1099 3078 1172 51.)
3120 1100 3176 1154 Si
3209 1115 3316 1169 qua
3346 1116 3462 1153 nut-

1875 1186 2012 1254 Iier,
2066 1191 2291 1245 absente
2331 1190 2559 1255 marito,
2605 1205 2704 1260 per
2744 1191 3067 1245 adulterium
3118 1193 3464 1260 conceperit,

1879 1282 2039 1351 idque
2089 1292 2208 1352 post
2264 1283 2474 1338 facinus
2521 1285 2799 1350 occiderit,
2833 1283 3033 1354 placuit
3061 1284 3149 1338 vix
3190 1284 3242 1338 in
3277 1284 3382 1338 line
3415 1286 3468 1338 ei

1878 1373 2108 1428 dandam
2147 1377 2578 1430 communionem
2608 1418 2623 1443 ,
2663 1392 2728 1432 eo
2776 1377 2917 1448 quod
2958 1377 3316 1448 geminaverit
3351 1391 3468 1432 sce-

1880 1462 1983 1518 Ius.

1879 1551 1942 1607 Si
1969 1570 2072 1621 qua
2115 1553 2306 1609 mulier
2343 1565 2552 1625 partum
2600 1575 2753 1680 suntln
2800 1560 3106 1612 excusserit.
3157 1557 3242 1612 Ea:
3290 1556 3468 1613 Ρωηί-

2545 1638 2706 1680 tentta
2731 1645 2778 1680 e.

2545 1638 2778 1681 tenuate.

1950 1710 2132 1767 LXVI.
2184 1713 2242 1770 Si
2286 1731 2393 1786 qua
2446 1716 2638 1773 mulier
2685 1725 2898 1787 partum
2941 1733 3100 1774 suum
3144 1729 3269 1774 ante
3301 1720 3469 1792 238

1877 1803 2235 1873 quadraginta
2285 1805 2401 1860 dies
2455 1806 2511 1860 in
2555 1815 2710 1861 utero
2759 1819 2948 1875 sponte
2995 1809 3322 1878 perdiderit,
3372 1827 3472 1864 an-

186 1877 432 1932 oleribus
465 1888 628 1948 atque
668 1879 1060 1949 leguminibus,
1091 1891 1144 1935 et
1172 1897 1202 1935 a
1247 1883 1472 1952 conjuge
1515 1897 1573 1937 se
1613 1883 1778 1938 absli-
1809 1867 1851 1926 Β
1880 1867 2009 1946 rium
2039 1867 2202 1948 unum
2228 1897 2529 1967 pceniteat.j
2555 1897 2614 1952 Si
2652 1867 2929 1968 vero'post
2967 1867 3322 1971 quadraginta
3353 1902 3472 1957 dies

173 1974 337 2020 neat.
363 1965 553 2020 Postea
581 1977 692 2022 tres
714 1983 886 2023 annos
905 1970 1164 2038 pteniteat
1187 1985 1284 2039 per
1305 1970 1573 2041 legitimas
1593 1971 1776 2035 ferias,

173 2066 244 2110 et
294 2067 407 2112 tres
445 2059 497 2111 in
545 2073 688 2114 anno
731 2059 1171 2130 quadragesimus
1214 2062 1482 2116 observet.
1531 2061 1682 2128 Quod
1733 2062 1778 2118 si

183 2155 316 2202 ante
353 2149 681 2218 baptismum
727 2149 907 2205 infans
935 2164 1228 2221 Oppressus
1265 2151 1436 2207 fuerit
1459 2191 1473 2211 ,
1504 2154 1778 2221 proximos

171 2237 544 2308 quadraginta
583 2238 699 2293 dies
747 2248 808 2293 ut
871 2254 1030 2310 supra
1091 2241 1366 2310 paeniteat,
1416 2252 1602 2313 postea
1647 2258 1779 2300 vero

175 2329 628 2399 quinquennium
664 2331 896 2400 expleat.

177 2420 253 2475 'Si
272 2438 368 2490 per
399 2422 760 2496 negligentiam
785 2425 972 2496 matris
1003 2424 1181 2496 infans
1223 2427 1447 2479 moritur
1471 2443 1572 2480 non
1603 2428 1771 2496 bapti-

262 2502 438 2545 zatus.
473 2493 557 2546 Ea:
573 2493 789 2562 epistola
811 2493 1015 2549 Iiabani
1043 2495 1112 2547 ad
1141 2495 1518 2566 Reginbaldum
1545 2493 1779 2567 cliorepi-

256 2578 496 2631 scopum.

257 2651 396 2706 LXI.
429 2652 762 2721 (BURCBARD.
808 2655 903 2710 lib.
933 2671 1078 2720 xvu,
1123 2672 1173 2712 c.
1215 2656 1314 2722 59;
1344 2658 1532 2712 concil.
1581 2659 1773 2730 Ancyr.

181 2759 243 2799 c.
273 2744 395 2813 9.0.)
421 2744 496 2801 De
526 2745 821 2803 infantibus
859 2757 1038 2804 autem
1067 2749 1159 2818 qui
1202 2752 1398 2804 mortui
1432 2751 1779 2806 inveniuntur

185 2853 315 2892 cum
346 2847 498 2908 patre
525 2847 580 2893 et
623 2849 828 2906 matre,
861 2850 916 2894 et
943 2855 1048 2894 non
1090 2849 1312 2910 apparet
1349 2851 1526 2895 utrutn
1554 2857 1584 2896 a
1626 2851 1779 2912 patre

183 2935 283 2980 aut
311 2937 486 2982 matre
513 2929 726 2984 occisus
754 2929 822 2983 sit
859 2929 972 2999 ipse
1005 2927 1184 2984 infans
1231 2929 1313 2983 vel
1357 2929 1676 2996 suffocatus,
1708 2947 1776 2985 an

185 3020 410 3090 propria
458 3030 633 3076 morte
679 3021 1001 3087 defunctus,
1033 3037 1140 3075 nou
1192 3021 1388 3076 debent
1433 3023 1553 3077 inde
1601 3025 1777 3078 securi

181 3125 317 3164 esse
346 3126 444 3165 nec
475 3111 593 3165 siue
621 3111 936 3181 ptenitentia
965 3110 1066 3182 ipsi
1093 3121 1376 3180 parentes;
1400 3113 1494 3166 sed
1523 3122 1698 3168 tamen
1722 3114 1776 3169 in

174 3200 272 3254 eis
300 3200 662 3255 consideratio
693 3201 851 3256 debet
878 3216 996 3256 esse
1033 3202 1280 3271 pietatis,
1314 3203 1401 3257 ubi
1432 3218 1539 3258 non
1583 3206 1775 3260 volun-

198 3299 309 3354 tas,
338 3291 432 3344 sed
459 3302 684 3346 eventus
708 3292 901 3346 mortis
925 3307 1088 3347 causa
1115 3292 1234 3348 fuit.
1266 3292 1323 3349 Si
1345 3303 1523 3350 autem
1551 3310 1645 3350 eos
1669 3312 1776 3352 non

187 3379 330 3433 latet
358 3380 503 3449 ipsos
530 3380 647 3449 ejus
690 3397 810 3437 esse
835 3381 1242 3448 interfectores,
1274 3384 1415 3439 scire
1442 3385 1637 3440 debent
1656 3403 1779 3458 gra-

189 3471 337 3525 viter
366 3486 425 3526 se
447 3472 770 3541 deliquisse,
795 3472 938 3542 quod
964 3472 1018 3526 in
1056 3473 1342 3543 Ancyrano
1373 3475 1600 3531 concilio
1627 3493 1778 3531 com-

181 3561 474 3630 probatur.
521 3561 750 3628 Quidam
797 3571 976 3616 autem
1005 3563 1173 3616 trium
1207 3578 1472 3619 annorum
1517 3566 1782 3634 pmniten-

198 3649 330 3702 tiam
357 3648 665 3717 hujusmodi
697 3651 931 3704 hominis
970 3651 1218 3720 judicant
1245 3667 1363 3707 esse
1389 3654 1582 3709 debere
1607 3695 1620 3719 ,
1650 3671 1780 3724 quo-

195 3755 322 3794 rum
360 3755 426 3794 ex
456 3741 541 3796 bis
584 3757 750 3796 unum
793 3743 974 3810 exigat
1003 3742 1054 3796 in
1084 3757 1220 3812 pane
1244 3754 1301 3799 et
1327 3758 1466 3814 aqua
1490 3784 1505 3810 ,
1534 3754 1697 3814 atque
1725 3762 1783 3801 se

196 3829 268 3882 ab
294 3830 440 3884 omni
478 3831 688 3886 luxuria
720 3842 968 3903 tempore
996 3835 1326 3902 poenitentiae
1355 3849 1466 3890 suae
1495 3837 1783 3893 custodiat.

191 3940 278 3995 De
321 3941 520 4014 femina
550 3942 701 4011 cujus
736 3942 879 4014 filius
917 3960 1009 4014 per
1038 3943 1405 4014 negligentiam
1449 3946 1631 4000 obierit
1683 3964 1786 4002 non

459 4013 774 4077 baptizatus.
801 4011 886 4067 Ea:
909 4011 1284 4078 Pmnitentiali,
1311 4031 1424 4084 cap.
1451 4015 1536 4069 I7.

274 4100 434 4155 LXII.
466 4101 690 4158 Pariens
731 4102 964 4168 femina,
1012 4103 1165 4172 cujus
1213 4105 1353 4160 filius
1396 4121 1492 4176 per
1520 4106 1790 4178 negligen-

204 4193 334 4246 tiam
383 4190 545 4261 237
590 4207 696 4248 ηοη
745 4192 1049 4263 baptizatus
1095 4193 1322 4256 obierit,
1375 4210 1576 4249 annum
1624 4213 1788 4251 unum

197 4281 500 4354 pceniteat,
541 4291 597 4337 et
640 4299 910 4355 nunquam
951 4285 1023 4340 sit
1064 4285 1179 4339 siue
1207 4279 1410 4354 aliqua
1452 4286 1787 4356 paenitentia.

203 4373 262 4425 Si
297 4381 478 4424 autem
523 4388 622 4442 per
655 4373 1034 4444 negligentiam
1083 4374 1412 4442 sacerdotis,
1464 4376 1683 4445 require
1733 4376 1787 4431 in

205 4463 389 4533 primo
412 4462 612 4529 libello,
639 4479 758 4534 cap.
790 4465 911 4520 128.

203 4576 285 4630 De
323 4576 627 4630 mulieribus
667 4589 995 4649 qutepartus
1033 4596 1155 4633 suos
1195 4591 1396 4633 necant.
1445 4578 1531 4634 Ea:
1566 4581 1788 4636 concilio
1818 4585 1867 4644 D

849 4648 1147 4719 Ancyrano.

278 4733 460 4788 LXIII.
499 4733 740 4807 (Concil.
779 4737 998 4805 Ancyr.,
1026 4754 1075 4790 c.
1107 4738 1205 4804 20;
1242 4738 1539 4794 "auram.
1573 4739 1664 4794 lib.
1713 4757 1787 4806 tv,

203 4841 259 4880 c.
297 4823 364 4889 5;
398 4823 532 4878 Rite.
561 4827 710 4896 epist.
753 4827 822 4880 ad
849 4827 1151 4894 lleribald.,
1189 4845 1236 4884 c.
1261 4830 1326 4896 8;
1354 4832 1660 4887 BURCHABD.
1694 4832 1787 4888 lib.

205 4932 346 4981 xvu,
374 4931 420 4969 c.
461 4917 573 4988 51.)
604 4918 679 4973 De
704 4919 1016 4974 mulieribus
1042 4935 1161 4989 qua:
1195 4922 1550 4988 fornicamur,
1590 4933 1644 4978 et
1671 4939 1792 4994 par-

209 5017 302 5062 tus
327 5022 454 5063 suos
487 5018 703 5072 necant,
734 5009 821 5062 vel
843 5024 962 5077 qua:
990 5020 1156 5080 agunt
1183 5027 1363 5066 secum
1402 5019 1460 5065 ut
1486 5021 1640 5068 utero
1666 5029 1795 5068 con-

207 5108 402 5168 ceptos
443 5099 743 5164 excutiant,
773 5103 994 5169 antiqua
1027 5101 1240 5170 quidem
1275 5101 1514 5156 definitio
1537 5117 1704 5172 usque
1732 5104 1798 5158 ad

209 5189 421 5243 exitum
461 5189 590 5244 vita:
635 5203 730 5244 eas
781 5191 846 5243 ab
902 5190 1140 5244 Ecclesia
1193 5200 1450 5246 removet.
1503 5191 1799 5248 Humanius

210 5289 395 5332 autem
420 5293 561 5332 nunc
584 5278 872 5333 deﬁnimus
898 5287 954 5331 ut
979 5279 1059 5334 eis
1081 5280 1263 5335 decem
1287 5295 1550 5334 annorum
1586 5289 1798 5351 tempus

211 5369 510 5423 secundum
536 5368 785 5438 praeﬁxos
825 5369 1023 5438 gradus
1061 5369 1375 5439 paenitentia
1413 5370 1688 5438 largiatur.

429 5459 504 5513 De
538 5460 719 5513 eadem
764 5476 838 5513 re.
873 5459 954 5513 Ex
995 5459 1214 5513 concilio
1263 5459 1582 5514 Hilerdensi.

286 5552 470 5608 LXIV.
503 5552 726 5622 (Concil.
765 5551 954 5617 Ilerd.,
982 5567 1034 5607 c.
1068 5553 1135 5615 2;
1171 5551 1313 5604 ΗΑΒ.
1361 5553 1513 5620 epist.
1543 5552 1612 5605 ad
1656 5550 1807 5606 Heri-

216 5644 385 5709 bald.,
405 5658 456 5696 c.
482 5642 546 5707 9;
587 5642 893 5696 Buncuaan.
927 5640 1019 5695 lib.
1059 5656 1167 5694 xvu
1195 5681 1210 5704 ,
1236 5655 1282 5695 c.
1312 5639 1424 5709 52.)
1452 5639 1516 5694 IIi
1549 5655 1676 5695 vero
1715 5641 1806 5711 qui

219 5733 361 5788 male
391 5741 682 5802 conceptos
709 5747 776 5786 ex
823 5731 1089 5785 adulterio
1141 5730 1314 5786 factos
1361 5730 1444 5784 vel
1499 5733 1672 5785 editos
1711 5748 1806 5785 ne-

220 5838 348 5878 care
380 5821 702 5884 studuerint,
743 5819 826 5873 vel
865 5820 916 5872 in
952 5820 1231 5873 ventribus
1276 5828 1509 5873 matrum
1567 5820 1801 5889 petioni-

706 5909 976 5968 PATROL.
1023 5907 1347 5969 CXXXII.

1878 1997 2000 2036 eum
2065 1985 2374 2052 occiderit,
2440 1996 2549 2042 tres
2612 2004 2783 2044 annos
2844 1995 3126 2060 poeniteat.
3197 1992 3253 2047 Si
3335 2007 3468 2048 vero

1876 2082 2162 2143 postquam
2200 2076 2468 2132 animatus
2512 2077 2706 2143 fuerit,
2763 2095 2884 2136 eum
2942 2082 3278 2152 perdiderit,
3311 2085 3469 2153 quasi

1877 2163 2162 2221 homicidia
2189 2169 2468 2237 pmniteat.
2493 2169 2599 2225 Sed
2637 2172 2802 2226 distat
2833 2172 3059 2227 multum
3110 2183 3290 2228 utrum
3332 2190 3466 2245 pau-

1869 2257 2092 2326 percula
2152 2273 2250 2327 pro
2306 2258 2618 2316 dillicultate
2681 2262 2991 2328 nutricudi,
3063 2274 3157 2318 aut
3224 2264 3462 2320 fornica-

1878 2347 1959 2401 ria
2008 2363 2170 2404 causa
2220 2351 2320 2416 sit,
2373 2361 2428 2405 et
2483 2368 2580 2422 pro
2635 2354 2716 2408 sui
2773 2354 2996 2410 sceleris
3050 2355 3258 2411 celandi
3302 2357 3468 2411 faciat

1878 2453 2062 2494 eausa.

1879 2525 1938 2581 Si
1961 2545 2065 2598 qua
2103 2530 2293 2586 mulier
2319 2531 2489 2600 ﬁlium
2532 2532 2613 2587 vel
2635 2532 2802 2602 ﬁliam
2830 2535 3098 2591 occiderit.
3151 2535 3234 2590 Ea:
3260 2535 3464 2590 eodem.

1949 2617 2153 2673 LXVII.
2180 2619 2370 2675 Mulier
2391 2623 2436 2676 si
2480 2623 2782 2679 voluntarie
2808 2626 3070 2681 occiderit
3098 2625 3266 2680 filium
3305 2643 3464 2682 suum

1879 2717 1972 2761 aut
1999 2709 2162 2764 tiliam
2208 2727 2397 2778 suam,
2430 2728 2529 2783 pro
2570 2714 2860 2770 homicidio
2896 2715 3083 2772 decem
3129 2731 3301 2772 annos
3343 2730 3462 2788 pm-

1881 2797 2072 2852 niteat.

2022 2889 2099 2944 De
2138 2891 2321 2946 eadem
2366 2910 2440 2947 re.
2488 2893 2574 2948 Ea:
2625 2895 2848 2950 concilio
2893 2896 3321 2969 Rotlromagensi.

1950 2974 2042 3029 LX
2060 2978 2174 3032 ‘t’lIl.
2201 2979 2530 3050 (Buncnaao.
2561 2983 2653 3038 lib.
2684 3000 2818 3050 xvtt,
2847 3001 2894 3040 c.
2941 2986 3044 3052 5'5;
3083 2987 3189 3053 Ivo,
3215 2998 3371 3058 parte
3411 3005 3469 3054 κ,

1870 3083 1929 3124 c.
1973 3071 2132 3143 105.)
2171 3072 2312 3128 Sunt
2361 3077 2608 3146 quaedam
2661 3079 2936 3145 mulieres,
2988 3089 3047 3134 ut
3101 3082 3168 3136 ad
3219 3083 3469 3137 notitiam

1881 3163 2053 3217 sancti
2091 3166 2303 3220 concilii
2335 3171 2601 3236 pervenit,
2643 3187 2762 3240 quae
2789 3187 2854 3226 ex
2901 3172 3256 3230 fornicatione
3281 3171 3467 3230 conci-

1805 3233 1850 3294 Ο
1882 3253 2108 3322 pientes,
2145 3233 2452 3314 metuentes
2499 3233 2790 3317 ne'seelus
2837 3264 2979 3332 quod
3035 3265 3247 3321 occulte
3273 3281 3466 3336 perpe—

1881 3348 2093 3396 trarunt
2123 3344 2468 3402 manifestum
2502 3348 2675 3417 ﬁeret,
2703 3350 2935 3407 infantes
2955 3368 3089 3422 quos
3115 3365 3472 3425 perpererunt

1880 3433 2211 3500 occiderunt,
2245 3446 2296 3491 et
2331 3448 2490 3494 terra:
2519 3443 2770 3511 congerie
2814 3456 3230 3514 cooperuerunt,
3271 3456 3365 3502 aut
3407 3449 3464 3502 in

1880 3536 2049 3591 aquas
2092 3524 2454 3594 projecerunt.
2495 3529 2648 3596 Quod
2696 3544 2957 3601 quantum
3010 3535 3163 3590 nefas
3221 3538 3321 3600 sit,
3368 3552 3464 3592 ca-

1881 3628 2052 3669 nones
2111 3617 2424 3690 Ancyrani,
2492 3623 2853 3690 Eliberitani,
2908 3635 3071 3696 atque
3133 3626 3469 3684 Hilerdensis

1883 3705 2095 3759 concilii
2134 3716 2298 3762 testes
2347 3720 2490 3765 sunt.
2542 3713 2637 3770 His
2685 3714 2866 3785 itaque
2895 3717 2983 3770 vix
3014 3718 3066 3772 in
3095 3717 3202 3772 line
3229 3719 3460 3774 dandam

1885 3809 2005 3849 esse
2035 3800 2466 3856 communionem
2518 3805 2834 3862 decernunt.
2881 3806 2986 3862 Sed
3037 3809 3323 3864 humanius
3358 3821 3468 3864 tra-

1887 3895 2127 3953 ctantes,
2163 3901 2286 3958 post
2338 3892 2630 3950 decennem
2676 3899 3052 3967 paenitentiam
3094 3900 3226 3956 tales
3270 3902 3472 3971 placuit

1887 3976 1954 4030 ad
1991 3980 2426 4037 communionem
2467 3987 2657 4056 recipi.
2683 3986 2695 3996 ”

1893 4085 1959 4140 Ut
1988 4099 2109 4143 ante
2140 4090 2362 4159 ianuam
2388 4094 2889 4171 ecclesira_adulteri
2930 4101 3158 4170 infantes
3196 4120 3468 4171 exponan-

2242 4238 2248 4245 ἱ
2458 4173 2563 4218 tur.
2601 4166 2687 4220 Ea:
2728 4170 2924 4222 eodem.

1962 4266 2146 4322 LXIX.
2184 4268 2515 4335 (BURCIIARD.
2561 4273 2652 4328 lib.
2704 4291 2784 4340 ut,
2817 4292 2937 4346 cap.
2969 4277 3120 4349 200.)
3153 4279 3322 4351 Igitur
3347 4282 3475 4352 quia

1893 4356 2104 4412 diabolo
2155 4360 2415 4415 suadente
2441 4401 2456 4427 ,
2501 4363 2560 4418 et
2605 4366 2785 4419 carnis
2827 4364 3121 4437 fragilitate
3149 4369 3477 4433 delectante.

1892 4456 1946 4501 et
1985 4447 2105 4502 ideo
2151 4451 2544 4508 consentiente.
2573 4455 2844 4510 multoties
2890 4457 3014 4512 talia
3069 4472 3478 4529 perpetrantur.

1895 4537 2016 4592 ideo
2043 4553 2108 4592 ex
2157 4539 2322 4610 239
2364 4557 2472 4594 una
2510 4543 2788 4598 mortifera
2839 4546 3057 4615 potione
3087 4549 3248 4603 aliam
3289 4561 3483 4606 utcun-

1895 4643 1998 4695 que
2019 4627 2219 4682 mederi
2249 4630 2543 4699 cupientes,
2561 4647 2626 4686 ne
2641 4634 2940 4702 getninetur
2963 4637 3140 4692 scelus
3160 4639 3410 4697 adulterii
3429 4653 3486 4698 et

1897 4719 2398 4785 Itomicidii,datuus
2426 4725 2710 4779 consilium
2742 4736 2800 4780 ut
2822 4730 3188 4800 unusquisque
3221 4737 3480 4791 sacerdos

1899 4808 1953 4862 in
1983 4824 2077 4863 sua
2108 4810 2263 4879 plebe
2299 4812 2510 4880 publice
2557 4817 2838 4870 annuntiet
2873 4827 2932 4870 ut
2960 4820 3003 4872 si
3049 4820 3228 4890 aliqua
3273 4823 3480 4879 femina

1897 4897 2142 4954 clanculo
2166 4910 2420 4971 corrupta
2440 4905 2812 4973 conceperitet
2825 4910 3117 4976 pepererit,
3134 4927 3480 4984 nequaquam

1902 4988 2114 5042 diabolo
2135 4990 2452 5045 cohortaute
2478 4991 2646 5046 lilium
2675 5002 2768 5047 aut
2794 4995 2960 5050 tiliam
2985 5013 3137 5052 suam
3162 5001 3480 5069 interficiat,

1905 5080 1998 5135 sed
2025 5095 2344 5152 quocunque
2356 5085 2611 5154 praevalet
2627 5088 2860 5158 ingenio,
2881 5101 3007 5145 ante
3023 5092 3219 5161 januas
3239 5097 3486 5155 ecclesize

1904 5182 2118 5242 partum
2165 5175 2437 5244 deportari
2467 5176 2665 5243 faciat,
2699 5180 2878 5250 ibique
2914 5182 3102 5252 projici
3129 5225 3144 5250 ,
3185 5195 3245 5239 ut
3295 5203 3483 5261 coram

1905 5264 2186 5320 sacerdote
2216 5267 2266 5318 in
2295 5267 2587 5326 crastinum
2613 5270 2842 5337 delatus,
2880 5274 2948 5328 ab
2984 5275 3164 5344 aliquo
3195 5278 3335 5334 ﬁdeli
3361 5297 3486 5342 sus-

1904 5353 2134 5422 cipiatur
2183 5365 2240 5409 et
2286 5358 2590 5421 nutriatur,
2632 5370 2689 5414 et
2739 5362 2831 5416 tali
2884 5378 2950 5416 ex
2991 5379 3153 5418 causa
3203 5368 3482 5429 homicidii

1913 5452 2145 5509 reatum,
2175 5453 2251 5512 et,
2284 5449 2426 5515 quod
2465 5449 2638 5518 majus
2663 5459 2763 5513 est,
2796 5452 3070 5520 parricidii
3095 5455 3306 5512 evadat.
3346 5459 3484 5517 Nam

1911 5533 2002 5600 qui
2027 5533 2195 5588 tilium
2224 5544 2318 5589 aut
2340 5534 2504 5590 tiliam
2547 5538 2822 5606 interficit,
2856 5543 3126 5609 parricida
3161 5547 3486 5606 omnimodis

1909 5630 2176 5680 teneatur.

1910 5717 1985 5772 De
2029 5722 2207 5775 cadent
2239 5740 2312 5778 re.
2361 5723 2446 5777 Ex
2473 5723 2582 5794 lege
2611 5723 2997 5792 Tlteodosfana,
3041 5726 3134 5782 lib.
3165 5744 3218 5794 ν,
3261 5747 3376 5802 cap.
3420 5733 3476 5787 7.

1913 5891 1919 5896 _
1979 5815 2136 5870 LXX.
2171 5817 2531 5888 (lntcrprctat.
2563 5819 2610 5870 I.
2638 5816 2766 5872 Cod.
2801 5817 3055 5873 Tlteorlos.
3089 5821 3166 5875 De
3191 5823 3485 5899 expositis.)

2976 5915 3048 5969 10
