3944 6398
572 415 676 470 299

1667 404 2032 466 IIEGINONIS
2069 408 2481 468 PIIUMIENSIS
2515 410 2801 467 ABBATIS

3684 412 3765 474 500

558 528 890 599 Quicunque
920 529 1222 599 expositum
1269 528 1469 581 recenti
1519 534 1697 597 partu,
1737 526 1942 580 sciente
1994 534 2147 595 patre
2175 532 2222 588 Α
2255 525 2329 578 De
2372 543 2545 596 pugna
2582 528 2822 599 duorum,
2871 527 3217 599 quod‘nostri
3260 534 3495 599 campum
3528 528 3764 598 appellem,

548 618 656 673 ’vel
700 630 867 674 matre
900 619 981 673 vel
1014 619 1250 684 domino,
1276 618 1569 687 collegerit,
1606 627 1665 672 et
1694 633 1791 672 suo
1818 617 2000 670 labore
2025 616 2152 669 edu-

574 708 802 772 t-avcrit,
830 707 883 762 in
933 707 1074 762 illius
1097 723 1126 761 a
1155 721 1262 777 quo
1289 707 1545 762 collectus
1573 714 1658 761 est
1716 713 1981 775 potestate
2023 718 2153 759 con-

575 797 753 862 sistat,
780 811 873 852 seu
904 796 1191 870 ingenuum
1222 812 1318 853 seu
1358 810 1571 852 servum
1597 810 1756 866 quem
1785 794 2012 851 nutrivit
2032 808 2152 849 esse

577 885 823 942 voluerit.

981 974 1055 1031 De
1094 974 1274 1031 eadem
1312 991 1385 1031 re.
1418 974 1505 1032 Ea:
1538 980 1739 1030 eodem.

645 1064 833 1120 LXXI.
867 1064 1173 1137 (Interpret.
1206 1065 1242 1121 I.
1289 1066 1358 1132 2;
1389 1065 1520 1121 Cod.
1557 1064 1840 1131 Theodos.,
1873 1065 1955 1119 tit.
2001 1062 2148 1132 eod.)

578 1152 678 1220 Qui
710 1155 1011 1226 expositum
1042 1169 1266 1224 puerum
1310 1155 1393 1210 vel
1426 1154 1656 1224 puellam
1684 1154 1890 1209 sciente
1932 1153 2152 1208 domino

581 1241 662 1295 vel
695 1252 941 1312 patrono,
974 1243 1354 1299 misericordia:
1390 1258 1573 1308 causa,
1599 1242 1915 1311 collegerit,
1956 1242 2007 1296 in
2036 1241 2155 1312 ejus

582 1332 820 1386 dominio
871 1334 1254 1401 permanebit;
1324 1334 1367 1389 si
1426 1343 1604 1389 tamen
1644 1333 2025 1389 contestationi
2086 1332 2154 1389 de

568 1422 896 1477 collectione
949 1423 1066 1493 ejus
1118 1424 1400 1494 episcopus
1442 1423 1530 1478 vel
1583 1422 1763 1478 clerici
1818 1421 2153 1492 subscripse-

574 1521 736 1578 runt;
783 1527 944 1583 quem
974 1522 1157 1585 postea
1189 1530 1345 1569 suum
1390 1514 1574 1570 dicere
1617 1513 1742 1584 quis
1784 1527 1889 1569 non
1932 1512 2150 1582 poterit,

581 1616 739 1671 quem
766 1604 1059 1675 projecisse
1090 1606 1348 1676 probatur
1376 1604 1443 1659 ad
1473 1613 1725 1661 mortem.

920 1720 923 1723 -
981 1695 1061 1748 De
1091 1694 1271 1749 eadem
1318 1712 1393 1750 re.
1434 1694 1517 1750 Ea:
1561 1696 1765 1750 eodem.

649 1782 854 1839 LXXII.
909 1784 1001 1856 (L.
1043 1802 1134 1840 un.
1179 1785 1310 1842 Cod.
1367 1786 1650 1854 Tlteodos.,
1682 1787 1759 1842 De
1796 1787 1876 1841 Itis
1903 1788 1999 1858 qui
2027 1802 2153 1842 san-

2319 599 2458 667 quod
2502 596 2912 667 prodimputato
2966 596 3227 667 adulterio
3280 596 3408 667 solet
3452 596 3673 657 exerceri.
3704 596 3768 658 si

2321 663 2537 735 epistola
2583 663 2795 720 Νίσοιαὶ
2838 682 2986 735 papa:
3021 665 3091 718 ad
3130 663 3378 720 Caralitin
3417 681 3597 737 regem.

2322 754 2577 811 LXXVII.
2615 754 2825 826 (NICOL.
2856 754 2902 822 I,
2932 756 3082 824 epist.
3111 755 3211 823 50;
3245 755 3546 812 Bnncusnn.
3586 757 3665 814 lib.
3700 776 3768 827 ιι.

2252 862 2303 903 c.
2335 847 2450 918 5t.)
2479 846 2909 902 Monomaebiam
2943 861 3075 902 vero
3113 847 3168 903 in
3204 846 3324 919 lege
3359 863 3465 905 non
3494 850 3768 907 assumimus

2252 953 2413 1009 quam
2445 946 2766 1008 praeceptam
2787 935 2954 993 fuisse
2984 953 3092 993 non
3120 938 3419 1007 reperimus
3452 954 3467 993 :
3495 954 3643 1010 quam
3678 940 3773 997 licet

2253 1030 2417 1085 inisse
2448 1028 2712 1100 quosdam
2742 1027 3235 1100 Iegerimus,-sicut
3272 1037 3521 1084 sanctum
3558 1030 3701 1085 David
3733 1041 3773 1086 et

2244 1119 2460 1177 ’Goliam
2488 1134 2641 1175 sacra
2669 1118 2848 1190 prodit
2876 1119 3127 1185 historia,
3154 1133 3421 1191 nusquam
3436 1127 3612 1175 tamen
3637 1127 3774 1192 utpro

2253 1207 2373 1280 lege
2400 1216 2668 1274 teneatur,
2684 1207 2887 1264 alicubi
2916 1208 3099 1264 divina
3144 1208 3322 1264 sancit
3353 1208 3658 1274 auctoritas,
3679 1224 3773 1263 cunt

2253 1296 2358 1352 boc
2382 1304 2439 1352 et
2463 1294 2832 1365 hujuscemodi
2860 1306 3130 1353 sectantes
3157 1299 3327 1353 Deum
3353 1296 3668 1354 solummodo
3688 1307 3775 1354 ten-

2256 1398 2374 1443 tare
2399 1387 2705 1444 videantur.

2567 1479 2647 1534 De
2670 1479 2849 1534 eadem
2873 1496 2951 1535 re.
2978 1478 3064 1534 Ea:
3084 1479 3265 1534 eadem
3293 1479 3531 1551 epistola.

2323 1569 2653 1627 LXXXVIII.
2697 1570 3029 1641 (Buncnnn.
3080 1570 3176 1626 lib.
3224 1586 3302 1637 ιι,
3354 1585 3406 1627 c.
3453 1571 3563 1642 50.)
3599 1568 3774 1637 Verum,

2254 1662 2393 1718 sicut
2421 1661 2708 1716 multorum
2732 1660 2906 1716 relatu
2933 1660 3243 1725 didicimus,
3267 1662 3553 1719 Lotbarius
3580 1677 3663 1719 rex
3680 1678 3775 1718 eoo-

2253 1762 2472 1806 ventum
2514 1749 2789 1807 celebrare
2825 1750 3084 1821 diSponit,
3125 1762 3180 1806 et
3217 1751 3560 1823 Thetbirgam
3588 1752 3776 1822 reginam

579 1872 748 1943 gain.)
781 1872 838 1928 Si
875 1840 995 1944 quis
1023 1840 1357 1931 infantema
1382 1840 1650 1947 sanguine
1683 1840 1949 1942 nutrierit;
2186 1877 2229 1937 Β
2256 1842 2490 1949 “ﬂuini
2519 1843 2738 1912 proprio
2758 1840 3323 1949 e‘i"9i°i,°.sf'_bj_i.°°'°
3357 1842 3777 1949 ωωξωιξῖςθξῗὶ

578 1960 811 2015 habendi
842 1976 965 2016 eum
992 1973 1046 2017 et
1089 1965 1398 2033 possidendi
1425 1966 1620 2021 habeat
1640 1975 1982 2037 potestatem.
2014 1966 2157 2022 Sane

580 2049 626 2102 si
653 2050 913 2107 nutritum
947 2053 1198 2110 dominus
1219 2054 1302 2110 vel
1331 2065 1488 2126 pater
1515 2057 1759 2127 recipere
1792 2057 2043 2121 voluerit,
2065 2065 2158 2112 aut

581 2138 820 2207 ejusdem
854 2143 1031 2199 meriti
1082 2146 1412 2215 mancipium
1445 2148 1698 2203 nutritori
1743 2149 1903 2204 debet
1931 2134 2152 2214 donare,

578 2232 933 2301 autpretium
964 2236 1220 2301 nutritor,
1249 2244 1511 2307 quantum
1531 2237 1761 2294 valuerlt
1785 2239 1881 2310 qui
1922 2239 2157 2294 nutritus

558 2334 688 2398 est,
716 2335 1077 2395 consequatur
1097 2328 1271 2399 (239).

794 2412 872 2467 De
898 2416 1195 2471 homicidia.
1237 2416 1324 2471 Ea;
1369 2418 1589 2473 concilio
1637 2417 1945 2474 Turonensi.

648 2501 877 2557 LXXIII.
906 2503 1129 2574 (Concil.
1157 2505 1353 2562 Turon.
1388 2524 1429 2573 I,
1456 2524 1508 2564 c.
1530 2509 1593 2575 7;
1623 2507 1932 2565 Buncnsnn.
1961 2506 2055 2563 lib.
2079 2522 2155 2572 γι,

574 2611 633 2648 c.
682 2594 794 2667 50.)
844 2594 1140 2653 Homicidis
1180 2600 1401 2668 penitus
1449 2608 1557 2654 non
1607 2598 2154 2663 communicandum,

578 2687 752 2742 donec
800 2702 898 2758 per
929 2688 1322 2746 confessionem
1373 2690 1708 2761 paenitentiae
1756 2690 1992 2761 ipsorum
2046 2690 2155 2744 cri-

580 2776 726 2830 mina
756 2776 1049 2833 diluantur.

604 2865 682 2920 De
721 2866 803 2923 his
834 2868 923 2937 qui
943 2868 1427 2952 uxores-occidunt.
1464 2868 1550 2924 Ea;
1592 2868 1814 2924 concilio
1836 2866 2129 2941 Mogontia-

1286 2955 1447 2993 οεηετ.

652 3025 885 3081 LXXIV.
927 2986 1257 3100 (Bononiae.
1585 3046 1635 3088 c.
1664 3031 1780 3104 38.)
1833 3030 1890 3088 Si
1929 3030 2158 3087 maritus

580 3132 805 3174 uxorem
839 3128 932 3176 aut
962 3137 1098 3177 uxor
1120 3123 1371 3178 maritum
1402 3124 1750 3188 interfecerit,
1778 3139 1990 3195 atquum
2011 3122 2156 3191 judi-

2257 1933 2473 2003 quidem
2504 1946 2622 1989 eam
2661 1933 2952 2005 praestigiis
2980 1932 3234 1989 falsi-tatis
3270 1949 3384 1991 suae
3418 1934 3639 2004 potuerit
3659 1933 3777 1989 exhi-

2257 2023 2406 2087 bere,
2435 2022 2589 2092 quasi
2620 2036 2726 2077 non
2760 2021 2929 2078 fuerit
2972 2021 3211 2094 legitima
3248 2039 3344 2081 sua
3384 2039 3542 2090 uxor,
3566 2021 3665 2076 vult
3691 2035 3777 2076 eam

2256 2111 2469 2181 penitus
2494 2126 2526 2165 a
2551 2125 2612 2167 se
2658 2119 3023 2180 sequestrare.
3059 2111 3153 2166 Sin
3185 2121 3387 2177 autem,
3417 2112 3530 2167 vult
3556 2127 3662 2167 eam
3696 2122 3778 2164 tan-

2257 2215 2419 2272 quam
2446 2201 2724 2272 propriam
2757 2216 2980 2257 nxorem
3012 2203 3321 2269 admittere,
3345 2202 3445 2258 sed
3471 2203 3649 2259 deinde
3664 2202 3778 2271 quasi

2257 2291 2527 2348 mtuebata
2556 2291 2739 2359 fuerit,
2772 2291 2935 2364 25.2
2978 2292 3316 2358 insimulare,
3344 2302 3510 2364 atque
3533 2308 3624 2362 per
3642 2291 3779 2364 [editio

2261 2378 2628 2447 Helmwstadq
2664 2382 2786 2455 pro]
2827 2383 2931 2437 hoc
2958 2382 3229 2440 hominem
3271 2398 3434 2438 suum
3474 2391 3528 2439 et
3562 2382 3778 2438 hominem

2258 2472 2587 2543 Thietbirgas
2613 2475 2682 2529 ad
2711 2475 3141 2531 monomachiam
3181 2474 3481 2546 impellere,
3510 2484 3565 2532 et
3597 2477 3637 2531 si
3661 2476 3779 2530 homo

2260 2564 2427 2633 ipsius
2453 2565 2652 2635 reginae
2677 2566 2953 2630 ceciderit,
2979 2566 3218 2636 disponit
3254 2567 3401 2621 hanc
3431 2566 3544 2622 sine
3579 2563 3780 2621 dilatione

2257 2656 2544 2726 perimere.
2581 2655 2713 2722 Quae
2738 2664 2998 2726 quantum
3032 2654 3139 2711 sint
3174 2655 3318 2710 omni
3351 2657 3547 2712 divinas
3573 2654 3667 2726 legi
3683 2667 3778 2709 con-

2260 2748 2448 2812 traria,
2484 2748 2800 2820 magnitudo
2845 2749 3140 2819 prudentiae
3188 2758 3385 2804 vestrae
3426 2748 3674 2805 credimus
3697 2744 3778 2816 jam

2258 2838 2512 2893 advertit.

2667 2927 2740 2982 De
2765 2928 3061 2999 parricidis.
3095 2926 3180 2984 Ea:
3206 2927 3440 3000 Capilul.

2312 3015 2563 3073 LXXIX.
2597 3017 2800 3088 (Addit.
2845 3026 2921 3083 tv,
2949 3033 3001 3074 c.
3058 3018 3159 3083 85;
3206 3018 3301 3074 lib.
3345 3035 3363 3075 ι
3406 3019 3531 3091 Leg.
3572 3018 3779 3090 Langob,

2258 3109 2341 3164 tit.
2378 3108 2461 3174 ιο,
2493 3122 2541 3162 c.
2569 3106 2648 3177 4.)
2674 3107 2992 3180 Quicunque
3021 3120 3244 3180 propter
3267 3113 3614 3181 cupiditatem
3642 3122 3779 3165 rerum

581 3210 724 3265 cium
770 3211 840 3266 sit
878 3227 1041 3281 super
1079 3227 1197 3280 eos,
1223 3215 1434 3270 dicente
1477 3216 1744 3272 Domino:
1774 3216 1895 3271 Non
1921 3217 2150 3272 conside-

2256 3206 2462 3268 patrem
2504 3206 2598 3251 aut
2634 3206 2865 3253 matrem
2907 3207 3001 3253 aut
3033 3197 3271 3255 {mtrem
3319 3211 3420 3258 aut
3466 3216 3686 3259 sororem
3719 3196 3780 3252 vel

582 3317 663 3356 res
701 3318 976 3371 personam
1000 3305 1279 3373 pauperis,
1326 3322 1419 3361 nec
1447 3307 1670 3363 honores
1706 3307 1906 3363 vultum
1930 3308 2152 3379 potentis

582 3392 770 3462 (Leuit.
793 3392 926 3467 xix).
960 3394 1024 3448 Et
1048 3405 1166 3465 post
1188 3411 1355 3466 pauca
1390 3416 1403 3452 :
1440 3396 1549 3464 Ita,
1586 3399 1781 3469 inquit,
1807 3415 2023 3470 parcum
2053 3416 2153 3454 au-

576 3482 734 3537 dietis
780 3494 834 3537 ut
886 3501 1166 3556 magnum;
1196 3503 1289 3541 nec
1316 3489 1576 3559 accipietis
1617 3493 1929 3561 cujusquam
1975 3506 2153 3561 perso-
2220 3550 2223 3551 ν

579 3590 725 3643 nant,
756 3576 878 3645 quia
908 3576 1004 3631 Dei
1033 3577 1295 3647 judicium
1338 3589 1412 3633 est
1449 3579 1622 3649 (Deut.
1658 3580 1718 3651 I).
1755 3581 1962 3637 Idcirco
2009 3589 2155 3636 uter-

578 3662 684 3732 que
718 3653 907 3718 eorum
951 3664 1003 3719 in
1059 3663 1429 3733 huiuscemodi
1481 3669 1724 3737 criminis
1767 3669 2152 3736 accusatione,

579 3754 626 3807 si
653 3754 948 3823 negaverit,
978 3756 1091 3824 pari
1110 3755 1311 3824 judicio
1331 3759 1690 3815 examinetur.
1768 3797 1774 3807 -

616 3840 694 3895 De
718 3842 897 3895 eadem
929 3858 1003 3895 re.
1032 3842 1117 3897 Ea:
1162 3841 1546 3914 Capitularium
1576 3847 1709 3903 li'bro
1757 3865 1842 3916 ιιι,
1881 3865 1998 3921 cap.
2028 3850 2115 3908 89.

640 3927 854 3986 LXXV.
889 3931 1065 4003 (Lib.t
1101 3931 1416 4003 Capitular.,
1443 3952 1492 3991 c.
1517 3936 1631 4010 67.2)
1658 3938 1727 3995 Ut
1747 3941 2036 3998 homicidia
2067 3943 2153 3998 in-

579 4018 663 4073 fra
709 4021 964 4089 patriam,
992 4022 1134 4077 sicut
1179 4023 1231 4077 in
1265 4023 1380 4097 lege
1408 4025 1619 4082 Domini
1657 4029 2002 4091 interdictum
2043 4040 2152 4099 est,

580 4126 683 4166 nec
733 4126 895 4168 causa
951 4112 1171 4170 ultionis
1224 4131 1324 4172 nec
1369 4119 1610 4175 avaritiae
1654 4136 1755 4177 nec
1794 4122 2154 4180 latrocinandi

578 4205 731 4257 Iiant.
761 4203 827 4258 Et
849 4204 1154 4275 ubicunque
1200 4207 1400 4264 inventi
1430 4208 1651 4278 fuerint,
1687 4228 1718 4269 a
1754 4214 2027 4287 judicibus
2056 4230 2154 4271 no-

577 4294 706 4348 stris
755 4294 1048 4350 secundunt
1096 4296 1265 4368 legem
1316 4316 1382 4356 ex
1447 4312 1633 4360 nostro
1678 4306 1934 4362 mandato
1978 4307 2156 4362 vindi-

578 4394 786 4439 centur.
823 4385 890 4440 Et
918 4402 1023 4442 non
1060 4389 1340 4445 occidatur
1386 4392 1547 4448 homo
1602 4394 1705 4450 nisi
1747 4394 1864 4465 lege
1907 4396 2149 4468 jubeute.

887 4502 1071 4575 241.
1102 4505 1179 4560 De
1215 4508 1395 4562 eadem
1421 4526 1495 4564 re.
1520 4510 1605 4566 Ea:
1630 4513 1857 4583 eodem...’

651 4608 884 4700 LXXVI.
914 4612 1059 4683 (Lib.
1104 4631 1137 4668 v
1165 4614 1484 4686 Capitular.,
1527 4622 1745 4691 «3.149;
1796 4625 1889 4680 lib.
1934 4643 2001 4694 II;
2048 4629 2147 4700 leg.

577 4695 936 4768 Longob.,tit.
966 4700 1053 4766 13,
1082 4717 1132 4757 c.
1154 4703 1220 4770 5;
1253 4705 1559 4764 Bnncmnn.
1582 4710 1676 4767 lib.
1707 4727 1781 4779 νι,
1811 4729 1859 4768 c.
1890 4715 2004 4788 a7.)
2027 4695 2154 4785 ριῖῖ-

579 4800 811 4855 cunque,
826 4792 1039 4861 propria
1064 4808 1232 4849 uxore
1255 4797 1532 4865 derelicta,
1558 4801 1639 4857 vel
1670 4803 1872 4875 absque
1894 4805 2013 4878 lege
2035 4809 2151 4865 sine

578 4890 740 4931 causa
766 4886 823 4932 et
847 4888 994 4935 certa
1038 4884 1352 4953 probatione
1395 4889 1697 4958 interfecta,
1730 4894 1889 4951 aliam
1936 4899 2150 4955 duxerit

578 4980 821 5057 uxorem,
843 4970 1011 5025 armis
1028 4972 1303 5042 depositis,
1318 4978 1582 5047 publicam
1605 4993 1726 5054 agat
1744 4988 2145 5057 paenitentiam;

576 5056 700 5145 etsi
742 5068 1028 5114 contumax
1056 5061 1238 5130 furrit,
1266 5071 1753 5138 comprehendatur
1775 5092 1805 5132 a
1838 5081 2055 5145 comite,
2093 5056 2149 5138 et

578 5142 722 5199 ferro
748 5146 1031 5215 vinciatur,
1086 5162 1140 5206 et
1169 5153 1221 5207 in
1252 5160 1547 5215 custodiam
1573 5165 1839 5235 mittatur,
1869 5142 2150 5230 donecvrcs

516 5288 517 5291 η
577 5235 644 5290 ad
669 5245 904 5294 nostram
927 5242 1172 5298 notitiam
1195 5246 1506 5306 deducatur.

828 5390 1385 5490 Xid'e‘lijtvlLegum
1418 5404 1731 5490 Wisigot_b_.,
1751 5413 1831 5467 tit.
1865 5415 1919 5490 4,
1942 5433 2061 5490 cap.
2097 5425 2148 5479 I.

1045 5466 1191 5563 istud
1220 5458 1324 5555 non
1360 5458 1620 5563 exstitit;

579 5524 832 5631 :ulimiiti'n
841 5524 957 5631 miri“
972 5524 1353 5631 ιῖιυειὶςείιῂίε
1366 5524 1385 5529 ⁷
1396 5524 2126 5631 god

793 5598 1063 5697 ἓξὲξ-,εξ
1086 5624 1191 5690 quo
1211 5613 1381 5697 prima
1396 5598 2147 5697 tiaris—lenis

565 5666 1165 5760 .tllspthIl-ivipullensi,
1188 5666 1292 5737 n'on
1321 5684 1534 5760 demum
1555 5688 1714 5760 243
1737 5692 1788 5747 in

581 5732 876 5810 Utrobique
916 5732 1094 5802 autem
1121 5732 1297 5806 exstat
1325 5732 1993 5833 iﬁ"'£{,'{.}t?.'.ii.‘c'e'".5527:
2010 5732 2141 5827 libri

2256 3293 2503 3358 nepetem
2534 3294 2627 3342 aut
2667 3287 2830 3343 alium
2880 3288 3237 3360 propinquum
3277 3306 3438 3346 suum
3482 3289 3779 3351 interfecerit,

2252 3379 2540 3435 limreditss
2575 3378 2841 3435 interfecti
2877 3381 2945 3436 ad
2979 3380 3245 3453 legitimos
3267 3384 3511 3440 bzeredes
3533 3383 3777 3457 perveniat.

2255 3467 2625 3523 Interfectoris
2649 3482 2781 3524 vero
2794 3469 3083 3527 baereditas
3105 3473 3158 3526 in
3182 3471 3371 3528 ﬁscum
3400 3474 3673 3545 redigatur.
3696 3470 3779 3540 Ipse
3878 3542 3879 3549 γ

2254 3571 2407 3623 vero,
2431 3558 2715 3613 ordinante
2764 3558 3034 3630 episcopo,
3057 3560 3293 3632 «publica:
3328 3564 3648 3634 poenitentia:
3683 3560 3777 3617 sub-
3878 3576 3879 3595 ῖ

2255 3647 2434 3702 datur.
3878 3634 3879 3683 ἶ

2468 3736 2543 3792 ιε
2571 3737 2652 3791 his
2673 3739 2763 3808 qui
2788 3737 2927 3809 ferro
2951 3740 3270 3797 vinciuntur.
3302 3740 3392 3797 Ea:
3417 3743 3610 3798 eodem.

2318 3824 2536 3881 LXXX.
2589 3827 2729 3899 (Lib.
2768 3845 2785 3882 ι
2833 3829 3151 3900 Capitular.,
3183 3847 3232 3887 c.
3278 3831 3396 3905 79.)
3428 3833 3499 3890 Ut
3530 3842 3779 3902 mangones

2254 3924 2309 3971 et
2341 3916 2601 3983 cotioues,
2642 3917 2735 3988 qui
2777 3919 2896 3974 sine
2935 3923 3085 3975 omni
3127 3921 3255 3994 lege
3291 3923 3591 3993 vagabimdi
3628 3921 3779 3980 vadunt

2251 4022 2350 4078 per
2398 4008 2557 4064 istam
2590 4015 2829 4076 terram,
2878 4024 2985 4065 non
3034 4010 3281 4066 sinantur
3336 4013 3521 4084 vagari
3568 4011 3628 4067 ad
3668 4010 3779 4065 decc

2252 4099 2464 4169 ptiones
2491 4096 2794 4166 hominum,
2827 4114 2929 4155 nec
2960 4100 3048 4156 isti
3076 4102 3220 4157 ferro
3250 4101 3485 4174 colligati
3520 4112 3665 4173 atque
3684 4114 3778 4156 con-

2253 4189 2454 4256 stricti,
2497 4188 2587 4259 qui
2617 4189 2805 4245 dicunt
2846 4191 2949 4247 sibi
2987 4190 3287 4261 injunctum
3319 4208 3447 4251 esse
3485 4209 3516 4249 a
3550 4191 3780 4249 sacerdote

2252 4289 2315 4334 ut
2338 4281 2459 4351 vagi
2480 4290 2535 4338 et
2558 4280 2768 4352 profugi
2796 4294 2894 4351 per
2914 4282 3120 4353 patrias
3141 4283 3443 4340 ambulent.
3466 4284 3646 4341 Melius
3661 4278 3778 4336 nobis

2252 4369 2468 4425 videtur
2512 4378 2573 4425 ut
2613 4385 2721 4425 uno
2772 4371 2829 4426 in
2879 4370 3000 4428 loco
3029 4383 3384 4444 permaneant
3436 4374 3712 4430 laborantes
3739 4374 3777 4422 et

2254 4460 2554 4517 servientes
2589 4470 2645 4517 et
2670 4463 2992 4532 patientiam
3035 4464 3317 4531 habentes,
3367 4467 3649 4523 secundum
3672 4458 3777 4533 quod
3878 4492 3879 4541 ξ

2178 4552 2515 4633 Dcanonice
2543 4552 2850 4627 impositum
2897 4558 3065 4616 fuerit
3090 4560 3261 4633 (290).
3328 4619 3332 4623 .

2738 4646 2818 4702 De
2839 4648 3000 4718 faidis
3023 4652 3339 4708 coercendis.

2327 4735 2561 4793 LXXXI.
2627 4738 2768 4811 (Lib.
2805 4756 2859 4795 tv
2905 4741 3298 4813 Capitular.,c.
3351 4745 3459 4814 27;
3504 4745 3592 4801 lib.
3630 4758 3646 4798 l

2255 4830 2509 4901 Longob.,
2558 4832 2641 4885 tit.
2688 4834 2744 4897 9,
2772 4848 2822 4887 c.
2869 4832 2984 4905 54.)
3036 4833 3093 4889 Si
3123 4837 3242 4906 quis
3287 4836 3466 4908 aliqua
3508 4835 3775 4893 necessitate

2252 4928 2480 4990 cogente
2513 4921 2860 4978 homicidium
2888 4926 3179 4994 commisit,
3222 4944 3405 4984 comes
3440 4930 3493 4984 in
3523 4928 3664 4999 cujus
3696 4924 3772 4977 mi-

2255 5009 2482 5064 nisterio
2511 5025 2601 5066 res
2622 5021 2707 5066 est
2750 5023 3056 5084 perpetrata
3094 5029 3148 5072 et
3175 5020 3612 5090 compositionem
3638 5019 3774 5071 facere

2252 5107 2307 5153 et
2333 5099 2529 5155 faidam
2569 5116 2669 5172 per
2695 5116 3090 5162 sacramentum
3119 5110 3408 5179 pacilicare
3454 5112 3627 5167 faciat.
3658 5105 3772 5176 Quod

2251 5188 2295 5243 si
2321 5204 2421 5242 una
2452 5205 2578 5259 pars
2608 5192 2656 5246 ei
2687 5193 2754 5248 ad
2782 5195 2885 5250 boc
2906 5201 3216 5254 consentire
3242 5202 3496 5264 noluerit,
3527 5204 3576 5259 id
3595 5210 3682 5263 est,
3702 5203 3771 5251 alii

2253 5280 2342 5337 ille
2362 5284 2450 5353 qui
2485 5283 2829 5343 homicidium
2859 5290 3003 5357 fecit,
3035 5302 3126 5347 aut
3166 5295 3214 5351 is
3254 5297 3342 5367 qui
3377 5297 3770 5369 compositionem

2256 5434 2459 5503 quarti,
2481 5449 2603 5518 cap.
2633 5436 2721 5495 54.
2758 5439 2936 5518 ξᾶίιίο
2963 5457 3126 5512 porro
3154 5446 3361 5518 vulgata
3404 5441 3766 5518 istiusmpitis.

2232 5519 2418 5572 quam
2455 5511 2618 5580 etiarn
2665 5511 3178 5578 praeleruntivetusti
3210 5511 3446 5580 codices,
3481 5511 3684 5572 multum
3707 5511 3766 5580 dif

2258 5589 2410 5627 versa
2435 5585 2516 5657 est
2545 5578 2613 5632 ab
2637 5577 2697 5632 ea
2734 5596 2895 5650 quam
2936 5583 3101 5657 refert
3140 5585 3363 5657 Regina.
3400 5577 3530 5641 Illud
3562 5598 3676 5657 sane
3694 5577 3768 5657 ἔθ’

2254 5646 2598 5725 mouendum,
2631 5663 2729 5725 pro
2751 5646 2823 5725 eo
2846 5654 3003 5725 quod,
3024 5646 3407 5725 Regino'babet
3433 5666 3487 5710 et
3511 5652 3767 5725 patientiori

2250 5713 2514 5798 habentes,
2574 5713 2646 5770 iu'
2677 5716 2828 5773 libris
2862 5713 3270 5793 'Capitulariutn
3315 5713 3573 5798 scriptum
3611 5722 3765 5778 esse"

2246 5795 2595 5850 penitentiam
2628 5801 2856 5857 agentes.
