3944 6406
189 414 282 472 501

1049 412 1136 469 DE
1167 413 1456 472 ECCLES.
1499 414 1782 471 DISCIPL.
1805 415 1988 474 LIBRI
2027 414 2184 470 DUO.
2227 447 2296 457 -—
2333 417 2459 473 LIB.
2501 419 2563 474 Ε.

3345 428 3452 490 301.

193 523 471 594 suscipere
499 521 676 588 debet,
725 521 888 578 faciat
918 523 1066 578 illum
1108 525 1200 594 qui
1247 525 1297 580 ei
1335 527 1654 581 contradicit
1697 527 1762 582 ad
1793 533 1844 594 Α
1869 525 1930 581 Si
1967 525 2188 580 Judwut
2218 545 2418 582 servum
2463 530 2650 586 cliente
2679 535 2905 590 nationis
2937 539 3340 600 circuntct'dcrit.
3367 543 3454 600 Ex

189 614 538 686 prmsentiam
571 621 810 667 nostram
837 613 1044 678 venire,
1073 622 1134 670 ut
1159 629 1284 668 eum
1311 616 1604 672 secundum
1639 624 1770 670 tem-

189 721 296 776 pus
323 704 466 774 quod
498 704 652 759 nobis
677 701 943 776 placuerit
977 705 1031 760 iu
1062 706 1312 762 exsilium
1338 708 1636 773 mittamus,
1670 709 1768 764 do-

191 811 300 851 nec
336 796 411 849 ibi
435 794 751 866 castigetur,
774 805 836 852 ut
857 796 1042 852 comiti
1081 813 1180 852 suo
1201 797 1514 853 inobedieus
1545 798 1770 854 ulterius

181 899 318 940 esse
345 897 454 940 non
479 882 696 952 audeat,
739 893 796 940 et
829 883 1006 954 majus
1031 885 1288 944 damnum
1318 903 1428 944 non
1471 899 1768 946 accrescat.

221 999 310 1056 De
329 1001 526 1071 femina
551 1002 864 1072 qutcyirum
889 1019 984 1071 per
1005 1001 1322 1071 maleﬁcium
1345 1005 1610 1072 interﬁcit.
1649 1004 1735 1062 Ex

665 1069 1040 1138 Paenitentiali,
1062 1069 1178 1142 cap.
1217 1073 1304 1128 I5.

261 1159 520 1214 LXXXII.
553 1161 764 1227 Mulier,
780 1162 824 1216 si
847 1162 1054 1232 aliquos
1082 1164 1341 1218 interimit
1362 1173 1478 1219 arte
1501 1165 1764 1231 maleﬁca,

181 1251 242 1304 id
270 1259 353 1304 est
389 1265 484 1319 per
511 1251 758 1319 poculum
787 1261 880 1304 aut
929 1266 1026 1321 per
1053 1252 1288 1321 aliquam
1326 1261 1533 1318 artem,
1563 1264 1766 1323 septem

185 1342 350 1394 annis
389 1341 665 1409 pmniteat.
697 1340 754 1396 Si
791 1340 1116 1412 paupercula
1141 1341 1328 1409 fuerit,
1355 1353 1584 1414 quatuor
1610 1345 1766 1402 annis

183 1431 474 1499 pawiteat.

405 1517 484 1571 De
504 1518 682 1573 eadem
711 1536 783 1573 re.
819 1519 906 1573 Ea:
937 1519 1156 1575 concilio
1187 1519 1550 1575 Ilelibertensi.

257 1610 548 1666 LXXXIII.
577 1611 800 1682 (Caecil.
835 1612 1058 1678 Eliber.,
1085 1630 1132 1668 c.
1163 1613 1226 1680 6;
1253 1614 1560 1669 BURCIIARD.
1581 1613 1672 1668 lib.
1691 1629 1763 1678 vt,

177 1715 234 1754 c.
261 1699 379 1770 26.)
421 1699 476 1754 Si
509 1702 630 1770 quis
663 1715 788 1755 vero
817 1702 1080 1758 maleﬁcio
1111 1703 1400 1758 interficiat
1424 1704 1678 1769 alterum,
1702 1719 1766 1759 eo

176 1789 330 1858 quod
353 1789 470 1844 sine
487 1791 786 1845 idololatria
804 1792 1061 1862 perlicere
1075 1793 1240 1868 244
1251 1794 1424 1848 scelus
1447 1810 1552 1849 non
1571 1795 1764 1863 potuit,

175 1895 286 1935 nec
307 1881 360 1935 in
385 1881 545 1936 linem
577 1882 976 1951 percipiendam
1005 1883 1076 1936 illi
1109 1898 1227 1938 esse
1251 1893 1700 1940 communionem.

799 1969 947 2025 Unde
976 1989 1153 2042 supra.

253 2057 542 2114 LXXXIV.
589 2059 915 2132 (IIALITGAB.
945 2061 1038 2116 lib.
1061 2077 1138 2128 vi,
1165 2079 1216 2118 e.
1259 2063 1336 2136 5.)
1369 2063 1426 2119 Si
1449 2066 1570 2134 quis
1600 2066 1762 2122 male-

171 2151 304 2206 ﬁcio
335 2169 436 2208 suo
465 2153 700 2224 aliquem
731 2155 1049 2224 perdiderit,
1071 2167 1278 2228 septem
1301 2159 1459 2214 annis
1479 2161 1758 2230 poeniteat,

173 2255 234 2302 et
268 2248 645 2319 elecmosynas
680 2251 877 2305 multas
897 2250 1086 2306 faciat.

777 2340 854 2394 De
882 2341 1061 2395 eadem
1095 2358 1167 2395 re.

248 2430 512 2485 LXXXV.
545 2431 878 2500 (Buncnann.
911 2435 1002 2489 lib.
1034 2450 1106 2500 γι,
1129 2449 1176 2490 e.
1202 2433 1316 2506 39.)
1347 2433 1402 2489 Si
1429 2433 1619 2489 mulier
1642 2449 1757 2488 ma-

173 2521 346 2576 ritum
403 2537 560 2576 suum
606 2539 770 2579 causa
825 2523 1196 2580 fornicationis
1223 2539 1430 2580 veneno
1477 2525 1754 2592 interficit,

171 2621 274 2665 aut
314 2627 637 2681 quacunque
668 2622 787 2668 arte
813 2616 1076 2684 perimere
1117 2615 1266 2682 facit,
1313 2619 1438 2688 quia
1482 2620 1754 2682 dominum

169 2710 232 2755 et
261 2702 528 2758 seniorem
559 2720 715 2758 suum
747 2709 966 2772 occidit,
997 2710 1180 2764 decem
1219 2711 1376 2766 anuis
1405 2712 1682 2780 pmoiteat.

171 2811 255 2868 De
293 2815 376 2868 his
401 2817 491 2885 qui
522 2817 784 2889 hominem
808 2823 1026 2874 suadent
1057 2821 1300 2888 interﬁci.
1351 2822 1435 2876 Ea;
1475 2821 1583 2889 lege
1631 2821 1743 2878 Ro-

331 2901 510 2939 mana.
539 2885 694 2940 Pauli
726 2887 1133 2944 Sententiarum.
1171 2885 1260 2956 lib.
1290 2908 1342 2954 v,
1369 2909 1485 2960 cap.
1512 2885 1600 2945 95.

245 2971 531 3028 LXXXVI.
570 2975 762 3045 (PAULI
798 2976 945 3032 Sent.
976 2978 1069 3033 lib.
1099 2995 1150 3046 v,
1189 2995 1238 3033 c.
1264 2979 1382 3050 23.)
1417 2979 1754 3034 Mandatores

169 3063 360 3126 ctedis,
407 3063 462 3118 id
491 3075 591 3131 est,
626 3067 717 3136 qui
765 3069 1012 3124 homines
1049 3071 1372 3140 praecipiunt
1405 3071 1488 3125 vel
1529 3073 1755 3128 suadent

169 3151 507 3218 interﬁcere,
538 3155 764 3224 perinde
787 3165 844 3210 ut
882 3157 1163 3214 homicida:
1190 3161 1500 3229 puniantur.

777 3246 854 3310 De
879 3249 1058 3308 eadem
1083 3267 1156 3304 re.

247 3331 556 3394 LXXXVII.
611 3334 800 3409 (ιιιιι.)
858 3339 958 3406 Qui
1012 3356 1140 3396 vero
1207 3341 1437 3412 aliquem
1499 3342 1752 3398 interﬁcit

173 3421 470 3490 hominem,
503 3425 789 3495 aliquando
813 3429 1138 3497 absolvitur;
1171 3442 1226 3486 et
1267 3434 1358 3502 qui
1390 3449 1496 3489 non
1532 3435 1748 3499 occidit,

171 3519 234 3566 ut
275 3515 542 3570 homicida
571 3527 788 3580 tenetur
809 3521 893 3576 vel
933 3523 1243 3578 damnatur.
1275 3523 1576 3583 Consilium
1606 3528 1750 3580 enim

169 3601 623 3675 uniuscujusque,
656 3625 760 3664 non
785 3608 1014 3678 factum,
1039 3613 1370 3681 puniendum
1395 3623 1496 3670 est.
1521 3614 1753 3684 Ideoque

171 3691 266 3759 qui
297 3707 418 3746 cum
441 3695 600 3750 vellet
627 3699 892 3766 occidere,
944 3702 996 3756 id
1041 3717 1166 3758 casu
1216 3704 1394 3774 aliquo
1435 3715 1751 3776 perpetrare

171 3797 284 3842 non
329 3786 528 3852 potuit,
575 3795 634 3840 ut
681 3789 953 3855 homicida
994 3794 1263 3864 punietur.
1299 3795 1366 3850 Et
1417 3797 1463 3851 is
1487 3797 1577 3866 qui
1622 3811 1752 3853 casu

167 3869 319 3942 iaetu
347 3875 435 3930 teli
467 3877 738 3942 hominem
773 3881 1142 3951 imprudenter
1171 3886 1388 3952 occidit,
1433 3887 1748 3944 absolvitur.

353 3965 431 4020 De
451 3983 510 4020 eo
531 3971 620 4038 qui
639 3971 896 4034 hominem
931 3975 1250 4029 castraverit.
1269 3975 1353 4030 Ea:
1375 3977 1572 4034 eodem.

247 4053 582 4114 LXXXVIII.
609 4060 798 4134 (lbid.)
835 4063 934 4130 Qui
979 4066 1252 4120 hominem
1301 4066 1543 4122 libidinis
1590 4067 1750 4144 245

177 4159 272 4204 aut
313 4151 690 4222 negotiationis
735 4171 896 4214 causa
951 4159 1292 4224 castraverit,
1352 4145 1753 4228 castratumquc

175 4239 480 4308 tradiderit,
503 4242 617 4296 sive
637 4257 845 4310 servus,
874 4247 986 4301 sive
1007 4246 1142 4308 liber
1161 4247 1251 4314 sit,
1283 4249 1456 4318 capite
1478 4249 1750 4318 puniatur.

783 4333 931 4390 Unde
963 4353 1143 4408 supra.

243 4414 528 4474 LXXXIX.
592 4420 922 4491 (Buncmno.
969 4426 1064 4481 lib.
1131 4442 1266 4492 xvii,
1298 4427 1488 4500 c.57.)
1543 4427 1601 4482 Si
1658 4427 1746 4482 ali-

171 4507 296 4576 quis
319 4523 480 4563 causa
502 4511 774 4584 explenda:
829 4515 1064 4572 libidinis
1081 4557 1095 4583 ,
1121 4517 1204 4582 vel
1229 4519 1336 4572 odii
1387 4519 1750 4584 meditatione,

173 4609 232 4652 ut
257 4613 362 4652 non
410 4615 474 4654 ex
527 4589 592 4657 eo
633 4603 844 4660 soboles
869 4617 1137 4673 nascatur,
1173 4609 1376 4662 homini
1406 4617 1498 4663 aut
1549 4609 1756 4662 mulieri

167 4687 375 4758 aliquid
400 4687 610 4758 fecerit,
644 4693 726 4746 vel
773 4696 837 4750 ad
865 4697 1366 4764 potandumdcderit
1389 4707 1448 4752 ut
1469 4715 1571 4752 non
1603 4695 1772 4767 possd

171 4793 438 4849 generare
465 4791 558 4847 aut
588 4784 891 4856 concipere,
919 4799 978 4842 ut
999 4789 1266 4845 homicida
1296 4799 1560 4850 teneatur.

245 4869 362 4934 Hoc
392 4880 560 4929 totum
605 4875 807 4932 idcirco
852 4894 918 4934 ex
969 4879 1086 4952 lege
1121 4880 1362 4940 Romana
1401 4881 1676 4951 posuimus
1704 4891 1762 4936 ut

171 4963 432 5020 sacerdos
476 4982 543 5023 ex
569 4969 685 5039 lege
739 4973 1036 5042 perpendat
1079 4976 1297 5030 modum
1321 4975 1653 5045 pmttitcntire
1703 4977 1754 5030 in

171 5053 372 5120 talibus
425 5064 957 5132 transgressionibus.
989 5066 1258 5134 Canonica
1295 5071 1438 5136 enim
1463 5069 1756 5134 auctoritas

169 5159 298 5208 cum
325 5144 446 5219 lege
467 5149 710 5216 liotnana
730 5169 798 5214 ex
823 5157 1052 5222 maxima
1081 5169 1231 5228 parte
1249 5163 1559 5216 concordat.

243 5235 339 5328 Pe,
360 5239 440 5328 hic
457 5242 550 5311 qui
570 5243 1030 5303 circumciduntur.
1062 5247 1148 5305 Ex
1175 5252 1356 5320 eadem
1381 5252 1509 5324 lege,
1527 5270 1642 5328 cap.
1663 5253 1752 5322 21.

245 5325 360 5416 XC.
393 5327 592 5398 (PAULI
621 5332 770 5396 Sent.
800 5335 894 5394 lib.
922 5353 975 5405 ν,
997 5355 1047 5395 c.
1079 5341 1192 5413 22.)
1229 5341 1386 5398 Cives
1415 5325 1638 5398 Romani
1665 5346 1755 5416 qui

171 5431 236 5474 se
267 5415 496 5478 Judaico
542 5423 648 5480 ritu
675 5426 758 5490 vel
799 5443 983 5485 servos
1013 5446 1140 5488 suos
1187 5434 1498 5500 circumcidi
1540 5415 1759 5506 patiun-

173 5515 286 5572 tur,
317 5507 474 5583 bonis
497 5513 782 5599 ademptis,
813 5519 866 5574 in
893 5519 1534 5594 insulamdeportentur;
1563 5529 1757 5596 medici
1785 5564 1796 5578 ο

169 5599 354 5671 capite
379 5605 694 5672 puniantur.

2559 603 2756 656 cadent.

1941 681 2075 740 XCI.
2107 682 2296 756 (Ibid_.)
2346 687 2537 752 Judaei,
2563 689 2606 744 si
2635 689 2824 746 alienae
2857 693 3094 752 nationis
3113 707 3456 770 comparatos

1869 791 2054 832 servos
2079 777 2539 848 circumeiderint,
2567 789 2660 837 aut
2689 783 2880 840 exsilio
2928 787 3300 858 deportentur,
3363 799 3458 858 aut

1867 867 2046 936 Capite
2063 867 2373 936 puniantur.

1865 969 1946 1028 De
1977 974 2057 1030 his
2081 976 2172 1046 qui
2217 980 2520 1050 semctipsos
2569 981 2912 1054 interﬁciunt.
2949 985 3034 1040 Ex
3061 991 3280 1046 concilia
3317 991 3454 1054 Bra-

2414 1053 2638 1116 carensi,
2660 1069 2774 1123 cap.
2803 1055 2890 1110 I5.

1937 1133 2092 1190 XCII.
2127 1134 2348 1207 (Concil.
2375 1138 2596 1196 Bracar.
2633 1158 2672 1210 ι,
2707 1159 2760 1198 c.
2793 1145 2891 1212 I6;
2923 1146 3222 1205 "ALITGAB.
3248 1152 3343 1208 lib.
3371 1171 3450 1222 tv,

1869 1240 1920 1279 c.
1948 1225 2014 1290 6;
2041 1226 2354 1312 litincmno.
2382 1231 2474 1286 lib.
2509 1249 2618 1300 tux,
2649 1250 2697 1290 c.
2729 1235 2874 1308 150.)
2907 1238 3120 1295 Placuit
3173 1255 3230 1308 ut
3259 1246 3310 1300 hi
3363 1249 3451 1314 qui

1867 1315 1973 1370 sibi
2007 1318 2135 1387 ipsis
2161 1329 2254 1374 aut
2303 1337 2399 1391 per
2423 1323 2648 1389 ferrum,
2675 1338 2765 1382 aut
2791 1345 2888 1398 per
2913 1347 3202 1400 venenum,
3245 1345 3337 1392 aut
3359 1353 3454 1408 per

1871 1407 2248 1476 pratcipitium,
2279 1421 2372 1466 aut
2399 1415 2765 1482 suspendium,
2799 1420 2882 1474 vel
2914 1423 3150 1490 quolibet
3177 1428 3338 1482 modo
3361 1407 3452 1482 in—

1867 1495 2044 1550 ferunt
2105 1498 2268 1570 24,6
2337 1513 2582 1569 mortem,
2639 1508 2781 1562 nulla
2833 1525 2930 1580 pro
2963 1513 3066 1568 illis
3107 1517 3157 1568 in
3184 1516 3454 1572 oblatione

1865 1592 2308 1644 commemoratio
2333 1591 2442 1658 fiat,
2469 1611 2778 1663 nequecum
2801 1600 3018 1667 psalmis
3039 1603 3104 1656 ad
3123 1605 3452 1673 sepulturam

1864 1692 2048 1732 eorum
2075 1681 2334 1735 cadavera
2358 1683 2708 1741 deducantur.
2741 1688 2890 1748 Multi
2917 1693 3060 1749 enim
3092 1695 3193 1752 sibi
3225 1698 3326 1750 hoc
3360 1713 3454 1766 per

1867 1767 2222 1838 ignorantiam
2253 1785 2602 1842 usurparunt.
2657 1777 2917 1836 Similiter
2947 1793 3003 1836 et
3035 1786 3100 1840 de
3140 1786 3222 1840 bis
3251 1785 3456 1856 placuit

1789 1886 1838 1944 Β
1867 1856 1983 1910 ﬁeri
2008 1859 2096 1927 qui
2121 1875 2219 1927 pro
2247 1862 2539 1920 sceleribus
2588 1869 2886 1936 puniuntur
2908 1872 3077 1942 (29!).

1864 1968 1944 2024 De
1979 1971 2059 2026 his
2093 1975 2186 2043 qui
2253 1973 2308 2034 in
2355 1977 2588 2050 patibulo
2642 1984 3051 2050 suspenduntur.
3091 1987 3176 2041 Ea:
3225 1991 3451 2047 concilio

2417 2047 2468 2100 Μ
2479 2047 2885 2120 ougouliaceusi.

1933 2132 2108 2188 XCIII.
2135 2132 2356 2204 (Concil.
2385 2138 2622 2209 Mogunt.
2648 2143 2740 2196 sub
2765 2143 2982 2212 Rab.,c.
3007 2148 3108 2216 27;
3140 2151 3450 2210 Bt'ncnsno.

1862 2223 1954 2278 lib.
1988 2241 2062 2289 vt,
2098 2241 2144 2280 c.
2169 2228 2280 2296 76.)
2301 2231 2592 2294 Quaesitum
2616 2236 2682 2287 ab
2703 2245 2783 2290 est
2815 2229 3088 2306 aliquibus
3109 2241 3363 2301 fratribus
3385 2246 3452 2303 de

1861 2313 1946 2368 his
1969 2315 2057 2382 qui
2091 2315 2142 2369 in
2179 2317 2430 2386 patibulis
2457 2325 2856 2390 suspenduntur
2883 2344 2980 2397 pro
3010 2332 3123 2386 suis
3151 2335 3448 2392 sceleribus

1859 2409 1981 2470 post
2032 2402 2424 2460 confessionem
2479 2409 2589 2463 Deo
2627 2423 2922 2482 peractam,
2959 2428 3137 2473 utrum
3188 2425 3450 2479 cadavera

1861 2490 2069 2552 illorum
2098 2493 2162 2546 ad
2189 2493 2446 2552 ecclesias
2467 2498 2756 2555 deferenda
2789 2504 2916 2570 sint,
2949 2517 3002 2560 et
3024 2508 3324 2567 oblationes
3354 2530 3451 2583 pro

1855 2581 1932 2635 eis
1955 2580 2264 2650 offers-ulte,
2296 2593 2352 2640 et
2383 2587 2559 2644 missze
2601 2590 2960 2662 celebrandte,
3011 2612 3078 2652 an
3139 2615 3266 2654 non.
3317 2580 3450 2670 Qui-

1853 2675 1954 2738 bus
1982 2678 2372 2744 respondemus
2431 2696 2445 2734 :
2481 2681 2538 2736 Si
2565 2685 2816 2748 omnibus
2843 2687 2909 2742 de
2953 2693 3188 2760 peccatis
3213 2695 3326 2749 suis
3357 2713 3454 2765 pin

1855 2780 1969 2818 ram
1995 2766 2391 2824 confessionem
2445 2774 2726 2842 agentibus
2763 2787 2818 2830 et
2861 2777 3018 2850 digne
3069 2783 3454 2850 ptenitentibus

1853 2858 2159 2912 communio
2191 2859 2244 2911 in
2279 2859 2384 2915 [ine
2417 2864 2713 2918 secundum
2749 2880 3014 2922 canonum
3037 2870 3246 2942 jussutn
3279 2875 3452 2929 danda

1857 2953 1962 3010 est,
2002 2964 2100 3002 cur
2143 2964 2248 3004 non
2297 2951 2376 3006 eis
2411 2953 2502 3021 qui
2545 2971 2644 3022 pro
2709 2959 2942 3024 peccatis
2997 2962 3108 3016 suis
3153 2974 3450 3032 extremam

1865 3055 2077 3108 paeuam
2109 3042 2460 3110 pervolvunt?
2487 3045 2758 3117 Scriptum
2786 3061 2870 3105 est
2895 3051 3038 3105 enim
3067 3071 3079 3106 :
3109 3051 3454 3125 Nonjudicat

1857 3133 2114 3189 Dominus
2151 3136 2226 3190 bis
2256 3137 2312 3190 in
2347 3139 2600 3210 idipsum.

1780 3245 1824 3307 C
1857 3243 1933 3298 De
1960 3245 2162 3313 furibus
2212 3258 2258 3300 et
2320 3251 2606 3321 latronibus
2661 3252 3014 3321 deprehensis.
3075 3257 3160 3310 Ex
3231 3259 3452 3318 concilio

2467 3320 2813 3376 Triburicnsi.

1922 3407 2100 3462 XCIV.
2155 3408 2374 3479 (Concil.
2413 3409 2618 3466 Tribur.
2653 3428 2700 3466 c.
2726 3415 3252 3478 SI;Buncn.~\uo.lib.
3281 3435 3356 3483 χι,
3391 3437 3444 3480 c.

1852 3495 1942 3564 59,
1969 3507 2020 3552 et
2047 3500 2186 3566 apud
2213 3498 2387 3554 GRA'I‘.
2423 3501 2508 3564 15,
2531 3501 2656 3570 q.‘.’.,
2687 3517 2733 3556 c.
2767 3502 2880 3574 51.)
2914 3505 3080 3560 Fures
3106 3518 3158 3561 et
3187 3508 3453 3578 latrones,

1851 3587 1896 3640 si
1927 3587 1978 3639 in
2004 3585 2232 3640 Iurando
2262 3598 2316 3642 et
2337 3591 2626 3658 pratdando
2653 3594 2992 3658 occidantur,
3025 3595 3196 3650 visum
3221 3607 3304 3652 est
3337 3614 3436 3668 pro

1851 3677 1930 3731 eis
1972 3692 2075 3731 non
2135 3680 2428 3746 orandum;
2487 3681 2531 3734 si
2585 3683 2960 3750 comprehensi
3013 3695 3106 3738 attt
3147 3687 3434 3756 vulnerati,

1850 3766 2165 3838 presbytero
2205 3769 2288 3824 vel
2329 3769 2556 3826 diacono
2587 3771 2818 3826 confessi
2849 3772 3071 3841 fuerint,
3105 3779 3442 3834 communio-

1853 3873 1974 3912 nem
2005 3860 2085 3914 eis
2109 3875 2217 3915 non
2245 3877 2522 3932 negamus.

1853 3947 2013 4019 247
2037 3949 2140 4014 Qui
2185 3963 2392 4031 propter
2418 3955 3041 4031 gtpiditatent_._lttdtcu_m
3072 3957 3147 4012 vel
3184 3975 3452 4031 paganum

2112 4023 2377 4082 occiderit.
2413 4021 2496 4076 Ex
2517 4026 2736 4080 concilio
2759 4021 3197 4095 Mogontiaccntil

1853 4107 1888 4158 θ’
1923 4107 2084 4170 XCV.
2104 4109 2325 4180 (Concil.
2350 4111 2611 4168 Wormat.
2643 4130 2692 4169 c.
2717 4115 3142 4180 27;Buncnano.
3165 4118 3257 4172 lib.
3283 4133 3367 4184 v1,
3399 4135 3453 4174 c.

1853 4198 1968 4267 55.)
1991 4197 2092 4264 Qui
2141 4201 2248 4254 odii
2287 4203 2658 4270 meditatione,
2691 4205 2776 4271 vel
2805 4217 3023 4275 propter
3069 4208 3446 4275 cupiditatem.

1851 4287 2096 4345 Judteum
2143 4292 2228 4346 vel
2275 4305 2540 4362 paganum
2573 4295 2856 4362 occiderit,
2904 4296 3032 4366 quia
3059 4299 3166 4352 non
3201 4297 3324 4353 leve
3367 4299 3450 4354 vi-

1855 4377 1988 4436 tium
2019 4381 2392 4450 committitur,
2430 4391 2487 4437 ut
2511 4384 2836 4440 homicidam
2873 4388 3124 4442 convenit
3147 4390 3455 4458 pumitere;

1855 4470 2290 4540 quandoquidem
2331 4488 2430 4530 nec
2480 4475 2682 4529 exteris
2733 4476 3002 4546 gentibus,
3059 4477 3162 4533 nisi
3210 4478 3452 4534 oblatam

1787 4589 1836 4648 Ι)
1861 4575 2048 4629 pacem
2078 4563 2401 4632 rcspueriut,
2431 4563 2628 4620 bellum
2658 4575 2742 4622 est
2773 4567 2969 4638 pepulo
2992 4569 3215 4640 antiquo
3235 4569 3456 4640 penitus

1875 4651 2074 4708 inferre
2090 4665 2437 4725 prteceptum.

1945 4742 2006 4798 Si
2038 4746 2154 4813 quis
2177 4746 2440 4802 insaniens
2467 4747 2726 4804 hominem
2763 4750 3026 4806 occiderit.
3067 4751 3155 4806 Ea:
3179 4755 3380 4810 eodem.

1937 4830 2118 4894 XCVI.
2147 4831 2368 4903 (Concil.
2395 4834 2655 4890 Wormat.
2687 4853 2735 4892 e.
2766 4839 2867 4904 28;
2900 4839 3209 4906 Buacnsno.
3248 4841 3342 4898 lib.
3371 4859 3444 4912 vt,

1861 4934 1911 4974 c.
1933 4917 2024 4985 25,
2045 4928 2099 4976 et
2123 4923 2262 4992 apud
2285 4922 2547 4990 Gnarus.
2569 4924 2658 4992 I5,
2680 4941 2734 4997 q.
2769 4927 2820 4993 1,
2858 4943 2907 4983 c.
2939 4927 3051 5000 I2.)
3073 4929 3130 4984 Si
3161 4929 3280 4999 quis
3305 4931 3452 4990 insa-

1860 5008 2014 5076 niens
2033 5009 2266 5080 aliquem
2293 5013 2574 5080 occiderit,
2604 5017 2646 5071 si
2675 5017 2741 5071 ad
2773 5032 2960 5072 sanam
3003 5027 3234 5073 mentem
3261 5035 3452 5088 perve-

1861 5095 2024 5163 nerit,
2051 5095 2222 5154 levior
2241 5099 2288 5153 ei
2316 5102 2628 5169 poenitentia
2653 5103 2974 5174 imponenda
2997 5115 3078 5161 est
3099 5121 3260 5178 quam
3284 5107 3332 5162 ei
3355 5109 3449 5177 qui

1861 5197 1989 5245 sana
2013 5195 2194 5250 mente
2224 5187 2328 5246 tale
2355 5189 2484 5258 quid
2521 5193 2871 5247 commiserit.
2899 5191 2997 5248 Cui
3051 5194 3296 5262 quamvis
3325 5209 3446 5270 pa:-

1864 5274 2088 5328 nitentia
2117 5277 2189 5334 sit
2234 5279 2580 5348 imponenda,
2613 5283 2738 5352 quia
2789 5283 2904 5352 ipsa
2959 5283 3241 5348 infirmitas
3283 5299 3446 5342 causa

1865 5365 2095 5435 peccati,
2127 5366 2251 5422 licet
2287 5367 2536 5434 fortassis
2586 5372 2796 5428 occulta
2847 5373 3137 5442 contigisse
3183 5375 3444 5442 creditur,

1867 5461 2017 5514 tanto
2047 5466 2225 5514 tamen
2254 5459 2326 5514 sit
2353 5461 2521 5517 levior
2539 5479 2702 5533 quam
2725 5465 2772 5520 ei
2799 5465 2888 5534 qui
2915 5480 3078 5520 sanus
3098 5465 3331 5540 aliquem
3354 5481 3446 5528 oc,

1865 5545 2078 5615 ciderit,
2132 5559 2392 5620 quantum
2431 5552 2570 5608 inter
2615 5569 2802 5609 sanum
2833 5563 2887 5610 et
2913 5555 3183 5622 insanum,
3233 5559 3445 5624 irratios

1865 5635 2044 5702 nabile
2073 5653 2104 5694 a
2138 5640 2444 5706 rationabili
2475 5651 2686 5708 constat
2711 5657 2830 5709 esse
2853 5645 3199 5714 discriminis.

247 5775 402 5852 (291)
433 5777 567 5844 Vide
599 5781 692 5843 lib.
723 5799 796 5850 vt.
835 5787 1090 5862 Capitul.,
1117 5807 1236 5866 cap.
1266 5794 1363 5864 I0,
1390 5805 1442 5854 et
1472 5797 1565 5856 lib.
1595 5815 1694 5874 vn,
1721 5816 1840 5884 cap.
1872 5806 1998 5872 314.
