3944 6398
490 433 499 440 ‘
517 413 623 469 503

1614 404 1983 465 REGINONIS
2010 403 2424 464 PRUMIENSIS
2461 403 2751 464 ABBATIS

3683 409 3785 469 303

518 524 576 581 Si
637 525 813 596 plures
860 539 1022 578 unum
1076 522 1334 596 nominent
1382 520 1685 596 occiderint.
1730 519 1815 573 Ea:
1874 520 2096 575 concilio
2125 527 2171 585 Α
2200 537 2371 585 suam,
2412 530 2460 575 et
2496 521 2701 574 duxerit
2733 520 2919 587 aliam,
2949 498 3276 590 intuebatur;
3307 532 3361 580 et
3387 523 3510 582 ideo
3538 539 3728 584 omnes
3744 528 3794 582 in

1085 591 1138 644 Μ
1145 592 1518 660 ogontiacensi.

588 686 792 743 XCVII.
817 685 1148 755 (Buncuann.
1192 683 1285 737 lib.
1319 699 1392 748 vl,
1427 697 1474 737 c.
1503 683 1618 755 42.)
1656 682 1712 737 Si
1744 692 1979 753 quatuor
2008 691 2104 738 aut

516 779 753 848 qn-inque
821 777 1069 830 homines
1122 789 1216 828 seu
1268 774 1430 828 etiam
1486 773 1667 842 plures
1702 783 1889 827 contra
1934 788 2101 827 unum

517 868 787 922 hominem
830 866 989 921 rixati
1045 865 1263 926 fuerint,
1296 872 1349 918 et
1380 864 1447 919 ab
1483 864 1568 917 his
1594 862 1907 918 vulneratus
1949 877 2098 917 mor-

519 969 643 1015 tuus
671 958 853 1023 fuerit,
909 957 1217 1027 quicunque
1243 970 1430 1012 eorum
1460 956 1672 1026 plagam
1705 955 1977 1026 imposuit,
2017 969 2101 1010 se-

518 1049 752 1105 cundent
778 1059 979 1105 statuta
1002 1063 1267 1104 canonum
1292 1046 2097 1118 uthomicidajudiceturﬂgﬂ).

513 1141 682 1215 .258
711 1141 787 1195 De
814 1142 979 1195 eocui
1000 1141 1302 1215 imputatur:
1311 1132 1654 1215 homicidium
1678 1148 1728 1193 “et
1747 1138 1958 1209 probari
1998 1153 2100 1192 non

1045 1218 1229 1279 potest.
1259 1209 1339 1263 Ea:
1354 1211 1554 1263 eodem.

587 1301 814 1358 XCVIII.
849 1301 1180 1373 (Buucuauo.
1216 1301 1310 1355 lib.
1338 1316 1389 1355 vt
1413 1340 1427 1365 ,
1466 1315 1516 1355 c.
1551 1299 1668 1370 24.)
1721 1299 1821 1355 Ubi
1873 1298 2100 1355 manife-

508 1394 617 1449 tari
645 1402 824 1463 potest
857 1392 1151 1463 quemlibet
1194 1392 1469 1446 hominem
1500 1400 1839 1461 perpetrasse
1876 1389 2103 1445 homici-

513 1484 683 1546 dium,
716 1482 1008 1537 secundum
1036 1482 1351 1537 canonicam
1377 1481 1753 1534 auctoritatem
1776 1480 2100 1551 condignum

477 1572 841 1654 [ptenitentite
862 1571 1122 1638 judicium
1151 1570 1225 1624 illi
1268 1570 1562 1640 ingeratur.
1611 1570 1666 1624 Si
1695 1580 1875 1627 autem
1925 1570 2101 1625 mani-

512 1668 668 1723 festis
699 1668 910 1723 indiciis
964 1682 1069 1722 non
1122 1675 1302 1734 potest
1329 1665 1545 1735 probari
1606 1680 1726 1719 emn
1774 1664 2102 1719 homicidam

510 1775 654 1826 esse,
685 1775 786 1815 nec
825 1760 936 1831 ipse
960 1758 1072 1812 vult
1094 1758 1364 1823 confiteri,
1392 1758 1780 1828 omnipotentis
1829 1758 1925 1811 Dei
1959 1757 2102 1828 judi-

512 1854 619 1919 cio,
668 1852 752 1907 cui
789 1852 968 1907 omnia
1007 1850 1215 1906 occulta
1258 1848 1543 1904 manifesta
1597 1858 1743 1914 sunt,
1777 1858 2097 1903 reservetur.

514 1944 581 1997 Et
609 1952 786 1997 tamen
846 1941 1111 1997 indicetur
1137 1940 1279 2011 quod
1310 1938 1688 1994 communione
1734 1937 2099 1994 ecclesiastica

512 2035 764 2106 indignus
811 2033 902 2099 sit,
955 2033 1126 2103 donec
1184 2039 1548 2102 perpetratum
1596 2030 1800 2083 crimen
1845 2028 2101 2083 conﬁtea-

513 2135 622 2189 tur,
652 2134 707 2180 et
735 2140 831 2195 per
858 2122 1251 2178 confessionem
1286 2128 1340 2175 et
1380 2118 1749 2189 pcenitentiatn
1779 2117 2099 2188 condignam

515 2216 584 2270 ab
613 2212 716 2271 hoc
743 2214 970 2270 crimine
998 2229 1055 2269 se
1080 2211 1361 2267 absolvere
1389 2219 1578 2265 certet.

655 2321 845 2361 ABIIINC
884 2321 951 2360 DE
989 2317 1313 2360 ADUL'I'EIIIIS
1350 2319 1419 2357 ΕΤ
1460 2314 1954 2357 Ροιιιιιωτιοκιιιυε.

975 2398 1061 2453 Ea:
1098 2398 1317 2451 concilio
1346 2397 1646 2466 Ancyrano.

585 2490 767 2547 XCIX.
799 2489 1022 2562 (Concil.
1068 2489 1262 2559 Ancyr.
1307 2503 1355 2542 c.
1406 2488 1509 2551 I9;
1548 2486 1848 2542 ΗΑιιτσΑιι.
1902 2484 1994 2541 lib.
2023 2499 2099 2551 tv,

516 2598 567 2636 ιη.
596 2582 650 2645 9;
682 2581 870 2635 concil.
893 2579 1183 2645 Wormat.,
1207 2595 1257 2634 c.
1286 2576 1404 2650 M.)
1458 2576 1514 2632 Si
1549 2579 1703 2649 cujus
1725 2593 1861 2633 uxor
1887 2577 2098 2632 adulte-

514 2682 631 2727 rata
661 2672 843 2739 fuerit,
874 2672 957 2727 vel
985 2672 1029 2727 si
1064 2672 1199 2741 ipse
1230 2671 1549 2725 adulterium
1577 2671 1930 2735 commiserit,
1975 2685 2098 2739 sep-

494 2773 624 2820 ttem
666 2779 929 2819 annorum
958 2762 1273 2833 pmnitentia
1315 2770 1527 2832 Oportet
1547 2776 1671 2816 eum
1717 2760 2103 2831 perfectionem

504 2855 775 2923 consequi
799 2854 1095 2909 secundum
1118 2853 1377 2922 pristinos
1403 2852 1622 2924 gradus.

512 2947 593 2999 De
618 2959 679 2998 eo
699 2945 1044 3015 qui,u.rorent
1069 2943 1285 3066 [tingensi
1309 2943 1649 3065 qoncubinam
1681 2950 1834 2997 tenet.
1858 2942 1944 2997 Ea:
1972 2959 2096 2998 con-

1099 3031 1142 3066 Cl
1170 3029 1219 3066 to
1287 3030 1316 3066 ο
1340 3024 1514 3066 etano.

1099 3024 1219 3067 CtltO
1244 3024 1514 3067 Toletano.

584 3102 646 3159 C.
670 3099 893 3170 (Concil.
919 3102 1081 3158 Tolet.
1103 3119 1144 3167 ι,
1164 3118 1215 3157 c.
1234 3103 1344 3173 I7.)
1364 3103 1434 3158 De
1450 3117 1514 3157 eo
1527 3103 1617 3173 qni
1631 3118 1855 3157 uxorem
1874 3103 2097 3167 habens,

514 3195 559 3250 si
603 3195 956 3250 concubinam
993 3192 1158 3266 24,9
1186 3193 1448 3255 habuerit,
1479 3205 1536 3246 ut
1573 3208 1678 3247 non
1717 3192 2097 3248 communicet.

514 3284 781 3340 Caeterum
834 3286 880 3340 is
927 3283 1019 3354 qui
1048 3300 1153 3338 non
1208 3284 1369 3338 habet
1411 3280 1673 3348 uxorem,
1704 3292 1759 3338 et
1791 3298 1889 3353 pro
1935 3298 2101 3338 uxore

514 3374 869 3431 concubinam
920 3374 1104 3438 habet,
1150 3389 1179 3427 a
1233 3373 1612 3429 communione
1642 3372 2100 3443 nonrepcllatur,

500 3454 725 3520 tantum
753 3475 811 3520 ut
840 3465 997 3520 unius
1035 3464 1276 3519 mulieris
1306 3473 1398 3517 aut
1422 3463 1606 3533 uxoris
1646 3470 1735 3516 aut
1763 3462 2100 3527 concubium,

515 3564 574 3609 nt
597 3556 644 3609 ei
668 3554 949 3625 placuerit,
981 3554 1052 3609 sit
1093 3553 1466 3625 conjunctione
1495 3559 1800 3607 contentus.
1842 3552 1990 3606 Alias
2015 3565 2104 3606 ve-

514 3664 597 3713 ro,
630 3648 815 3703 vivens
856 3646 1159 3717 abjiciatur,
1192 3646 1360 3700 donec
1408 3644 1619 3700 desinat
1647 3651 1701 3699 et
1726 3642 1793 3697 ad
1832 3642 2102 3713 pmniten-

513 3739 644 3792 tiam
675 3746 997 3792 revertatur.

696 3829 774 3883 De
800 3829 1037 3897 repudio.
1067 3828 1148 3882 Ex
1170 3826 1387 3898 epistola
1426 3825 1720 3881 Innocentii
1754 3842 1923 3897 paptt'.

588 3917 673 3974 Cl.
713 3917 975 3989 (Decreta
1029 3917 1215 3972 Innoc.
1265 3916 1319 3982 Ι,
1370 3931 1422 3971 c.
1469 3915 1577 3981 26;
1628 3915 1788 3983 “ML,
1829 3917 1981 3984 epist.
2033 3916 2101 3969 ad

517 4010 794 4067 Heribald.
822 4051 838 4076 ,
890 4027 937 4065 c.
979 4009 1069 4077 21)
1098 4027 1111 4075 ;
1150 4010 1459 4065 Bonan/um.
1496 4008 1588 4063 lib.
1616 4023 1693 4073 ιιι,
1715 4024 1765 4062 c.
1795 4008 1881 4062 7:2.
1915 4006 1992 4062 De
2019 4005 2104 4062 his

517 4105 682 4158 etiam
703 4103 982 4173 requisivit
1000 4102 1215 4158 dilectio
1234 4111 1324 4155 tua
1346 4101 1437 4171 qui
1462 4100 1853 4155 interveniente
1878 4099 2102 4169 repudio

521 4193 643 4248 aliis
667 4207 726 4248 se
756 4192 1102 4247 matrimonio
1135 4191 1564 4261 copulaverunt;
1610 4204 1747 4258 quos
1781 4189 1833 4242 in
1872 4196 2101 4257 utraque

517 4292 671 4353 parte
717 4283 988 4337 adulteros
1028 4296 1150 4337 esse
1191 4281 1533 4335 manifestum
1581 4289 1683 4336 est.
1731 4280 1831 4347 Qui
1860 4295 1989 4336 vero
2018 4279 2100 4335 vel

519 4388 691 4429 uxore
727 4376 958 4437 vivente,
1004 4374 1253 4443 quamvis
1291 4374 1642 4429 dissociatum
1689 4387 1813 4428 esse
1854 4372 2101 4427 videatur

518 4464 848 4534 conjugium,
896 4464 963 4519 ad
1018 4464 1182 4518 aliam
1234 4463 1479 4533 copulam
1530 4463 1873 4529 festinarunt,
1923 4478 2099 4534 neque

2199 612 2580 665 communione
2612 611 2847 665 fidelium
2879 612 3245 669 abstinendos.

2200 698 2278 754 De
2302 700 2509 770 feminis
2548 718 2665 773 qua:
2713 701 3010 773 relinquunt
3057 704 3193 759 viros
3245 722 3388 761 suos.
3434 707 3523 763 Ea:
3560 710 3785 765 concilio

2804 772 3151 828 Eliberitano.
3484 802 3489 806 δ

2272 859 2380 915 Cll.
2423 860 2649 931 (Concil.
2680 859 2921 917 Eliberit.
2950 877 2998 918 c.
3028 863 3099 929 8;
3146 864 3454 923 Burmann.
3485 867 3581 923 lib.
3628 885 3705 935 rx,
3734 885 3782 925 ε.

2201 949 2314 1020 62.)
2343 950 2473 1004 Item
2507 949 2720 1006 feminae
2746 968 2887 1022 qute,
2921 953 3063 1009 nulla
3094 959 3435 1025 praecedente
3458 962 3787 1026 causa,reli-

2201 1051 2435 1109 querunt
2469 1043 2610 1097 viros
2639 1058 2784 1108 suos,
2819 1052 2873 1099 et
2898 1043 3053 1100 alteri
3078 1059 3139 1101 se
3161 1047 3573 1118 copulaverunt,
3606 1066 3707 1105 nec
3735 1052 3789 1104 in

2201 1132 2364 1189 finem
2402 1136 2668 1206 accipiant
2697 1138 3148 1194 communionem.

2510 1223 2589 1278 De
2610 1224 2850 1280 adultero
2872 1227 3083 1282 marito.
3114 1225 3266 1282 Unde
3289 1244 3471 1301 supra.

2276 1312 2406 1369 CIII.
2442 1312 2665 1383 (Concil.
2697 1314 2934 1370 Eliberit.
2963 1331 3011 1371 c.
3044 1316 3116 1382 9;
3163 1317 3472 1373 BURCBARD.
3500 1317 3595 1373 lib.
3626 1334 3708 1383 ιι,
3737 1334 3789 1374 c.

2202 1403 2317 1476 65.)
2366 1405 2496 1460 Item
2538 1405 2733 1461 femina
2788 1406 2983 1473 fidelis,
3013 1422 3134 1477 quae
3171 1408 3475 1463 adulterum
3524 1411 3791 1464 maritum

2205 1495 2483 1566 reliquerit
2511 1496 2742 1562 fidelem,
2775 1505 2831 1551 et
2875 1497 3176 1552 adulterum
3205 1498 3354 1553 ducit
3381 1498 3571 1570 (295)
3594 1501 3792 1570 prohi-

2193 1586 2487 1641 beatur-ne
2528 1587 2704 1642 ducat.
2744 1586 2803 1642 Si
2832 1594 3014 1642 autem
3046 1587 3281 1654 duxerit,
3313 1588 3477 1661 250
3498 1604 3604 1644 non
3630 1591 3795 1660 prius

2205 1677 2435 1747 accipiat
2491 1678 2925 1732 communionem
2956 1692 3119 1747 quam
3162 1680 3208 1733 is
3231 1693 3392 1748 quem
3446 1678 3670 1750 reliquit
3723 1681 3794 1735 de

2204 1770 2399 1825 saeculo
2441 1770 2655 1836 exierit,
2685 1770 2789 1826 nisi
2815 1769 2957 1826 forte
2983 1770 3280 1825 necessitas
3294 1770 3635 1827 inﬁrmitatis
3657 1772 3796 1829 dare

2205 1861 2543 1932 compulerit.

2480 1954 2559 2008 De
2594 1953 2834 2007 discidio.
2867 1952 2954 2009 Ea:
2985 1954 3203 2009 concilio
3233 1950 3503 2026 Africano.

2272 2046 2403 2102 CIV.
2437 2045 2683 2118 (Concil.
2721 2045 2892 2115 Afric.
2932 2062 2982 2102 c.
3014 2046 3123 2113 69;
3156 2047 3459 2104 HALITGAR.
3490 2046 3583 2102 lib.
3611 2062 3700 2113 tv,
3742 2062 3793 2102 c.

2202 2137 2308 2202 I0;
2352 2137 2541 2192 Posuit.
2584 2137 2716 2192 Ras.
2748 2152 2797 2192 c.
2838 2135 2905 2202 ὃς
2957 2137 3271 2192 Buncuum.
3316 2137 3409 2194 lib.
3450 2153 3524 2201 is,
3563 2153 3613 2193 c.
3673 2137 3797 2209 6i.)

2200 2226 2410 2282 Placuit
2431 2236 2489 2282 ut
2517 2228 2808 2283 secundum
2832 2228 3200 2297 evangelicam
3220 2238 3272 2284 et
3296 2228 3652 2299 apostolicam
3682 2232 3795 2285 dis-

2200 2317 2453 2387 ciplinam
2482 2331 2658 2386 neque
2684 2316 2940 2372 dimissus
2966 2315 3036 2371 ab
3063 2331 3250 2382 uxore,
3289 2331 3464 2387 neque
3491 2317 3727 2373 dimissa
3764 2337 3794 2372 ιι

2201 2408 2419 2475 marito,
2469 2407 2626 2463 alteri
2670 2406 3088 2479 conjungantur,
3117 2408 3212 2463 sed
3264 2405 3339 2462 ita
3383 2412 3671 2473 maneant,
3702 2418 3795 2461 aut

2199 2499 2301 2554 sibi
2328 2498 2761 2554 reconcilientur.
2785 2497 2937 2565 Quod
2967 2498 3015 2554 si
3042 2498 3484 2568 contempserint,
3510 2499 3580 2553 ad
3610 2502 3793 2569 paeni-

2202 2599 2427 2653 tentiam
2463 2595 2878 2668 redigantur,-in
2906 2609 3023 2666 qua
3053 2609 3213 2650 causa
3244 2593 3417 2666 legem
3448 2593 3792 2665 imperiast

2199 2691 2485 2759 petendam
2515 2687 2866 2759 promulgari.

2201 2797 2361 2869 25],
2400 2797 2481 2854 De
2499 2800 2781 2869 eademre'.
2812 2796 2898 2853 Ea:
2940 2778 3095 2852 dictis
3134 2797 3416 2869 Augustini
3440 2797 3506 2852 de
3535 2795 3797 2854 Sermone

2720 2868 2938 2922 Domini
2977 2870 3032 2922 in
3066 2868 3259 2922 monte.

2272 2960 2381 3016 CV.
2418 2960 2768 3032 (Buucnsan.
2799 2960 2892 3015 lib.
2942 2975 3022 3025 ιι,
3052 2975 3104 3015 c.
3147 2960 3236 3027 71,
3265 2968 3320 3014 et
3345 2959 3484 3031 apud
3508 2960 3793 3018 Ges-nu.

2201 3054 2290 3118 52,
2321 3069 2377 3124 q.
2403 3053 2455 3119 7,
2483 3069 2536 3109 ο.
2562 3052 2643 3125 5.)
2671 3052 2963 3123 Apostolus
3011 3052 3210 3109 Paulus
3235 3054 3364 3108 dicit
3388 3071 3402 3107 :
3436 3053 3537 3107 His
3558 3057 3655 3125 qui
3676 3065 3795 3110 sunt

2200 3144 2254 3198 in
2284 3144 2529 3214 conjugic
2558 3145 2829 3214 prwcipio,
2854 3161 2957 3199 non
2986 3161 3101 3215 ego,
3131 3144 3223 3199 sed
3257 3144 3541 3212 Dominus,
3570 3163 3794 3201 uxorein

2128 3245 2172 3307 ρ
2203 3252 2236 3289 a
2283 3236 2393 3290 viro
2442 3252 2547 3289 non
2593 3236 2895 3292 discedere:
2947 3238 3088 3308 quod
3121 3239 3167 3292 si
3201 3237 3523 3303 discesserit,
3580 3256 3798 3295 manere

2188 3325 2513 3395 innuptam,
2564 3337 2654 3380 aut
2709 3327 2817 3381 uiro
2860 3344 2956 3381 suo
3017 3329 3346 3382 reconciliari
3382 3328 3409 3399 (
3432 3327 3462 3382 Ι
3489 3329 3625 3384 Car.
3655 3333 3794 3399 vn).

2192 3416 2386 3472 .I’otest
2425 3418 2567 3472 enim
2614 3417 2728 3473 ﬁeri
2762 3427 2822 3473 ut
2854 3418 3094 3475 discedat
3121 3435 3183 3475 ea
3210 3435 3371 3475 causa
3393 3434 3501 3489 qua
3527 3420 3798 3476 Dominus

2204 3510 2468 3579 permisit.
2499 3509 2610 3564 Aut
2639 3510 2683 3565 si
2711 3509 2926 3567 femina:
2954 3511 3082 3567 licet
3104 3512 3280 3567 virum
3320 3512 3600 3568 dimittere
3630 3516 3796 3569 etiam

2204 3607 2404 3669 praeter
2450 3614 2671 3655 causam
2718 3599 3110 3667 fornicationis,
3155 3600 3285 3671 quid
3340 3602 3799 3670 respondebimus

2204 3690 2272 3743 de
2314 3689 2417 3744 hoc
2447 3689 2588 3758 quod
2616 3688 2750 3746 dicit
2779 3692 3067 3761 posterius,
3115 3702 3162 3747 et
3194 3694 3275 3746 vir
3313 3704 3536 3747 uxorem
3574 3710 3690 3748 non
3722 3694 3801 3748 di.

2203 3781 2396 3833 mittat.
2427 3780 2606 3847 Quare
2642 3796 2746 3837 non
2790 3783 3015 3849 addidit,
3050 3794 3263 3854 excepta
3294 3799 3456 3838 causa
3482 3783 3800 3853 fornicatio-

2205 3871 2304 3932 nis,
2334 3870 2478 3940 quod
2520 3869 2782 3927 Dominus
2807 3873 3094 3943 permittit,
3125 3874 3226 3928 nisi
3252 3874 3375 3943 quia
3406 3874 3659 3930 similem
3688 3875 3797 3928 for-

2208 3978 2349 4016 mam
2405 3962 2522 4018 vult
2568 3964 2885 4035 intelligere,
2916 3974 2978 4020 ut
3023 3965 3070 4021 si
3118 3966 3401 4032 dimiserit,
3433 3966 3580 4036 quod
3635 3983 3798 4021 causa

2202 4052 2581 4109 fornicationis
2626 4056 2979 4124 permittitur,
3030 4064 3248 4111 maneat
3294 4056 3412 4111 sine
3458 4072 3661 4123 uxore,
3709 4067 3799 4111 aut

2204 4147 2584 4202 reconcilietur
2609 4149 2782 4203 uxori.
2819 4148 2886 4201 Et
2918 4160 3033 4219 post
3060 4166 3234 4219 pauca
3258 4164 3278 4204 :
3311 4150 3572 4206 Dominus
3611 4164 3794 4207 autem

2202 4238 2450 4306 permisit
2496 4253 2661 4292 causa
2709 4236 3083 4295 fornicationis
3130 4255 3354 4296 uxorem
3408 4241 3640 4296 dimitti.
3690 4241 3794 4298 Sed

2202 4330 2329 4399 quia
2366 4331 2629 4399 permisit,
2659 4344 2765 4385 non
2793 4330 2976 4400 jussit.

2309 4441 2385 4494 De
2417 4441 2595 4495 eadem
2618 4458 2689 4497 re.
2720 4443 2806 4498 Ea;
2832 4442 3215 4513 Capitularium
3237 4444 3327 4498 lib.
3351 4460 3390 4510 ι,
3416 4461 3535 4516 cap.
3562 4446 3662 4503 43.

517 4561 745 4624 possunt
774 4554 1001 4608 adulteri
1037 4569 1142 4608 non
1180 4553 1373 4618 videri,
1404 4553 1456 4606 in
1490 4561 1694 4607 tantum
1740 4561 1798 4607 ut
1826 4554 1909 4607 lite
1933 4554 2097 4608 etiam
2129 4591 2177 4650 υ
2272 4552 2401 4608 CVI.
2435 4552 2455 4616 (
2488 4552 2601 4608 Lib.
2636 4569 2653 4607 ι
2681 4550 3000 4625 Capitular.,
3034 4568 3085 4609 c.
3116 4553 3220 4619 45;
3247 4553 3341 4610 lib.
3395 4570 3435 4610 ιι
3492 4555 3622 4626 Leg.
3654 4556 3795 4611 Lois-

520 4660 765 4717 persome
812 4646 1005 4715 quibus
1061 4644 1195 4699 tales
1244 4644 1513 4714 conjuncti
1560 4653 1704 4708 sunt,
1762 4645 1925 4700 etiam
1975 4644 2102 4713 ipsa:

520 4736 841 4793 adulterium
888 4736 1222 4790 commisisse
1267 4736 1580 4800 vidcantur,
1631 4737 1924 4791 secundum
1973 4737 2103 4792 illud

503 4829 664 4898 .quod
709 4828 936 4900 legimus
986 4828 1039 4882 in
1092 4827 1417 4897 Evangelio:
1452 4828 1554 4894 Qui
1590 4827 1845 4881 dimiserit
1887 4844 2102 4883 uxorem

492 5041 500 5048 ο
594 5002 741 5074 (29Ξ)
773 5002 885 5058 Hoc
907 5011 1071 5071 caput
1092 5002 1298 5074 Regino
1326 5003 1507 5058 laudat
1531 5019 1597 5058 ex
1624 5003 1852 5059 concilio
1881 5002 2101 5073 Mogon-

521 5073 771 5138 tiaCensi,
804 5073 1147 5128 Burchardus
1176 5082 1403 5127 etvetus
1429 5090 1696 5129 canonum
1743 5074 2001 5129 collector
2049 5076 2103 5129 in

519 5142 844 5215 bibliotheca
876 5143 1037 5213 Regia
1087 5160 1154 5197 ex
1184 5144 1411 5198 concilio
1441 5147 1579 5215 apud
1623 5144 1948 5209 Vcrmerias,
1984 5161 2101 5215 cap.

520 5212 643 5267 991.
677 5212 972 5284 Utrobique
1013 5224 1192 5268 autem
1223 5215 1450 5284 amplior
1476 5212 1722 5269 'habetur
1779 5229 1939 5283 quam
1964 5212 2102 5285 apud

521 5281 875 5336 Reeinonem.

572 5298 875 5353 egmoncm.

596 5353 785 5423 (295)
824 5354 1009 5409 Canon
1049 5362 1135 5409 est
1162 5354 1476 5410 Eliberitani
1512 5356 1745 5419 concilii,
1792 5356 1993 5410 relatus
2034 5355 2102 5410 ab

498 5422 787 5493 omnibus
819 5424 1159 5479 decretorum
1202 5425 1597 5489 collectoribus,
1637 5425 1930 5493 Reginone,
1958 5425 2098 5480 Bur-

524 5490 747 5564 chardo,
776 5492 954 5564 I‘vone,
981 5494 1260 5551 Gratiano.
1284 5496 1518 5551 Omnino
1543 5490 2101 5564 autcmwprmvaluisse

523 5560 736 5636 videtur
790 5562 950 5617 lectio
995 5579 1115 5636 quae
1158 5566 1296 5620 bona
1320 5580 1432 5636 non
1475 5575 1576 5619 est.
1628 5560 1768 5619 Nam
1808 5566 1899 5636 hic
1958 5566 2100 5636 apud

526 5628 881 5699 Reginonem,
912 5628 1030 5704 tum
1044 5634 1206 5687 etiam
1237 5635 1375 5704 apud
1405 5634 1773 5689 Burchardum
1804 5644 1858 5689 et
1883 5628 2099 5689 lvonem

518 5710 681 5775 parte
699 5717 816 5766 VIII,
845 5717 961 5772 cap.
995 5703 1118 5767 199,
1147 5704 1341 5775 legitur
1369 5714 1414 5758 et
1440 5705 1737 5759 adulterum
1766 5706 1927 5759 ducit.
1962 5706 2103 5760 Con-

528 5781 634 5839 tra,
670 5771 724 5827 in
754 5771 1005 5830 omnibus
1061 5771 1387 5830 editionibus
1424 5790 1690 5831 canonum
1740 5776 2101 5833 Eliberitano-

2204 4642 2348 4715 gob.,
2396 4644 2476 4698 tit.
2514 4643 2597 4709 15,
2629 4659 2678 4698 c.
2714 4644 2797 4716 4.)
2850 4644 2920 4700 Ut
2970 4660 3070 4700 nec
3119 4660 3258 4700 uxor
3305 4660 3337 4699 a
3395 4646 3517 4701 viro
3562 4647 3792 4701 dimissa

2206 4737 2368 4791 alium
2395 4737 2625 4807 accipiat
2651 4738 2823 4791 virum
2853 4737 3069 4793 vivente
3095 4736 3210 4793 viro
3233 4752 3355 4804 suo,
3390 4752 3494 4793 nec
3515 4738 3608 4793 vir
3631 4738 3791 4793 aliam

2206 4830 2436 4901 accipiat
2462 4833 2676 4884 vivente
2700 4845 2868 4887 uxore
2892 4830 3093 4901 priore.

2208 5014 2349 5073 rum,
2383 5001 2520 5073 apud
2556 5001 2836 5056 Rabanum
2864 5001 2917 5057 in
2944 5002 3119 5073 capite
3152 5000 3315 5057 tertio
3339 4999 3487 5058 Libri
3510 5000 3791 5073 Paeniten-

2207 5072 2352 5153 tialis
2381 5073 2447 5125 ad
2477 5071 2778 5154 Otgarium,
2815 5073 2866 5126 in
2890 5071 3260 5154 vetustissimo
3284 5073 3472 5127 codice
3489 5087 3601 5154 ius.
3636 5072 3793 5154 Regi-

2211 5142 2391 5206 nouis,
2429 5157 2535 5210 quo
2586 5158 2684 5197 nos
2705 5143 2908 5196 utimur
2950 5143 3001 5196 in
3050 5143 3152 5198 hac
3202 5153 3386 5197 nostra
3434 5142 3698 5206 editione,
3730 5142 3792 5195 in

2208 5214 2381 5281 veteri
2408 5212 2639 5281 denique
2670 5228 2935 5266 canonum
2984 5212 3303 5268 collectione
3332 5226 3431 5267 ms.
3464 5225 3589 5281 qum
3612 5219 3793 5268 exstat

2205 5280 2257 5335 in
2290 5280 2611 5336 bibliotheca
2646 5281 2833 5350 Regia,
2860 5283 3060 5337 diserte
3088 5284 3348 5351 scriptum
3376 5290 3461 5336 est
3486 5280 3537 5336 et
3567 5281 3790 5335 alterum

2202 5352 2366 5405 ducit.
2399 5350 2568 5418 Quam
2603 5352 2885 5407 lectionem
2937 5350 3227 5407 confirmat
3275 5353 3413 5406 idem
3450 5351 3712 5407 Rabanns
3738 5353 3790 5405 in

2200 5422 2424 5492 epistola
2457 5423 2524 5475 ad
2556 5422 2927 5484 Heribaldum,
2955 5438 3073 5492 cap.
3099 5423 3190 5488 2t,
3211 5422 3301 5477 ubi
3330 5436 3428 5492 pro
3459 5422 3544 5492 his
3570 5424 3791 5475 vocibus

2202 5491 2364 5546 habet
2390 5502 2437 5545 et
2471 5493 2564 5545 alii
2594 5493 2761 5545 nubit.
2795 5493 2949 5561 Apud
2989 5490 3309 5548 Gratianum
3333 5490 3476 5546 'vero
3508 5490 3710 5561 legitur
3738 5493 3790 5543 in

2206 5563 2441 5631 antiquis
2488 5562 2849 5617 cditionibus:
2904 5571 2953 5615 et
2989 5565 3214 5616 alterum
3258 5563 3512 5616 maritum
3555 5562 3787 5614 duxerit.

2206 5631 2315 5685 Nos
2356 5634 2534 5701 itaque
2563 5632 2811 5686 vitiatam
2853 5633 3139 5687 lectionem
3170 5632 3508 5702 ptmtulimus
3540 5632 3787 5702 silicem,

2206 5710 2267 5755 ut
2299 5700 2528 5756 intactos
2553 5718 2897 5756 servaremus
2929 5704 3102 5759 fontes
3127 5700 3193 5758 ei
3225 5702 3419 5773 quibus
3446 5700 3791 5758 Burcltardus

2205 5785 2332 5828 suos
2356 5773 2552 5829 rivulos
2577 5773 2861 5828 derivavit.
