3944 6434
123 359 228 419 305

227 471 306 526 De
333 470 576 542 legitimis
614 471 891 540 conjugiis.
939 469 1025 525 Ea:
1059 473 1212 528 dictis
1261 473 1594 543 Hieronymi.

191 581 348 640 CVII.
380 581 505 654 (36,
536 597 588 652 q.
627 582 682 646 2,
715 598 764 638 c.
800 582 882 654 8.)
921 583 1046 638 Tria
1101 585 1338 656 legitima
1368 585 1613 657 coniugia
1651 589 1706 641 in

125 671 427 742 Scripturis
468 670 738 741 leguntur.
771 673 1011 728 Primum
1059 675 1358 746 legitimum
1399 678 1704 748 coniugium

125 774 230 828 est,
273 764 424 828 virgo
468 773 617 818 casta
667 764 720 817 in
766 765 1074 834 virginitate
1109 767 1226 822 viro
1272 767 1398 822 data
1445 767 1704 838 legitime.

127 852 458 916 Secundum,
497 853 651 924 virgo
697 853 750 908 in
799 854 1020 910 civitate
1050 857 1382 926 deprehensa
1417 873 1446 912 a
1487 858 1622 923 viro,
1653 868 1708 912 et

125 941 203 996 illi
226 957 323 1012 per
357 941 466 995 vim
492 941 762 1011 copulata.
796 941 852 997 Si
883 943 1110 998 voluerit
1154 954 1308 1014 pater
1334 945 1473 1014 ejus,
1505 945 1710 1000 dotabit

123 1049 248 1090 eam
285 1034 399 1103 ipse
425 1033 510 1086 vir
545 1043 806 1104 quantum
841 1033 1168 1102 iudicaverit
1197 1037 1358 1107 252
1387 1037 1504 1106 ipse
1532 1045 1705 1106 pater,

124 1135 184 1180 et
210 1125 366 1180 dabit
390 1125 620 1195 pretium
651 1127 926 1195 pudicitiae
969 1127 1108 1194 ejus.
1143 1128 1201 1182 Si
1251 1137 1432 1183 autem
1465 1128 1712 1182 habuerit

125 1232 387 1288 sponsum
441 1225 730 1287 antequam
780 1218 1114 1288 deprehensa
1149 1219 1330 1286 fuerit,
1385 1219 1603 1275 dabitur
1637 1221 1710 1274 ei.

127 1308 398 1374 Tertium,
441 1307 550 1362 lilia
597 1308 852 1379 praedicta
897 1309 1256 1380 deprehensa,
1309 1311 1354 1366 si
1404 1326 1510 1366 non
1545 1310 1713 1366 fuerit

125 1398 382 1454 voluntas
437 1398 630 1468 patris,
680 1400 858 1453 trahet
911 1415 1030 1454 eam
1079 1416 1110 1455 a
1154 1402 1416 1472 praedicto
1478 1402 1617 1468 viro,
1658 1411 1714 1457 et

127 1493 309 1547 tradet
350 1506 470 1546 eam
507 1491 618 1555 alii,
655 1503 704 1546 et
745 1492 954 1546 dotabit
988 1508 1128 1556 eam,
1168 1501 1222 1548 et
1247 1493 1484 1566 legitima
1510 1495 1614 1550 erit
1640 1495 1710 1560 ei,

129 1581 240 1638 Sed
274 1583 508 1653 primum
539 1583 628 1638 his
649 1583 856 1638 duobus
892 1583 1174 1654 praefertur
1203 1586 1314 1657 (27,
1345 1602 1398 1656 q.
1427 1587 1486 1650 2,
1522 1603 1572 1641 c.
1599 1587 1710 1658 l3).

125 1670 365 1726 Additur
439 1671 583 1726 aliud
675 1683 926 1742 quartum
1003 1675 1302 1742 legitimum
1378 1676 1709 1748 coniugium.

127 1762 270 1816 Dum
322 1769 534 1816 mortua
600 1760 764 1817 fuerit
813 1777 952 1820 uxor
1001 1764 1150 1832 ejus,
1201 1767 1326 1822 licet
1383 1767 1456 1822 illi
1500 1769 1712 1838 accipe-

129 1867 191 1906 re
257 1851 446 1918 aliam,
513 1851 606 1908 sed
683 1868 788 1908 non
866 1831 1226 1926 repudiatam,
1307 1873 1414 1914 non
1485 1831 1716 1928 despon-
1745 1831 1790 1889 Β

129 1949 312 1995 satam
381 1942 519 1995 viro.
590 1940 852 1997 Similiter
927 1945 1088 2000 debet
1151 1954 1206 2001 et
1281 1948 1494 2003 mulier.
1565 1947 1719 2014 Quod

129 2029 334 2086 Paulus
363 2030 653 2086 manifeste
675 2032 832 2088 docet
855 2048 870 2086 :
897 2033 1110 2100 Mulier,
1141 2035 1334 2107 inquit,
1357 2054 1474 2108 qua:
1497 2039 1592 2091 sub
1613 2039 1718 2092 viro

125 2129 210 2176 est
233 2121 425 2192 ligata,
453 2121 547 2175 sub
583 2121 692 2192 lege
725 2133 802 2176 est
837 2125 934 2178 viri
960 2125 1196 2194 quandiu
1224 2127 1342 2180 vivit
1367 2127 1450 2180 vir
1487 2127 1624 2197 ejus,
1665 2135 1722 2181 et

127 2215 363 2285 reliqua.
415 2215 647 2270 Additur
699 2217 992 2286 quintum:
1049 2219 1266 2288 quando
1323 2220 1438 2274 sive
1481 2219 1565 2274 vir
1606 2220 1722 2273 sive

127 2305 328 2360 mulier
358 2319 423 2359 ex
465 2319 734 2360 consensu
779 2305 1092 2378 religionem
1135 2309 1359 2377 ceperit,
1393 2309 1518 2364 licet
1564 2309 1716 2364 alteri

127 2396 384 2465 accipere
413 2411 608 2451 novum
633 2398 962 2469 coniugium,
991 2399 1084 2454 sed
1107 2399 1340 2468 puellam
1365 2401 1444 2454 vel
1473 2415 1718 2470 puerum.

201 2489 360 2543 Hanc
415 2489 822 2553 auctoritatem,
879 2498 937 2543 ut
981 2491 1284 2554 credimus,
1339 2501 1584 2546 secutum
1638 2499 1722 2546 est

123 2581 426 2637 concilium
456 2581 598 2652 quod
627 2591 1011 2652 congregatum
1041 2573 1142 2636 fuit
1168 2583 1307 2651 apud
1331 2581 1718 2652 Compendinm

127 2673 476 2741 temporibus
517 2671 728 2742 Pippini
763 2673 926 2743 regis,
956 2672 1010 2727 in
1039 2687 1145 2742 quo
1169 2673 1444 2728 decretum
1474 2673 1547 2728 ita
1587 2673 1721 2745 legi—

127 2780 260 2820 mus
285 2763 526 2835 capitulo
557 2765 640 2818 l6.

199 2855 387 2912 CVIII.
417 2857 438 2926 (
463 2855 662 2911 Concil.
685 2856 970 2929 Compend.
1003 2873 1050 2914 c.
1083 2857 1200 2929 l5.)
1227 2858 1281 2913 Si
1313 2859 1432 2928 quis
1462 2859 1726 2928 virdinti-

128 2949 276 3004 serit
319 2963 546 3004 uxorem
598 2965 774 3015 suam,
825 2959 881 3006 et
936 2950 1142 3006 dederit
1195 2951 1244 3005 ei
1301 2951 1572 3005 licentiam
1628 2968 1728 3022 pro

127 3040 422 3112 religionis
466 3055 630 3095 causa
670 3039 810 3095 infra
849 3042 1232 3096 monasterium
1279 3041 1390 3096 Deo
1440 3043 1646 3097 servire
1676 3051 1732 3096 et

125 3133 320 3188 velum
367 3132 665 3203 suscipere,
717 3134 858 3188 sicut
890 3118 1144 3197 diximus,
1173 3143 1394 3204 propter
1424 3135 1612 3200 Deum,
1643 3135 1727 3189 vir

123 3227 301 3290 illius,
351 3225 395 3280 si
427 3225 560 3290 vult,
614 3225 844 3296 accipiat
874 3225 1174 3296 legitimam
1221 3225 1524 3281 mulierem.
1557 3227 1722 3282 Sinti-

123 3316 266 3370 Iiter
285 3325 344 3370 et
367 3315 562 3370 mulier
589 3315 770 3371 faciat.

203 3405 319 3460 Sed
366 3405 480 3460 haec
531 3406 797 3460 sententia
863 3406 1140 3462 canonicis
1203 3419 1366 3478 atque
1420 3406 1728 3476 apostolicis

121 3490 472 3551 informatur
499 3495 856 3562 documentis,
899 3505 957 3551 ut
1007 3512 1167 3567 supra
1209 3505 1569 3552 monstratum
1619 3507 1722 3552 est.

121 3587 246 3643 Sed
277 3595 334 3642 et
365 3585 568 3641 Nicolai
621 3602 771 3658 papas
817 3589 1052 3643 decretis
1091 3588 1472 3654 informamur,
1519 3589 1612 3659 qui
1659 3589 1726 3643 ad

115 3675 457 3731 Lotharium
489 3664 672 3747 regem
708 3677 781 3732 ita
817 3676 1045 3732 scribit:

115 3793 308 3877 253.
326 3791 384 3848 Si
415 3793 725 3865 canjugatus
753 3795 857 3877 ruit
887 3792 1136 3877 s-rrgullum
1179 3793 1488 3864 relinquere.
1513 3792 1599 3846 Ea:
1625 3794 1728 3864 epi-

736 3864 870 3918 stola
899 3862 1131 3918 Nicolai.

205 3953 348 4010 CIX.
378 3951 586 4025 (Num.
635 3953 654 4008 I
699 3954 848 4022 epist.
889 3953 997 4018 67;
1051 3953 1353 4008 Bonet-nan.
1400 3953 1492 4007 lib.
1539 3967 1627 4017 Ix,
1673 3967 1724 4007 c.

115 4045 254 4115 53.)
309 4044 498 4114 Itaque
551 4057 761 4100 summo
809 4043 990 4098 studio
1022 4041 1389 4114 Thietbirgam
1442 4044 1724 4113 coniugem

109 4147 284 4192 tuam
321 4147 578 4207 tanquam
614 4137 888 4206 propriam
929 4149 1146 4190 carnem
1197 4133 1380 4188 fovere
1400 4150 1464 4188 ac
1507 4135 1728 4206 diligere

109 4235 448 4298 procurata,
473 4234 528 4280 et
553 4241 620 4280 ne
655 4225 798 4280 illam
835 4241 864 4278 a
908 4233 957 4280 te
995 4225 1236 4294 separari
1272 4225 1380 4278 ullo
1407 4234 1564 4293 pacto
1599 4241 1728 4280 con-

107 4315 368 4380 sentias,
399 4315 688 4385 vigilanter
721 4314 962 4368 attende.
994 4311 1148 4368 Unde
1174 4313 1218 4367 si
1251 4311 1366 4367 vult
1409 4329 1438 4368 a
1470 4323 1520 4368 te
1549 4313 1724 4369 disce-

105 4407 288 4470 dere,
315 4405 548 4474 corripe,
573 4405 680 4459 imo
703 4403 915 4473 corrige
941 4418 1083 4468 eam,
1115 4412 1170 4457 et
1217 4418 1248 4456 a
1296 4403 1386 4456 tali
1425 4403 1726 4458 intentione

103 4511 230 4565 per
259 4494 448 4550 omnia
471 4509 728 4550 revocare
774 4503 977 4565 satage.
1010 4493 1131 4548 Jam
1167 4507 1296 4548 vero
1329 4493 1374 4547 si
1418 4508 1601 4548 amore
1625 4509 1725 4564 pu-

1019 361 1100 415 DE
1126 359 1406 418 ECCLES.
1451 362 1732 420 DISCIPL.
1770 360 1950 416 LIBRI
1985 360 2146 420 DUO.
2187 395 2256 406 υ-
2279 365 2409 422 LIB.
2449 367 2514 422 II.

1733 477 1790 534 Α,
1812 482 1968 544 gatus
1990 478 2230 532 converti
2259 479 2325 533 ad
2351 477 2758 546 monasterium,
2785 495 2894 536 non
2917 487 3000 537 est
3025 481 3386 551 recipiendus,

3280 372 3418 429 306:

1813 565 1916 618 nisi
1941 565 2090 634 prius
2124 581 2153 620 a
2205 565 2429 636 conjuge
2461 569 2840 624 castimoniam
2888 570 3176 640 proﬁtente
3227 571 3390 626 fuerit

1811 654 2105 708 absolutus.
2135 654 2264 710 Nam
2298 657 2341 710 si
2372 657 2480 720 illa,
2524 658 2738 712 vivente
2768 658 2886 722 illo,
2925 674 3021 728 per
3049 659 3392 714 incontinen-

1812 747 1938 798 tiam
1993 745 2146 799 alteri
2205 747 2462 814 nupserit,
2509 747 2694 815 procul
2739 748 2900 802 dubio
2943 749 3190 803 adultera
3243 749 3390 815 erit;

1811 851 1912 890 nec
1939 837 2196 905 recipitur
2221 838 2361 906 apud
2397 838 2560 891 Deum
2601 838 2864 907 ejusmodi
2917 839 3016 894 viri
3063 841 3390 908 conversio,

1812 943 1972 996 quam
2003 929 2248 998 sequitur
2281 930 2574 1000 coniugalis
2619 929 2838 986 foederis
2879 932 3206 1000 prostitutio.
3229 931 3391 991 Tales

1813 1019 1978 1090 igitur
2005 1029 2132 1075 tunc
2165 1021 2280 1075 sine
2329 1021 2484 1090 culpa
2523 1030 2820 1090 sequuntur
2867 1022 3030 1094 254
3070 1021 3346 1078 Christum
3373 1064 3392 1092 ,

1813 1108 2002 1164 relicto
2029 1111 2248 1176 saeculo,
2277 1111 2320 1166 si
2349 1112 2584 1168 habeant
2612 1127 2676 1168 ex
2708 1112 2826 1182 pari
2854 1113 3130 1168 voluntate
3171 1115 3396 1170 castita-

1815 1199 1884 1253 tis
1915 1214 2256 1254 consensum.

1913 1289 1991 1343 De
2017 1291 2100 1343 Itis
2129 1292 2220 1360 qui
2251 1293 2498 1362 coniuges
2525 1293 2860 1362 sinejudicio
2883 1293 3176 1348 dimittunt.
3207 1293 3292 1348 Ea:

2327 1363 2547 1415 concilio
2577 1363 2878 1432 Agat/terrai.

1887 1449 2020 1506 CXI.
2051 1449 2274 1522 (Concil.
2331 1451 2610 1522 Agat/iens.
2638 1469 2686 1507 c.
2745 1453 2838 1519 25,
2883 1454 2976 1510 lib.
3007 1456 3428 1528 anapitular.._

1819 1553 1868 1596 c.
1892 1540 2040 1612 226.)
2071 1540 2134 1594 Ili
2161 1556 2288 1596 vero
2313 1544 2600 1600 sarculares
2628 1548 2716 1616 qui
2754 1548 3036 1619 coniugale
3065 1553 3397 1606 consortium

1818 1631 1964 1686 nulla
1993 1632 2148 1702 culpa
2178 1633 2412 1702 graviori
2439 1635 2716 1691 dimittunt
2745 1639 2840 1694 vel.
2859 1641 3022 1694 etiam
3057 1641 3414 1708 dimiserunt,

1819 1733 1874 1780 et
1899 1725 2074 1780 nullas
2115 1741 2308 1781 causas
2337 1726 2558 1782 'discidii
2603 1731 2954 1798 probabiliter
2994 1745 3359 1803 proponentes
3384 1777 3399 1799 ,

1822 1825 2104 1886 propterea
2127 1832 2222 1871 sua
2246 1819 2590 1874 matrimonia
2613 1821 2890 1877 dimittunt
2913 1831 2972 1878 ut
2995 1834 3085 1878 aut
3109 1825 3284 1880 aliena
3308 1837 3405 1882 aut

1823 1908 2010 1964 illicita
2051 1921 2402 1980 prtesumant,
2448 1914 2490 1967 si
2525 1921 2649 1969 ante
2697 1930 2860 1984 quam
2909 1925 3036 1972 ante
3082 1919 3398 1989 episcopum

1821 2001 2326 2070 comprovincialem
2357 2003 2565 2059 discidii
2597 2021 2819 2062 causam
2863 2007 3136 2074 dixerint,
3174 2020 3227 2066 et
3251 2013 3402 2081 prius

1821 2106 2019 2146 uxores
2045 2108 2206 2163 quam
2231 2093 2438 2163 judicio
2467 2095 2792 2151 damnentur
2816 2097 3149 2166 abiecerunt,
3185 2116 3213 2154 a
3257 2118 3407 2156 cont-

1823 2185 2078 2240 munione
2105 2185 2358 2240 Ecclesia:
2386 2201 2448 2241 ae
2471 2189 2646 2257 populi
2670 2197 2834 2256 cmtu,
2863 2207 2960 2260 pro
2987 2207 3052 2246 eo
3075 2193 3219 2262 quod
3243 2193 3404 2249 tidem

1822 2275 2053 2347 coniugii
2083 2279 2373 2346 maculant,
2408 2279 2786 2336 excludantur.

1825 2367 1891 2422 Ut
1917 2372 2084 2445 omnis
2112 2373 2486 2436 controversia,
2511 2374 2557 2445 si
2575 2387 2580 2394 '
2587 2374 2792 2445 judicio
2837 2374 3186 2430 ecclesiastico
3221 2379 3414 2445 expetit-

1893 2441 2103 2508 agitari,
2133 2459 2460 2563 ne7uaquam
2487 2442 2556 2496 ad
2577 2441 2832 2498 satculare
2851 2445 3115 2514 judicium
3151 2441 3408 2501 transeat.

1895 2508 1980 2562 Ea:
2009 2509 2195 2566 Cunila
2213 2529 2330 2566 are.

2085 2529 2330 2580 puutare.

1895 2599 2050 2654 CXII.
2105 2599 2375 2656 Statntum
2419 2611 2504 2659 est
2539 2611 2599 2658 ut
2643 2619 2979 2676 quaecunque
3019 2609 3412 2666 controversiae

1817 2689 2022 2760 judicio
2045 2699 2097 2748 et
2119 2693 2442 2750 auctoritate
2473 2695 2842 2753 ecclesiastica
2888 2700 3152 2769 coeperint
3190 2701 3410 2770 agitari,

1827 2797 2166 2854 nequaquam
2196 2785 2261 2838 ad
2281 2785 2542 2841 szeculare
2559 2785 2820 2854 judicium
2855 2797 3160 2854 transeant,
3185 2792 3275 2846 ubi
3300 2791 3406 2848 ite-

1828 2880 1947 2926 rato
1971 2883 2280 2942 provocent,
2305 2877 2396 2929 sed
2425 2877 2809 2934 ecclesiasticis
2831 2879 3202 2936 sanctionibus
3227 2884 3417 2938 termi-

1831 2973 2042 3020 nentur.
2075 2964 2207 3020 Nam
2243 2981 2272 3018 a
2313 2965 2579 3034 iudicibus
2602 2984 2736 3038 quos
2763 2972 3068 3026 communis
3117 2987 3414 3028 consensus

1829 3057 2054 3128 elegerit
2098 3059 2166 3114 ad
2208 3059 2578 3130 aliosiudices
2615 3077 2724 3117 non
2770 3063 2896 3118 licet
2937 3079 3258 3134 provocare,
3313 3067 3420 3120 nisi

1833 3147 2007 3217 major
2033 3148 2327 3202 auctoritas
2353 3147 2444 3211 sit,
2478 3149 2776 3204 secundum
2797 3153 3114 3206 canonicam
3143 3169 3414 3209 normam.

1832 3235 1888 3290 Si
1919 3247 2096 3292 autem
2123 3239 2178 3292 in
2201 3239 2446 3293 saeculari
2477 3239 2715 3309 judicio,
2748 3241 2800 3296 id
2829 3251 2914 3297 est
2951 3243 3006 3296 in
3057 3243 3276 3298 comitis
3306 3243 3432 3313 pla-_

1829 3327 1958 3392 cito,
1992 3343 2154 3382 causa
2181 3329 2334 3400 prius
2365 3328 2528 3384 fuerit
2551 3330 2808 3386 ventilata
2839 3371 2854 3396 ,
2897 3335 3194 3389 secundum
3241 3333 3426 3403 legem.

1829 3419 2156 3472 mundanam
2187 3418 2422 3484 ﬁniatur,
2457 3419 2607 3476 salvo
2637 3421 3024 3480 ecclesiastica:
3070 3423 3207 3494 legis
3251 3425 3420 3494 privi-

1827 3508 1988 3578 legio.

1827 3589 1990 3671 255
2018 3599 2092 3655 De
2119 3601 2299 3656 eadem
2333 3618 2404 3656 re.
2443 3599 2529 3656 Ea:
2555 3603 2773 3673 epistola
2807 3603 2855 3658 Ν
2863 3603 3019 3658 icolai
3045 3621 3194 3674 papae
3221 3609 3290 3658 ad
3317 3605 3420 3660 Ca-

2425 3676 2594 3726 rolum
2627 3690 2813 3743 regem.

1901 3759 2078 3816 CXIII.
2120 3761 2326 3832 (NICOL.
2366 3762 2387 3816 Ι
2433 3763 2582 3834 epist.
2627 3763 2735 3830 50;
2804 3763 3113 3820 ancnann.
3167 3765 3262 3819 lib.
3315 3783 3368 3820 Ix
3401 3807 3414 3830 ,

1829 3865 1880 3905 c.
1928 3850 2045 3922 49.)
2098 3851 2328 3922 Scripsit
2375 3853 2531 3908 nobis
2568 3852 2880 3925 Tbietbirga
2931 3857 3118 3924 regina
3169 3855 3315 3927 regia
3357 3872 3427 3910 se

1829 3941 1964 3997 velle
1989 3943 2248 4014 dignitate
2278 3957 2372 3998 seu
2399 3943 2588 4014 copula
2620 3946 2742 3999 exui
2765 3985 2780 4010 ,
2815 3955 2869 4000 et
2905 3945 3018 4001 sola
3059 3947 3270 4016 privata
3307 3947 3433 4014 vita

1831 4047 1950 4088 esse
1986 4043 2300 4088 contentam
2353 4035 2689 4090 desiderare.
2738 4035 2838 4090 Cui
2890 4052 2988 4091 nos
3035 4037 3418 4106 rescripsimus

1831 4124 1932 4178 hoc
1963 4123 2120 4178 aliter
2148 4123 2264 4177 ﬁeri
2289 4139 2394 4178 non
2424 4140 2584 4194 posse
2616 4125 2718 4180 nisi
2743 4127 2992 4180 eamdem
3023 4127 3189 4180 vitam
3217 4128 3416 4197 conqu

1828 4214 1944 4284 ejus
1981 4216 2268 4270 Lotharius
2293 4217 2536 4288 elegerit.
2565 4215 2632 4269 Et
2663 4227 2777 4288 post
2804 4235 2976 4286 pauca
2999 4203 3025 4272 :1
3045 4219 3120 4278 De
3145 4228 3418 4278 retroacta

1829 4311 2194 4367 controversia
2233 4301 2544 4379 Tbietbirga
2576 4327 2684 4366 non
2714 4312 2874 4366 debet
2902 4311 3128 4366 ulterius
3157 4311 3224 4367 ad
3253 4313 3418 4367 itera-9

1832 4412 1938 4458 tam
1995 4386 2401 4474 responsionem
2465 4404 2802 4476 provocari:
2865 4405 2992 4474 quia
3040 4405 3186 4474 quod
3248 4403 3420 4460 semel

1828 4493 1966 4548 bene
1995 4493 2276 4547 definitum
2310 4499 2412 4557 est,
2453 4502 2508 4548 et
2549 4492 2886 4562 interpositis
2921 4491 3250 4561 iuramentis
3291 4493 3421 4549 delia

101 4545 342 4641 Eicitia:
366 4585 758 4655 separationem
795 4545 1004 4655 quai’rit,
1038 4593 1092 4638 et
1131 4583 1427 4654 coniugalis
1466 4545 1722 4640 connubii
1752 4545 1803 4605 Β
1833 4584 2105 4648 beratum,
2137 4585 2279 4640 nulla
2319 4585 2480 4640 debet
2504 4585 2790 4640 iteratione
2812 4625 2829 4652 ,
2869 4585 2974 4640 nisi
3023 4585 3273 4642 fortassis
3323 4587 3434 4654 ubi

99 4677 460 4734 solutionem
482 4673 756 4747 elllagitat,
782 4683 988 4731 certum
1016 4683 1098 4730 est
1123 4716 1138 4741 ,
1183 4675 1440 4746 Apostolo
1491 4676 1724 4742 dicente,

97 4769 261 4841 quia
291 4767 486 4824 mulier
515 4767 596 4824 sui
637 4769 880 4838 corporis
907 4775 1228 4838 potestatem
1265 4783 1371 4822 non
1399 4769 1590 4832 habet,
1629 4768 1724 4824 sed

95 4864 232 4918 vir.
259 4860 468 4916 Verum
500 4861 542 4915 si
572 4868 627 4915 et
650 4860 764 4929 ipse
791 4859 1106 4930 pudicitiam
1132 4869 1375 4916 sectatus
1403 4901 1418 4926 ,
1449 4859 1724 4930 religionis

93 4957 362 5012 obtentu
392 4951 636 5023 copulam
663 4951 962 5009 dissolvere
986 4953 1090 5018 vis,
1122 4961 1328 5006 tantum
1364 4966 1430 5005 ne
1477 4951 1727 5006 simulate

93 5047 229 5105 ﬂat
259 5085 278 5110 ,
327 5044 695 5100 concedimus.
756 5043 892 5098 Nam
935 5043 1064 5099 licet
1117 5044 1190 5099 sit
1237 5045 1540 5114 scriptum:
1572 5043 1726 5109 Quod

91 5140 282 5196 Deus
318 5137 593 5206 conjunxit
618 5137 774 5189 homo
804 5153 907 5189 non
931 5143 1172 5204 separet,
1222 5133 1366 5189 Deus
1407 5146 1621 5199 tamen,
1672 5141 1729 5187 et

89 5241 240 5284 non
267 5223 453 5291 homo,
479 5224 930 5296 separatquando
961 5223 1128 5278 divini
1177 5224 1378 5278 amoris
1425 5223 1618 5277 intuitu
1661 5237 1722 5276 cx

85 5330 406 5376 consensu
437 5318 720 5387 utriusque
761 5316 1003 5388 conjugis
1053 5316 1398 5370 matrimonia
1427 5313 1728 5370 dissolvun-

87 5423 244 5466 tur.
270 5407 330 5462 Si
368 5423 498 5478 ergo
522 5409 624 5464 hoc
651 5409 809 5465 ntodo
833 5409 936 5474 vis,
967 5409 1204 5480 gratuito
1227 5407 1594 5478 permittimus
1618 5405 1730 5459 ani-

83 5517 246 5564 Ino,
278 5499 624 5569 celeremque
653 5499 955 5570 pracbemus
997 5513 1297 5556 assensum.
1336 5495 1504 5550 Aliter
1547 5503 1727 5550 autem

81 5590 254 5650 ﬁeri
277 5596 525 5644 mutuam
549 5591 950 5659 separationem
977 5600 1211 5645 vestram
1246 5585 1616 5657 prohibemus.

357 5699 433 5754 De
453 5701 635 5755 eadem
661 5719 732 5756 re.
763 5701 848 5756 Ea:
869 5702 1022 5756 dictis
1049 5701 1236 5755 Basilii
1265 5701 1510 5770 episcopi.

189 5789 325 5854 CX.
358 5789 708 5862 (Honestam,
731 5793 824 5850 lib.
853 5809 927 5860 ιχ,
958 5809 1006 5849 c.
1033 5792 1146 5864 45.)
1173 5790 1229 5848 Si
1257 5793 1378 5863 quis
1405 5789 1516 5846 vult
1539 5789 1723 5860 conju-

1833 4673 2000 4731 fuerit
2024 4673 2198 4744 major
2225 4675 2544 4742 auctoritas,
2579 4675 2883 4730 retractari.

2272 4787 2350 4842 De
2366 4789 2570 4858 judicio
2597 4789 2966 4846 ecclesiastico.

1906 4877 2087 4938 CXIV.
2111 4877 2377 4950 (NICOLJ,
2419 4879 2573 4949 ibid.)
2601 4878 2804 4934 Deinde
2827 4879 2952 4948 quia
2987 4877 3239 4936 Ecclesiae
3271 4879 3428 4936 refu-.

1835 4971 1980 5042 gium
2007 4986 2278 5040 quaerens,
2305 4971 2732 5032 ecclesiasticum
2769 4969 3034 5042 iudicium
3081 4985 3296 5040 semper
3321 4985 3416 5026 ει·

1833 5073 2036 5134 petens,
2064 5063 2308 5119 saeculari
2337 5078 2442 5118 non
2468 5062 2846 5134 debetiudicio
2867 5063 3122 5126 submitti.
3149 5061 3278 5116 Post
3301 5061 3432 5116 hac

1833 5169 1981 5218 vero,
2005 5170 2128 5210 cum
2161 5169 2259 5210 nos
2287 5167 2352 5207 ex
2383 5161 2612 5223 utraque
2645 5163 2797 5224 parte
2819 5194 2834 5219 ,
2881 5154 2934 5208 id
2967 5160 3052 5208 est
3081 5160 3189 5206 tam
3227 5167 3260 5205 a
3289 5165 3426 5220 rege.
3457 5151 3460 5154 ’

1829 5260 1993 5317 quam
2032 5260 2064 5299 a
2092 5245 2298 5315 regina,
2331 5242 2590 5299 fuerimus
2613 5245 2884 5314 provocati
2925 5243 3134 5310 iudices
3158 5281 3172 5308 ,
3205 5256 3422 5312 nosque

1830 5337 2110 5392 amborum
2139 5337 2564 5392 controversiam
2590 5336 2830 5390 exsecuti
2879 5335 3047 5389 simus
3073 5373 3088 5398 ,
3130 5333 3198 5387 ad
3237 5333 3415 5388 nullos

1832 5426 1966 5482 alios
1995 5427 2244 5482 convenit
2263 5425 2473 5496 iudices
2505 5441 2666 5494 super
2693 5425 2796 5482 hoc
2834 5423 3050 5492 negotio
3080 5422 3366 5480 convolare
3396 5439 3410 5488 ;

1835 5531 1958 5572 cum
1982 5517 2278 5572 secundum
2301 5530 2486 5570 sacros
2507 5530 2741 5570 canones
2760 5529 2788 5566 a
2813 5513 3084 5584 iudicibus
3105 5529 3242 5584 quos
3269 5531 3428 5570 coma.
3453 5575 3456 5578 ,

1835 5610 2013 5665 munis
2059 5625 2358 5681 consensus
2398 5608 2620 5674 elegerit
2659 5621 2766 5662 non
2813 5605 2970 5660 liceat
2997 5621 3290 5676 provocare
3319 5624 3333 5674 ;
3364 5609 3458 5677 et

1833 5699 1922 5754 ubi
1952 5687 2212 5756 concessa
2238 5708 2320 5754 est
2347 5697 2681 5768 provocatio,
2713 5713 2818 5752 non
2862 5695 2960 5748 nisi
2993 5697 3080 5750 tibi
3133 5694 3304 5763 major
3331 5704 3424 5756 est,

1833 5791 2126 5848 auctoritas
2157 5790 2311 5846 itceat
2337 5803 2646 5860 provocare.
2699 5787 2878 5860 Itarpte
2910 5803 3029 5844 cum
3059 5803 3163 5844 non
3193 5787 3258 5841 sit
3290 5799 3442 5860 ﬁfth.
