3944 6408
557 358 661 424 307

1639 359 2003 433 RECINCNIS
2037 350 2450 434 PRUMIENSIS
2488 369 2775 436 ABBATIS

3678 377 3761 444 $03

558 483 766 540 stolica:
791 472 935 541 sedis
979 484 1330 550 auctoritate,
1371 499 1489 556 quin
1536 487 1817 542 amborum
1864 490 2137 560 negotium
2164 495 2215 551 Α
2245 489 2444 545 femina
2486 500 2672 561 postea
2720 488 2884 546 fuerit
2920 488 3206 556 inservita,
3247 480 3436 545 sicam
3476 504 3507 545 a
3548 493 3762 551 servitute

555 577 815 628 exsecuta
842 581 949 640 est,
978 588 1203 643 usquam
1256 573 1432 643 major
1476 577 1811 643 auctoritas,
1867 577 2137 632 nescimus

556 666 603 720 si
629 655 794 736 aliqui
821 654 982 722 liceat
1000 666 1068 722 de
1105 665 1223 738 ejus
1265 667 1514 738 judicare
1541 669 1747 739 judicio
1788 668 1874 724 vel
1902 667 2019 738 ejus
2056 684 2141 724 rei

558 757 794 846 tractare
822 758 1163 814 sententiam.

556 835 720 919 ᾖδε
747 835 818 903 Ut
847 848 1022 921 nullus
1042 864 1256 921 causam
1270 840 1568 921 judicatant
1606 848 1797 921 iterare
1832 861 2137 921 praesumat.

838 917 925 973 Ea;
955 918 1345 990 Capitularium’
1370 920 1458 972 lib.
1506 936 1588 980 Ill,
1622 929 1739 989 cap.
1766 917 1855 974 51⁷.

624 1004 785 1065 CXV.
817 1010 956 1082 (Lib.
988 1024 1026 1065 ιι
1066 1010 1384 1081 Capitular.,
1414 1027 1464 1065 c.
1494 1002 1607 1080 31.)
1660 1010 1716 1065 Si
1757 1013 1881 1081 quis
1921 1027 2140 1067 causam

549 1100 845 1171 iudicatam
875 1113 1117 1172 repetere
1173 1102 1577 1172 praasumpserit
1620 1100 1672 1155 in
1706 1101 1868 1155 mallo
1893 1141 1909 1167 ,
1958 1101 2143 1171 ibique

555 1194 788 1249 testibus
848 1193 1126 1249 convictus
1175 1186 1378 1257 fuerit,
1432 1200 1525 1246 aut
1578 1191 1882 1261 quindecim
1941 1190 2142 1247 solidos

557 1292 867 1354 componat,
890 1285 984 1339 aut
1002 1282 1312 1353 quindecim
1330 1282 1467 1337 ictus
1491 1296 1521 1336 a
1545 1281 1779 1337 scabinis
1807 1281 1900 1351 qui
1921 1294 2139 1337 causam

555 1376 707 1445 prius
728 1374 1106 1457 iudicaverunt
1125 1374 1375 1444 accipiat.

563 1464 631 1520 Ut
659 1464 854 1536 femina
884 1468 947 1521 de
968 1464 1226 1520 adulterio
1253 1465 1542 1528 inculpata,
1557 1467 1606 1521 si
1636 1465 1968 1536 cumrmarita
1995 1463 2141 1518 debet

628 1535 764 1591 inire
789 1546 1063 1607 certamen
1080 1535 1276 1607 legale,
1300 1552 1424 1607 sua:
1464 1538 1704 1607 potestati
1735 1535 1882 1589 debet
1915 1535 1982 1588 ad
2014 1545 2143 1589 tem-

627 1624 727 1678 pus
758 1608 979 1662 restitui.
1018 1605 1104 1661 Ea;
1123 1605 1344 1678 epistola
1369 1605 1581 1660 Nicolai
1608 1622 1777 1676 papae.

626 1699 811 1757 CXVI.
863 1698 1115 1771 (Νιοοι..1
1168 1700 1318 1770 epist.
1368 1698 1475 1777 50;
1524 1697 1868 1755 *Buacuann.
1906 1696 2001 1753 lib.
2049 1710 2140 1760 ιχ,

559 1807 611 1848 c.
636 1789 752 1862 52.)
780 1790 1084 1858 Praeterea,
1134 1788 1249 1845 sive
1287 1789 1355 1846 de
1392 1788 1629 1861 coniugii
1677 1788 1902 1855 laedere,
1926 1790 2040 1843 sive
2077 1788 2145 1844 de

559 1884 809 1941 adulterii
838 1883 1065 1940 crimine
1079 1881 1342 1952 judicium
1371 1882 1442 1937 sit
1477 1882 1787 1952 agitandum
1812 1921 1828 1945 ,
1859 1879 2003 1935 nulla
2053 1896 2143 1935 ra-

562 1979 711 2034 tione
768 1985 920 2047 patet
958 1974 1135 2049 [Apud
1178 1974 1448 2032 Sirmond.
1477 2014 1493 2039 ,
1544 1973 1688 2028 nulla
1740 1974 1880 2028 ratio
1921 1970 2145 2043 patitur]

559 2066 930 2138 Tltietbirgam
959 2082 1078 2122 cum
1120 2066 1378 2121 Lothario
1418 2080 1580 2135 posse
1623 2065 1761 2119 inire
1807 2062 2139 2127 conﬂictum,

560 2160 645 2216 vel
671 2158 973 2231 legitimum
990 2157 1371 2213 controversiae
1394 2156 1531 2211 inire
1551 2163 1849 2219 certamen,
1866 2155 1967 2208 nisi
1995 2153 2147 2223 prius

563 2254 632 2308 ad
662 2262 872 2323 tempus
900 2251 1061 2307 fuerit
1091 2266 1202 2306 suae
1227 2248 1480 2319 potestati
1505 2256 1560 2303 et
1584 2246 2000 2317 consanguineis
2027 2258 2151 2315 pro-

561 2342 699 2414 priis
726 2342 894 2399 libere
933 2342 1176 2406 sociata;
1213 2340 1355 2394 inter
1381 2354 1515 2409 quos
1562 2337 1724 2394 ctiam
1773 2336 1923 2392 locus
1968 2335 2150 2405 provi-

561 2431 769 2488 dendus
789 2438 873 2487 est
894 2431 948 2486 in
975 2445 1082 2501 quo
1105 2426 1248 2485 nulla
1271 2429 1343 2484 sit
1367 2428 1451 2483 vis
1471 2427 1829 2483 multitudinis
1851 2424 2147 2480 formidan-

564 2523 654 2591 da,
686 2532 742 2579 ct
766 2538 873 2578 non
915 2523 985 2579 sit
1017 2520 1232 2577 diﬂicile
1271 2528 1438 2576 testes
1481 2520 1781 2590 producere
1813 2517 1895 2572 vel
1925 2524 2149 2587 caeteras

564 2629 824 2685 personas
851 2628 970 2684 qua:
998 2622 1110 2668 tam
1134 2628 1161 2666 a
1185 2611 1389 2667 sanctis
1414 2611 1713 2665 canonibus
1737 2622 1898 2678 quam
1926 2623 1957 2662 a
1988 2618 2150 2662 vene-

567 2709 753 2763 randis
779 2707 1037 2764 Romanis
1062 2703 1270 2775 legibus
1320 2704 1373 2758 in
1417 2701 1723 2774 hujusmodi
1765 2697 2150 2756 controversiis

566 2798 937 2867 requiruntur.
992 2795 1120 2850 llaec
1160 2793 1363 2848 idcirco
1420 2790 1662 2847 “diximus
1703 2798 1764 2845 ut
1804 2789 2152 2845 ostendamus

568 2905 730 2960 quem
779 2889 959 2959 legum
1001 2885 1305 2943 conﬂictum
1354 2883 1644 2940 Lotharins
1692 2881 1946 2952 congredi
1992 2893 2152 2949 posse

572 2987 821 3032 autumat
861 2992 983 3033 cum
1040 2984 1268 3047 persona
1317 2990 1479 3044 quam
1528 2972 1580 3027 in
1633 2973 1745 3027 suis
1786 2966 2155 3040 penetralibus

572 3069 813 3139 quotidie
838 3068 1025 3138 fatigat
1052 3076 1107 3123 et
1131 3066 1386 3131 conterit,
1417 3065 1632 3136 quando
1660 3062 1777 3117 vult
1800 3063 1868 3117 ad
1889 3058 2152 3129 judicium

579 3252 773 3308 educta
799 3250 1099 3317 fuerit,nisi
1125 3265 1189 3306 ea
1212 3248 1529 3320 profiteatur
1543 3260 1662 3316 quae
1683 3245 1797 3314 ipse
1817 3241 2151 3314 praeceperit,

579 3350 687 3399 etc.
726 3336 965 3413 Propriae
1005 3341 1168 3412 igitur
1210 3338 1448 3394 libertati
1496 3335 1758 3393 committi
1812 3341 1868 3389 et
1910 3334 1978 3388 ab
2007 3331 2155 3388 omni

578 3432 927 3504 oppressione
972 3448 1036 3488 ac
1059 3424 1220 3503 257
1261 3438 1526 3501 potestate
1562 3428 1724 3493 illius,
1764 3442 1886 3483 cum
1929 3440 2036 3495 quo
2077 3424 2155 3478 in-

578 3520 691 3577 itur
728 3521 1032 3586 conflictus,
1070 3528 1285 3591 Oportet
1325 3520 1544 3577 liberari
1585 3528 1747 3588 atQue
1782 3518 1895 3574 suis
1935 3516 2158 3571 liberter

582 3612 857 3685 [licenter]
886 3613 962 3666 uti
984 3652 999 3676 ,
1036 3619 1093 3666 et
1120 3620 1399 3681 suspectas
1421 3623 1681 3681 personas
1710 3606 1965 3664 convenit
1988 3604 2155 3661 decli-

585 3720 720 3759 nare
743 3705 834 3774 qui
858 3718 918 3759 sc
944 3704 1013 3759 ab
1037 3686 1264 3772 objectis
1288 3701 1570 3757 ostendere
1596 3699 1746 3768 cupit
1772 3700 2088 3752 immunem.

624 3793 709 3847 Ne
730 3793 955 3864 episcopi
978 3794 1231 3847 sententia
1263 3790 1586 3846 retractetur.
1628 3781 1716 3843 Ea:
1737 3786 1844 3858 lege
1864 3782 2123 3841 Remana.

653 3883 862 3939 CXVII.
896 3882 981 3955 (L.
1017 3883 1043 3936 l
1079 3882 1210 3937 Cod.
1244 3876 1498 3935 Tlteodos.
1532 3879 1606 3934 De
1647 3879 1803 3949 episc.
1842 3877 1989 3948 jud.)
2017 3877 2161 3933 Con-

582 3973 856 4029 stantinus
885 3973 1184 4043 imperator
1214 3971 1344 4026 dicit
1378 3988 1391 4024 :
1426 3969 1531 4025 Pro
1561 3969 1762 4023 sanctis
1796 3982 1861 4022 ac
1883 3967 2164 4021 venerabi—

579 4058 722 4118 libus
753 4062 1016 4118 habeatur
1035 4060 1294 4132 quidquid
1315 4059 1686 4130 episcoporum
1714 4055 1877 4111 fuerit
1898 4055 2165 4111 sententia

584 4153 972 4218 terminatum,
1003 4167 1102 4206 nec
1133 4151 1292 4206 liceat
1334 4149 1558 4204 ulterius
1582 4147 1865 4204 retractari
1892 4146 2163 4218 negotium

583 4245 726 4314 quod
754 4244 1127 4314 episcoporum
1155 4243 1422 4297 sententia
1451 4239 1732 4296 deciderit.

586 4352 646 4410 Si
671 4373 773 4424 qua
800 4353 989 4408 mulier
1008 4362 1226 4424 mortem
1255 4353 1353 4405 viri
1385 4353 1468 4424 sui
1491 4349 1756 4424 cum‘aliis
1782 4347 2054 4424 consiliala
2076 4348 2163 4400 sit.

657 4414 746 4479 Ex
765 4424 983 4478 concilio
1003 4423 1139 4491 quod
1161 4423 1356 4489 factum
1381 4422 1479 4491 fuit
1515 4421 1582 4474 ad
1615 4414 1931 4473 Vermeriam
1968 4428 2166 4485 tempo-

656 4494 801 4548 ribus
828 4491 1032 4563 Pippini
1056 4494 1226 4562 regis,
1249 4507 1364 4560 cap.
1404 4492 1458 4545 6.

661 4603 887 4660 CXVIII.
919 4602 1142 4675 (Concil.
1186 4600 1417 4656 Vermer.
1446 4616 1495 4656 c.
1527 4599 1590 4667 5;
1624 4599 1932 4656 Buacuaan.
1960 4597 2054 4653 lib.
2084 4614 2161 4664 vt,

590 4715 644 4757 c.
672 4698 787 4767 41.)
816 4697 872 4752 Si
896 4711 1003 4767 qua
1031 4694 1223 4750 mulier
1248 4703 1479 4749 mortem
1505 4692 1605 4746 viri
1634 4693 1717 4746 sui
1749 4706 1872 4747 cum
1898 4690 2016 4746 aliis
2040 4705 2164 4746 con-

590 4791 769 4850 siiiata
798 4796 915 4852 est,
964 4794 1019 4842 et
1050 4788 1163 4857 ipse
1192 4786 1278 4840 vir
1320 4785 1490 4856 ipsius
1535 4772 1839 4851 hominem,
1882 4798 1941 4840 se
1979 4783 2168 4838 defen-

591 4882 767 4939 dendo
785 4921 801 4947 ,
827 4868 1117 4946 occiderit,
1142 4886 1198 4933 et
1219 4879 1322 4934 hoc
1349 4876 1578 4949 probare
1605 4884 1816 4947 potest,
1843 4875 1933 4932 ille
1956 4875 2041 4931 vir
2077 4890 2173 4947 po.

591 4980 730 5038 test,
759 4980 820 5026 ut
850 4970 1003 5026 nobis
1030 4968 1260 5034 videtur,
1291 4967 1462 5038 ipsam
1508 4980 1734 5024 uxorem
1777 4966 2050 5023 dimittere
2071 5004 2089 5032 ,
2116 4973 2171 5022 et

594 5068 640 5120 si
668 5064 926 5129 voluerit,
968 5062 1130 5118 aliam
1174 5061 1423 5132 accipiat.
1472 5059 1591 5132 Ipsa
1618 5068 1799 5116 autem
1828 5058 2129 5116 insidiatrix
2153 5098 2169 5125 ,

594 5156 927 5229 poenitentia:
955 5155 1210 5221 subacta,
1237 5153 1440 5224 absque
1462 5166 1560 5223 spe
1594 5150 1828 5222 conjugii
1863 5157 2098 5206 maneat.

597 5269 675 5324 De
701 5269 923 5340 ingenua
949 5269 1039 5338 qui
1061 5266 1309 5322 ancillam
1337 5264 1553 5391 alte7rius
1574 5262 1845 5335 acceperit.
1861 5260 1947 5316 Ea:
1973 5259 2171 5327 eodem,

1289 5355 1405 5391 can.
1470 5374 1485 5390 .

1289 5355 1405 5409 cap.
1441 5355 1485 5391 ι.

669 5426 853 5487 CXIX.
881 5429 1105 5503 (Concil.
1142 5418 1373 5484 Vermer.
1421 5442 1471 5483 c.
1515 5425 1578 5493 6;
1624 5423 1933 5481 Buacmnn.
1962 5423 2057 5479 lib.
2088 5439 2175 5490 ix,

600 5534 653 5581 Β.
683 5524 801 5594 26.)
830 5525 885 5579 Si
908 5524 1031 5595 quis
1058 5524 1322 5593 ingenuus
1346 5521 1509 5575 homo
1528 5518 1779 5573 ancillam
1802 5517 2025 5572 alterius
2045 5531 2177 5571 uxo-

603 5620 720 5670 rem
758 5615 1062 5684 acceperit,
1100 5621 1155 5668 et
1176 5613 1408 5668 :estimat
1436 5610 1577 5680 quod
1608 5609 1836 5681 ingenua
1858 5608 1963 5672 sit,
1992 5607 2036 5662 si
2066 5608 2189 5677 ipsa

678 5751 828 5818 (ιρι)
858 5751 990 5809 Vide
1018 5752 1111 5807 lib.
1141 5767 1179 5805 ιι
1208 5749 1335 5821 Leg.
1366 5748 1627 5820 Longob.,
1663 5747 1741 5802 tit.
1782 5745 1874 5812 Ii,
1904 5759 2022 5815 cap.
2059 5746 2140 5800 l0.

2188 4532 2240 4591 D

2244 583 2510 637 redimere
2555 590 2762 654 potest,
2794 582 2981 648 faciat;
3014 583 3059 638 si
3093 597 3198 638 non
3240 590 3451 651 potest,
3482 583 3526 639 si
3550 584 3760 653 voluerit,

2243 673 2402 727 aliam
2441 672 2698 745 accipiat.
2726 671 2987 730 Similiter
3010 681 3065 730 et
3090 673 3282 731 mulier
3306 674 3531 745 ingenua
3558 673 3619 731 de
3639 686 3765 733 sem

2242 764 2464 819 alterius
2497 763 2677 820 facere
2708 773 2905 835 potest.

2241 852 2407 925 2'58
2435 853 2496 911 Si
2521 864 2698 911 servus
2719 871 2869 910 suam
2896 851 3143 911 ancillam
3171 855 3504 925 concubinam
3529 849 3679 910 habet.
3699 854 3765 911 Es

2797 926 2997 990 eodem,
3024 925 3191 994 capite
3224 924 3276 980 8.

2312 1015 2477 1073 CXX.
2509 1014 2734 1087 (Concil.
2776 1014 3011 1070 Vermer.
3051 1031 3102 1069 c.
3132 1014 3212 1086 7.)
3239 1014 3294 1068 Si
3322 1028 3507 1069 servus
3534 1028 3667 1068 suam
3690 1029 3762 1067 an-

2243 1111 2420 1167 cillam
2449 1109 2803 1165 concubinam
2847 1108 3126 1170 habuerit,
3158 1106 3203 1161 si
3236 1106 3308 1160 ita
3349 1103 3551 1175 placet,
3594 1114 3760 1175 potest,

2242 1200 2333 1257 illa
2363 1200 2611 1263 dimissa,
2663 1212 2848 1269 parem
2894 1210 3048 1253 suam
3092 1194 3341 1252 ancillam
3378 1195 3569 1251 domini
3597 1196 3669 1250 sui
3700 1209 3766 1249 ac-

2243 1294 2438 1363 cipere.

2277 1381 2356 1438 De
2381 1382 2563 1436 liberto
2583 1381 2674 1452 qui
2694 1378 2941 1435 ancillam
2965 1379 3162 1432 domini
3194 1377 3437 1432 tenuerit.
3473 1373 3554 1429 Ea:
3576 1374 3737 1429 eodem.

2311 1473 2497 1530 CXXI.
2521 1471 2746 1545 (Concil.
2773 1469 3003 1525 Vermer.
3029 1467 3170 1540 (λδ.)
3199 1467 3256 1522 Si
3285 1481 3493 1530 servus,
3518 1464 3767 1519 libertates

2245 1562 2463 1618 domino
2493 1577 2591 1617 suo
2620 1568 2842 1629 accepta
2861 1600 2876 1625 ,
2904 1565 3091 1628 postea
3132 1572 3254 1612 cum
3281 1554 3474 1609 ancilla
3519 1554 3627 1623 ejus
3646 1554 3764 1608 adul-

2248 1652 2445 1707 terium
2491 1648 2920 1721 perpetraverit,
2965 1648 3011 1702 si
3060 1646 3308 1702 dominus
3351 1642 3467 1713 ejus
3503 1643 3639 1708 vult,
3674 1641 3771 1697 velit

2248 1743 2414 1805 nolit,
2452 1742 2620 1811 ipsam
2649 1754 2875 1794 uxorem
2900 1736 3147 1793 habebit.

2173 1836 2218 1895 B
2247 1833 2306 1889 Si
2339 1832 2650 1888 venditionis
2679 1844 2841 1885 causa
2873 1843 3053 1885 servus
3078 1838 3127 1883 et
3154 1825 3354 1882 ancilla
3395 1833 3689 1896 separentur.
3710 1822 3771 1876 Es

2933 1899 3135 1953 eodem.

2316 1992 2523 2049 CXXII.
2553 1989 2774 2064 (Concil.
2826 1987 3054 2043 Vermer.
3083 2003 3133 2042 c.
3167 1986 3279 2058 l9.)
3324 1983 3383 2041 Si
3421 1997 3602 2041 servus
3621 1992 3669 2038 et
3702 1996 3772 2036 ano

2249 2084 2372 2140 cilia
2403 2094 2499 2154 per
2522 2080 2851 2137 venditionis
2879 2093 3100 2134 causam
3148 2076 3387 2148 separati
3432 2073 3647 2137 fuerint,
3670 2087 3773 2142 pra-

2253 2176 2469 2233 dicandi
2497 2182 2622 2230 sunt
2650 2183 2710 2229 ut
2737 2172 2817 2228 sic
2845 2178 3133 2238 maneant,
3171 2170 3216 2225 si
3247 2183 3342 2226 eos
3371 2165 3673 2238 conjungere
3694 2176 3773 2218 nol

2250 2283 2556 2339 possumus.
2738 2340 2749 2343 Α

2324 2358 2429 2415 Sed
2477 2359 2561 2414 lex
2611 2342 2856 2413 Romana
2906 2356 3064 2427 longe
3103 2352 3297 2410 melius
3326 2353 3399 2411 de
3447 2353 3546 2409 hac
3569 2351 3773 2408 duntaxat

2251 2450 2545 2521 praecipere
2573 2449 2806 2504 videtur.

2431 2542 2507 2595 De
2534 2540 2714 2595 eadem
2758 2556 2832 2594 re.
2873 2537 2943 2593 In
2983 2537 3093 2608 lege
3129 2534 3391 2603 Romana,
3420 2552 3532 2606 cap.
3560 2533 3642 2589 25.

2320 2630 2549 2688 CXXIII.
2587 2629 2891 2703 (Interpret.
2934 2627 2971 2682 1.
3002 2644 3097 2682 un.
3128 2625 3261 2681 Cod.
3298 2625 3553 2680 Theodos.
3580 2624 3638 2676 de
3670 2635 3769 2676 cont.

2255 2723 2439 2793 diuiti.)
2472 2723 2528 2777 lu
2577 2721 2872 2787 divisione,
2900 2720 3106 2790 inquit,
3134 2718 3580 2788 patrimoniorum
3619 2731 3695 2771 seu
3731 2711 3774 2764 ﬁ-

2256 2815 2482 2871 scalium
2509 2813 2846 2868 dominorum
2866 2853 2881 2879 ,
2906 2824 3002 2868 seu
3024 2811 3357 2882 privatorum
3374 2849 3390 2877 ,
3414 2807 3665 2866 observari
3687 2818 3777 2874 spes
3878 2812 3879 2891 ξ

2261 2906 2471 2961 cialiter
2517 2903 2677 2958 debet
2705 2912 2764 2956 ut
2791 2901 2917 2972 quia
2964 2900 3220 2971 injuslum
3249 2906 3334 2955 est
3361 2899 3500 2955 ﬁlios
3528 2913 3555 2953 a
3582 2892 3772 2967 parend-

2258 2998 2590 3061 bus,uxores
2610 3006 2641 3045 a
2670 2991 2900 3057 maritis,
2930 3006 3051 3047 cum
3079 2990 3148 3046 ad
3172 3002 3543 3061 quemcunque
3561 2982 3776 3058 possessio
3878 2980 3879 2987 “

2015 3075 2152 3156 ΜΨ
2258 3084 2596 3156 pervenerit,
2627 3082 2993 3153 sequestrari,
3023 3089 3084 3137 ut
3121 3080 3394 3151 mancipia
3425 3094 3541 3151 qua:
3571 3075 3775 3147 permisu
3878 3122 3879 3135 η

572 3163 794 3226 educit,
821 3161 1035 3231 quando
1056 3159 1170 3214 vult
1199 3159 1266 3214 ad
1306 3157 1538 3250 claustra
1583 3155 1811 3250 reducit,
1843 3164 1897 3209 et
1935 3152 2153 3250 quando
2181 3187 2229 3250 Ο
2261 3152 2490 3242 fuerim,
2534 3173 2588 3229 id
2616 3152 2732 3238 es",
2761 3187 2902 3227 uxor
2928 3186 3053 3227 cum
3082 3170 3210 3226 ﬁliis
3235 3178 3291 3225 et
3317 3170 3511 3224 marim
3538 3181 3654 3231 suo,
3675 3162 3777 3219 da“,
3878 3166 3879 3235 ξ

2263 3240 2517 3330 vicariis,
2567 3264 2634 3319 ad
2667 3278 2831 3317 unum
2863 3262 3094 3317 debeant
3133 3260 3444 3331 pertinere,
3484 3258 3567 3315 cui
3606 3265 3777 3311 necesse
3878 3240 3879 3255 ¹

2263 3356 2427 3413 fuerit
2453 3363 2788 3412 commutare
2822 3353 2966 3424 quod
3011 3352 3319 3408 sollicitudo
3349 3349 3690 3407 ordinandum
3709 3344 3776 3399 de-
3878 3388 3879 3395 η

2262 3450 2354 3503 bet
2401 3445 2708 3517 specialiter
2750 3444 3053 3510 custodire,
3099 3451 3161 3498 ut
3189 3442 3466 3513 separatio
3509 3437 3658 3512 259
3694 3433 3780 3490 lien

2262 3539 2481 3595 omnino
2509 3553 2612 3594 non
2655 3536 2842 3609 possit.

2332 3630 2388 3684 Id
2433 3628 2596 3682 etiam
2633 3628 2699 3682 "in
2744 3625 3056 3682 venditione
3096 3624 3180 3680 vel
3213 3624 3490 3696 emptione
3516 3620 3701 3678 videtur
3718 3612 3781 3668 ob

2264 3719 2468 3775 servari
2495 3718 2725 3784 debere,
2782 3725 2844 3772 ut
2885 3716 3103 3786 quando
3145 3715 3267 3786 quis
3312 3715 3563 3770 maritum
3606 3704 3778 3766 emerit.

2264 3818 2411 3866 emat
2438 3810 2646 3880 pariter
2674 3818 2729 3863 et
2756 3809 3036 3879 coniugem
3056 3848 3073 3871 ,
3099 3806 3205 3863 nisi
3230 3802 3376 3862 forte
3403 3805 3618 3862 alterius
3637 3793 3779 3856 ancilla

2266 3899 2448 3957 fuerit.
2480 3900 2593 3957 Hac
2624 3901 2690 3957 de
2714 3914 2774 3955 re
2796 3900 2885 3954 lex
2904 3898 3059 3969 jubet
3081 3907 3246 3968 atque
3270 3897 3548 3954 interdicit
3573 3904 3627 3950 ut
3650 3889 3782 3947 nullus
3878 3912 3879 3969 1

2265 4004 2454 4046 servus
2478 4005 2650 4059 neque
2675 3990 2925 4060 preprius
2946 4003 3123 4059 neque
3148 3987 3549 4044 ecclesiasticus
3566 3996 3715 4053 neque
3734 3978 3782 4032 de

2267 4085 2400 4141 ﬁsco
2424 4085 2673 4140 ancillam
2704 4084 2934 4139 alienam
2965 4083 3017 4138 in
3038 4078 3348 4153 conjugium
3373 4082 3564 4145 ducat,
3589 4074 3783 4134 similiter

2268 4180 2461 4236 ancilla
2505 4172 2730 4235 alterius
2758 4192 2973 4234 servum
3004 4192 3346 4248 nequaquam
3397 4175 3651 4247 accipiat:
3677 4164 3781 4240 quod

2268 4272 2313 4328 si
2341 4271 2552 4336 fecerit,
2582 4270 2796 4325 irritum
2826 4270 3095 4325 habeatur
3120 4267 3489 4337 hujuscemodi
3515 4262 3779 4333 coniugium.

2269 4369 2324 4416 et
2358 4376 2459 4431 pro
2487 4359 2754 4415 adulterio
2785 4360 3073 4429 deputetur
3107 4356 3277 4429 (294).

2271 4450 2328 4507 Si
2368 4451 2587 4505 maritus
2615 4459 2755 4504 certa
2779 4450 3080 4519 necessitate
3097 4447 3414 4519 impellente,
3431 4457 3574 4502 extra
3591 4444 3781 4499 ducam

2583 4520 2791 4591 fugerit.
2816 4517 2903 4573 Ea:
2938 4517 3158 4574 concilio
3177 4517 3323 4572 unde
3345 4534 3525 4590 supra.

2339 4556 2831 4683 οχχιν.’(ἔοηέξι.
2862 4556 3175 4665 ir.;."...'.'.".'.
3207 4556 3607 4673 Exilii...
3628 4599 3706 4655 lib.
3725 4608 3779 4697 ιτ,

2271 4722 2322 4762 c.
2352 4706 2466 4777 54.)
2496 4705 2552 4760 Si
2584 4705 2741 4774 quis,
2790 4702 3114 4759 necessitate
3151 4698 3449 4757 incvitabili
3496 4698 3782 4777 cogentem
3878 4724 3879 4741 ι

2272 4776 2453 4852 αιίιιιιι
2478 4797 2730 4852 ducatum
2763 4810 2857 4852 seu
2899 4793 3236 4865 provinciam
3283 4790 3517 4862 fugerit,
3545 4793 3629 4842 aut
3653 4776 3782 4838 seni?

2272 4903 2387 4944 rem
2417 4900 2574 4944 suum
2592 4927 2607 4954 ,
2629 4887 2716 4942 cui
2742 4885 2902 4942 ﬁdem
2924 4893 2980 4940 et
3012 4882 3326 4940 ﬁdelitatem
3352 4880 3653 4952 promissam
3674 4881 3781 4926 men-

2276 4980 2367 5035 tiri
2401 4993 2507 5034 non
2535 4984 2743 5049 potest,
2784 4984 3002 5033 secutus
3037 4968 3231 5039 fuerit,
3275 4978 3333 5028 et
3371 4984 3511 5027 uxor
3531 4966 3664 5039 ejus.
3693 4965 3780 5013 αιω
3878 4966 3879 5023 1

2277 5068 2420 5126 valet
2445 5077 2501 5125 et
2543 5075 2750 5140 potest,
2779 5082 2964 5124 amore
2989 5074 3274 5139 parentum
3300 5070 3395 5118 aut
3420 5073 3593 5117 rerum
3616 5055 3781 5140 sum!"

2278 5162 2402 5217 eum
2429 5135 2579 5232 sequi
2608 5158 2876 5225 noluerit,
2900 5135 3015 5231 ipsa
3037 5156 3183 5213 omni
3207 5165 3473 5227 tempore.
3498 5144 3704 5221 (Ιυειηάίυ
3723 5135 3783 5189 'i'
3878 5220 3879 5227 η

2282 5249 2397 5321 eius
2439 5264 2598 5321 quem
2647 5258 2832 5307 secuta
2872 5264 2979 5304 non
3025 5246 3128 5303 fuit
3174 5246 3340 5311 vivit,
3367 5255 3576 5313 semper
3611 5233 3781 5321 itinupta

2279 5314 2615 5413 permaneat.
2664 5334 2759 5396 Ille
2799 5353 2928 5395 vero
2972 5338 3063 5410 qui
3123 5332 3445 5393 necessitate
3488 5333 3714 5401 cogente,
3744 5314 3780 5368 in
3878 5362 3879 5377 χ

2280 5432 2383 5487 alia
2412 5432 2584 5502 patria
2631 5438 2848 5497 manet,
2879 5429 2925 5484 si
2952 5440 3225 5497 nunquam
3260 5427 3314 5481 in
3342 5437 3495 5479 suam
3524 5415 3718 5502 patriam
3742 5415 3780 5456 ει
3878 5440 3879 5491 ;

2282 5537 2622 5581 reversurum
2647 5528 2830 5592 sperat
2847 5559 2862 5587 ,
2888 5520 2932 5575 si
2959 5533 3018 5575 se
3038 5496 3315 5574 continere
3339 5528 3444 5569 non
3466 5514 3646 5581 potesti,
3665 5496 3778 5554 aliam

2284 5630 2504 5672 uxorem
2534 5612 2792 5682 accipiat,
2827 5618 3151 5666 tamencum
3182 5604 3509 5678 poenitentia.
