3944 6398
135 329 242 385 509

1077 317 1164 373 DE
1202 313 1480 371 ECCLES.
1519 309 1796 367 DlSCll‘L.
1841 303 2018 360 LIBRI
2057 301 2216 358 ΝΞΟ.
2253 331 2314 344 —-
2358 297 2486 357 LIB.
2509 298 2570 354 II.

3284 285 3414 346 310'

137 449 216 502 De
241 461 303 502 eo
328 443 418 516 qui
441 453 656 496 tutorem
692 451 838 492 suam
883 437 1116 516 permisit
1143 433 1328 488 relare.
1377 431 1460 485 Ex.
1498 427 1708 489 eodem,
1741 429 1788 484 Α
1813 419 1878 475 Si
1909 436 2011 473 non
2046 415 2232 471 sociati
2255 414 2498 484 coniugio
2538 410 2779 516 fatigati
2807 405 3019 478 fuerint.
3063 402 3148 459 Ex
3177 405 3404 464 eodem.

209 603 426 663 CXXV.
451 599 670 675 (Concil.
713 507 1104 653 Vagati?”
1133 611 1148 659 ;
1173 591 1484 648 Βυιιοιιιιιι).
1511 584 1606 640 lib.
1640 599 1716 644 Ix,

141 714 193 754 c.
231 695 350 766 46.)
387 693 486 762 Qui
514 705 738 748 uxorem
783 703 932 744 suam
963 681 1274 757 permiserit
1317 679 1526 746 velare,
1559 675 1718 730 aliam

141 805 252 846 non
292 787 541 859 accipiat.

143 881 312 953 260
331 877 596 953 Simnlier
611 878 728 953 sine
747 875 959 953 licentia.
973 871 1150 953 mariti
1175 865 1456 953 sni'relum
1477 860 1720 931 accipiat.

475 948 560 1004 Ea:
587 949 790 1002 decreto
819 944 959 1013 apud
999 939 1398 1009 Compendium.

105 1103 110 1106 _
217 1040 456 1098 CXXVI.
489 1037 712 1109 (Gentii.
756 1035 1039 1104 Compend.
1069 1048 1118 1088 c.
1149 1033 1214 1094 3;
1246 1029 1340 1084 lib.
1367 1043 1400 1078 ν
1428 1023 1721 1094 Capitular.

145 1148 198 1188 α.
231 1132 338 1198 16;
363 1131 673 1186 Buscnnun.
715 1127 808 1182 lib.
856 1142 944 1188 ix,
976 1139 1024 1177 c.
1054 1120 1165 1191 l7.)
1195 1118 1386 1174 Mulier
1428 1115 1473 1171 si
1511 1115 1630 1170 sine
1657 1111 1722 1166 li-

145 1221 330 1276 centia
355 1217 534 1274 mariti
559 1216 644 1272 sui
667 1215 843 1270 velum
869 1215 922 1270 in
943 1219 1106 1281 caput
1129 1209 1368 1270 miserit,
1395 1206 1438 1262 si
1467 1203 1584 1260 viro
1608 1203 1722 1273 pla-

146 1310 358 1378 cuerit,
387 1309 612 1379 recipiat
645 1321 765 1364 eam
801 1305 997 1360 iterum
1027 1302 1094 1358 ad
1121 1299 1452 1369 coniugium.

145 1419 228 1475 De
254 1419 466 1474 nomine
490 1418 580 1489 qui
601 1417 656 1472 in
687 1413 1084 1538 aliadprovincia
1107 1427 1322 1538 gramm
1345 1409 1615 1480 acceperit.
1644 1407 1727 1464 Ea:

718 1502 777 1538 eo
817 1501 930 1538 em.
962 1500 1078 1538 can.
1147 1521 1160 1536 .

718 1500 896 1540 eodem
915 1525 930 1548 ,
962 1500 1078 1554 cap.
1107 1500 1160 1538 δ.

218 1577 479 1638 CXXVII.
508 1575 731 1650 (Concil.
779 1573 1063 1644 Compend.
1093 1587 1144 1628 c.
1172 1570 1250 1642 6.)
1283 1567 1453 1624 Homo
1479 1568 1726 1624 Francus

151 1671 366 1742 accepit
404 1668 722 1726 beneﬁcium
755 1682 785 1722 a
813 1664 1024 1722 seniore
1067 1679 1165 1720 suo
1196 1664 1250 1718 in
1283 1662 1388 1718 alia
1415 1660 1724 1732 provincia,

150 1771 209 1817 et
235 1759 390 1817 duxit
419 1774 601 1814 secum
629 1772 784 1812 suum
823 1755 1146 1820 vassallum;
1171 1763 1226 1810 et
1247 1763 1368 1826 post
1393 1755 1508 1808 hare
1530 1752 1626 1806 fuit
1653 1751 1724 1806 ibi

151 1861 402 1908 mortuus
423 1865 538 1922 ipse
553 1851 754 1915 senior,
771 1857 825 1905 et
851 1847 1110 1902 remansit
1130 1845 1200 1900 ibi
1227 1844 1514 1916 prtedictus
1527 1841 1726 1898 vassal-

151 1944 258 2002 Ius.
285 1945 510 2014 Accepit
531 1955 706 2000 autem
733 1943 896 2002 homo
930 1941 1068 1996 alius
1093 1941 1265 2010 ipsum
1297 1937 1645 2002 beneﬁcium;
1679 1943 1734 1989 et

152 2047 213 2094 ut
237 2053 463 2094 securus
485 2043 665 2106 posset
702 2035 904 2090 habere
933 2034 1107 2105 ipsum
1137 2031 1420 2086 vassallum
1445 2072 1458 2096 ,
1487 2030 1636 2085 dedit
1659 2027 1732 2082 illi

153 2129 444 2184 mulierem
476 2129 540 2184 de
587 2128 704 2198 ipso
747 2125 1040 2192 beneﬁcio,
1086 2132 1141 2181 et
1166 2122 1354 2178 habuit
1395 2135 1514 2176 eam
1554 2119 1735 2190 aliquo

155 2227 424 2290 tempore.
481 2219 548 2274 Et
591 2233 714 2274 cum
763 2217 854 2274 ille
899 2216 1078 2273 senior
1131 2215 1264 2271 dure
1313 2221 1496 2285 ageret
1545 2222 1734 2268 contra

153 2323 314 2374 eum,
351 2308 573 2364 dimissa
617 2305 842 2379 conjuge
886 2321 1140 2362 reversus
1164 2313 1247 2360 est
1273 2305 1342 2359 ad
1373 2313 1623 2374 parentes
1651 2317 1734 2357 se-

149 2399 328 2456 nioris
355 2399 438 2454 sui
476 2400 703 2462 mortui,
737 2407 792 2454 et
817 2398 1024 2468 accepit
1055 2397 1126 2453 ibi
1155 2409 1396 2452 uxorem.
1444 2395 1736 2450 Deﬁnitum

149 2497 242 2546 est
269 2497 332 2544 ut
360 2489 504 2542 illam
531 2503 694 2558 quam
723 2497 909 2558 postea
935 2487 1152 2557 accepit
1175 2486 1391 2540 habeat.

221 2597 304 2652 De
331 2613 493 2652 uxore
515 2605 634 2652 ante
669 2597 1051 2652 contaminata.
1091 2595 1176 2650 Ex
1197 2596 1376 2652 eodem
1394 2635 1408 2662 ,
1436 2613 1550 2666 cap.
1579 2593 1668 2649 10.

228 2686 515 2744 CXXVIII.
546 2686 770 2759 (Concil.
797 2685 1080 2758 Compend.
1110 2701 1154 2742 c.
1185 2687 1259 2756 7.)
1289 2685 1344 2742 Si
1367 2687 1486 2756 quis
1512 2701 1732 2741 uxorem

149 2777 402 2848 accepit,
444 2785 498 2834 et
524 2789 641 2832 eam
670 2777 1091 2833 contaminatam
1121 2777 1398 2832 inveniens
1427 2775 1734 2845 dereliquit,

149 2878 212 2924 et
259 2869 424 2923 aliam
474 2869 714 2938 accepit,
765 2878 1026 2925 statutum
1073 2879 1156 2924 est
1203 2878 1262 2924 ut
1304 2868 1629 2924 omnimodis
1672 2869 1736 2922 ad

153 2959 404 3028 priorem
431 2969 740 3015 revertatur
771 2977 783 3014 :
821 2960 946 3029 quia
984 2969 1036 3014 et
1067 2959 1213 3030 ipse,
1237 2959 1452 3028 quando
1479 2958 1622 3012 illam
1646 2973 1735 3013 ac-

154 3053 340 3122 cepit,
371 3059 550 3123 potest
592 3051 710 3107 ﬁeri
753 3059 814 3106 ut
857 3051 1010 3122 virgo
1039 3065 1144 3106 non
1175 3057 1350 3116 esset;
1396 3066 1494 3105 nec
1543 3050 1738 3104 mulier

155 3145 282 3215 lege
323 3145 425 3198 viri
453 3153 665 3201 tenetur
690 3159 973 3215 quousque
1003 3143 1200 3200 marito
1229 3145 1608 3216 coniungatur.
1647 3144 1738 3198 Illa
1769 3133 1813 3196 C

154 3249 330 3306 quam
357 3245 542 3304 postea
581 3236 820 3308 accepit,
851 3237 1018 3292 nubat
1041 3236 1128 3292 cui
1157 3236 1291 3291 vult.

155 3359 326 3431 261
378 3355 462 3412 Ne
507 3357 696 3427 furiosi
744 3333 1077 3481 muginwnio
1129 3356 1444 3427 junguntur.
1501 3354 1586 3408 Ea:
1635 3353 1743 3408 leae

872 3443 1079 3481 omana.

872 3443 1079 3482 omana.

234 3535 470 3594 CXXIX.
501 3536 684 3609 (Prien.
711 3536 805 3591 lib.
834 3552 872 3591 ιι
901 3535 1072 3602 Sent.,
1091 3536 1171 3590 tit.
1204 3534 1300 3602 I9;
1321 3535 1627 3592 Bnncmnn.
1653 3534 1742 3587 lih.

161 3643 258 3690 ιι.
285 3643 334 3684 c.
367 3627 480 3699 ⁵50.)
507 3625 692 3696 Neque
729 3626 966 3682 furiosus
1005 3641 1181 3696 neque
1222 3625 1424 3680 furiosa
1468 3625 1746 3678 matrimo-

159 3721 318 3775 nium
347 3719 668 3776 contrahere
693 3717 933 3789 possint:
970 3719 1062 3774 sed
1099 3719 1143 3773 si
1175 3725 1510 3773 contractum
1553 3717 1741 3780 fuerit,

159 3827 275 3868 non
313 3819 612 3881 separetur.

289 3927 352 3984 Si
371 3927 460 3998 qui
483 3926 818 3981 matrimonia
845 3925 960 3980 sani
981 3924 1292 3995 junxerunt.
1317 3921 1404 3977 Ea:
1429 3923 1626 3979 eodem.

235 4037 456 4095 CXXX.
489 4037 816 4110 (Bessum).
856 4035 950 4090 lib.
991 4051 1081 4099 Ix,
1119 4051 1168 4091 c.
1195 4035 1311 4107 28.)
1343 4035 1400 4092 Si
1443 4036 1538 4105 qui
1562 4036 1747 4090 matri-

159 4131 412 4187 monium
439 4130 558 4184 sani
585 4135 992 4192 contraxerunt,
1028 4135 1082 4183 ct
1107 4127 1196 4181 uni
1221 4143 1288 4181 ex
1319 4126 1526 4182 duobus
1563 4141 1748 4180 amen-

160 4223 240 4276 tia
269 4229 366 4274 aut
393 4219 542 4274 furor
563 4227 654 4272 aut
678 4217 856 4287 aliqua
879 4217 1161 4272 infirmitas
1185 4217 1494 4282 accesserit.
1517 4217 1586 4272 ob
1607 4217 1749 4272 hanc

161 4311 542 4368 inﬁrmitatem
579 4309 822 4380 coniugia
867 4311 1052 4364 talium
1093 4309 1224 4364 solvi
1253 4324 1359 4364 non
1387 4316 1632 4378 possunt.
1665 4307 1749 4363 Si-

161 4402 376 4457 militer
395 4401 730 4457 sentiendum
761 4402 826 4456 de
853 4401 939 4457 his
977 4403 1064 4471 qui
1104 4401 1172 4457 ab
1197 4401 1520 4457 adversariis
1541 4416 1746 4456 cacan-

161 4505 280 4558 tur,
313 4503 408 4548 aut
433 4493 688 4548 membris
717 4491 1122 4549 detruncantur.

161 4605 229 4662 Si
257 4605 412 4676 cujus
449 4621 585 4659 uxor
623 4603 938 4685 adulterium
969 4605 1354 4685 perpetrarent.
1399 4602 1482 4659 Ex
1524 4603 1744 4660 concilio

655 4673 999 4739 Nannetensi,
1025 4673 1137 4746 αφ.
1163 4675 1254 4730 21.

239 4783 478 4841 CXXXI.
521 4782 744 4852 (Concil.
789 4781 1019 4840 Nannet.
1063 4797 1113 4838 c.
1161 4782 1272 4854 l2.)
1317 4781 1374 4838 Si
1420 4781 1572 4851 cujus
1612 4797 1751 4838 uxor

160 4875 494 4932 adulterium
519 4873 928 4946 perpetraverit,
955 4883 1011 4928 ot
1034 4873 1135 4930 hoc
1161 4889 1192 4928 a
1215 4873 1330 4928 viro
1357 4874 1748 4942 deprehensum

160 4965 336 5022 fuerit
379 4975 435 5021 et
475 4966 824 5036 publicatum,
863 4963 1098 5020 dimittat
1121 4978 1362 5030 uxorem,
1405 4963 1447 5019 si
1489 4963 1748 5029 voluerit,

159 5065 395 5128 propter
435 5057 886 5122 fornicationem;
927 5057 1014 5112 illa
1060 5071 1188 5114 vero
1214 5067 1418 5128 septem
1457 5055 1614 5112 annis
1653 5073 1749 5128 pu-

157 5148 314 5204 blice
336 5149 615 5218 pmniteat.
643 5148 738 5204 Vir
763 5163 891 5204 vero
912 5148 1050 5218 eius,
1078 5148 1164 5201 illa
1187 5148 1420 5212 vivente,
1450 5147 1752 5204 nullatenus

161 5241 336 5296 aliam
371 5241 619 5312 accipiat.
661 5239 812 5307 Quod
843 5241 890 5295 si
919 5240 1148 5296 voluerit
1190 5225 1486 5294 adulteram
1524 5241 1624 5294 sibi
1663 5255 1748 5294 re-

163 5329 492 5398 conciliari,
537 5331 810 5387 licentiam
853 5332 1086 5398 habeat;
1123 5331 1196 5386 ita
1241 5340 1420 5386 tamen
1450 5339 1507 5386 ut
1545 5332 1751 5402 pariter

163 5435 302 5474 cum
345 5420 435 5476 Illa
477 5421 850 5491 paenitentiam
881 5431 1039 5490 agat;
1079 5430 1132 5476 et
1165 5430 1352 5477 exacta
1399 5422 1746 5492 poenitentia,

165 5520 302 5582 post
339 5519 544 5582 septem
571 5527 744 5566 annos
771 5513 838 5568 ad
876 5513 1303 5568 communionem
1335 5521 1560 5585 uterque
1598 5529 1752 5568 acce-

165 5603 288 5656 dat.
325 5601 528 5656 Similis
553 5601 722 5656 forma
755 5613 810 5657 et
836 5603 888 5658 in
927 5604 1152 5659 muliere
1185 5603 1515 5669 servabitur,
1559 5603 1601 5658 si
1633 5619 1748 5658 eam

171 5691 262 5748 vir
286 5690 403 5764 eius
427 5691 767 5748 adulteravit.
1595 5687 1598 5692 ’

1770 4481 1822 4542 D

2489 481 2604 536 can.
2631 481 2724 536 ἓξ.

1890 577 2146 640 CXXXII.
2191 574 2411 648 (Concil.
2453 501 2780 627 ιέὲξιζεῗό.
2819 569 2931 640 l5.)
2975 567 3032 622 Si
3067 579 3174 638 qua
3200 564 3395 620 mulier
3479 601 3490 642 ~_.

1821 688 1927 729 non
1950 672 2154 727 habens
2174 669 2350 723 virum
2385 665 2546 738 262
2585 673 2678 719 aut
2699 663 2781 718 vir
2808 677 2914 716 non
2943 659 3148 716 habens
3171 669 3395 714 uxorem

1822 761 2021 816 fuerint
2041 757 2310 820 fornicati,
2345 757 2514 810 tribus
2545 753 2700 808 annis
2719 751 3034 821 puenitcant.

1825 850 1965 918 Quid
2000 851 2044 904 si
2083 865 2218 904 unus
2257 846 2524 918 absolutus
2561 854 2628 918 et_
2649 843 2782 918 alter
2817 839 3086 912 copulatus
3115 837 3398 894 adulterati

2335 917 2546 985 fuerint.
2580 913 2664 968 Ea:
2687 913 2884 968 eodem.

1893 1009 2172 1068 CXXXIII.
2209 1005 2434 1080 (Concil.
2479 1003 2712 1060 Nannet.
2742 1017 2791 1059 c.
2825 1002 2930 1069 l4;
2969 1001 3276 1058 Buucmnn.
3301 998 3396 1054 lib.
3426 1051 3428 1053 ,

1825 1117 1900 1166 Ix,
1931 1116 1980 1156 c.
2011 1099 2124 1170 70.)
2149 1098 2300 1166 Quod
2332 1097 2376 1152 si
2397 1096 2480 1150 vir
2509 1110 2614 1148 non
2645 1093 2853 1148 habens
2875 1106 3094 1146 uxorem
3125 1105 3244 1145 cum
3272 1087 3428 1140 altc-.

1826 1190 1939 1246 rius
1969 1203 2136 1244 uxore
2163 1185 2571 1251 adulteraverit,
2615 1191 2706 1238 aut
2748 1183 2792 1237 si
2823 1197 2928 1252 qua
2953 1170 3142 1234 mulier
3167 1193 3275 1232 non
3301 1177 3414 1230 ha-

1825 1279 1958 1334 hens
1985 1279 2158 1332 virum
2186 1291 2306 1332 cum
2339 1272 2563 1329 alterius
2585 1272 2720 1334 viro,
2752 1269 2839 1324 ille
2867 1268 2959 1338 qui
2991 1266 3164 1324 foedus
3185 1264 3405 1320 violavit

1824 1367 2081 1440 coniugii,
2110 1375 2316 1436 septem
2347 1366 2524 1426 annis,
2553 1371 2612 1417 ut
2636 1376 2797 1432 supra
2838 1360 3041 1418 dictum
3081 1365 3185 1422 est,
3227 1353 3402 1425 pumi-

1827 1469 1975 1526 teat;
2018 1459 2105 1514 ille
2145 1458 2236 1527 qui
2283 1457 2398 1526 lege
2443 1453 2675 1526 coniugii
2723 1467 2828 1508 nou
2877 1458 3127 1512 tenetur,
3171 1447 3408 1516 quinque

1827 1551 1984 1607 annis
2040 1549 2318 1620 pteniteat.
2381 1544 2565 1614 Neque
2618 1542 2764 1598 enim
2821 1539 3043 1609 aequalis
3091 1534 3406 1607 pmniteutia

1828 1641 2002 1696 danda
2028 1648 2111 1694 est
2135 1639 2219 1694 his
2246 1636 2440 1708 quibus
2463 1631 2707 1689 suﬁiccre
2743 1639 2954 1701 poterat
2990 1631 3055 1683 ad
3090 1625 3408 1696 explendam

1830 1729 2104 1786 libidinem
2145 1741 2296 1782 suam
2327 1723 2560 1794 coniugii
2599 1721 2895 1790 amplexus,
2921 1727 2974 1772 et
3009 1716 3113 1771 illis
3137 1714 3249 1786 qui,
3275 1727 3407 1768 con-

1825 1822 1952 1892 iuge
1975 1827 2244 1883 carentes,
2266 1817 2460 1872 ardore
2483 1814 2718 1872 libidinis
2745 1810 3072 1882 impellente,
3097 1807 3149 1862 in
3177 1806 3412 1862 fornica-

1833 1915 2034 1970 tionem
2058 1909 2388 1965 ceciderunt.

2165 1999 2244 2054 De
2268 1998 2449 2054 cadent
2479 2013 2554 2051 re.
2583 1995 2667 2049 Ex
2705 1988 3072 2048 Paenitentiali.

1904 2089 2190 2148 CXXXIV.
2218 2089 2274 2146 Si
2299 2089 2420 2158 quis
2445 2101 2644 2144 vacans
2689 2098 2857 2138 uxore
2885 2079 3073 2153 polluit
3103 2093 3160 2133 se
3186 2092 3305 2132 cum
3331 2075 3412 2130 al-

1837 2185 2006 2241 terius
2025 2196 2213 2247 uxore,
2239 2180 2396 2235 annis
2423 2178 2630 2235 duobus
2649 2174 2928 2249 pmniteat.
2961 2169 3222 2248 Similiter
3247 2167 3311 2222 dc
3339 2165 3414 2219 fe-

1835 2279 1996 2334 minis
2019 2273 2438 2333 observandum.

2031 2363 2088 2420 Si
2115 2371 2369 2418 umoratus
2393 2359 2638 2416 ancillam
2667 2357 2932 2426 propriam
2959 2353 3200 2409 tenuerit.

1907 2455 2172 2512 CXXXV.
2203 2453 2260 2508 Si
2291 2460 2554 2506 exoratus
2580 2448 2828 2504 ancillam
2858 2443 3128 2516 propriam
3161 2439 3413 2502 tenuerit.

1837 2560 2034 2600 annum
2061 2558 2224 2598 unum
2253 2541 2536 2610 poeniteat,
2571 2537 2656 2592 vel
2685 2537 2738 2591 in
2763 2535 2868 2591 alio
2893 2548 3034 2588 anno
3057 2541 3168 2588 tres
3191 2531 3416 2599 quadra-

1835 2637 2069 2706 gesimus
2097 2645 2150 2692 et
2177 2634 2444 2704 legitimas
2475 2631 2658 2696 ferias,
2697 2637 2752 2685 et
2778 2627 2948 2682 tribus
2972 2624 3246 2682 mensibus
3271 2621 3418 2694 prius

1837 2743 1896 2783 se
1921 2741 1950 2780 a
1975 2741 2067 2782 sua
2097 2725 2367 2781 contineat
2387 2721 2629 2792 coniuge.
2655 2719 2861 2776 Ancilla
2886 2732 3036 2783 vero,
3060 2716 3104 2771 si
3129 2716 3236 2769 vim
3260 2728 3416 2784 paSSu

1837 2827 1953 2884 est,
2002 2817 2358 2888 quadraginta
2402 2814 2558 2880 dies;
2598 2813 2642 2868 si
2679 2813 3025 2868 consentiens
3075 2807 3268 2872 fuerit,
3310 2816 3418 2860 tres

1841 2911 1892 2964 in
1941 2924 2082 2964 anno
2131 2905 2574 2980 quadragesimus
2620 2913 2675 2960 ct
2723 2903 2989 2976 legitimas
3037 2899 3200 2956 ferias
3249 2902 3421 2971 pomi-

1841 3007 1972 3056 teat.

1843 3089 2004 3162 263
2039 3087 2096 3144 Si
2147 3089 2311 3142 laicus
2361 3105 2476 3141 cum
2499 3087 2663 3162 __lnica
2686 3087 2892 3162 femina
2927 3083 3215 3153 fornicatus
3243 3081 3418 3150 fuerit.

2488 3155 2572 3210 Ea:
2599 3157 2798 3210 eodem.

1915 3249 2193 3306 CXXXVI.
2223 3250 2554 3320 (Bnncmnn.
2586 3247 2678 3302 lib.
2703 3263 2776 3309 IX,
2802 3263 2849 3302 c.
2875 3245 2985 3314 68.)
3016 3243 3072 3298 Si
3101 3243 3269 3298 laicus
3297 3257 3422 3296 cum

1844 3339 1977 3394 Iaica
2002 3337 2235 3404 femina,
2268 3339 2318 3392 id
2350 3347 2452 3402 est,
2483 3345 2706 3406 uterque
2743 3335 3015 3390 absolutus
3039 3347 3069 3386 a
3095 3332 3211 3402 lege
3233 3331 3422 3398 conju-

1843 3429 1937 3502 gii,
1967 3437 2075 3484 tres
2107 3443 2275 3483 annos
2297 3429 2595 3498 poeniteat;
2635 3435 2690 3482 ct
2720 3433 2921 3496 quanto
2950 3423 3146 3492 saepius
3178 3431 3232 3478 et
3253 3420 3422 3492 negli-

1844 3519 2055 3592 gentius
2073 3534 2136 3574 ea
2165 3527 2384 3588 peccata
2416 3517 2826 3582 commiserunt,
2849 3523 2997 3570 tanto
3019 3513 3188 3586 magis
3213 3520 3266 3568 et
3297 3521 3423 3568 tem-

1845 3628 1945 3682 pus
1969 3611 2197 3666 addatur
2218 3617 2271 3665 et
2297 3611 2484 3666 modus
2513 3608 2865 3680 paenitentiae.

1847 3723 1922 3778 De
1941 3723 2220 3794 conjugato
2247 3723 2336 3792 qui
2355 3720 2864 3846 sa’pibulsmfornicatus
2895 3717 3068 3772 fuerit.
3097 3715 3182 3772 Ετ
3203 3713 3424 3770 concilio

2535 3809 2554 3845 ι
2591 3801 2814 3845 erituno.

2535 3801 2814 3845 iberttuno.

1917 3883 2219 3940 CXXXVII.
2256 3881 2481 3954 (Concil.
2522 3881 2721 3936 Eliber.
2751 3898 2800 3937 c.
2831 3879 2938 3947 47;
2980 3879 3114 3934 RAB.
3156 3877 3307 3947 epist.
3354 3873 3423 3928 ad

1848 3973 2123 4029 Heribald.
2155 3989 2204 4030 c.
2231 3975 2334 4041 Ὦς
2372 3973 2682 4030 Buncuann.
2725 3971 2818 4027 lib.
2861 3987 2945 4036 rx,
2987 3985 3035 4025 c.
3067 3969 3180 4039 67.)
3219 3965 3277 4022 Si
3304 3965 3424 4034 quis

1849 4067 2019 4124 ﬁdelis
2059 4069 2265 4123 habens
2293 4082 2516 4122 uxorem
2547 4081 2650 4120 non
2683 4063 2850 4119 semel
2896 4061 2988 4117 sed
3032 4059 3226 4128 sapius
3265 4055 3427 4112 fuerit

1849 4159 2172 4222 moechatus,
2207 4159 2258 4210 in
2290 4157 2395 4212 ﬁne
2427 4157 2617 4211 mortis
2645 4163 2727 4211 est
2755 4151 3172 4209 conveniendus.
3199 4147 3349 4214 Quod
3380 4147 3426 4200 si

1849 4263 1906 4304 se
1949 4249 2258 4318 promiserit
2289 4257 2658 4311 cessaturum,
2701 4245 2858 4300 detur
2895 4243 2944 4296 ei
2989 4239 3316 4296 communio.
3369 4236 3423 4290 Si

1849 4339 2222 4404 resuscitatus,
2253 4353 2440 4392 rursus
2469 4335 2630 4392 fuerit
2671 4335 3004 4395 moechatus,
3038 4329 3252 4404 placuit
3283 4325 3424 4382 ulte-

1851 4429 1964 4485 rius
1993 4445 2098 4485 uou
2125 4429 2349 4486 illudere
2375 4429 2511 4483 alios
2534 4428 2600 4483 de
2628 4423 3006 4481 communione
3039 4421 3208 4492 pacis.

1957 4540 2034 4600 De
2055 4557 2113 4596 eo
2137 4541 2226 4612 qui
2255 4539 2432 4610 lapsus
2458 4539 2616 4593 semel
2644 4543 2738 4591 est.
2767 4533 2852 4590 Ex
2872 4533 3052 4588 eodem
3081 4529 3318 4585 concilio.

1920 4631 2247 4688 CXXXVIII.
2281 4628 2503 4694 (Concil.
2536 4627 2778 4682 Eliberit.
2807 4639 2857 4679 c.
2883 4621 2996 4690 69.)
3035 4620 3092 4677 Si
3127 4621 3249 4691 quis
3289 4618 3430 4674 forte

1852 4724 2058 4780 habens
2100 4739 2356 4786 uxorem,
2397 4719 2564 4774 semel
2617 4717 2778 4772 fuerit
2822 4715 3036 4784 lapsus,
3087 4711 3288 4783 placuit
3332 4724 3438 4781 per-

1852 4814 2277 4887 quinquennium
2323 4825 2484 4882 agere
2520 4809 2588 4864 de
2625 4821 2691 4864 ea
2737 4821 2796 4862 re
2825 4804 3222 4877 pmnitentiam,
3253 4811 3308 4856 et
3349 4801 3440 4856 sie

1855 4903 2210 4968 reconciliari,
2233 4901 2338 4956 nisi
2369 4899 2664 4954 necessitas
2693 4895 3024 4952 inﬁrmitatis
3044 4891 3280 4962 coegerit
3304 4900 3430 4946 ante

1857 5005 2068 5066 tempus
2095 4995 2228 5050 dare
2265 4991 2726 5048 communionem.
2763 4987 2880 5046 [loc
2921 4995 2976 5046 et
3013 4988 3158 5041 circa
3203 4981 3430 5038 feminas

1853 5084 2268 5142 observandum.

1855 5173 1965 5230 Cur
2005 5191 2106 5229 non
2145 5173 2530 5228 communicant
2569 5171 2665 5228 uiri
2701 5186 2818 5225 cuni
2859 5166 3113 5222 adulteris
3155 5163 3426 5218 uxoribus.

2217 5243 2300 5297 Ea:
2328 5243 2545 5312 epistola
2575 5241 2866 5296 Innocentii
2893 5252 3060 5307 papre.

1927 5332 2212 5390 CXXXIX.
2239 5333 2477 5404 (Decreta
2509 5331 2681 5388 Inuoc.
2707 5329 2758 5394 l,
2788 5344 2836 5383 c.
2874 5325 2979 5392 24;
3021 5323 3153 5378 Ras.
3177 5321 3324 5392 epist.
3361 5319 3430 5374 ad

1859 5425 2132 5481 Heribald.
2163 5440 2210 5478 c.
2237 5424 2338 5490 21;
2369 5423 2673 5478 Buncuano.
2715 5419 2806 5474 lib.
2836 5433 2921 5481 ιιι,
2963 5430 3012 5470 c.
3057 5411 3170 5482 77.)
3200 5412 3268 5466 Et
3302 5410 3432 5466 illud

1863 5519 2224 5574 desideratum
2263 5527 2344 5571 est
2373 5515 2533 5579 sciri,
2571 5529 2666 5568 cur
2689 5511 3151 5568 communicantes
3173 5506 3275 5560 viri
3309 5522 3438 5562 cum

1861 5607 2116 5661 adulteris
2160 5607 2418 5660 uxoribus
2459 5619 2562 5658 non
2604 5602 2954 5665 conveniant,
3005 5613 3128 5654 cum
3174 5613 3204 5652 e
3245 5607 3440 5653 contra

1861 5713 2058 5760 uxores
2107 5697 2158 5752 in
2203 5695 2364 5770 264
2407 5694 2735 5750 consortium
2789 5689 3152 5748 adulterorum
3197 5687 3446 5745 virorum;
