3884 5722
471 266 574 338 3t!

1640 280 2008 338 REGINONIS
2045 277 2461 338 PRL‘MIENSIS
2499 279 2824 338 ABBATIS'

3650 288 3755 348 ΞΒ

3104 268 3153 285 ἠ
3192 268 3223 279 γ’
3254 268 3413 289 οἱδτιφγ*

470 405 692 457 manere
712 398 1012 457 videantur.
1038 395 1211 469 Super
1240 399 1338 456 hoc
1362 397 1666 453 Christiana
1692 396 1880 467 religio
1903 395 2048 451 adnl-
2078 402 2120 458 Α
2152 404 2265 450 tera
2309 396 2536 451 maritus
2578 407 2823 467 paratam
2864 396 3032 455 fuisse
3063 402 3447 472 conqueritur.
3481 403 3749 460 Similiter

477 488 672 543 terium
704 488 759 544 in
787 497 1014 560 utroque
1035 504 1165 545 sexu
1193 489 1308 559 pari
1338 489 1545 544 ratione
1567 488 1913 544 condemnat.
1946 484 2054 540 Sed

471 575 622 632 viros
642 592 770 634 suos
793 578 1047 634 mulieres
1073 593 1177 634 non
1205 578 1362 634 facile
1399 579 1466 633 de
1489 577 1753 633 adulterio
1773 580 2052 641 accusant‘,

472 674 531 722 et
555 683 660 721 non
686 667 881 723 habent
905 667 1125 724 latentia
1149 675 1367 739 peccata
1394 668 1705 723 vindictam.
1733 666 1847 722 Viri
1872 675 2054 720 autem

476 771 674 812 uxores
720 757 997 813 adulteras
1038 758 1261 814 liberius
1307 757 1445 828 apud
1490 758 1799 813 sacerdotes
1844 755 2056 811 deferre

474 856 891 904 consueverunt.
920 849 987 904 Et
1008 849 1129 905 ideo
1150 850 1489 912 mulieribus,
1511 849 1725 918 prodito
1745 863 1933 904 earum
1954 846 2055 902 cri-

470 941 646 1007 mine,
683 943 992 998 communio
1031 943 1342 1014 denegatur.
1385 942 1635 997 Virorum
1683 950 1861 996 autem
1902 955 2053 995 com-

471 1029 642 1085 misso
671 1030 890 1097 latente,
919 1047 1023 1087 non
1056 1030 1211 1087 facile
1239 1031 1521 1100 quisquam
1560 1042 1625 1084 ex
1660 1027 2056 1099 suspicionibus

471 1117 813 1185 abstinetur;
846 1120 938 1191 qui
966 1121 1152 1191 utique
1180 1119 1616 1185 submovehitur,
1662 1119 1706 1173 si
1750 1118 1867 1187 ejus
1907 1116 2057 1189 ﬁngi-

390 1248 395 1253 .
474 1208 609 1263 tium
635 1210 938 1280 detegatur.
973 1209 1106 1265 Cum
1141 1225 1273 1281 ergo
1311 1222 1471 1264 causa
1510 1223 1611 1279 par
1634 1208 1724 1272 sit,
1753 1207 2055 1275 interdum,

472 1298 794 1367 probatione
817 1308 1083 1363 cessante,
1111 1298 1362 1354 vindictae
1391 1296 1529 1352 ratio
1555 1295 1911 1366 conquiescit.

473 1405 537 1462 Si
579 1409 784 1463 conscio
822 1410 1014 1463 marito
1053 1424 1190 1477 uxor
1224 1407 1381 1478 fuerit
1423 1406 1697 1461 maeclrata.
1729 1403 1814 1459 Ea:
1838 1403 2056 1459 concilio

1087 1478 1433 1532 Elib‘eritano.

543 1567 700 1624 CXL.
732 1567 955 1640 (Concil.
998 1567 1237 1623 Eliberit.
1280 1582 1330 1623 c.
1368 1561 1465 1632 '10;
1499 1561 1810 1624 Βυκειῐλιωι
1844 1565 1937 1621 lib.
1966 1579 2054 1631 ix,

473 1674 524 1717 c.
549 1657 661 1734 69.)
693 1659 751 1716 Si
779 1660 996 1716 conscio
1034 1661 1227 1715 marito
1257 1672 1393 1715 uxor
1435 1658 1595 1714 fuerit
1625 1658 1915 1722 mtechata,
1945 1656 2056 1726 pla-

473 1748 589 1805 cuit
626 1765 724 1805 nec
752 1750 806 1804 in
848 1749 957 1805 ﬁne
1001 1750 1232 1805 dandam
1273 1749 1323 1804 ei
1362 1748 1815 1803 communionem.
1849 1748 1905 1802 Si
1929 1762 2058 1801 vero
2089 1738 2134 1799 Β

468 1852 592 1892 eam
623 1839 919 1910 reliquerit,
950 1845 1079 1912 post
1110 1841 1296 1896 decem
1335 1850 1509 1896 annos
1550 1839 1778 1911 accipiat
1818 1854 2059 1895 commu-

469 1926 686 1983 nionem
716 1927 889 1999 (295).

466 2016 531 2073 Si
569 2019 688 2089 quis
726 2034 845 2074 cum
887 2010 1081 2076 Indica
1117 2020 1195 2076 vel
1219 2020 1407 2145 gentili
1446 2019 1941 2088 mmclralus‘fuerit.
1972 2019 2058 2075 Em

1156 2109 1216 2145 eo
1256 2108 1359 2145 em.

1156 2108 1359 2147 eadem.

537 2183 717 2241 CXLI.
761 2183 985 2257 (Concil.
1014 2185 1252 2242 Eliberit‘.
1285 2203 1334 2242 c.
1364 2185 1478 2258 78.)
1510 2186 1566 2243 Si
1606 2185 1726 2257 quis
1754 2185 1926 2241 ﬁdelis
1953 2186 2054 2240 ha-

465 2273 606 2329 bens
626 2289 871 2341 uxorem,
889 2291 1009 2331 cum
1029 2274 1216 2351 Iudaea
1236 2276 1315 2331 vel
1341 2277 1527 2348 gentili
1550 2276 1711 2331 fuerit
1731 2276 2050 2342 mmehalus,

469 2381 501 2419 a
529 2367 1199 2423 communione‘arceatur.
1237 2367 1388 2436 Quod
1419 2369 1463 2423 si
1493 2369 1631 2423 alius
1657 2382 1776 2422 eam
1804 2368 2049 2433 duxerit,

467 2464 593 2525 post
620 2452 1066 2528 quinquennium,
1103 2468 1224 2514 acta
1252 2458 1490 2531 legitima
1520 2459 1863 2530 poenitentia,
1899 2469 2052 2527 pote-

464 2546 541 2601 rit
560 2547 865 2603 Domini'caz'
880 2548 1077 2604 sociari
1110 2549 1474 2604 communioni
1499 2548 1667 2621 (296).

678 2654 841 2731 265
869 2654 948 2715 De
973 2661 1249 2716 lenocinio.
1277 2652 1363 2716 Ex
1385 2663 1564 2715 eodem
1595 2662 1836 2718 concilio.

535 2741 738 2804 CXLII.
766 2749 988 2820 (Co‘ncil.
1012 2742 1251 2804 Eliberit.
1278 2767 1328 2806 c.
1352 2750 1462 2823 I2.)
1494 2746 1700 2817 Mulier,
1722 2752 1805 2806 vel
1828 2767 2048 2822 parens,

464 2837 550 2893 vel
579 2833 827 2908 quaelibet
850 2833 1037 2903 ﬁdelis,
1063 2841 1108 2895 si
1135 2835 1457 2897 lenocinium
1482 2843 1806 2908 exercuerit,
1823 2859 1888 2899 eo
1907 2846 2050 2914 quod

467 2926 704 2982 alienum
740 2928 1041 2983 vendiderit
1079 2938 1276 2999 corpus
1301 2930 1384 2986 vel
1414 2932 1591 3002 potius
1628 2949 1815 3001 suum,
1852 2935 2057 3005 placuit

465 3029 587 3069 eam
614 3018 714 3071 nec
744 3015 797 3070 in
826 3015 987 3072 linem
1011 3019 1258 3091 accipere
1276 3022 1734 3078 communionem.

479 3116 567 3183 Ne
588 3115 809 3184 J'uda’us
829 3116 1186 3205 Christianam
1206 3132 1365 3205 ducat
1386 3146 1621 3187 uxorem.
1644 3132 1730 3188 Ea:
1765 3134 1874 3205 lege
1895 3134 2059 3190 Theo.

1029 3201 1272 3266 dosiana,
1304 3201 1395 3256 lib.
1427 3219 1503 3257 ιχ.

547 3275 771 3365 CXLIII.
790 3278 1098 3362 (Interpret.
1123 3291 1167 3346 I.-
1186 3291 1220 3347 5
1243 3280 1378 3348 Cod.
1403 3282 1664 3347 Theudor.
1677 3290 1741 3346 de
1760 3293 2059 3365 adulteris.)

472 3378 587 3435 Nec
623 3364 839 3435 Iudaeus
883 3379 1277 3448 Christianam,
1326 3395 1425 3435 nec
1452 3379 1790 3435 Christianus
1817 3364 2058 3436 Judzeam

473 3469 639 3526 ducat?
660 3486 904 3527 uxorem.
929 3471 1082 3538 Quod
1108 3472 1153 3527 si
1179 3464 1387 3538 fecerit,
1407 3471 1691 3543 cujuslibet
1717 3471 2060 3527 accusatione

470 3546 620 3614 velut
643 3548 697 3615 in
726 3551 1048 3616 adulterium
1074 3561 1401 3617 vindicetur.

542 3669 614 3724 Ut
638 3670 855 3727 alterius
880 3670 1153 3728 mulierem
1178 3673 1355 3797 nulla:
1377 3680 1614 3730 accuset.
1630 3672 1716 3729 Ex
1732 3674 1916 3729 eodem
1939 3672 2056 3739 lib.,

1170 3760 1287 3797 can.
1359 3783 1372 3797 .

1062 3806 1063 3809 η
1170 3760 1287 3811 cap.
1317 3760 1372 3798 4.

456 3898 463 3903 ,
544 3831 773 3890 CXLIV.
795 3835 1100 3908 (Interpret.
1127 3837 1163 3894 I.
1186 3838 1223 3893 2
1241 3826 1373 3893 ϐοά.
1400 3837 1655 3894 Theodos.
1676 3839 1741 3893 de
1759 3838 2059 3909 adulteris.)

474 3909 536 3977 In
564 3913 837 3980 adulterio
854 3934 1167 3981 extraneam
1194 3927 1474 3983 mulierem
1504 3944 1665 3985 nemo
1694 3938 1938 3996 accuset,
1965 3930 2059 3984 sed

481 4013 771 4086 propinqui
804 4015 871 4070 ad
899 4024 1125 4087 quorum
1155 4023 1337 4072 notam
1363 4009 1616 4088 pertinet,
1667 4008 1721 4073 id
1755 4028 1865 4084 est,
1898 4018 2062 4074 frater

477 4116 791 4174 germanus,
819 4106 1099 4176 patruelis,
1131 4117 1353 4179 patruus
1379 4117 1434 4163 et
1454 4109 1823 4166 consobrinus.
1848 4109 2058 4181 Reliqui

472 4200 657 4252 tamen
699 4209 828 4254 ante
854 4199 1283 4270 inscriptionem,
1313 4190 1366 4255 si
1399 4211 1654 4257 accusata
1694 4203 2059 4272 acquieverit,

466 4296 696 4356 possunt
718 4302 818 4358 per
845 4277 1266 4346 satisfactionem
1300 4292 1512 4348 veniam
1538 4293 1857 4363 promereri.

716 4398 796 4453 De
816 4402 1021 4455 maritis
1043 4403 1430 4457 accusantibus.
1458 4404 1545 4458 Ea!
1576 4403 1778 4459 eadem.

543 4476 748 4567 CXLV.
774 4488 927 4562 (Cod.
946 4490 1301 4557 racemum;
1327 4493 1629 4549 Buncmnn.
1646 4495 1741 4551 lib.
1760 4511 1871 4560 m,
1886 4494 2060 4565 (3.37.)

395 4652 435 4667 ἡ
476 4573 688 4634 Maritis
707 4591 839 4633 sane
856 4577 1020 4635 etiam
1042 4593 1109 4634 ex
1137 4580 1443 4650 suspicione
1464 4597 1721 4636 accusare
1740 4584 2058 4653 permissum

474 4676 581 4724 εει.

474 4777 729 4851 260m
756 4779 964 4850 familia
984 4781 1050 4837 de
1073 4782 1336 4840 adulterio
1360 4785 1729 4858 distringatur.
1757 4786 1841 4843 Eat
1856 4786 2058 4842 eodem.

545 4890 771 4947 CXLVI.
814 4891 1115 4965 (lnterpret.
1147 4895 1182 4950 l.
1218 4897 1253 4953 4
1286 4895 1418 4953 Cod.
1492 4897 1755 4954 Theodos.
1792 4899 1913 4955 eod.
1952 4899 2068 4970 tit.)

480 4977 565 5034 De
599 4979 868 5037 adulterio
896 4996 1121 5039 uxorum
1167 4986 1376 5043 maritis
1412 5002 1510 5060 per
1549 4997 1814 5045 tormenta
1845 4988 2062 5043 familia:

489 5066 793 5139 utriusque,
819 5069 874 5126 id
897 5080 981 5127 est
1001 5088 1112 5129 suae
1131 5082 1186 5130 et
1207 5077 1411 5143 uxoris,
1438 5093 1682 5148 quaerere
1697 5079 2028 5151 permittitur
2043 5095 2065 5145 ἲ*

484 5159 533 5213 si
584 5167 767 5217 tamen
788 5163 881 5220 illo
928 5172 1168 5238 tempore
1211 5180 1318 5238 quo
1356 5169 1651 5226 admissum
1680 5171 1899 5235 dicitur,
1948 5170 2062 5224 haec

479 5249 598 5320 ipsa
641 5253 911 5324 mancipia
941 5257 1229 5325 praesentia
1257 5267 1353 5313 aut
1381 5258 1433 5313 in
1474 5258 1662 5315 eadem
1704 5259 1866 5314 domo
1894 5256 2062 5311 fuisse

477 5341 796 5410 probantur.
820 5344 1082 5404 Similiter
1104 5358 1157 5404 et
1181 5348 1229 5406 si
1256 5357 1483 5407 mortem
1507 5352 1608 5407 sibi
1636 5352 1703 5407 ab
1728 5362 1895 5406 ttxore
1917 5348 2063 5404 adul-

555 5492 711 5579 (ἓξ)
730 5500 869 5579 fide
894 5503 1096 5579 Legum
1119 5507 1359 5579 Longob.
1382 5507 1482 5579 lib.
1511 5523 1553 5573 ι,
1587 5508 1670 5579 tit.
1695 5507 1788 5571 52,
1810 5521 1946 5579 cap.
1963 5506 2016 5558 6.

510 5636 520 5648 .
549 5568 701 5649 (296)
730 5569 905 5626 Editio
930 5568 1423 5649 Ilél‘mtestadviensis
1463 5588 1518 5632 et
1541 5568 1727 5649 codex
1748 5568 1893 5649 _n_ts._'
1917 5575 2066 5628 Pari-

477 5644 675 5722 siensis
694 5646 1208 5722 constanterlegunt
1226 5663 1340 5722 eam
1362 5647 1762 5717 duxeritApud
1786 5644 2063 5696 Ralmnnm

2155 484 2319 538 etiam
2373 485 2590 541 familiae
2633 488 2915 559 utriusque
2961 504 3119 559 pinna
3174 490 3530 562 querendum
3573 504 3668 552 εει
3706 498 3748 553 si

2154 576 2384 632 maritus
2405 587 2639 634 mortem
2664 581 2821 635 uteri
2847 581 3087 651 qualibet
3109 583 3324 640 ratione
3342 587 3652 655 paraverit.

2157 683 2220 739 Si
2258 685 2482 756 ingenua
2522 703 2666 744 servo
2705 691 2915 760 proprio
2958 708 3026 817 si;5
3053 692 3337 749 miscuerit.
3389 694 3478 750 Ea;
3529 697 3753 766 eodem,

2841 776 2959 817 can.
3032 802 3047 817 .

2841 776 2959 825 cap.
2993 776 3047 817 u.

2225 843 2471 899 CXLVII.
2499 846 2806 918 (interpret.
2830 848 2867 902 l.
2893 850 3131 909 un.~Cod.
3156 853 3413 909 Theodos.
3438 854 3523 910 De
3538 855 3755 911 mulier.

2154 951 2271 1006 qum
2292 952 2347 990 se
2372 953 2476 991 ser.
2503 954 2584 1007 pr.
2606 938 2790 1011 junx.)
2832 938 2890 995 SI
2933 957 3040 1011 qua
3085 944 3316 1015 ingenua
3357 945 3559 1000 mulier
3592 961 3747 1003 servo

2155 1025 2374 1095 proprio
2418 1040 2480 1082 se
2521 1027 2732 1084 occulte
2774 1030 3085 1097 miscuerit,
3131 1034 3440 1105 capitaliter
3466 1037 3741 1106 puniatur.

2158 1112 2358 1169 Servus
2380 1115 2543 1169 etiam
2570 1117 2662 1186 qui
2693 1116 2746 1171 in
2775 1118 3040 1176 adulterio
3062 1123 3295 1178 domina:
3324 1126 3613 1181 convictus
3636 1125 3749 1181 fue-

2157 1204 2249 1268 rit,
2275 1204 2491 1275 ignibus
2513 1214 2792 1262 exuratur.
2825 1206 3011 1266 Servis
3039 1212 3203 1266 etiam
3230 1213 3336 1267 hoc
3359 1214 3573 1269 crimen
3601 1229 3755 1271 accu-

2157 1307 2278 1348 sare
2306 1293 2463 1360 licet;
2504 1303 2561 1349 et
2594 1296 2638 1349 si
2669 1298 3044 1365 probaverint,
3075 1301 3379 1358 libertatem
3407 1319 3754 1376 consequan—

2158 1390 2279 1447 tur;
2319 1393 2375 1437 et
2419 1383 2467 1438 si
2514 1399 2642 1451 non,
2684 1388 2996 1456 puniantur.
3038 1390 3336 1448 [hereditas
3381 1394 3635 1451 mulieris
3672 1396 3759 1450 vel

2157 1470 2304 1536 filiis,
2332 1471 2378 1525 si
2403 1480 2620 1527 suntex
2652 1476 2863 1531 maritis
2888 1480 3158 1550 suscepti,
3201 1481 3285 1537 vel
3320 1483 3651 1554 propinquis
3690 1499 3753 1541 et

2158 1559 2278 1629 lege
2304 1560 2647 1618 venientibus
2678 1564 2964 1622 tribuatur.
3614 1580 3617 1581 ⁷

2160 1649 2386 1718 Quando
2410 1654 2744 1724 permittatur
2769 1673 2904 1711 uxor
2938 1659 3124 1714 occidi.
3164 1659 3325 1716 Pauli
3352 1661 3757 1719 Sententiarum

2709 1727 2841 1783 libro
2869 1744 2933 1795 tt,
2963 1746 3081 1799 cap.
3102 1731 3195 1784 27.

2230 1812 2767 1888 CXLVIIl.-(was
2791 1818 2884 1872 lib.
2919 1833 2955 1872 tt
3007 1817 3175 1885 Sent.,
3209 1819 3295 1876 tit.
3324 1820 3447 1891 27.)
3478 1821 3755 1879 Inventam

2159 1901 2213 1956 In
2238 1903 2503 1961 adulterio
2532 1922 2754 1963 uxorem
2780 1908 3010 1964 maritus
3038 1908 3112 1963 ita
3143 1910 3359 1966 demum
3388 1912 3651 1969 occidere
3670 1928 3755 1985 po-

2158 2005 2284 2064 test,
2308 1998 2354 2054 si
2377 1999 2677 2055 adulterum
2706 2000 2853 2056 domi
2875 2001 3317 2071 comprehendat.

2536 2091 2618 2147 De
2639 2109 2727 2147 reo
2752 2092 3017 2148 lenocinii.
3049 2091 3135 2148 Ea:
3158 2094 3359 2149 eodem.

2226 2182 2455 2239 CXLIX.
2486 2183 2676 2253 (PAUL.
2708 2185 2877 2257 ibid.)
2894 2185 3030 2241 Eum
3062 2185 3152 2256 qui
3180 2186 3235 2240 in
3263 2186 3541 2242 adulterio
3570 2187 3754 2259 depre»

2155 2273 2380 2330 hensam
2415 2275 2576 2347 267
2610 2292 2832 2333 uxorem
2879 2293 2987 2333 non
3032 2277 3215 2333 statim
3255 2277 3578 2347 dimiserit,
3610 2296 3754 2337 reum

2154 2364 2407 2419 lenocinii
2436 2365 2711 2434 postulare
2732 2365 2953 2436 placuit.

2315 2458 2396 2513 De
2423 2457 2678 2514 dilatione
2703 2459 2757 2513 in
2786 2476 2945 2515 causa
2971 2460 3235 2515 adulterii.
3266 2459 3355 2515 Ea:
3378 2460 3596 2515 eodem.

2220 2546 2331 2603 CL.
2354 2546 2561 2620 (PA-UL.,
2591 2548 2744 2620 ibid.)
2771 2546 2828 2603 In
2854 2563 3013 2605 causa
3038 2548 3309 2617 adulterii,
3335 2550 3381 2606 si
3403 2549 3755 2606 manifestum

2153 2638 2338 2723 fuerit,
2381 2639 2569 2695 dilatio
2611 2640 2883 2711 postulata
2906 2641 3169 2712 impertiri
3211 2658 3316 2698 non
3360 2653 3550 2723 potest
3597 2643 3753 2717 [apud

2154 2721 2409 2793 Paulum,
2437 2727 2623 2784 dilatio
2653 2729 2920 2799 postulata
2950 2729 3227 2800 impetrari
3254 2744 3361 2784 non
3389 2721 3631 2804 potest].

2284 2816 2362 2873 De
2387 2818 2671 2889 virginibus
2700 2819 2870 2875 laicis.
2904 2818 2989 2875 Ea;
3014 2820 3233 2874 concilio
3262 2820 3630 2876 Eliberitano.

2221 2908 2349 2965 CLI.
2389 2908 2610 2982 (Concil.
2641 2910 2882 2967 Eliberit.
2913 2928 2962 2969 c.
3003 2913 3106 2979 14;
3145 2913 3277 2968 Rau.
3311 2915 3464 2983 epist.
3497 2916 3572 2968 ad
3606 2914 3760 2970 Heri-

2154 2999 2297 3053 bald.
2323 3014 2372 3055 c.
2409 3000 2513 3068 25;
2542 3001 2854 3056 Buncrunn.
2885 3001 2979 3056 lib.
3013 3019 3089 3067 rx,
3121 3018 3173 3058 α.
3204 3003 3314 3076 14.)
3347 3002 3611 3075 Virgines
3646 3020 3760 3075 qua

2082 3098 2129 3160 ο
2159 3083 2524 3162 virginitatem
2560 3107 2713 3148 suam
2760 3108 2867 3148 non
2910 3094 3284 3161 custodierint,
3317 3094 3364 3150 si
3401 3096 3635 3151 eosdem
3670 3096 3763 3165 qui

2160 3193 2255 3234 eas
2301 3180 2623 3236 violaverint
2669 3182 2894 3239 maritos
2941 3184 3274 3254 acceperint,
3313 3198 3379 3240 eo
3428 3184 3579 3254 quod
3619 3184 3759 3241 solas

2160 3273 2379 3343 nuptias
2422 3273 2775 3342 violaverint,
2829 3287 2952 3347 post
2998 3279 3369 3349 paenitentiam
3417 3279 3585 3335 unius
3634 3282 3760 3335 anni

2161 3363 2596 3421 reconcilientur.
2636 3364 2693 3420 Si
2722 3365 2856 3422 alios
2901 3368 3250 3439 cognoverint
3290 3368 3462 3433 viros,
3502 3383 3571 3423 eo
3616 3370 3765 3439 quod

2161 3456 2445 3510 moechatze
2478 3464 2631 3521 sunt,
2683 3458 3050 3528 quinquennio
3095 3459 3426 3529 pteniteant,
3468 3468 3529 3515 et
3574 3460 3663 3516 sic
3694 3461 3759 3514 ad

2160 3545 2593 3600 communionem
2629 3547 2907 3603 accedant.

2198 3633 2276 3688 De
2301 3634 2382 3689 Itis
2401 3636 2490 3706 qui
2511 3635 2669 3705 fidem
2692 3636 3077 3705 sponsaliorum
3096 3637 3370 3709 frangunt.
3398 3636 3492 3694 Ex
3513 3640 3726 3694 eodem.

2231 3729 2381 3787 CLII.
2431 3729 2661 3801 (Concil.
2703 3730 2944 3786 Eliberit.
2982 3747 3033 3787 c.
3077 3731 3193 3803 ‘54.)
3244 3731 3303 3788 Si
3357 3733 3451 3803 qui
3500 3744 3759 3802 parentes

2164 3822 2320 3877 ﬁdem
2351 3820 2609 3892 fregerint
2635 3823 3026 3893 sponsaliorum
3048 3863 3063 3889 ,
3092 3823 3305 3878 triennii
3343 3832 3594 3894 tempore
3628 3826 3757 3880 abs-

2165 3911 2391 3966 tineant.
2420 3910 2476 3966 Si
2523 3922 2703 3967 tamen
2746 3912 2884 3966 idem
2918 3911 3263 3982 sponsus'vel
3290 3914 3490 3982 sponsa
3520 3913 3576 3967 in
3608 3912 3758 3982 gravi

2161 4000 2390 4055 crimine
2421 3999 2620 4055 fuerint
2648 4001 2987 4070 deprehensi,
3022 4001 3261 4057 excusati
3287 4010 3450 4055 erunt
3477 4012 3755 4071 parantes.

2202 4091 2277 4147 De
2306 4092 2651 4146 benedicendo
2686 4109 2896 4163 sponsa.
2941 4091 3025 4147 Ea:
3049 4092 3265 4147 concilio
3290 4092 3724 4162 Carthaginensi.

2236 4181 2407 4238 CLIII.
2438 4178 2663 4253 (Concil.
2680 4180 2927 4253 Carthag.
2949 4196 3086 4249 tv,c.
3112 4182 3208 4248 15;
3234 4182 3548 4238 Buttmann.
3563 4182 3660 4239 lib.
3684 4199 3757 4248 ιι,

2162 4270 2315 4339 c.5.)
2361 4268 2603 4341 Sponsus
2649 4280 2704 4326 et
2748 4285 2965 4341 sponsa,
3009 4287 3130 4327 cum
3173 4272 3525 4328 benedicendi
3571 4282 3759 4328 sunt:

2164 4360 2465 4424 sacerdote,
2507 4374 2537 4412 a
2566 4361 2880 4429 parentibus
2906 4361 3019 4416 suis
3044 4360 3128 4415 vel
3157 4376 3187 4415 a
3214 4361 3603 4433 paranymphis
3629 4361 3758 4416 απο-

2089 4440 2141 4499 D
2168 4456 2379 4503 rantur.
2419 4447 2521 4514 Qui
2561 4464 2683 4503 cum
2725 4449 3150 4505 benedictionem
3193 4451 3528 4521 acceperint,
3568 4452 3758 4506 eadem

2169 4556 2325 4600 nocte
2369 4559 2466 4614 pro
2508 4545 2810 4599 reverentia
2856 4545 3022 4618 268
3070 4546 3237 4617 ipsius
3279 4545 3677 4602 benedictionis
3706 4544 3758 4599 in

2168 4632 2472 4709 virginitate
2500 4646 2872 4708 permaneant.

2166 4726 2234 4783 Ut
2257 4726 2432 4783 nullus
2455 4726 2671 4782 alterius
2691 4744 2934 4800 sponsam
2956 4728 3197 4796 accipiat.
3220 4725 3305 4783 Ex
3324 4727 3549 4799 epistola
3576 4727 3756 4785 Siricii

2878 4810 3050 4868 pap‘az.

2233 4885 2410 4945 CLIV.
2458 4887 2699 4960 (Decreta
2729 4885 2943 4953 Stmcn,
2981 4903 3033 4944 c.
3070 4887 3133 4953 «I;
3176 4884 3479 4944 lintrem.
3532 4888 3630 4944 lib.
3682 4903 3753 4953 tv,

2166 4992 2216 5032 (ξ.
2246 4974 2342 5042 15;
2375 4977 2681 5034 Burmann.
2716 4976 2809 5032 lib.
2843 4993 2921 5042 ιχ,
2949 4992 2999 5032 c.
3029 4975 3144 5047 3i.)
3176 4976 3250 5032 De
3276 4978 3549 5049 coniugali
3578 4987 3754 5033 autem

2169 5068 2457 5125 violatione
2487 5068 2780 5139 requisisti,
2810 5069 2855 5124 si
2886 5069 3262 5140 desponsatam
3292 5067 3384 5124 alii
3421 5070 3659 5140 puellam
3683 5068 3755 5123 al-

2171 5171 2254 5216 ter
2298 5161 2351 5214 in
2404 5160 2808 5216 matrimonium
2857 5160 3029 5230 possit
3073 5160 3338 5230 accipere.
3385 5159 3506 5216 Hoc
3550 5177 3621 5216 ne
3670 5159 3755 5214 list

2169 5253 2345 5307 modis
2387 5250 2639 5307 omnibus
2689 5251 2996 5306 inhibemus
3041 5269 3057 5307 :
3108 5251 3232 5321 quia
3288 5250 3380 5304 illa
3427 5250 3751 5312 benedictio,

2169 5355 2331 5414 quam
2360 5353 2607 5413 nupturae
2636 5344 2890 5399 sacerdos
2920 5343 3165 5413 imponit,
3191 5342 3332 5413 apud
3359 5342 3550 5399 ﬁdeles
3576 5343 3750 5415 cujus—

2172 5498 2485 5553 Consensus
2517 5498 2619 5551 iste
2651 5496 2779 5552 fecit
2815 5511 2884 5551 ne
2922 5512 3042 5552 eam
3082 5497 3368 5554 lectionem
3397 5506 3751 5553 mutaremus.

2173 5567 2306 5649 ljam
2343 5567 2656 5622 susuicabnr
2676 5581 2860 5612 vneam
2895 5568 3097 5596 dum-'-
3142 5584 3181 5585 η
3420 5584 3431 5585 κ
3471 5583 3482 5590 .
3568 5582 3586 5588 -
3622 5564 3755 5604 -.ηδ
