3944 6400
558 253 662 311 515

1655 256 2019 316 REGINONIS
2056 256 2468 316 PIIUMIENSIS
2503 257 2789 316 ABBATIS
3666 273 3746 330 διδ

559 383 607 423 c.
648 368 761 438 29.)
801 363 1103 440 Impudicas
1121 365 1578 440 detestabilesque
1628 384 1890 440 personas
1917 384 2133 442 (mona-
2158 373 2212 434 Α
2234 371 2337 438 sui,
2362 371 2462 428 nisi
2491 370 2628 428 forte
2656 374 2818 444 regali
2837 374 3081 446 iussione
3104 386 3342 450 cogatur.
3398 381 3462 437 Et
3506 383 3548 439 si
3573 391 3748 456 quando

559 460 785 516 chorum
836 462 1040 518 scilicet
1086 471 1248 533 atque
1285 463 1690 528 monacharum,
1723 478 1864 532 quae,
1915 463 2132 534 abjecto

560 551 839 620 proposito
867 553 1192 618 sanctitatis,
1224 552 1408 608 illicita
1433 567 1498 608 ac
1523 554 1784 623 sacrilega
1809 553 2136 624 contagione

559 655 618 696 se
655 641 988 715 miscuerint)
1016 658 1047 696 a
1076 643 1531 700 monasteriorum
1577 651 1720 698 cmtu
1749 642 2132 698 eccl'esiarum-
2151 655 2168 671 ·

560 745 668 800 que
723 731 1076 788 conventibus
1130 731 1494 788 eliminandas
1543 748 1666 788 esse
1729 733 2053 789 mandamus
2115 749 2132 788 :
2189 724 2236 803 λ

559 830 826 892 quatenus
847 831 1072 879 retrusae
1097 824 1149 878 in
1185 824 1300 880 suis
1339 825 1644 896 ergastulis,
1682 834 1893 880 tantum
1917 825 2138 884 facinus.
2203 844 2205 846 ·

560 914 811 970 continua
841 914 1222 972 lamentatione
1270 915 1559 984 dedentes,
1593 917 1962 988 purilieatorio
2007 934 2133 990 pos-

561 1006 670 1062 sint
698 1008 1050 1077 paenitudinis
1072 1008 1194 1079 igne
1223 1009 1468 1080 decoqui,
1494 1018 1553 1065 ut
1585 1011 1663 1066 eis
1691 1010 1774 1066 vel
1805 1011 1872 1066 ad
1901 1019 2133 1066 mortem

560 1097 776 1164 saltem,
808 1098 974 1154 solius
1009 1099 1393 1156 misericordiae
1431 1101 1650 1167 intuitu,
1678 1115 1776 1173 per
1797 1101 2134 1157 communio-

560 1186 646 1242 nis
674 1189 904 1260 gratiam
936 1189 1106 1258 possit
1135 1190 1440 1246 subveniri.

736 1303 816 1356 De
843 1302 1026 1357 eadem
1073 1319 1148 1358 re.
1173 1302 1259 1358 Eat
1289 1303 1505 1374 epistola
1528 1303 1765 1376 Gregorii
1789 1322 1960 1378 papae.

629 1391 833 1450 CLXV.
871 1394 1046 1465 (Apud
1078 1394 1345 1450 Gnarus.
1377 1395 1471 1462 27,
1502 1411 1556 1466 q.
1609 1397 1662 1451 I.
1713 1411 1762 1452 c.
1792 1396 1904 1467 15.)
1938 1396 2142 1453 Perve-

559 1482 640 1536 nit
670 1484 736 1537 ad
763 1497 863 1538 nos
884 1484 1024 1552 quod
1053 1484 1272 1553 quidam
1309 1485 1396 1539 vir
1445 1485 1816 1555 nequissimus
1869 1487 2136 1543 diabolico

561 1573 817 1630 instinctu
875 1575 942 1630 de
991 1576 1323 1633 monasterio
1363 1578 1598 1632 sua-serit
1644 1579 1796 1632 exire
1844 1579 2136 1649 quamdam

559 1664 670 1721 Deo
700 1677 990 1734 sacratam,
1028 1675 1190 1737 atque
1222 1683 1259 1722 a
1291 1669 1526 1737 quodam
1563 1667 1707 1734 viro,
1736 1671 1878 1724 unde
1905 1670 2130 1736 exierat,

557 1757 629 1812 sit
674 1767 958 1824 revocata,
991 1775 1291 1830 rursusque
1334 1761 1572 1815 eamvir
1625 1758 1718 1816 ille
1770 1763 2134 1833 nequissimus

560 1848 744 1917 iniqua
803 1851 1056 1905 suasione
1105 1851 1171 1906 de
1218 1852 1550 1908 monasterio
1590 1853 1833 1923 ejiciens,
1885 1855 2022 1924 apud
2077 1869 2137 1910 se

557 1954 701 1995 nunc
725 1956 896 2009 usque
941 1943 1170 1997 retineat
1210 1943 1495 2013 impudice.
1531 1943 1792 2000 Volumus
1845 1955 2024 1999 autem
2069 1952 2130 2000 ut

555 2031 896 2100 episcopatus
919 2033 992 2086 tui
1012 2034 1332 2090 auctoritate
1355 2035 1408 2088 in
1433 2036 1822 2092 monasterium
1847 2045 2136 2093 revocetur

558 2136 622 2176 ac
646 2123 971 2177 retrudatur.

733 2235 811 2289 De
838 2236 1020 2290 eadem
1046 2253 1118 2290 re.
1176 2235 1261 2290 Ea:
1295 2236 1515 2308 epistola
1545 2236 1743 2292 Gelasii
1783 2255 1953 2310 papae.

623 2325 852 2384 CLXVI.
881 2327 1122 2395 (Decreta
1166 2326 1410 2392 Gsusn,
1452 2345 1502 2383 c.
1542 2329 1646 2393 ‘20;
1678 2330 1988 2385 Buncuano.
2036 2331 2132 2388 lib.

558 2434 672 2483 vm,
703 2419 884 2490 e52.)
916 2417 1226 2489 Virginibus
1280 2419 1449 2474 sacris
1494 2433 1554 2473 se
1591 2419 1854 2488 quosdam
1908 2420 2122 2476 sociare

555 2510 921 2580 cognovimus,
965 2518 1019 2563 et
1066 2518 1190 2579 post
1234 2511 1472 2564 dicatum
1532 2512 1871 2581 propositum
1926 2511 2134 2566 incesta

556 2596 758 2655 foedera
785 2600 1153 2670 sacrilegaque
1182 2601 1428 2655 miscere.
1471 2601 1616 2668 Quos
1646 2603 1894 2672 protinus
1919 2617 2144 2671 aequum,

554 2701 639 2748 est
666 2709 695 2746 a
724 2708 877 2747 sacra
891 2693 1270 2748 communione
1291 2693 1524 2758 detrudi,
1548 2703 1602 2748 et
1619 2693 1722 2748 nisi
1745 2709 1840 2763 per
1862 2694 2133 2764 publicam

556 2782 928 2852 privatamque
982 2783 1362 2851 paenitentiam
1425 2798 1532 2837 non
1583 2782 1751 2853 recipi
1803 2801 1816 2836 :
1870 2784 2134 2839 viaticum

558 2883 737 2930 tamen
764 2873 830 2929 de
860 2875 1054 2930 saeculo
1083 2876 1423 2942 exeuntibus,
1456 2875 1501 2930 si
1535 2883 1711 2931 tamen
1760 2875 2132 2946 pcenituerint,

556 2979 666 3018 non
694 2963 898 3034 negari.

559 3078 719 3149 273
753 3076 820 3131 Ut
865 3077 1132 3148 episcopus
1203 3081 1577 3133 monasterium
1633 3080 2006 3134 monachorum

653 3149 948 3217 puellarum
971 3150 1213 3202 introeat.
1247 3149 1329 3202 Ex
1362 3150 1582 3226 concilio
1608 3149 2038 3220 Rothomagensi.

631 3237 877 3292 CLXVII.
911 3237 1242 3306 (Buncusnu.
1272 3238 1364 3293 lib.
1388 3255 1506 3305 vnt,
1539 3254 1588 3294 c.
1619 3238 1729 3310 66.)
1764 3238 1828 3294 Ut
1856 3239 2138 3309 cpiscopus

559 3329 952 3383 monasterium
989 3329 1378 3384 monachorum
1409 3339 1463 3383 et
1501 3329 1996 3384 sanctimonialium
2030 3330 2138 3385 fre-

560 3429 789 3491 quenter
821 3421 1074 3486 introeat,
1101 3428 1297 3476 etcum
1324 3421 1578 3492 gravibus
1608 3429 1664 3474 ct
1707 3421 1976 3491 religiosis
2007 3435 2137 3490 per-

561 3511 708 3566 sonis
739 3512 792 3566 in
836 3526 1021 3567 eorum
1069 3511 1153 3565 vel
1191 3527 1377 3566 earum
1407 3519 1675 3566 conventu
1716 3511 1981 3577 residens,
2035 3525 2136 3567 eo-

561 3618 682 3658 rum
720 3605 887 3658 vitam
923 3611 978 3658 et
1011 3603 1474 3659 conversationem
1508 3601 1794 3672 diligenter
1840 3601 2093 3656 discutiat
2122 3618 2138 3666 ;

563 3702 618 3749 et
645 3694 692 3749 si
738 3693 865 3763 quid
893 3693 1318 3763 reprehensibile
1371 3692 1672 3756 invenerit,
1723 3692 1995 3759 corrigere
2026 3698 2142 3745 sat—

570 3792 715 3854 agat.
774 3782 1278 3837 Sanctimouialium
1308 3781 1469 3834 etiam
1521 3780 1832 3851 pudicitiam
1873 3780 2143 3835 subtiliter

564 3874 873 3944 investiget.
906 3873 974 3927 Et
1021 3873 1065 3927 si
1119 3872 1354 3941 aliquam
1390 3872 1653 3926 invenerit
1704 3886 1841 3940 quae,
1898 3870 2142 3940 neglecto

563 3965 844 4035 proposito
896 3963 1185 4029 castitatis,
1237 3963 1437 4017 clerico
1481 3971 1574 4017 aut
1608 3962 1746 4018 laico
1808 3963 2144 4032 impudenter

567 4057 846 4130 miscetur,
870 4057 1068 4110 acriter
1089 4056 1400 4111 verberibus
1427 4064 1759 4120 coercentur,
1779 4064 1834 4110 et
1861 4056 1912 4110 in
1936 4056 2145 4124 privata

567 4145 816 4202 custodia
844 4146 1169 4209 retrudatur,
1207 4145 1293 4201 ubi
1325 4145 1469 4216 quod
1513 4146 1652 4201 male
1687 4145 1956 4202 commisit
1986 4144 2146 4216 digne

566 4237 848 4308 poeniteat.
886 4237 1182 4292 Interdicat
1233 4245 1410 4292 autem
1453 4253 1522 4292 ex
1571 4239 1899 4293 auctoritate
1931 4245 2146 4292 sancto-

569 4345 690 4384 rum
719 4345 983 4384 canonum
1015 4338 1074 4383 ut
1101 4329 1277 4383 nullus
1299 4329 1469 4385 laicus
1502 4337 1595 4384 aut
1621 4329 1852 4384 clericus
1885 4329 1936 4382 in
1959 4343 2144 4384 earum

2235 461 2381 519 foras
2404 465 2600 535 pergit,
2633 465 2698 521 de
2736 468 3238 526 sanctimonialibus
3264 486 3397 542 quas
3438 488 3608 532 secum
3632 479 3749 536 ducit

2233 567 2420 609 curam
2449 554 2740 611 maximam
2769 555 2988 625 habeat,
3009 566 3069 615 ut
3110 560 3263 616 nulla
3287 561 3364 619 eis
3406 562 3556 620 detur
3575 571 3750 626 occasio

2232 645 2510 714 peccandi.
3063 692 3065 694 .

2340 732 2482 800 Quid
2501 752 2653 807 agere
2683 736 2901 794 debeant
2923 738 3361 794 sanctimoniales.
3392 739 3474 795 Ex
3495 741 3671 796 eodem.

2304 821 2531 880 CLXIX.
2565 825 2788 898 (Concil.
2841 827 3079 900 Magum.
3121 829 3214 884 sub
3241 828 3371 884 Rab.
3418 844 3468 886 c.
3512 830 3608 897 l6;
3644 832 3753 888 Bott-

2233 929 2428 971 cuaan.
2459 915 2551 972 lib.
2588 933 2710 984 vm,
2739 933 2788 974 c.
2825 919 2939 990 77.)
2967 917 3414 976 Sanctimoniales
3451 920 3502 974 in
3531 931 3752 977 monaste-

2234 1005 2317 1060 rio
2343 1010 2649 1065 constitutae
2701 1010 2937 1066 habeant
2975 1011 3211 1066 studium
3264 1011 3318 1066 in
3362 1011 3578 1081 legendo
3625 1020 3673 1066 et
3713 1013 3753 1066 in

2235 1098 2547 1164 cantando,
2596 1107 2653 1154 et
2699 1100 2860 1155 horas
2913 1101 3204 1156 canonicas
3249 1099 3559 1156 solemniter
3592 1101 3754 1172 pariter

2235 1189 2552 1257 celebrent,
2619 1199 2677 1245 ct
2724 1205 2917 1247 omnes
2946 1231 2964 1259 ,
3021 1193 3260 1264 exceptis
3313 1207 3447 1262 quas
3520 1190 3758 1246 inﬁrmitas

2236 1287 2405 1346 tenet,
2451 1279 2506 1334 in
2533 1279 2853 1337 dormitorio
2895 1282 3194 1349 dormiant,
3234 1290 3292 1338 et
3319 1282 3564 1337 omnibus
3607 1282 3758 1338 diebus

2236 1377 2304 1433 ad
2331 1377 2620 1448 capitulum
2663 1385 2719 1432 et
2770 1377 3088 1435 collationes
3117 1378 3354 1443 veniant,
3399 1383 3454 1432 et
3497 1376 3702 1447 regulam
3734 1391 3756 1429 a

2235 1469 2441 1524 sanctis
2470 1468 2723 1525 Patribus
2771 1469 2878 1526 illis
2924 1471 3274 1526 constitutam
3316 1468 3590 1542 diligenter
3613 1469 3758 1524 obser-

2234 1568 2382 1615 vent.

2238 1648 2318 1705 De
2357 1650 2564 1706 cautela
2632 1651 3130 1774 sanctimonialium.
3193 1648 3281 1706 Ea:
3357 1650 3572 1706 concilio
3605 1647 3759 1720 Hispa-

2977 1739 3108 1774 εηδι.

2977 1739 3108 1776 εηει.

2305 1810 2513 1868 CLXX.
2558 1810 2779 1883 (Concil.
2828 1813 3035 1885 Hispal.
3067 1830 3126 1880 It,
3159 1829 3209 1869 c.
3238 1813 3298 1868 II
3325 1830 3340 1880 ;
3379 1811 3666 1868 Buncuann.
3692 1809 3761 1863 lib.

2233 1917 2353 1968 vm,
2405 1918 2456 1959 c.
2521 1904 2636 1976 55.)
2686 1904 2810 1960 Haec
2839 1905 2989 1960 circa
3037 1919 3228 1961 omnes
3276 1903 3494 1960 cautela
3543 1909 3759 1961 servetur,

2234 2001 2296 2048 ut
2340 1993 2532 2048 remoti
2587 2008 2619 2048 a
2688 1993 3064 2064 peculiaritate
3108 1995 3424 2065 virginum,
3485 2007 3580 2048 nec
3632 2004 3765 2059 usque

2234 2081 2302 2136 ad
2354 2081 2677 2136 vestibulum
2730 2081 2966 2137 habeant
3013 2082 3308 2138 accedendi
3364 2082 3621 2137 familiare
3669 2094 3761 2148 pcr-

2234 2170 2480 2224 missum.
2535 2168 2645 2224 Nec
2695 2169 2809 2239 ipse
2852 2171 2945 2240 qui
2989 2179 3189 2240 praeest
3242 2185 3373 2226 cum
3425 2169 3534 2225 sola
3576 2166 3760 2236 colloqui

2234 2259 2412 2325 debet,
2447 2259 2543 2315 sed
2581 2260 2682 2315 sub
2709 2261 3021 2316 testimonio
3050 2262 3278 2316 duarum
3324 2269 3422 2315 aut
3467 2261 3620 2315 trium
3649 2273 3762 2316 sero

2235 2366 2377 2416 rum,
2427 2351 2499 2406 ita
2521 2360 2580 2406 ut
2609 2367 2733 2406 rara
2758 2353 2829 2407 sit
2868 2353 3130 2416 accessio,
3157 2351 3340 2407 brevis
3385 2351 3596 2406 locutio.

2238 2443 2322 2498 Ne
2344 2443 2520 2498 clerici
2542 2448 2624 2499 vel
2648 2445 2973 2515 continentes
2991 2445 3059 2498 ad
3079 2445 3303 2514 virgines
3323 2445 3681 2515 ingrediantur.
3705 2436 3766 2493 Et

2685 2514 2904 2568 concilio
2935 2514 3361 2585 Carthaginensi.

2304 2603 2530 2661 CLXXI.
2565 2603 3052 2676 (Concil.CartIiag.
3081 2621 3166 2668 ιιι,
3195 2621 3246 2659 c.
3268 2605 3387 2673 25.)
3420 2603 3491 2662 Ut
3524 2601 3682 2660 clerici
3703 2597 3763 2653 vel

2235 2697 2575 2752 continentes
2603 2696 2670 2750 ad
2696 2695 2857 2765 275
2879 2695 3066 2750 viduas
3086 2695 3170 2751 vel
3189 2695 3451 2763 virgines,
3466 2693 3560 2748 nisi
3585 2689 3765 2758 exjussu

2236 2794 2329 2840 aut
2349 2785 2613 2856 permissu
2657 2785 3032 2854 episcoporum
3077 2793 3172 2839 aut
3215 2786 3655 2856 presbyterorum,
3683 2795 3760 2834 non

2238 2873 2502 2930 accedant
2528 2891 2541 2927 :
2569 2881 2624 2929 et
2654 2873 2758 2929 hoc
2788 2889 2895 2929 non
2937 2873 3060 2937 soli,
3095 2874 3188 2929 sed
3218 2889 3321 2929 nec
3349 2873 3453 2944 ipsi
3483 2870 3691 2942 episcopi
3729 2876 3772 2921 ct

2236 2962 2536 3034 presbyteri
2562 2979 2578 3028 ;
2614 2963 2710 3017 sed
2731 2962 2820 3018 ubi
2845 2963 3028 3020 clerici
3053 2972 3350 3033 praesentes
3375 2971 3520 3026 sunt,
3540 2971 3622 3016 aut
3643 2955 3770 3026 aliqui

2059 3079 2136 3134 υει
2163 3069 2207 3130 C
2241 3067 2433 3120 graves
2461 3051 2782 3108 Christiani.

2243 3143 2316 3198 De
2337 3143 2594 3216 corruptis
2618 3143 3124 3198 sanctimonialibus.
3160 3142 3244 3198 Ea:
3262 3140 3483 3212 epistola
3529 3136 3771 3194 Innocentii

2938 3230 3109 3283 papaz.

2307 3304 2557 3362 CLXXII.
2591 3304 2834 3376 (Decreta
2880 3303 3060 3360 Inuoc.
3098 3305 3148 3370 Ι,
3176 3321 3225 3360 c.
3267 3304 3364 3369 IO;
3401 3303 3678 3358 Haurcsn.
3700 3296 3768 3351 lib.

2239 3413 2316 3462 1v,
2345 3413 2396 3452 c.
2425 3396 2531 3463 I9;
2564 3395 2875 3450 Buacnann.
2924 3396 3020 3451 lib.
3048 3412 3165 3460 vtu,
3213 3410 3260 3450 c.
3293 3395 3408 3466 l5.)
3433 3394 3558 3461 Qua:
3581 3394 3626 3447 in
3653 3384 3771 3444 Chri-

2240 3496 2324 3545 sto
2353 3488 2662 3558 spiritaliter
2683 3487 2912 3552 nubunt,
2952 3487 2997 3542 si
3036 3496 3225 3556 postea
3268 3486 3484 3556 publice
3523 3478 3770 3552 nupserint,

2238 3579 2326 3635 vel
2375 3593 2433 3636 se
2461 3579 2706 3636 clanculo
2754 3580 3098 3650 corruperint
3129 3618 3145 3644 ,
3195 3594 3302 3633 non
3344 3593 3443 3633 eas
3469 3569 3772 3631 admittendas

2239 3685 2360 3728 esse
2384 3672 2450 3726 ad
2482 3671 2746 3742 agendam
2783 3670 3181 3741 paenitentiam,
3214 3668 3320 3723 nisi
3357 3669 3406 3723 is
3438 3667 3523 3722 cui
3557 3680 3610 3720 se
3628 3662 3775 3731 junxe-

2243 3771 2328 3817 rat
2355 3764 2419 3817 de
2444 3763 2642 3817 mundo
2669 3761 2973 3816 recesserit.
3019 3759 3075 3816 Si
3121 3759 3264 3815 enim
3291 3759 3360 3814 de
3387 3756 3672 3814 hominibus
3689 3750 3771 3803 haec

2244 3853 2382 3909 ratio
2409 3852 2733 3916 custoditur,
2757 3860 2819 3906 ut
2841 3866 2959 3922 qua:
2990 3851 3202 3905 vivente
3235 3849 3352 3903 viro
3375 3847 3529 3902 alteri
3556 3838 3768 3913 nupseril.

2243 3946 2483 4002 adultera
2506 3946 2793 4010 habeatur,
2827 3959 2929 4000 nec
2964 3944 3013 3998 ci
3039 3943 3258 4013 agenda:
3297 3937 3619 4012 poenitentia:
3646 3933 3771 3986 licen-

2245 4039 2319 4093 tia
2343 4039 2686 4104 concedatur,
2747 4037 2850 4092 nisi
2895 4051 3036 4091 unus
3079 4050 3150 4089 ex
3190 4033 3274 4088 his
3321 4030 3487 4086 fuerit
3513 4026 3770 4082 defunctuS.

2245 4141 2445 4202 quanto
2493 4131 2668 4200 magis
2715 4131 2782 4187 de
2834 4131 2922 4186 illa
2958 4129 3246 4186 tenendum
3283 4136 3368 4182 est
3402 4141 3519 4196 qua:
3558 4129 3670 4180 ante
3698 4116 3771 4168 im-

2246 4221 2458 4277 mortali
2483 4236 2543 4277 se
2578 4236 2776 4292 sponso
2793 4220 3169 4291 coniunxerat,
3200 4226 3252 4274 et
3274 4225 3462 4289 postea
3477 4213 3540 4270 ad
3557 4214 3771 4268 humanos

2246 4317 2524 4389 amplexus
2543 4315 2980 4394 .transmigravit.

570 4420 820 4475 claustris
843 4429 898 4476 et
920 4421 1143 4476 secretis
1177 4421 1600 4476 habitationibus
1627 4435 1904 4476 accessura
1932 4421 2139 4485 habeat,

2261 4431 2340 4486 De
2362 4431 2704 4488 swcularibus
2732 4431 2918 4485 viduis.
2944 4429 3030 4482 Ex
3054 4422 3549 4485 concilioMeldensi,
3589 4431 3686 4484 cap.
3703 4408 3768 4463 GI-

570 4525 745 4581 neque
774 4511 1094 4582 presbyteri,
1125 4513 1230 4566 nisi
1276 4519 1484 4565 tantum
1529 4511 1595 4566 ad
1649 4512 1889 4565 missam.
1921 4511 2145 4581 Expleta

570 4599 758 4665 missa,
782 4600 848 4655 ad
877 4601 1135 4655 ecclesias
1163 4615 1288 4654 suas
1317 4599 1561 4655 redeant.
1589 4597 1855 4656 Omnibus
1885 4610 2144 4670 praeterea

568 4690 782 4762 publice
817 4700 872 4746 et
899 4691 1148 4761 privatim
1175 4692 1456 4746 denuntiet
1495 4699 1753 4763 quantum
1783 4691 2050 4762 piaculum
2077 4691 2149 4746 sit

569 4782 662 4852 qui
696 4797 951 4852 sponsam
989 4782 1210 4838 alterius
1235 4783 1422 4849 violat,
1447 4793 1652 4853 quanto
1674 4785 1843 4855 magis
1870 4798 1996 4840 reus
2025 4797 2144 4837 ma-

561 4870 779 4941 iestatis
801 4872 1034 4929 ellicitur
1055 4874 1150 4945 qui
1189 4888 1442 4944 sponsam
1473 4874 1856 4944 omnipotentis
1903 4874 1996 4929 Dei
2022 4888 2144 4929 cor-

569 4965 771 5036 rumpit
795 4963 968 5033 (298).

569 5074 735 5150 274
783 5074 851 5130 Ut
872 5076 1222 5150 abbatissaae
1241 5078 1555 5150 monasterio
1583 5093 1688 5132 non
1712 5076 2031 5150 egrediatur.
2062 5075 2148 5131 Ea:

885 5147 1105 5202 concilio
1132 5147 1564 5217 Mogontiacensi,
1590 5165 1707 5216 cap.
1739 5147 1824 5202 I6.

639 5235 911 5296 CLXVIII.
961 5238 1186 5310 (Concil.
1226 5239 1462 5310 Magum.
1495 5238 1590 5294 sub
1621 5239 1756 5293 Rab.
1790 5254 1840 5295 c.
1867 5240 1971 5304 I6;
2007 5239 2147 5294 Bun-

569 5344 760 5385 cnaun.
793 5330 887 5385 lib.
939 5347 1057 5397 vm,
1105 5346 1154 5386 c.
1207 5331 1321 5401 80.)
1351 5331 1637 5387 Abbatissa
1690 5347 2035 5401 nequaquam
2080 5333 2148 5387 de

571 5417 900 5474 manasterio
933 5419 1246 5490 egrediatur
1289 5419 1391 5475 nisi
1434 5435 1530 5490 per
1576 5419 1852 5475 licentiam
1905 5420 2142 5489 episcopi

632 5532 798 5602 ,(298)
837 5533 1020 5588 Mutila
1069 5543 1154 5588 est
1205 5541 1476 5602 postrema
1532 5546 1659 5601 pars
1719 5529 1874 5602 istius
1927 5531 2143 5598 capitis,

572 5601 696 5674 mm
736 5601 817 5658 sic
858 5601 1320 5661 restituenda’est
1344 5619 1449 5674 fex,
1478 5601 1793 5674 Burchardo
1836 5617 1849 5652 :
1892 5611 2144 5674 quantunt

573 5669 839 5745 piaculum
866 5674 1040 5746 sitqui
1062 5688 1305 5747 sponsam
1328 5673 1520 5730 Christi
1546 5670 1738 5728 violare
1760 5671 2050 5757 prafsuniit.
2085 5669 2149 5728 Si

2323 4524 2594 4580 CLXXIII.
2627 4523 2850 4594 (Concil.
2899 4521 3062 4577 Meld.
3125 4535 3175 4576 c.
3225 4521 3322 4583 70;
3373 4518 3666 4571 Buucuuto.
3697 4501 3767 4554 lib-

2251 4633 2369 4682 vm,
2399 4633 2448 4672 c.
2476 4617 2588 4688 50.)
2618 4617 2690 4672 Ut
2725 4616 2826 4671 illae
2839 4629 2960 4685 quae
2979 4614 3130 4683 quasi
3155 4607 3586 4668 sanctimoniales
3607 4599 3697 4690 sub

2250 4707 2449 4762 lamine
2477 4681 2748 4777 religionis
2777 4681 2972 4776 degere
2995 4681 3263 4766 videntur,
3287 4700 3385 4757 sed
3410 4696 3580 4768 potius
3606 4693 3652 4746 in
3673 4681 3772 4741 deli-

2251 4799 2350 4854 ciis
2373 4799 2612 4852 viventes
2636 4804 2862 4852 mortuae
2903 4796 2955 4850 in
2985 4794 3185 4850 divinis
3217 4791 3392 4849 oculis
3417 4785 3766 4857 computantur.

2251 4889 2557 4960 provincias
2570 4889 2956 4952 discurrentes,
2971 4879 3189 4942 curiose
3203 4892 3258 4940 et
3273 4883 3500 4939 verbose
3519 4876 3569 4949 (1
3585 4874 3698 4930 Tim.
3711 4863 3766 4926 vi.

2253 4980 2296 5036 si
2325 4979 2638 5034 libidinibus
2660 4976 2976 5046 exterisque
3000 4973 3307 5031 carnalibus
3331 4965 3606 5028 desideriis
3635 4969 3682 5016 et
3695 4968 3768 5052 vo:

2254 5071 2546 5140 luptatibus
2576 5069 2840 5126 inservire
2860 5073 3205 5130 accusantur,
3248 5064 3294 5120 si
3333 5059 3610 5118 manifeste
3628 5052 3762 5114 ἀϐίου

2253 5164 2546 5234 potuerint,
2577 5160 2871 5231 episcopali
2903 5159 3226 5216 auctoritate
3265 5167 3323 5212 et
3360 5153 3506 5226 regia
3545 5147 3769 5234 poteslale

2257 5231 2310 5308 iu
2355 5253 2550 5307 talibus
2608 5249 2740 5306 locis
2797 5251 3035 5306 residere
3074 5248 3176 5303 sub
3215 5243 3519 5302 testimonio
3565 5231 3768 5304 religio“

2251 5352 2535 5413 cogantur,
2560 5342 2649 5396 ubi
2688 5341 3057 5411 pmnitentiam
3080 5339 3124 5394 si
3164 5338 3386 5394 fecerint
3403 5336 3626 5405 dignam,
3651 5332 3765 5420 ass?“

2249 5442 2485 5505 quantur
2525 5434 2688 5488 etiam
2720 5433 3067 5487 fructuosam.
3122 5430 3179 5486 Si
3240 5438 3416 5485 autem
3453 5422 3765 5495 27611130"

2249 5545 2382 5597 enim
2410 5543 2499 5597 ille
2537 5559 2653 5596 reus
2696 5550 2897 5596 tenetur
2942 5543 3028 5612 qui
3071 5557 3313 5612 sponsam
3365 5533 3578 5591 hominis
3620 5522 3765 5583 violat,

2246 5623 2441 5685 quanto
2479 5613 2673 5685 magis,
2695 5619 2804 5667 etc.
