3944 6408
138 343 242 411 8r!
279 339 281 341 ’

1063 327 1150 389 DE
1188 324 1468 388 ECCLES.
1501 316 1781 381 DISCIPL.
1810 311 1988 373 LIBRI
2023 310 2187 368 ΠΕΟ.
2229 337 2294 352 -ι-
2323 305 2449 364 LIB.
2488 307 2546 363 11.

3285 303 3392 360 818

145 467 284 518 feste
323 448 495 524 detegi
531 466 635 507 non
663 445 948 510 valuerint,
973 459 1099 515 erga
1146 441 1437 496 Ecclesiam
1466 451 1575 491 sua
1601 433 1716 503 ορὶε-
1745 433 1791 491 Α
1820 428 2029 483 videtur
2057 438 2218 495 quam
2253 421 2485 477 feminis.
2521 418 2695 484 Unde,
2732 418 2858 488 quia
2899 416 3096 473 divina
3139 416 3302 488 leges,
3333 427 3395 474 ut

142 549 326 605 nionis
352 543 546 599 malam
587 540 782 594 famam
812 535 1054 606 legaliter
1092 544 1323 602 purgare
1357 535 1638 597 cogantur,
1664 529 1719 576 et

142 650 206 695 ut
237 635 546 708 religiosius
561 631 628 686 de
647 639 843 684 catero
863 627 1068 689 vivant,
1085 625 1203 679 etin
1233 615 1574 676 monasteriis
1588 630 1719 669 con-

142 741 458 791 versentur,
489 722 776 795 episcopali
799 721 1016 775 decreto
1040 727 1095 772 et
1121 717 1263 787 regia
1281 721 1545 786 potestate
1570 723 1720 764 coer—

142 829 395 875 ceantur.
428 815 500 870 De
522 815 604 869 his
626 813 770 867 enim
801 809 1089 880 Apostolus
1115 809 1245 864 dicit
1274 824 1287 860 :
1316 804 1450 872 Qua
1469 820 1586 856 cum
1617 803 1721 870 for-

145 909 338 962 nicata?
355 905 552 977 fuerint
575 903 627 956 in
642 899 868 964 Christo,
899 899 1088 952 nubere
1127 895 1301 952 volunt
1328 893 1515 968 (Μία.)
1546 891 1717 963 (9.99).

730 1009 806 1064 De
833 1010 1011 1064 eadem
1047 1025 1119 1063 re.

213 1120 495 1181 CLXXIV.
531 1119 864 1192 (Buacmau.
906 1119 1000 1173 lib.
1030 1133 1146 1183 vni,
1171 1132 1218 1172 c.
1246 1117 1336 1182 Μ,
1367 1123 1422 1170 et
1440 1114 1531 1171 Ivo
1567 1120 1721 1185 parte

140 1232 244 1281 vn,
273 1232 324 1270 c.
359 1214 473 1284 59.)
521 1213 597 1267 De
626 1211 800 1266 viduis
845 1209 1131 1279 Apostolus
1157 1208 1326 1263 dicit:
1363 1205 1618 1274 Praecipe,
1643 1205 1722 1258 in-

145 1307 290 1376 quit,
320 1316 376 1358 ut
405 1303 573 1358 vidua:
613 1299 1088 1371 irreprehensibiles
1130 1298 1253 1352 sint.
1288 1295 1460 1351 Vidua
1499 1293 1722 1364 eligatur

145 1411 253 1448 non
278 1394 449 1447 minus
477 1392 749 1462 sexaginta
772 1405 1049 1451 annorum,
1077 1387 1129 1441 in
1149 1387 1384 1456 operibus
1406 1386 1550 1439 bonis
1577 1382 1721 1438 testi-

140 1485 378 1537 monium
405 1482 620 1544 habens,
651 1480 696 1534 si
736 1479 874 1546 ﬁlios
911 1477 1169 1540 educavit,
1197 1483 1311 1531 etc.
1337 1473 1721 1528 Adolescentia-

144 1587 228 1624 res
279 1570 466 1624 viduas
494 1569 686 1623 devita.
732 1565 864 1621 Cum
917 1567 1053 1620 enim
1100 1565 1382 1619 luxuriata
1424 1563 1618 1632 fuerint
1665 1563 1721 1617 in

140 1658 376 1721 Christo,
408 1658 598 1712 nubere
631 1657 808 1711 volunt
833 1697 849 1722 ,
879 1655 1123 1710 habentes
1149 1653 1562 1717 damnationem,
1595 1651 1721 1722 quia

1825 533 1986 589 supra
2011 523 2370 571 monstratum
2394 521 2498 577 est,
2522 512 2624 567 hoc
2649 510 3042 574 contradicunt,
3068 518 3122 565 et
3145 509 3395 566 humana

1825 607 2172 664 nihilominus
2219 603 2449 674 idipsnm
2504 601 2822 672 prohibent,
2878 608 2938 654 ut
2991 598 3206 654 femina
3260 599 3398 654 nihil

1825 698 1970 753 aliud
2012 701 2407 768 prosequantur
2442 691 2494 745 in
2525 691 2739 760 publico
2766 705 2926 759 quam
2967 703 3120 745 suam
3151 703 3392 744 causam.

1824 787 1913 843 Ait
1932 789 2074 842 enim
2099 787 2181 843 lex
2204 781 2572 841 Theodosiana
2599 783 2908 852 (lnterpret.
2927 781 2965 834 l.
2989 780 3022 834 5
3039 779 3169 836 Cod.
3196 780 3391 834 Theod.

1823 881 1888 934 de
1917 880 2168 950 cognitor.
2191 887 2239 932 ct
2258 873 2606 947 procurator.)
2635 891 2649 928 :
2684 891 2704 926 ι
2735 872 2889 927 Nulla
2927 872 3136 926 ratione
3177 869 3395 926 femina

1826 967 2052 1038 amplius
2089 982 2251 1037 quam
2286 981 2413 1021 suas
2443 979 2636 1020 causas
2674 961 2864 1032 agendi
2901 960 3134 1016 habeant
3161 968 3395 1031 potesta-

1826 1066 1934 1113 tem
1953 1097 1968 1122 ,
2000 1071 2101 1112 nec
2139 1056 2366 1124 alicujus
2395 1068 2613 1109 causam
2645 1068 2675 1107 a
2708 1067 2771 1108 se
2796 1051 3042 1106 noverint
3068 1064 3394 1120 prosequen-

1825 1148 1969 1203 dam.
2001 1165 2021 1201 ι
2055 1147 2260 1203 Idcirco
2287 1163 2352 1202 ex
2387 1144 2707 1201 auctoritate
2737 1143 2993 1199 canonica
3028 1140 3395 1196 interdicimus

1826 1246 1886 1292 ut
1928 1237 2072 1292 nulla
2116 1232 2543 1293 sanctimonialis
2585 1233 2738 1302 virgo
2776 1232 2858 1287 vel
2897 1230 3060 1285 vidua
3103 1236 3396 1284 conventus

1827 1327 2106 1400 generales
2131 1327 2310 1393 adeat,
2339 1327 2443 1382 nisi
2480 1340 2510 1380 a
2551 1324 2793 1395 principe
2837 1321 2998 1378 fuerit
3035 1328 3276 1382 evocata,
3304 1323 3398 1371 aut

1827 1417 1895 1473 ab
1913 1416 2165 1488 episcopo
2192 1432 2310 1482 suo,
2333 1416 2436 1471 nisi
2471 1414 2608 1470 forte
2631 1413 2862 1484 propria
2899 1407 3236 1466 necessitatis
3261 1407 3399 1460 ratio

1828 1509 2116 1579 impulerit,
2148 1517 2202 1564 et
2229 1510 2333 1564 hoe
2361 1509 2536 1578 ipsum
2564 1520 2685 1562 cum
2713 1503 2928 1559 licentia
2958 1500 3192 1570 episcopi
3223 1499 3328 1553 sui.

1973 1599 2198 1665 Quando
2222 1599 2363 1669 virgo
2389 1596 2604 1654 veletur.
2637 1595 2720 1650 Ea:
2745 1592 2963 1648 concilio
2989 1591 3255 1660 Africano.

1898 1691 2198 1748 CLXXVII.
2230 1687 2465 1760 (Cancil.
2497 1688 2663 1756 Afric.
2692 1701 2742 1742 c.
2771 1685 2878 1749 95;
2928 1682 3022 1737 lib.
3051 1698 3068 1736 ι
3101 1678 3405 1751 Capitular.

140 1751 371 1847 primaut
398 1749 555 1847 ﬁdem
584 1749 796 1847 irritam
834 1744 1084 1847 fecerunt.
1133 1743 1304 1847 Simul
1351 1752 1399 1798 et
1431 1743 1610 1847 otiosa:
1637 1741 1717 1794 di-
1747 1777 1798 1839 Β
1824 1765 1874 1838 c-Z
1897 1741 2464 1847 ;"ﬁ11;é;l“n'o'."l'ib;
2498 1741 2636 1840 ξω,
2680 1741 2730 1830 οῖ.
2766 1741 2876 1837 λεί
2907 1771 3128 1825 υεετεια
3153 1741 3396 1832 dum",

141 1849 296 1895 scunt
324 1841 545 1894 circuire
579 1841 784 1904 domos,
826 1855 930 1892 non
960 1837 1128 1891 solum
1174 1836 1371 1899 otiosae,
1415 1833 1506 1887 sed
1529 1840 1577 1886 et
1607 1848 1721 1887 ver—

143 1932 304 1992 bosas,
335 1937 386 1982 et
435 1930 676 1994 curiosa,
731 1928 994 1999 loquentes
1034 1942 1151 1996 qua:
1200 1941 1303 1978 non
1344 1932 1560 1994 oportet.
1594 1920 1724 1976 Volo

142 2037 266 2090 ergo
288 2018 529 2088 juniores
574 2019 782 2083 nubere,
807 2018 945 2086 ﬁlios
973 2031 1267 2088 procreare,
1298 2011 1723 2081 matresfamilias

142 2129 274 2176 csse,
306 2106 508 2164 nullam
564 2112 886 2165 occasionem
934 2108 1060 2161 dare
1118 2102 1418 2159 adversario
1459 2101 1723 2156 maledicti

145 2206 337 2275 gratia.
369 2205 492 2260 1am
535 2205 671 2258 enim
697 2200 937 2273 quadam
959 2214 1204 2253 conversa
1225 2204 1298 2250 est
1324 2204 1460 2249 retro
1487 2203 1598 2262 post
1624 2190 1724 2247 Sa-

143 2304 330 2351 tanam
365 2294 416 2367 (I
445 2293 580 2349 Tim.
606 2293 681 2363 v).

466 2383 545 2437 De
569 2382 748 2438 eadem
775 2397 848 2435 re.
884 2378 970 2434 Ex
990 2376 1099 2448 lege
1124 2376 1378 2430 Romana.

209 2473 469 2531 CLXXV.
498 2473 662 2544 (Nov.
696 2470 1012 2534 Masoataur,
1044 2469 1126 2524 tit.
1163 2468 1239 2536 8.)
1265 2465 1556 2521 Viduarnm
1595 2479 1724 2520 sane

135 2565 598 2622 obstinationibus
621 2561 782 2632 277
808 2574 1210 2633 permovemur,
1245 2573 1365 2628 qua
1393 2555 1537 2611 nulla
1576 2554 1724 2626 prole

143 2662 403 2724 suscepta
430 2653 813 2708 fecunditatem
845 2665 997 2705 suam
1023 2649 1365 2719 reparatione
1388 2646 1604 2701 familia
1634 2661 1723 2700 re-

139 2746 367 2816 pudiata
431 2743 664 2814 coniugii
712 2742 994 2796 iteratione
1028 2740 1410 2804 condemnant,
1442 2747 1497 2792 et
1542 2738 1726 2793 solita-

141 2835 282 2889 riam
315 2834 484 2887 vitam
515 2848 642 2898 non,
669 2841 729 2886 ut
770 2831 1061 2902 colligitur,
1115 2831 1390 2901 religionis
1418 2845 1482 2885 ac
1508 2828 1721 2900 pudici-

142 2926 232 2980 tia
257 2939 468 2988 amore,
497 2923 592 2977 sed
623 2923 876 2991 potentia
915 2921 1256 2990 lasciviaque
1280 2919 1495 2974 vivendi
1519 2919 1726 2990 eligunt

138 3013 474 3069 libertatem.
525 3011 729 3078 Quibus
785 3011 852 3066 ad
899 3026 1113 3066 omnem
1155 3009 1384 3064 licentia
1423 3024 1580 3064 usum
1631 3014 1724 3062 aut

141 3102 556 3160 sollicitantium
586 3117 940 3172 personarum
972 3099 1098 3154 ﬁcta
1129 3099 1387 3169 religione
1418 3107 1510 3151 aut
1539 3095 1723 3152 favore

140 3193 329 3250 callidi
385 3201 690 3262 captatores
739 3191 1088 3262 applaudunt.
1147 3188 1255 3244 Has
1291 3189 1356 3243 ad
1401 3187 1728 3243 honestioris

140 3286 275 3340 vita
303 3284 573 3338 tramitem
601 3291 915 3337 revocantes
944 3279 1217 3336 sancimus
1243 3286 1301 3331 ut
1322 3275 1552 3332 maritali
1579 3276 1729 3330 obitu

141 3374 406 3429 destituta
430 3371 623 3427 mulier
639 3369 1086 3441 quadragenaria,
1105 3383 1224 3422 cum
1243 3367 1418 3420 adhuc
1439 3377 1728 3434 procreare

140 3463 353 3518 liberos
374 3477 471 3531 per
492 3455 703 3516 atatem
749 3469 944 3528 potest,
995 3458 1137 3512 intra
1167 3455 1593 3526 quinquennium
1617 3469 1720 3507 nu-

141 3556 265 3610 bat.
319 3554 551 3607 Emenso
583 3551 946 3622 quinquennio
982 3549 1025 3604 si
1069 3549 1121 3602 in
1166 3547 1426 3602 viduitate
1470 3544 1728 3614 persistit,

143 3655 281 3697 mox
310 3656 432 3696 cum
448 3641 763 3711 propinquis
817 3656 940 3695 suas
975 3638 1179 3692 dividat
1219 3635 1533 3699 facultates;
1566 3643 1659 3688 aut
1683 3635 1730 3688 si

141 3733 208 3790 hi
248 3731 479 3787 fortasse
522 3732 806 3795 defuerint,
849 3745 970 3785 eum
1028 3730 1157 3783 fisco
1194 3726 1596 3782 matrimonium
1638 3723 1732 3794 [In

143 3839 276 3878 nov.
308 3820 621 3893 patrimon.]
653 3821 873 3876 dividat.

189 3911 280 3966 Ne
308 3910 730 3966 sanctimoniales
767 3911 1023 3980 palatium
1062 3908 1695 3980 etgpublicosgconventus

469 3983 679 4034 adeant.
708 3978 794 4035 Ea:
827 3982 1045 4034 concilio
1079 3978 1423 4033 Nannetensi.

224 4071 503 4127 CLXXVI.
537 4071 759 4137 (Concil.
794 4071 1024 4126 Nannet.
1054 4086 1106 4126 c.
1143 4071 1240 4136 i9;
1286 4071 1594 4125 Buucnann.
1633 4067 1729 4122 lib.

146 4180 280 4230 vni,
303 4171 360 4219 c.‘
382 4163 495 4233 85.)
526 4164 658 4218 Cum
686 4163 974 4233 Apostolus
996 4164 1142 4217 dicat
1172 4180 1184 4216 :
1220 4161 1467 4216 Mulieres
1494 4162 1548 4215 in
1571 4158 1734 4215 eccle-

147 4259 234 4313 sia
261 4265 489 4318 taceant,
511 4272 613 4309 non
634 4254 768 4308 enim
789 4254 1104 4322 permittitur
1121 4252 1194 4306 eis
1215 4251 1354 4322 loqui
1376 4250 1427 4322 (1
1449 4249 1569 4306 Cor.
1593 4249 1730 4320 XIV),

149 4349 360 4403 mirum
389 4348 599 4402 videtur
627 4345 768 4416 quod
799 4347 1041 4415 quadam
1071 4343 1395 4398 muliercula
1425 4350 1611 4397 contra
1653 4343 1732 4397 di-

147 4442 318 4494 vinas
356 4439 728 4508 humanasque
767 4437 911 4506 leges
959 4437 1140 4490 attrita
1182 4434 1356 4490 fronte
1395 4435 1730 4504 impudenter
1753 4463 1807 4523 Β

153 4535 410 4599 agentes,
440 4527 636 4596 placita
674 4526 941 4594 generalia
970 4534 1025 4580 et
1047 4525 1288 4595 publicos
1317 4531 1612 4579 conventus
1648 4523 1730 4577 in-

153 4617 476 4673 desinenter
506 4617 722 4682 adeunt,
748 4626 799 4670 et
826 4616 1036 4685 negotia
1064 4615 1210 4685 regni
1240 4615 1608 4684 utilitatesque
1633 4613 1733 4667 rei-

150 4705 392 4777 publica
422 4706 593 4773 magis
617 4705 936 4774 perturbant
964 4719 1126 4774 quam
1164 4703 1470 4773 disponunt,
1498 4719 1623 4758 cum
1652 4702 1734 4755 in-

152 4798 364 4853 decens
402 4795 476 4849 sit
500 4803 556 4850 et
586 4797 748 4850 etiam
789 4796 929 4851 inter
956 4796 1215 4851 barbaras
1241 4804 1426 4866 gentes
1449 4795 1736 4866 reprehen-

154 4885 323 4942 sibile
350 4885 602 4942 mulieres
625 4885 864 4942 virorum
892 4901 1082 4942 causas
1114 4885 1403 4949 discutere,
1430 4893 1484 4940 et
1508 4900 1628 4953 qua
1669 4883 1745 4938 del

155 4974 422 5032 laniﬁciis
463 4977 577 5033 suis
619 4985 674 5033 et
716 4977 974 5048 operibus
1018 4976 1293 5033 textilibus
1329 4984 1384 5032 et
1424 4973 1737 5030 mulieribus

151 5064 309 5120 inter
350 5065 667 5137 genitiarias
701 5082 831 5123 suas
871 5067 1179 5123 residentes~
1211 5066 1512 5122 debuerant
1553 5065 1738 5135 dispu-

154 5165 306 5221 tare,
341 5154 396 5210 in
434 5165 700 5212 conventu
731 5157 964 5226 publico,
997 5173 1062 5213 ac
1089 5157 1143 5212 si-
1163 5157 1216 5212 in
1243 5158 1389 5214 curia
1417 5156 1736 5220 residentes,

155 5246 500 5303 senatoriam
533 5247 701 5318 278
734 5247 836 5303 sibi
879 5258 1143 5318 usurpant
1184 5247 1577 5302 auctoritatem.
1609 5246 1738 5313 Qua

157 5332 525 5406 ignominiosa
548 5337 893 5409 prasamptio
915 5336 1214 5392 fautoribus
1237 5337 1406 5406 magis
1428 5334 1742 5405 imputanda

205 5463 392 5545 “(999)
424 5463 598 5545 Caput
617 5467 1010 5545 istud__t_r_tuit_um
1039 5468 1308 5545 diversum
1339 5475 1421 5520 est
1445 5467 1512 5521 ab
1538 5465 1731 5545 editio-

159 5532 330 5616 nibus
352 5532 582 5616 vulgatis
617 5538 828 5616 concilii
875 5537 1178 5616 Meldensis.
1223 5535 1288 5590 Et
1330 5547 1506 5616 tamen
1533 5537 1670 5616 sicut
1709 5551 1737 5588 a

161 5604 671 5686 nobis‘editumfst
717 5607 907 5686 legitur
937 5608 1205 5686 iu_codice
1250 5622 1348 5660 tus.
1376 5605 1668 5686 Iteginonis
1686 5613 1742 5659 et

163 5671 226 5726 in
275 5673 514 5734 editione
561 5671 1047 5740 llelmastadiensi;
1105 5676 1207 5731 nisi
1249 5677 1390 5743 quod
1428 5671 1483 5731 in
1508 5675 1739 5731 editione

1823 1887 1874 1930 c.
1900 1869 2010 1939 I2.)
2057 1869 2129 1926 Ut
2167 1869 2404 1940 virgines
2443 1880 2548 1921 non
2589 1863 2834 1919 velentur
2887 1868 3010 1916 ante
3074 1859 3394 1929 vigesimum

1823 1963 2070 2033 quintum
2120 1974 2322 2015 annum
2351 1957 2548 2020 atatis,
2592 1955 2695 2010 nisi
2736 1953 2875 2008 forte
2900 1950 3222 2006 necessitate
3248 1948 3396 2018 peri-

1824 2050 2060 2108 clitantis
2102 2049 2376 2121 pudicitia
2419 2044 2728 2118 virginalis;
2769 2051 2843 2107 et,
2880 2050 2940 2096 ut
2981 2040 3227 2097 Gelasius
3261 2053 3398 2109 papa

1821 2139 1972 2206 dicit,
1996 2140 2098 2195 nisi
2140 2140 2193 2194 in
2220 2138 2517 2210 Epiphania
2550 2145 2606 2190 et
2635 2135 2687 2188 in
2712 2133 2864 2188 Albis
2889 2130 3232 2202 paschalibus
3255 2136 3310 2184 et
3343 2129 3398 2182 in

1823 2227 2185 2298 apostolorum
2219 2225 2476 2282 natalitiis
2520 2237 2626 2279 non
2678 2229 2805 2278 sunt
2850 2218 3247 2282 consecranda,
3285 2215 3398 2272 nisi

1821 2335 1983 2378 causa
2009 2320 2202 2376 mortis
2237 2327 2483 2390 urgente.

2274 2407 2352 2462 De
2375 2406 2554 2462 eadem
2584 2421 2656 2459 re.
2691 2401 2951 2458 Gelasius.

1891 2497 2214 2557 CLXXVIII.
2237 2497 2476 2569 (Decreta
2490 2494 2732 2550 Gsusn.
2757 2507 2804 2546 c.
2835 2489 3041 2554 13;lib.
3062 2503 3079 2541 ι
3104 2485 3402 2557 Capitular.

1822 2607 1871 2649 c.
1903 2591 2003 2658 59;
2033 2592 2338 2647 Buncaanu.
2387 2588 2486 2642 lib.
2536 2601 2657 2650 vni,
2704 2599 2755 2640 e.
2796 2580 2908 2652 56.)
2950 2579 3150 2635 Viduas
3215 2589 3396 2634 autem

1821 2682 2004 2738 velare
2032 2681 2345 2752 pontificum
2382 2677 2559 2732 nullus
2585 2683 2831 2730 attentet.

1899 2771 2124 2843 (Concil.
2156 2770 2367 2824 Tribur.
2398 2783 2448 2824 e.
2478 2767 2546 2821 24
2573 2785 2587 2833 ;
2610 2765 2918 2822 Buncuann.
2949 2763 3044 2818 lib.
3068 2776 3182 2825 vnt,
3209 2775 3259 2815 c.
3290 2761 3402 2831 i0.)

1822 2861 2071 2930 Virgines
2098 2873 2216 2928 qua
2254 2867 2378 2912 ante
2405 2857 2681 2912 duodecim
2724 2868 2917 2917 annos,
2969 2850 3152 2905 insciis
3190 2847 3404 2902 mundi-

1821 2951 2008 3008 burdis
2023 2949 2156 3014 suis,
2183 2963 2397 3002 sacrum
2421 2945 2666 3000 velamen
2707 2943 2867 3013 capiti
2904 2955 3003 2996 suo
3029 2937 3404 3008 imposuerint,

1823 3052 1876 3099 et
1902 3043 1976 3098 illi
2004 3038 2347 3095 mundiburdi
2378 3038 2640 3106 integrum
2672 3049 2871 3088 annum
2915 3039 2971 3086 et
3006 3030 3148 3084 diem
3191 3028 3291 3082 hoc
3321 3035 3404 3080 ta-

1753 3123 1800 3186 C
1830 3134 2001 3191 cendo
2032 3129 2419 3194 consenserint,
2467 3127 2518 3182 in
2554 3121 2718 3196 279
2763 3131 2950 3179 sancto
2985 3119 3256 3190 preposito
3279 3133 3402 3186 per-

1834 3230 2108 3278 maneant.
2139 3220 2207 3274 Et
2253 3219 2297 3273 si
2325 3219 2375 3272 in
2406 3217 2661 3287 pradicto
2703 3229 2843 3267 anno
2873 3221 2928 3266 et
2969 3211 3054 3264 die
3081 3225 3178 3279 pro
3206 3207 3308 3262 illis
3345 3223 3404 3262 se

1830 3309 2300 3382 proclamaverint,
2331 3306 2575 3376 petitioni
2600 3316 2785 3357 eorum
2810 3314 3061 3356 assensus
3077 3298 3397 3368 praebeatur;

1831 3401 1935 3455 nisi
1965 3399 2101 3452 forte
2145 3396 2238 3450 Dei
2274 3395 2467 3448 timore
2515 3392 2664 3457 tacti,
2719 3406 2840 3444 eum
2883 3403 3069 3444 eorum
3101 3386 3319 3442 licentia
3349 3385 3402 3439 in

1833 3487 2108 3557 religionis
2133 3484 2317 3539 habitu
2347 3488 2716 3552 perseverent.

1856 3624 1863 3629 .
2125 3574 2201 3628 De
2229 3573 2406 3626 eadem
2438 3588 2510 3624 re.
2543 3567 2626 3623 Ex
2653 3567 2828 3623 eodem
2863 3566 3106 3622 concilio.

1903 3650 2180 3721 CLXXIX.
2200 3660 2419 3734 (Concil.
2439 3661 2646 3713 Tribur.
2673 3657 2806 3712 ο.ἓὸ
2823 3674 2837 3722 ;
2855 3657 3155 3711 Buacnano.
3172 3653 3264 3706 lib.
3289 3665 3406 3716 vm,

1831 3774 1883 3816 c.
1913 3756 2026 3826 55.)
2061 3755 2243 3809 Vidua
2264 3768 2381 3821 qua
2407 3761 2700 3821 spontanea
2734 3747 3006 3801 voluntate
3045 3747 3112 3798 ah
3135 3742 3289 3797 altari
3312 3757 3398 3795 sa-

1833 3858 1940 3905 cra
1961 3844 2384 3903 conversationis
2405 3842 2644 3896 velamen
2669 3838 2992 3909 suscipiunt,
3022 3834 3258 3890 decrevit
3287 3849 3411 3886 san-

1834 3949 1918 3993 cta
1944 3935 2177 4008 synodus
2203 3935 2256 3987 in
2279 3933 2465 3988 eodem
2494 3931 2765 4001 proposito
2789 3943 2881 3983 eas
2909 3939 3244 3996 permanere.
3293 3921 3408 3976 Non

1832 4028 1978 4083 enim
2026 4027 2105 4082 fas
2145 4040 2265 4081 esse
2302 4025 2641 4079 decernimus
2671 4013 2726 4076 ut
2760 4029 3043 4091 postquam
3087 4031 3144 4070 se
3183 4015 3410 4069 Domino

1834 4119 1998 4175 semel
2028 4118 2126 4173 sub
2151 4117 2269 4171 velo
2291 4113 2747 4177 consecraverint,
2778 4121 2833 4165 et
2869 4111 3011 4164 inter
3035 4106 3240 4161 velatas
3266 4103 3410 4157 obla-

1835 4210 2007 4264 tiones
2051 4199 2297 4268 fecerint,
2347 4204 2543 4259 iterum
2589 4203 2667 4256 eis
2709 4198 2927 4254 concedi
2964 4193 3185 4266 Spiritui
3220 4198 3408 4246 sancto

1833 4305 2070 4362 mentiri.

2284 4387 2574 4442 Zacharias
2601 4400 2756 4455 papa,
2785 4397 2901 4451 cap.
2925 4380 2979 4433 7.

1900 4482 2232 4553 (Buacnaan.
2265 4477 2360 4532 lib.
2409 4492 2484 4540 rx,
2515 4489 2566 4532 c.
2595 4472 2711 4542 15.)
2737 4469 3008 4539 Virginem
3054 4473 3146 4520 aut
3169 4464 3407 4553 viduam,

1831 4552 1935 4627 nisi
1966 4572 2013 4626 is
2038 4570 2129 4640 qui
2152 4570 2528 4638 desponsatam
2573 4559 2841 4623 habuerit,
2889 4556 3067 4612 nullus
3104 4555 3293 4610 audeat
3324 4552 3408 4608 fu-

1837 4661 1942 4716 rari
1972 4661 2026 4714 in
2050 4672 2294 4715 uxorem.
2321 4654 2376 4710 Si
2403 4654 2526 4723 quis
2555 4653 2657 4706 hoc
2681 4647 2970 4704 temerario
2998 4660 3129 4701 ausu
3159 4657 3409 4714 praesum-

1836 4751 2029 4825 pserit,
2049 4749 2336 4804 anathema
2361 4745 2434 4800 sit
2457 4741 2627 4815 (300).

1946 4863 2080 4918 Item
2103 4862 2171 4915 'de
2203 4853 2707 4912 sanctimonialibus.
2745 4849 2830 4905 Ea:
2858 4848 3036 4905 eodem
3061 4843 3300 4901 concilio.

1909 4969 2164 5029 CLXXX.
2213 4965 2648 5025 Sanctimonialis
2688 4965 2730 5020 si
2764 4977 2862 5035 pro
2893 4961 3043 5016 lucro
3067 4957 3258 5013 anima
3293 4967 3405 5008 sua

1840 5079 1962 5120 eum
2009 5062 2223 5118 licentia
2263 5059 2552 5116 abbatissa
2585 5072 2695 5111 sua
2737 5055 2804 5109 ad
2843 5051 2986 5108 aliud
3024 5044 3408 5104 monasterium

1840 5164 2067 5226 pergere
2109 5147 2456 5219 disposuerit,
2495 5144 2800 5213 ibidemque
2838 5148 3200 5226 comtuanere,
3229 5131 3413 5226 decre-

1841 5218 2464 5314 vitsynodusconcedi.
2511 5234 2568 5290 Si
2590 5247 2720 5289 vero
2763 5231 2885 5301 fuga
2933 5223 3224 5296 disciplina
3247 5218 3411 5274 alium

1842 5333 2017 5388 locum
2048 5328 2260 5401 quarit,
2282 5327 2458 5383 redire
2484 5332 2726 5396 cogatur.

1839 5462 2106 5529 illa,vitio
2143 5460 2286 5517 haud
2336 5458 2498 5515 dubie
2539 5456 2913 5529 librariorum,
2953 5447 3288 5529 gerbaqua
3327 5450 3412 5529 se-

2342 5509 2518 5584 sttnt':
2541 5509 2910 5594 fructuosam.
2953 5516 3010 5572 Si
3048 5509 3220 5568 autem
3245 5509 3388 5563 mani

1839 5551 2167 5676 ?estegtl_etegi
2193 5597 2598 5676 nonvoluerint,
2624 5588 3388 5676 erga‘lqcclesiumuetcgd‘ng

1865 5588 1968 5659 este
1995 5603 2167 5664 detegi
2193 5617 2294 5656 non
2319 5588 2598 5662 valuerint,
2624 5609 2746 5664 erga
2781 5588 3085 5664 Ecclesium,
3096 5595 3220 5664 ﬁcte,
3250 5652 3262 5664 _
3350 5647 3382 5664 γ’

1913 5652 2073 5731 (23όῶ
2085 5652 2261 5730 diota
2284 5652 2436 5725 istud
2465 5681 2570 5725 non
2585 5652 2776 5720 'exs'Iat
2812 5662 2863 5715 in
2889 5658 3071 5715 codice
3093 5652 3408 5720 Parisieusi‘
