3884 5604
121 389 205 446 521
974 383 1061 438 DE
1098 380 1378 438 ECCLES.
1411 380 1690 437 DISCIPL.
1728 379 1904 435 LIBlII
1946 378 2102 434 DUO.
2141 410 2212 420 —
2253 378 2378 433 LIB.
2420 379 2482 433 ll.

3237 377 3344 432 522

120 500 335 572 Longob.
365 498 448 552 tit.
473 496 537 562 6,
563 512 612 550 c.
643 495 720 568 5.)
769 494 870 563 Qui
909 495 1122 550 viduam
1161 497 1300 550 intra
1335 498 1536 566 primos
1565 496 1662 549 tri-
1695 503 1740 557 Α
1773 494 1987 548 filiolam
2034 509 2133 548 nec
2177 501 2527 548 cornmatrem
2569 492 2731 548 ducat
2777 507 3018 557 uxorem,
3067 507 3167 548 nec
3199 490 3346 549 illam

119 595 251 665 ginta
289 591 402 646 dies
436 588 704 644 viduitatis
749 587 832 643 vel
874 588 1098 641 invitam
1141 588 1224 642 vel
1267 588 1532 641 volentem
1565 587 1668 641 sibi

119 679 430 752 copulaverit
458 719 474 745 ,
519 679 794 747 sexaginta
841 677 1040 732 solidos
1083 687 1388 745 componat.
1426 678 1490 730 Et
1519 677 1563 730 si
1591 677 1670 730 in-

119 775 271 828 vitam
299 786 416 826 eam
453 770 700 834 traxerit,
731 769 900 839 legem
927 784 1077 824 suam
1108 769 1157 824 ei
1185 777 1493 835 componat,
1525 769 1668 822 illam

118 877 236 918 vero
255 861 480 916 ulterius
501 876 607 915 non
634 860 879 930 attingat.

115 951 268 1024 285
296 950 400 1018 Qui
430 951 688 1024 nominent
741 949 1002 1024 publicam
1054 948 1402 1024 pauitantiam
1439 956 1671 1018 agentem

441 1021 704 1088 inter/icit.
743 1019 837 1074 Ex
860 1020 1056 1085 eodem,
1085 1036 1200 1088 cup.
1236 1019 1322 1072 l7.

175 1113 322 1170 CXC.
354 1113 498 1186 (Lib.
543 1129 616 1178 tv,
661 1111 952 1182 Capitular.
985 1127 1034 1166 c.
1062 1111 1159 1176 l8;
1207 1111 1296 1165 lib.
1328 1126 1343 1164 ι
1375 1109 1498 1180 Leg.
1533 1110 1671 1164 Lon-

114 1208 218 1282 gob.
251 1207 332 1262 tit.
362 1206 400 1260 9
479 1221 532 1261 α.
565 1204 678 1276 51.)
723 1204 824 1272 Qui
871 1205 1142 1260 hominem
1185 1203 1451 1274 publicam
1496 1202 1670 1272 ι)ωηί-

119 1299 324 1355 tentiam
351 1307 600 1362 mn
642 1296 1012 1359 interfecerit,
1054 1296 1288 1350 bannum
1343 1304 1587 1348 nostrum
1618 1293 1670 1347 in

118 1391 262 1463 triplo
303 1401 616 1460 componat,
657 1399 712 1446 et
749 1390 866 1461 ejus
904 1387 1226 1459 wirigildum
1267 1387 1526 1457 proximis
1557 1385 1672 1455 ejus

113 1483 368 1554 persolvat
397 1483 568 1555 (505).

115 1573 186 1628 Ne
211 1574 371 1644 frater
398 1590 554 1644 super
573 1573 779 1644 litorum
803 1572 1035 1644 defuncti
1069 1570 1252 1644 fratris
1276 1570 1544 1624 ascendat.
1588 1568 1674 1623 Ex

565 1643 782 1697 concilio
813 1642 1196 1696 Aurelianensi.

171 1730 342 1786 CXCI.
379 1731 604 1804 (Concil.
653 1731 926 1785 Aurelian.
974 1747 1015 1796 ι,
1057 1746 1104 1786 c.
1146 1731 1243 1796 l8;
1287 1729 1420 1784 Ras.
1454 1729 1581 1798 epist
1604 1729 1672 1783 ad

1773 590 1923 660 cujus
1954 590 2120 645 lilium
2145 591 2211 644 ad
2237 589 2701 644 confirmationem
2745 598 2870 644 ante
2910 589 3220 659 episcopum
3255 595 3340 644 te-

1779 681 1976 734 nuerit.
2008 677 2108 733 Ubi
2140 687 2319 732 autem
2349 677 2549 731 factum
2579 673 2758 740 fuerit,
2787 686 3122 748 separentur.
3149 695 3170 729 ι

1904 766 1962 822 Si
1983 769 2098 836 quis
2129 767 2338 820 uiduam
2377 783 2589 820 uxorem
2616 768 2843 820 duxerit.
2893 766 2978 820 Ex
2996 766 3196 822 eodem.

1841 853 2082 910 CXCVII.
2116 853 2298 925 (Rau,
2322 854 2490 918 ibid.,'
2524 853 2711 907 concil.
2743 854 2980 924 Mogunt.
3009 853 3105 908 sub
3123 853 3256 908 Rab.
3290 867 3341 909 c.

1773 945 1872 1011 56;
1912 945 2006 999 lib.
2037 960 2070 999 ν
2105 943 2397 1014 Capitular.
2439 958 2488 998 c.
2541 943 2672 1007 101;
2719 941 3028 998 Buncrunn.
3079 943 3170 998 lib.
3210 958 3348 1010 xvtt,

1772 1052 1822 1092 c.
1852 1037 1929 1107 9.)
1966 1036 2024 1091 Si
2077 1037 2197 1106 quis
2245 1035 2461 1090 viduam
2498 1050 2718 1089 uxorem
2777 1034 3019 1099 duxerit,
3067 1043 3122 1089 et
3158 1045 3344 1104 postea

1771 1142 1896 1182 cum
1924 1127 2148 1182 ftliastra
2184 1142 2278 1181 sua
2309 1125 2605 1180 fornicatus
2630 1124 2811 1188 fuerit,
2841 1124 3005 1195 286
3025 1139 3116 1178 seu
3140 1125 3348 1178 duabus

1775 1222 2053 1276 sororibus
2078 1219 2344 1290 nupserit,
2378 1227 2470 1272 attt
2498 1218 2540 1272 si
2573 1231 2675 1286 qua
2712 1216 2919 1270 duobus
2953 1213 3209 1268 fratribus
3245 1229 3346 1267 nu-

1775 1312 1979 1380 pserit,
2013 1326 2106 1364 seu
2142 1325 2262 1365 cum
2296 1318 2446 1379 patre
2477 1316 2530 1361 et
2569 1306 2680 1360 filio
2708 1305 2970 1359 fornicata
2997 1302 3180 1367 fuerit,
3214 1303 3349 1358 tales

1775 1398 2137 1467 cepulationes
2169 1396 2618 1452 anathematizari
2649 1404 2703 1449 et
2731 1393 2960 1464 disjungi
2991 1393 3349 1462 praecipimus,

1776 1506 1878 1546 nec
1900 1507 2138 1561 unquam
2170 1489 2398 1560 amplius
2420 1486 2666 1559 conjugio
2693 1485 2963 1556 copulari,
2991 1482 3083 1539 sed
3109 1483 3208 1538 sub
3237 1497 3356 1537 ma-

1775 1597 1881 1653 gna
1907 1581 2244 1636 districtione
2277 1580 2390 1635 ﬁeri
2421 1579 2590 1651 (505).

1899 1673 1977 1726 De
2000 1690 2059 1726 eo
2080 1673 2169 1743 qui
2200 1671 2420 1740 ﬁliolam
2451 1688 2600 1726 suam
2624 1669 2829 1742 polluit.
2873 1668 3023 1723 Unde
3046 1669 3247 1738 supra.‘

1774 1775 1780 1788 '
1846 1762 2117 1819 CXCVIII.
2151 1763 2307 1835 (Ras.
2349 1763 2512 1828 ibid.;
2546 1762 2852 1818 Buncnann.
2883 1761 2974 1814 lib.
3001 1776 3138 1825 xvn,
3160 1774 3210 1815 c.
3235 1758 3351 1827 26.)

113 1821 394 1926 fuﬁum"
428 1838 476 1877 θ’
647 1821 724 1877 Ne
764 1821 933 1926 fuit"
967 1837 1126 1892 “per
1170 1823 1387 1926 .‘horum
1435 1824 1670 1878 derum“
1707 1847 1750 1906 Β
1779 1859 1949 1926 Quam
1977 1821 2294 1913 detestabile
2319 1865 2373 1912 et
2404 1821 2737 1912 exsecrabile
2757 1853 2933 1909 scelus
2968 1853 3038 1908 sit
3061 1821 3351 1922 unicuique

110 1914 283 1971 fratris
325 1916 604 1982 ascendat,
624 1931 724 1970 nec
753 1915 1295 1985 quisquam,amissa,
1329 1931 1497 1972 uxore
1520 1931 1672 1972 soro-

110 2024 213 2062 rctn
240 2007 359 2077 ejus
385 2009 488 2064 sibi
528 2009 727 2064 audeat
747 2009 972 2063 sociare.

167 2099 240 2153 De
259 2115 438 2154 sorore
456 2115 658 2168 sponsa:
687 2097 898 2153 violata.
934 2095 1019 2151 Ex
1056 2096 1274 2152 concilio
1302 2097 1596 2167 Ancyrano.

167 2189 364 2244 CXCll.
417 2188 638 2261 (Concil.
680 2191 873 2260 Ancyr.
925 2204 975 2244 c.
1019 2188 1136 2260 22.)
1167 2189 1391 2256 Quidam
1423 2205 1672 2258 sponsam

106 2281 322 2348 habens,
373 2296 614 2338 sororem
660 2281 778 2351 ejus
819 2281 1059 2346 violavit,
1109 2290 1158 2334 et
1185 2281 1461 2351 gravidam
1493 2281 1672 2335 reddi-

102 2377 188 2430 dit.
253 2376 610 2433 Postmodum
655 2376 1037 2445 desponsatam
1088 2374 1188 2429 sibi
1236 2375 1388 2428 duxit
1428 2389 1674 2441 uxorem,

100 2469 180 2523 llla
210 2485 343 2524 vero
372 2483 492 2537 quae
535 2477 786 2538 corrupta
831 2478 931 2528 est,
976 2467 1167 2536 laqueo
1211 2481 1269 2521 se
1304 2466 1550 2535 peremit.
1608 2459 1675 2520 lli

103 2561 181 2629 qui
229 2559 453 2614 fuerunt
501 2559 741 2624 conscii,
773 2568 893 2629 post
916 2557 1206 2613 decennem
1249 2555 1671 2612 satisfactionem

99 2649 221 2718 jussi
287 2658 417 2703 sunt
469 2648 668 2719 suscipi
735 2649 1030 2705 secundum
1078 2649 1277 2720 gradus
1339 2647 1672 2718 pmnitentize

104 2742 444 2796 constitutos.

105 2830 172 2886 De
191 2832 409 2887 muliere
441 2848 558 2902 qua:
587 2832 788 2902 duobus
815 2830 1073 2902 fratribus
1104 2830 1301 2900 nupsit.
1348 2828 1436 2884 Ex
1453 2829 1673 2884 concilio

662 2896 1097 2956 Neoccesariensi.

166 2988 385 3046 CXCIII.
419 2988 644 3061 (Concil.
701 2990 1004 3045 Neocwsar.
1049 3006 1101 3047 c.
1133 2990 1198 3056 2;
1231 2989 1534 3046 "ALITGAB.
1577 2990 1669 3046 lib.

107 3094 170 3145 tv,
197 3096 244 3135 c.
275 3081 372 3146 l4;
419 3080 727 3135 Buncnanu.
776 3079 870 3134 lib.
898 3097 1028 3144 xvu,
1058 3095 1108 3135 c.
1139 3080 1211 3151 l.)
1241 3081 1430 3136 Mulier
1455 3081 1499 3135 si
1535 3081 1670 3134 duo-

108 3168 196 3224 bus
229 3170 502 3266 fratribus
521 3171 783 3240 nupserit,
807 3169 1281 3266 abjiciatur‘usqne
1312 3171 1378 3266 ad
1408 3179 1668 3236 mortem;
1702 3199 1746 3258 ρ
1779 3218 1872 3258 sua
1895 3244 1909 3266 ’
1956 3203 2038 3256 vel
2060 3219 2186 3258 cum
2217 3214 2514 3258 mmmam:
2545 3212 2638 3258 aut
2677 3204 2710 3257 ﬁ

109 3271 465 3317 verumtamen
491 3262 543 3316 in
573 3264 720 3316 exitu
741 3302 756 3328 ,
784 3271 1003 3332 propter
1037 3261 1459 3316 misericordiam
1480 3303 1494 3325 ,
1524 3277 1672 3316 com-

109 3353 278 3406 munio
307 3353 355 3406 ei
381 3353 730 3407 concedatur.
771 3351 924 3419 Quod
956 3351 1002 3407 si
1040 3351 1300 3406 defecerit
1327 3352 1409 3405 vir
1434 3361 1526 3405 aut
1555 3368 1672 3404 mit-

109 3437 198 3493 lier
228 3441 423 3497 talibus
455 3443 656 3512 nuptiis
678 3483 694 3508 ,
745 3441 972 3498 dilIicilis
1000 3443 1102 3498 erit
1128 3442 1442 3513 poenitentia
1480 3443 1532 3496 in
1567 3444 1672 3496 vita

108 3531 432 3595 permanenti
473 3532 640 3601 (504).

235 3623 400 3693 285
427 3622 504 3676 De
526 3624 704 3677 eadem
728 3639 800 3678 re.
831 3621 914 3678 Ex
934 3623 1152 3678 concilio
1185 3623 1528 3679 Eliberitano.

169 3711 392 3770 CXCIV.
426 3714 648 3785 (Concil.
675 3715 939 3771 Eliber.c.
971 3717 1083 3787 62.)
1116 3715 1171 3770 Si
1193 3717 1313 3786 quis
1334 3724 1451 3786 post
1470 3717 1676 3772 obitum

112 3804 279 3858 uxoris
304 3819 417 3859 suae
444 3820 684 3859 sororem
711 3804 827 3873 ejus
853 3807 1097 3872 duxerit,
1130 3815 1184 3861 et
1222 3807 1334 3876 ipsa
1366 3805 1525 3862 fuerit
1555 3808 1677 3862 tide-

113 3889 187 3954 lis,
217 3894 643 3963 quinquennium
683 3911 712 3950 a
741 3895 1116 3951 communione
1147 3895 1350 3966 placuit
1393 3897 1673 3963 abstineri,

114 3981 202 4036 nisi
231 3999 375 4041 mors
404 3985 660 4057 coegerit.

282 4074 358 4129 De
386 4075 565 4129 eadem
594 4093 668 4130 re.
715 4076 799 4130 Ex
821 4077 1041 4130 concilio
1066 4075 1286 4131 Martini
1305 4095 1474 4148 papw.

173 4163 365 4221 CXCV.
405 4165 663 4238 (Manna.
695 4166 930 4222 BRACAR.
981 4182 1027 4221 c.
1083 4167 1178 4233 79;
1225 4166 1536 4223 Buncnanu.
1571 4168 1667 4225 lib.

118 4268 234 4308 xvu.
263 4272 312 4311 c.
341 4258 427 4328 2.)
477 4256 533 4312 Si
561 4274 663 4326 qua
711 4258 904 4312 mulier
933 4259 1066 4313 duos
1091 4259 1306 4323 fratres,
1349 4271 1440 4314 ant
1480 4261 1524 4315 si
1557 4263 1676 4330 quis

118 4342 190 4394 vir
217 4345 343 4401 duas
380 4361 597 4401 sorores
621 4347 851 4413 duxerit,
896 4363 924 4401 a
953 4349 1330 4403 communione
1360 4360 1678 4418 separentur

118 4446 271 4503 usque
297 4437 361 4490 ad
388 4446 638 4504 mortem,
689 4439 742 4492 in
777 4446 946 4493 morte
983 4454 1079 4510 pro
1115 4438 1481 4494 misericordia
1521 4441 1676 4496 viati-

120 4537 224 4578 cam
249 4529 532 4598 accipiant.

121 4611 189 4666 De
218 4591 379 4690 ﬁliola
402 4630 448 4672 et
475 4629 776 4674 commalre.
815 4619 898 4674 Ex
935 4620 1150 4690 epistola
1165 4591 1378 4676 Eabani
1411 4624 1478 4677 ad
1515 4623 1674 4678 [Ieri-

214 4688 416 4741 baldum
441 4691 733 4758 episwpum
759 4688 1260 4746 Autissiodorensem
1281 4733 1294 4757 ,
1325 4710 1440 4762 cap.
1470 4695 1558 4748 20.

185 4775 397 4833 CXCVI.
434 4779 764 4847 (Buncnsnn.
813 4783 905 4836 lib.
935 4799 1064 4847 xvtt,
1097 4799 1144 4836 c.
1179 4784 1296 4855 24.)
1347 4787 1418 4840 De
1443 4802 1508 4842 eo
1533 4785 1675 4856 quod

127 4865 481 4941 interrogasti,
530 4874 573 4925 si
608 4873 694 4926 ille
728 4875 818 4942 qtti
847 4874 1062 4928 filiolam
1093 4891 1242 4928 suam
1263 4917 1277 4942 ,
1319 4887 1372 4931 et
1399 4877 1464 4932 de
1495 4895 1558 4932 eo
1583 4878 1674 4948 qui

128 4963 392 5016 concubuit
418 4979 539 5017 cum
563 4973 864 5019 commatre
893 4980 990 5019 sua
1015 4966 1265 5035 spiritali,
1299 4977 1355 5022 et
1374 4969 1438 5023 de
1469 4969 1556 5022 illo
1584 4969 1673 5039 qui

131 5046 276 5103 lilium
307 5068 456 5108 suum
493 5056 806 5125 baptizavit,
843 5063 896 5110 et
926 5055 1078 5124 cujus
1101 5071 1236 5111 uxor
1267 5074 1389 5114 eum
1431 5060 1498 5115 de
1531 5059 1677 5116 fonte

131 5142 367 5210 suscepit,
410 5146 452 5200 si
507 5155 694 5216 postea
751 5145 802 5198 in
849 5146 938 5200 tali
986 5147 1324 5217 copulatione
1361 5166 1677 5220 permanere

131 5239 350 5294 possent,
377 5236 591 5289 omnino
623 5233 867 5288 illicitum
892 5250 1012 5290 esse
1037 5236 1415 5306 judicavimus.
1457 5239 1588 5294 Nam
1620 5242 1674 5296 in

129 5323 336 5409 concilio
364 5326 778 5396 Mogontiacensi
803 5331 1059 5400 scriptum
1086 5341 1169 5387 est
1197 5350 1315 5404 cap.
1351 5337 1418 5390 55
1448 5337 1672 5409 (Concil.

120 5404 346 5477 llogunl.
373 5419 463 5471 sub
491 5418 618 5474 Car.
645 5415 725 5470 Μ.
755 5433 803 5473 c.
834 5420 932 5486 55;
964 5420 1055 5476 lib.
1089 5438 1120 5476 v
1148 5404 1514 5494 Capitularac.
1540 5428 1670 5494 100;

120 5496 313 5604 licuerit
331 5525 413 5563 an.
447 5511 535 5566 lib.
564 5525 706 5572 xvn,
739 5525 786 5563 c.
814 5511 929 5583 25.)
964 5531 976 5568 :
1029 5533 1046 5566 ‹
1077 5515 1262 5571 Nullus
1299 5521 1570 5590 proprium
1607 5519 1672 5574 li-

1773 1950 2082 2012 Christiano
2131 1948 2348 2002 filiolam
2398 1963 2548 2002 suam
2589 1955 2942 2016 consluprare
2971 1951 3204 1997 testatur
3231 1957 3354 1996 san-

1771 2053 1892 2097 ctus
1933 2041 2225 2112 Gregorius
2268 2055 2405 2111 papa
2458 2040 2510 2094 in
2557 2038 2792 2110 Dialogis
2833 2038 2945 2093 suis
2975 2037 3088 2108 (lib.
3134 2051 3205 2098 tv,
3232 2050 3348 2104 cap.

1766 2130 1886 2204 52),
1921 2132 2012 2186 ubi
2061 2130 2228 2186 refert
2269 2133 2555 2201 quemdam
2604 2131 2876 2185 hominem
2916 2128 3170 2199 polluisse
3219 2125 3354 2180 ﬁlio-

1774 2221 1880 2275 lam
1913 2237 2109 2288 suam,
2157 2231 2212 2276 et
2264 2221 2389 2291 quia
2450 2221 2687 2292 neglexit
2741 2220 3116 2291 pcenilentiam
3168 2231 3348 2288 agere.

1775 2312 1956 2368 subito
2005 2313 2300 2368 miserabili
2346 2313 2536 2367 morbo
2593 2323 2874 2382 correptus
2921 2311 3252 2381 exspiravit,
3299 2318 3355 2364 et

1775 2405 2038 2475 sepultus,
2065 2422 2168 2460 non
2210 2405 2382 2460 solum
2420 2421 2640 2475 corpus.
2678 2405 2772 2460 sed
2811 2405 2972 2460 etiam
3000 2417 3159 2458 onme
3179 2400 3355 2471 sepul~

1777 2512 1952 2563 crum,
1979 2497 2116 2566 ignis
2147 2497 2427 2552 invisibilis
2455 2496 2809 2566 consumpsit.

1775 2587 1911 2642 Item
1938 2589 2001 2643 de
2029 2588 2234 2643 incestis
2257 2597 2504 2642 eteorum
2524 2587 2840 2668 panitentia.
2879 2583 2964 2639 Ex
2984 2582 3205 2639 concilio
3231 2581 3348 2638 Ho-

2396 2669 2738 2728 gonttacenst.

1843 2747 2073 2804 CXCIX.
2104 2746 2259 2818 (Rau.
2297 2739 2472 2811 ibid.;'
2503 2747 2812 2802 Buncmns.
2855 2743 2948 2800 lib.
2985 2759 3118 2804 xvn.
3151 2757 3200 2797 c.
3233 2741 3347 2812 18.)

1776 2841 1834 2897 Si
1859 2841 1983 2910 quis
2009 2839 2307 2894 fornicatus
2339 2839 2497 2893 fuerit
2521 2853 2642 2893 cum
2684 2836 2891 2892 duabus
2932 2835 3238 2899 sororibus,
3270 2833 3354 2888 vel

1764 2947 1898 2987 eum
1923 2945 2153 2984 noverca
2179 2945 2299 2993 sua,
2328 2929 2411 2984 vel
2429 2945 2562 2984 cum
2591 2928 2754 2982 amita
2779 2943 2897 2994 sua,
2921 2927 3004 2982 vel
3029 2942 3150 2982 cum
3179 2936 3354 2980 matre

1775 3038 1895 3085 sua,
1926 3021 2011 3075 vel
2040 3037 2161 3076 cum
2192 3021 2298 3075 filia
2325 3021 2502 3090 patrui
2527 3021 2612 3075 sui
2643 3029 2698 3075 et
2724 3019 2970 3074 avunculi
2999 3020 3102 3083 sui,
3131 3019 3213 3074 vel
3231 3034 3356 3073 cum

1770 3113 1884 3166 ﬁlia
1909 3113 2088 3166 amitae
2129 3129 2240 3168 suae
2266 3113 2380 3168 sive
2405 3120 2709 3167 matertera:
2742 3127 2871 3178 suae,
2911 3111 2997 3166 vel
3037 3126 3158 3165 cum
3199 3121 3357 3180 nepte

2717 3203 2837 3258 liola
2881 3219 3002 3269 sua,
3043 3203 3157 3258 sive
3187 3217 3349 3272 quam

1777 3293 1842 3346 de
1870 3292 2019 3347 fonte
2045 3295 2320 3362 suscepit,
2348 3293 2432 3348 vel
2478 3303 2603 3348 ante
2632 3294 2944 3364 episcopum
2990 3294 3255 3357 tenuerit,
3297 3301 3355 3348 et

1777 3385 1821 3439 si
1853 3400 1957 3454 qua
1990 3385 2183 3439 mulier
2207 3385 2369 3440 simili
2405 3386 2564 3441 modo
2589 3384 2852 3440 fornicata
2881 3386 3063 3451 fuerit,
3087 3385 3356 3440 abstineat

1774 3489 1834 3530 se
1882 3476 1947 3529 ab
1989 3475 2232 3545 ingressu
2263 3474 2456 3530 domus
2489 3475 2580 3530 Dei
2609 3491 2810 3529 annum
2839 3492 3036 3541 unum;
3079 3484 3133 3530 et.
3166 3475 3354 3529 eodem

1777 3579 1942 3628 anno,
1990 3564 2093 3618 nisi
2139 3562 2432 3618 Dominicis
2457 3571 2512 3618 et
2553 3563 2705 3619 festis
2748 3563 2970 3629 diebus,
3019 3562 3358 3618 solummodo

1776 3672 1915 3727 pane
1939 3665 1992 3709 et
2013 3672 2154 3726 aqua
2181 3666 2236 3711 et
2263 3656 2375 3710 sale
2406 3667 2616 3721 utatur;
2646 3657 2810 3728 287
2839 3671 2992 3711 arma
3038 3672 3144 3712 non
3193 3655 3357 3722 ferat,

1776 3747 2018 3802 osculum
2051 3747 2180 3802 nulli
2204 3746 2479 3816 praebeat;
2516 3748 2861 3813 sacrificium,
2891 3749 2992 3803 nisi
3015 3764 3112 3819 pro
3139 3749 3356 3812 viatico,

1777 3838 1999 3893 minime
2045 3847 2252 3903 sumat;
2299 3853 2397 3893 sex
2433 3837 2627 3893 deinde
2665 3839 2822 3893 annis
2866 3837 3199 3908 ingrediatur
3237 3837 3358 3907 qui-

1778 3927 1898 3980 dem
1927 3925 2144 3980 domum
2176 3926 2290 3990 Dei,
2329 3926 2422 3981 sed
2451 3927 2707 3982 carnibus
2740 3935 2793 3982 et
2828 3927 2953 3982 vino
2978 3938 3032 3982 et
3057 3927 3226 3983 sicera
3255 3927 3358 3980 mi-

1778 4015 1924 4069 nime
1959 4022 2162 4078 utatur,
2198 4015 2302 4069 nisi
2336 4014 2488 4070 festis
2515 4016 2721 4070 diebus.
2781 4016 2857 4072 De
2897 4017 3062 4071 armis
3107 4032 3237 4070 vero
3274 4015 3360 4069 vel

1775 4105 1962 4160 osculo
1989 4105 2100 4158 sive
2130 4105 2418 4170 sacrificio,
2447 4105 2589 4160 sicut
2617 4121 2776 4174 supra
2806 4106 3007 4161 dictum
3029 4115 3131 4160 est.
3163 4105 3358 4162 Postea

1776 4211 1905 4252 vero
1934 4195 2142 4249 duobus
2171 4194 2326 4248 annis
2353 4234 2366 4258 ,
2409 4195 2626 4262 quando
2664 4209 2827 4248 carne
2867 4194 3126 4259 vescitur,
3169 4209 3198 4248 a
3227 4204 3360 4262 potu

1776 4287 1922 4342 omni
1950 4287 2039 4356 qui
2072 4285 2345 4341 inebriare
2373 4294 2550 4354 potest
2575 4300 2633 4341 se
2660 4285 2963 4351 contineat;
3007 4295 3063 4340 et
3101 4287 3145 4341 si
3174 4295 3357 4357 potum

1775 4377 2010 4440 biberit,
2057 4377 2277 4431 minime
2308 4391 2470 4432 carne
2510 4387 2782 4443 vescatur,
2837 4377 3039 4446 absque
3078 4377 3362 4447 prtecipuis

1777 4469 1928 4524 festis
1953 4462 2158 4522 diebus.
2202 4467 2274 4523 De
2308 4468 2475 4523 armis
2507 4468 2590 4523 vel
2637 4467 2822 4522 osculu
2861 4475 2916 4522 et
2954 4466 3221 4522 sacrificio
3248 4482 3360 4521 mo-

1708 4557 1757 4618 D
1785 4560 1913 4613 dum
1969 4568 2148 4614 teneat
2194 4558 2308 4626 jam
2364 4560 2588 4615 dictum.
2659 4559 2786 4614 Inde
2823 4576 2994 4630 usque
3043 4559 3108 4614 ad
3155 4560 3361 4616 obitum

1783 4665 1960 4715 suum,
1995 4650 2095 4704 nisi
2120 4650 2391 4718 pranlictis
2422 4649 2572 4705 festis
2596 4651 2816 4714 diebus,
2849 4668 2876 4704 a
2905 4666 3070 4706 carne
3107 4666 3164 4704 se
3199 4652 3365 4705 absti-

1783 4750 1913 4796 neat
1959 4750 2067 4795 tres
2111 4741 2376 4810 legitimas
2425 4741 2587 4796 ferias
2617 4742 2667 4794 in
2707 4742 2853 4796 omni
2896 4741 3264 4805 hcbdomada,
3311 4749 3366 4793 et

1787 4839 1898 4886 tres
1924 4831 2370 4902 quadragesimus
2408 4833 2460 4886 in
2507 4846 2650 4885 anno
2677 4831 2916 4902 legitime
2945 4831 3230 4892 custodiat.
3292 4833 3368 4885 De

1784 4921 1952 4974 armis
1980 4936 2107 4975 vero
2147 4928 2205 4972 nt
2251 4934 2412 4988 supra
2454 4921 2656 4974 dictant
2700 4929 2804 4974 est.
2853 4921 2919 4975 Et
2958 4933 3232 4987 nunquam
3272 4919 3370 4971 ali-

1784 5014 2002 5081 quando
2033 5012 2283 5082 conjugio
2312 5015 2614 5082 copuletur.
2667 5013 2791 5068 llaec
2825 5015 3010 5068 eadem
3050 5009 3371 5080 poenitentia

1785 5102 2112 5174 imponenda
2139 5111 2225 5159 est
2254 5104 2535 5171 patricidis
2565 5101 2649 5156 vel
2687 5102 2981 5158 fratricidis
3017 5099 3100 5153 vel
3137 5111 3370 5150 consan-

1785 5193 2018 5260 guineis,
2047 5206 2259 5249 necnon
2301 5199 2358 5244 et
2396 5194 2486 5263 qui
2533 5198 2725 5260 sponte
2765 5207 2862 5260 per
2887 5190 3133 5246 fraudem
3159 5193 3213 5237 et
3247 5199 3374 5238 ava-

1785 5285 1970 5340 ritiam
2018 5286 2295 5342 hominem
2329 5284 2608 5341 innoxium
2651 5280 2939 5347 occidunt,
2973 5276 3117 5351 quod
3143 5276 3378 5330 morchi-

1783 5374 1912 5431 dum
1952 5387 2170 5433 vocant.

1783 5462 1854 5518 In
1882 5479 2040 5537 quota
2086 5457 2768 5539 generatione__c0pulenter
2807 5457 3004 5539 ﬁdeles.
3051 5453 3138 5508 Ex
3163 5452 3381 5522 cpistola

2070 5531 2284 5592 Rabani
2307 5532 2377 5583 ad
2410 5534 2458 5586 Η
2468 5531 2756 5586 umbertum
2777 5531 3091 5600 episcopum.
3113 5584 3116 5587 ι
3253 5544 3257 5552 ·
