3884 5528
559 433 664 493 323

1595 422 1957 479 REGINONIS
1987 421 2400 481 PRUMIENSIS
2433 424 2720 484 ABBATIS

3719 435 3812 493 είι

562 537 872 600 honoranda
901 537 990 602 sit,
1021 534 1273 590 Dominus
1297 532 1533 603 loquitur
1555 534 1607 589 in
1632 533 1867 590 Levitico
1891 535 2078 591 dicens
2103 551 2117 589 ;
2149 540 2195 599 Α
2223 552 2305 592 nte
2332 538 2510 593 anima
2551 538 2912 611 demergatur.
2947 539 3114 613 Igitur
3141 542 3266 614 quia
3308 561 3339 600 a
3378 560 3503 602 mea
3536 550 3813 620 parvitate

540 633 747 691 Omnis
779 631 930 684 homo
956 626 1025 680 ad
1046 628 1336 693 proximam
1358 625 1631 694 sanguinis
1653 626 1735 681 sui
1758 642 1861 680 uou
1890 625 2124 689 accedat,

561 718 818 781 utrerelet
842 715 1217 788 turpitudinem
1243 715 1357 786 ejus
1380 713 1566 785 (Leuit.
1596 714 1771 786 xvm).
1814 714 1947 771 Cum
1981 715 2126 771 enim

560 813 817 868 Dominus
831 807 1081 881 populum
1093 822 1247 864 suum
1262 808 1327 862 de
1338 804 1879 863 contaminationibus
1889 808 2126 877 gentium

557 904 815 961 voluisset
860 915 1152 972 separare,
1193 899 1423 970 primum
1475 898 1711 969 generali
1759 898 2014 955 vocabulo
2061 899 2129 954 ad

556 995 956 1067 proximitatem
993 991 1270 1062 sanguinis
1315 988 1591 1060 prohibuit
1628 1003 1951 1059 queinquam
1980 1001 2130 1044 acce-

558 1087 707 1148 dere,
744 1097 812 1139 ne
844 1080 1108 1137 revelaret
1149 1078 1531 1148 turpitudinem
1558 1077 1708 1147 ejus;
1736 1077 1927 1133 deinde
1958 1079 2126 1148 ipsam

558 1172 727 1243 288
748 1168 1148 1241 generalitatem
1177 1166 1348 1221 ferme
1376 1166 1428 1221 in
1458 1166 1736 1221 duodecim
1765 1164 1970 1236 species
1998 1166 2123 1221 sub-

522 1262 774 1327 -divisit;
825 1275 942 1330 qua:
983 1268 1162 1313 tamen
1210 1258 1350 1311 ultra
1395 1256 1607 1310 tertiam
1649 1255 1731 1309 vel
1758 1265 2002 1326 quartam
2036 1271 2128 1326 ge-

560 1355 899 1410 iterationem
924 1366 1030 1407 non
1074 1350 1368 1420 procedunt
1415 1347 1582 1419 (506).
1641 1346 1792 1402 Unde
1821 1348 2031 1409 accidit,
2070 1358 2128 1401 ut

556 1461 703 1511 reor,
749 1447 1003 1500 domuum
1058 1442 1378 1510 Gregorium
1429 1441 1727 1511 Augustino
1774 1437 2127 1509 interroganti

557 1535 717 1590 tertia
768 1533 852 1588 vel
888 1542 1080 1602 quarta
1123 1532 1466 1602 generatione
1506 1530 1618 1600 jam
1664 1528 1808 1583 licite
1859 1527 2125 1582 connubia

550 1623 777 1694 iungere
802 1623 1157 1692 respondisse.
1189 1619 1449 1675 Similiter
1478 1628 1528 1673 ct
1569 1619 1620 1672 in
1650 1616 1914 1675 Theodori
1945 1617 2123 1671 urebi-

555 1713 789 1784 episcopi
817 1712 993 1783 gentis
1041 1710 1332 1784 Anglorum
1363 1708 1657 1779 Capitulis,
1696 1722 1816 1778 qua:
1855 1706 1919 1762 de
1944 1720 2128 1760 neces-

554 1803 713 1859 sariis
756 1801 1077 1871 conscripsit
1118 1801 1280 1854 rebus
1305 1838 1320 1864 ,
1364 1798 1667 1853 invenimus
1710 1796 1853 1866 quod
1886 1796 1937 1848 in
1967 1794 2125 1848 tertia

2231 628 2466 695 voluisti,
2485 630 2611 699 quid
2637 631 2895 686 sentirem
2917 632 2984 687 de
3021 634 3122 690 hac
3164 649 3243 701 re,
3275 637 3373 692 tibi
3408 640 3676 704 rescribi,
3702 657 3811 711 pre-

2230 726 2313 774 ter
2348 715 2693 788 fragilitatem
2730 723 3014 791 praesentis
3058 726 3317 795 temporis
3362 742 3492 784 reor
3524 728 3649 786 hoc
3677 737 3810 802 quod

2229 810 2541 867 Theodorus
2583 811 2863 884 episcopus
2914 813 3057 870 inter
3099 814 3420 890 Gregorium
3459 829 3517 876 et
3543 821 3811 879 Isidorus

2229 899 2438 955 medius
2469 899 2724 956 incedens
2745 902 2797 956 in
2830 902 2942 956 suis
2959 902 3223 974 Capitulis
3258 907 3507 963 deﬁnivit
3526 910 3721 981 magis
3734 926 3809 966 se-

2226 992 2530 1061 quendum,
2562 1001 2621 1048 ut
2645 992 2832 1063 quinta
2861 995 3207 1065 generatione
3222 996 3336 1067 jam
3366 998 3589 1057 licitum
3612 1016 3809 1057 couns-

2229 1081 2373 1135 binm
2402 1081 2526 1148 tiat,
2549 1084 2803 1152 quianon
2844 1085 2930 1141 lex
2962 1086 3141 1142 divina
3175 1089 3301 1144 huic
3332 1091 3700 1153 contradicit,
3722 1109 3807 1148 nec

2226 1171 2387 1227 etiam
2414 1181 2717 1228 sanctorum
2744 1173 2964 1232 Patrum
2992 1177 3135 1234 dicta
3161 1179 3263 1236 hoc
3288 1180 3615 1249 prohibent.
3644 1181 3703 1237 Si
3725 1198 3806 1236 au-

2228 1267 2331 1313 tem
2354 1262 2480 1313 etin
2502 1261 2687 1332 quinta
2715 1264 2783 1319 ab
2806 1265 2989 1321 insciis
3016 1267 3178 1322 fuerit
3211 1271 3402 1339 copula
3423 1284 3684 1341 peracta,
3713 1288 3806 1327 me
3882 1294 3884 1305 ι

2226 1349 2329 1405 lius
2370 1352 2500 1407 mibi
2533 1355 2742 1409 videtur
2766 1364 2824 1410 et
2867 1373 2989 1411 cum
3032 1360 3363 1428 pmnitentiaa
3402 1363 3805 1429 humiliation,
3882 1394 3884 1429 ί

2225 1442 2390 1517 29o
2411 1444 2455 1498 si
2484 1458 2545 1500 se
2566 1455 2826 1503 uxoratus
2845 1449 3123 1505 continere
3145 1466 3253 1507 non.
3284 1457 3422 1518 vult,
3454 1454 3579 1510 Deo
3605 1456 3805 1511 satids—

2227 1535 2351 1589 ciat.

2422 1624 2500 1680 De
2524 1627 2703 1681 eadem
2733 1645 2807 1684 re.
2839 1629 3118 1701 Gregorius
3143 1632 3213 1686 ad
3229 1633 3618 1705 Augustinum.

2296 1712 2424 1772 CCI.
2458 1716 2631 1787 (Apud
2666 1717 2853 1784 Beosu
2885 1721 2976 1774 lib.
3008 1737 3049 1786 ι,
3081 1722 3217 1777 Hist.
3251 1724 3408 1796 Augl.
3431 1742 3487 1782 c.
3521 1726 3624 1791 27,
3659 1726 3689 1799 ᾗ
3741 1728 3802 1795 6.}

2227 1801 2460 1859 Necesse
2485 1814 2569 1859 est
2592 1816 2649 1860 ut
2671 1809 2834 1862 etiam
2860 1810 3014 1864 tertia
3046 1812 3130 1866 vel
3160 1825 3349 1883 quarta
3370 1817 3675 1886 generatio
3701 1817 3804 1872 tide-

553 1894 951 1966 pr0pinquttate
986 1890 1165 1945 carnis
1200 1888 1491 1944 secundum
1535 1886 1755 1944 Graecos
1780 1885 1937 1945 liceat
1960 1884 2125 1939 nube-
2155 1880 2201 1943 Β
2227 1894 2353 1951 lium
2379 1896 2602 1951 licenter
2623 1899 2721 1953 sibi
2745 1897 2895 1972 ju-igi
2924 1903 3132 1959 debeat.
3152 1880 3286 1959 Nam
3314 1922 3345 1960 a
3374 1880 3631 1963 secunda
3657 1924 3795 1979 quam

556 1999 640 2049 re,
685 1983 739 2037 in
776 1983 961 2053 quinta
988 1979 1281 2036 secundum
1315 1978 1604 2033 Romanos.
1647 1977 1747 2046 Qui
1778 1986 1953 2031 tamen
1997 1989 2124 2029 con-

552 2072 698 2145 jugia
723 2073 776 2127 in
806 2070 962 2126 tertia
1007 2068 1404 2142 propinquitate
1442 2066 1581 2121 facta
1622 2081 1727 2120 non
1761 2064 2046 2125 solverent,
2079 2063 2125 2118 si

554 2176 712 2221 antea
737 2166 804 2220 ab
834 2163 1187 2219 inscientibus
1214 2168 1489 2233 compacta
1520 2159 1779 2224 fuissent,
1820 2156 2127 2227 aequaliter-

553 2270 659 2326 que
693 2254 1111 2327 coniungeretur
1158 2253 1241 2307 vir
1279 2251 1332 2306 in
1369 2250 1716 2306 matrimonio
1765 2249 1849 2306 bis
1889 2248 1979 2318 qui
2025 2246 2125 2302 sibi

552 2346 935 2416 consanguinei
982 2353 1146 2409 sunt,
1206 2352 1261 2399 et
1312 2342 1499 2398 uxoris
1551 2356 1661 2395 suae
1712 2338 2128 2409 consanguineis

550 2444 673 2511 post
695 2444 922 2489 mortem
938 2434 1140 2490 uxoris.
1176 2433 1329 2493 IIunc
1356 2440 1534 2486 autem
1558 2431 1896 2486 Theodorum
1921 2430 2128 2485 Tliarso

548 2527 751 2588 Ciliciae
791 2537 997 2590 natum,
1038 2523 1356 2581 Vitellianus
1396 2538 1531 2594 papa
1598 2522 1780 2577 Romae
1819 2522 2129 2591 episcopum

553 2619 843 2684 ordinans,
889 2617 955 2671 ad
981 2615 1317 2673 Britanniam
1353 2615 1537 2669 misit:
1585 2613 1725 2669 unde
1752 2621 1856 2666 tam
1884 2613 2132 2668 Orienta-

549 2711 680 2769 lium
715 2725 877 2781 quam
926 2708 1086 2762 etiam
1132 2706 1550 2764 Occidentalium
1596 2704 1956 2761 Ecclesiarum
1985 2720 2116 2759 con.

551 2798 925 2858 suetudinibus
966 2796 1199 2867 pleniter
1249 2797 1542 2851 instructus
1588 2794 1783 2850 fuerat.
1848 2795 1959 2850 Nec
2001 2809 2125 2849 cum

554 2888 740 2958 aliqua
769 2887 939 2942 latere
968 2891 1259 2955 petuerunt
1298 2899 1418 2953 qua:
1459 2883 1512 2937 in
1549 2882 2019 2941 observationibus
2056 2882 2130 2939 lo-

557 2978 760 3053 gitimis
824 2975 997 3032 Graeci
1040 2984 1098 3032 et
1146 2974 1376 3033 Romani
1424 2989 1490 3029 eo
1529 2982 1765 3044 tempore
1808 2974 2131 3039 habuerunt,

542 3069 797 3137 smaxime
824 3082 946 3125 cum
987 3067 1041 3121 in
1086 3075 1314 3136 utraque
1356 3065 1536 3135 lingua
1576 3065 1814 3134 perfecte
1841 3067 2135 3123 instructus

551 3167 717 3213 esset.
771 3157 924 3225 Quod
966 3164 1148 3210 autem
1188 3155 1450 3226 proximis
1495 3156 1824 3225 temporibus
1863 3155 2127 3212 Romano-

552 3263 674 3304 rum
717 3220 1029 3318 pontiﬁcum
1077 3220 1275 3316 scripta
1326 3220 1799 3314 continent—usque
1822 3247 1890 3300 ad
1912 3255 2118 3300 sextam
2151 3220 2195 3278 (ἶ

552 3338 639 3397 vel
670 3337 955 3409 septimam
990 3337 1392 3406 generationem
1419 3333 1653 3404 coniugii
1689 3349 1845 3391 usum
1874 3334 2125 3395 differen-

559 3430 704 3493 dum,
734 3428 904 3500 magis
935 3444 999 3484 ex
1033 3426 1418 3483 consuetudine
1449 3427 1685 3481 humana
1722 3440 1882 3495 quam
1918 3441 1981 3480 ex
2008 3426 2123 3495 lege

554 3519 733 3576 divina
754 3519 971 3574 hoceos
989 3518 1306 3589 praecepisse
1335 3517 1658 3573 credendum
1678 3527 1778 3571 est.
1818 3516 1950 3571 Nam
1983 3517 2126 3586 quod

548 3609 786 3668 Isidorus
814 3609 868 3665 in
906 3608 1255 3681 Etymologiis
1297 3608 1409 3664 suis
1442 3623 1612 3681 usque
1640 3608 1705 3663 ad
1736 3619 1942 3663 sextam
1965 3623 2125 3677 gene-

552 3703 816 3763 rationem
847 3701 1328 3772 consauguinitatis
1373 3700 1748 3756 abstinendum
1777 3710 1833 3754 et
1872 3702 1952 3755 sic
1987 3700 2122 3771 legi—

554 3792 687 3846 timo
710 3791 979 3847 connubio
1004 3788 1434 3860 coniungendum
1451 3790 1702 3855 asseruit,
1719 3790 1841 3845 inde
1864 3805 1986 3845 reor
2000 3806 2123 3845 ein

548 3881 750 3942 fecisse
770 3881 939 3953 289
965 3882 1104 3951 quod
1132 3881 1455 3952 genealogis:
1475 3882 1669 3938 seriem
1702 3891 1970 3947 retexens,
1994 3898 2126 3954 quo-

554 3973 722 4040 usque
745 3970 988 4025 ordiuem
1023 3969 1339 4027 numerandi
1369 3962 1640 4039 perduxit,
1661 3985 1727 4025 eo
1750 3972 2123 4041 cognationem

549 4060 826 4131 sanguinis
870 4059 1188 4115 servandam
1217 4059 1539 4127 aestimavit;
1588 4061 1772 4133 sicque
1801 4062 1869 4117 ad
1898 4063 2123 4118 innovao

550 4149 751 4209 tionem
795 4148 1007 4218 generis
1030 4156 1085 4207 et
1106 4148 1355 4207 amicitiae
1377 4146 1464 4216 ius
1490 4150 1916 4209 conﬁrmandum
1948 4153 2124 4208 redire

548 4241 616 4298 ad
646 4241 971 4297 connubium
993 4241 1240 4306 sancivit,
1267 4241 1481 4312 quando
1498 4240 1613 4310 jam
1632 4244 1968 4314 cognationis
1989 4244 2122 4300 ordo

548 4333 823 4389 numerari
864 4332 1041 4389 desiit.
1085 4332 1349 4392 Craterum
1392 4343 1519 4393 ante
1547 4336 1728 4389 omnia
1774 4337 2123 4393 consideran-

549 4426 676 4482 dum
715 4431 795 4478 est
823 4431 883 4477 ut
920 4423 1003 4478 sic
1041 4439 1268 4480 censura
1317 4424 1611 4495 disciplina:
1654 4434 2003 4496 temperetur,
2056 4442 2124 4483 ne

548 4528 649 4585 per
688 4512 1185 4568 immoderationem
1227 4516 1585 4585 correptionis
1629 4518 1835 4586 peccati
1872 4519 2120 4576 cumulus

551 4610 831 4671 augeatur.
874 4600 1085 4660 Scimus
1122 4602 1265 4659 enim
1294 4603 1434 4672 quod
1458 4604 1548 4673 qui
1580 4604 1633 4658 in
1654 4604 1771 4676 lege
1791 4609 2123 4677 cognationis

548 4689 640 4763 jus
663 4691 952 4749 observare
977 4692 1278 4757 constituit,
1297 4692 1350 4746 in
1374 4692 1663 4763 Evangelio
1686 4693 1863 4751 foedus
1891 4698 2123 4769 conjugii

551 4796 659 4836 non
686 4779 1082 4835 dissolvendum
1106 4782 1381 4855 praecepit.
1427 4781 1483 4837 Si
1507 4784 1651 4839 enim
1691 4785 1996 4861 ubicunque
2023 4788 2123 4842 ali.

551 4871 681 4948 quid
711 4870 1075 4943 proximitatis
1100 4874 1179 4929 vel
1215 4876 1716 4946 consanguinitatis,
1747 4878 1872 4940 licet
1916 4881 2120 4952 longin-

551 4978 706 5040 quae,
745 4963 888 5019 inter
907 4964 1220 5041 conjugatos
1242 4966 1469 5023 inveniri
1495 4978 1699 5039 potest,
1731 4972 1911 5030 statim
1937 4976 2121 5036 matri-

550 5055 793 5117 monium
846 5055 1198 5123 dissolvatur,
1255 5072 1450 5117 vereor
1505 5060 1649 5130 quod
1702 5063 2032 5127 adulterium
2064 5077 2122 5127 et

552 5145 926 5207 fornicationis
983 5147 1162 5207 scelus
1209 5150 1593 5223 multiplicetur
1622 5169 1639 5216 ;
1671 5155 1795 5225 quia
1828 5173 1951 5218 cum
1987 5175 2120 5216 con-

544 5239 735 5318 iugata
793 5239 1189 5297 adolescentulo
1228 5241 1312 5296 vel
1349 5241 1531 5311 juveni
1574 5247 1806 5303 societas
1849 5253 2121 5322 comparis

551 5342 667 5391 suae
697 5328 1011 5403 denegatur,
1066 5346 1169 5387 nec
1215 5334 1417 5404 aliquid
1467 5335 1516 5391 ei
1567 5337 1744 5397 solatii
1794 5339 2121 5408 impenditur

553 5419 697 5474 unde
718 5421 1097 5469 omnino-uiam
1134 5423 1341 5474 salvam
1362 5426 1548 5482 nassit.
1571 5425 1791 5480 libidine
1822 5428 2116 5480 inﬂammn-

2224 1985 2568 2054 praediximus
2595 1999 2655 2041 se
2680 1989 2899 2043 omnino
2929 1990 3084 2045 debet
3119 1993 3410 2049 abstinere.

2225 2096 2303 2151 De
2331 2098 2515 2152 eadem
2565 2116 2639 2154 re.
2684 2099 2770 2155 Ex
2811 2103 3027 2180 epistola
3064 2103 3270 2160 Rabuni
3311 2108 3382 2160 ad
3422 2109 3799 2180 Regiubalden

2789 2173 3230 2245 chorepiswpum.

2296 2259 2445 2316 CCII.
2478 2262 2554 2318 De
2582 2277 2648 2318 eo
2680 2266 2822 2333 quod
2851 2266 3189 2338 interrogasti
3214 2309 3228 2332 ,
3270 2268 3313 2324 si
3357 2278 3525 2340 pater
3559 2283 3619 2329 et
3659 2274 3796 2335 ﬁlius.

2223 2352 2311 2406 vel
2343 2352 2387 2407 si
2434 2353 2539 2409 duo
2577 2353 2799 2423 tratres,
2827 2357 2910 2412 vel
2957 2359 3003 2414 si
3051 2361 3346 2417 avunculus
3367 2372 3424 2417 et
3449 2380 3659 2434 nepos,
3699 2383 3795 2421 cum

2228 2457 2333 2497 una
2363 2444 2587 2498 muliere
2613 2443 2859 2501 fornicati
2892 2447 3020 2513 sint,
3064 2449 3194 2519 quid
3224 2451 3347 2507 inde
3379 2452 3703 2511 faciendum
3724 2462 3792 2523 sit,

2229 2535 2572 2592 manifestum
2601 2548 2684 2593 est
2719 2541 2861 2609 quod
2900 2541 3050 2610 gravi
3079 2542 3316 2599 vindicta
3347 2547 3706 2614 plectendum
3732 2563 3794 2607 est

2228 2628 2370 2696 quod
2419 2642 2579 2697 gmve
2641 2628 2850 2686 facinus
2901 2646 3022 2686 esse
3074 2635 3362 2702 reperitur.
3422 2637 3634 2696 Omnis
3677 2643 3792 2697 enin

2230 2720 2459 2773 mtecliia
2491 2719 2830 2776 interdicitur
2871 2722 2960 2778 ubi
2996 2724 3253 2793 scriptum
3275 2735 3358 2780 est
3385 2739 3404 2781 :
3430 2727 3569 2784 Non
3599 2733 3791 2785 marks-

2231 2805 2384 2860 beris.
2432 2808 2643 2874 Quanto
2674 2810 2842 2879 magis
2875 2826 2997 2865 cum
3034 2823 3259 2882 cognata
3285 2815 3370 2868 vel
3407 2832 3542 2872 cum
3594 2820 3793 2889 conjuge

2231 2911 2324 2952 seu
2345 2899 2641 2953 concubina
2663 2900 2895 2971 cognati.
2922 2899 3057 2955 Hinc
3078 2903 3128 2956 in
3149 2901 3391 2960 Levitico
3411 2908 3688 2978 scriptum
3710 2920 3789 2964 e51:

2232 2986 2290 3041 Si
2313 2990 2591 3042 masc/tatus
2615 2989 2770 3059 fuerit
2793 2992 2907 3060 quis
2927 3007 3045 3044 cum
3073 2986 3232 3047 uxore
3258 2993 3504 3063 alterius,
3521 3011 3794 3054 monens.

2234 3078 2440 3132 riantur
2461 3089 2506 3133 et
2534 3081 2757 3135 mazchus
2787 3092 2832 3133 et
2859 3082 3117 3139 adultera.
3154 3082 3256 3150 Qui
3279 3086 3565 3142 dormierit
3590 3109 3705 3145 cum
3722 3108 3793 3145 uo-

2234 3184 2382 3221 verca
2410 3185 2506 3221 sua
2542 3168 2619 3222 vel
2642 3186 2758 3223 cum
2785 3187 2920 3224 nuru
2947 3188 3062 3237 sua,
3092 3184 3140 3227 et
3182 3177 3271 3245 qui
3310 3176 3485 3245 ﬁliam
3513 3190 3572 3233 et
3603 3192 3791 3236 matres

2226 3258 2453 3321 duxerit,
2481 3269 2527 3312 et
2552 3261 2641 3329 qui
2680 3261 2931 3331 acceperit
2963 3281 3191 3319 sororem
3213 3283 3386 3332 suam,
3417 3284 3597 3327 morte
3630 3275 3789 3328 moris-

2226 3358 2314 3401 tur
2343 3347 2527 3419 (Leuit.
2554 3349 2667 3419 xx).
2698 3351 2752 3403 Si
2778 3352 2987 3407 enimiu
3017 3352 3555 3427 Iege'turpitudinem
3580 3363 3790 3420 incestus

2225 3439 2415 3493 mortis
2449 3440 2710 3497 sententia
2745 3441 3017 3498 vindicare
3036 3445 3219 3516 jussit,
3247 3454 3521 3516 quomodo
3556 3455 3614 3508 in
3642 3454 3785 3514 Evan-

2225 3528 2385 3600 gelio,
2411 3528 2497 3587 ubi
2527 3545 2733 3585 summa
2751 3531 2961 3602 justitia
2992 3542 3074 3588 est
3096 3576 3110 3601 ,
3161 3536 3507 3596 incestuosus
3548 3545 3788 3612 pteniteno

2228 3618 2353 3671 tiam
2398 3620 2605 3688 peccati
2644 3623 2874 3677 evadet?
2919 3621 3071 3680 Unde
3101 3626 3393 3696 Apostolus
3427 3645 3443 3684 :
3474 3630 3699 3688 [tritam
3721 3633 3789 3701 qvi

2225 3705 2402 3775 fecerit
2431 3708 2591 3778 legem
2623 3709 2815 3780 Moysi,
2850 3713 2960 3767 siue
2989 3714 3097 3769 ulla
3129 3717 3468 3775 miseratione
3488 3726 3595 3778 sub
3618 3725 3785 3777 duobus

2223 3799 2302 3853 vel
2329 3800 2493 3854 tribus
2525 3802 2735 3857 testibus
2771 3806 3011 3858 moritur.
3044 3805 3253 3871 Quanto
3281 3813 3450 3881 magis
3495 3817 3700 3883 putatis
3722 3815 3787 3867 tle-

2223 3890 2415 3943 teriora
2444 3894 2629 3945 mereri
2651 3894 2904 3964 supplicia
2931 3898 3021 3968 qui
3054 3896 3105 3950 F
3107 3899 3252 3952 ilium
3281 3900 3382 3955 Dei
3401 3906 3785 3970 conculcareril,

2223 3990 2270 4033 et
2291 3982 2595 4049 sanguinem
2626 3988 2917 4040 testamenti
2935 3987 3190 4056 pollutum
3213 3990 3447 4059 duxerit,
3478 3996 3534 4048 in
3563 4014 3667 4070 quo
3686 4014 3785 4050 san-

2222 4071 2481 4139 ctiﬁcatus
2521 4083 2616 4137 est,
2663 4084 2709 4128 et
2753 4073 2974 4145 Spiritui
3010 4079 3166 4151 291
3204 4084 3392 4149 gratiae
3435 4088 3781 4146 contumelia!

2224 4160 2398 4229 fecerit
2438 4161 2463 4215 Ρ
2501 4160 2685 4233 (Hebr.
2735 4165 2814 4235 ι.)
2845 4166 3011 4236 Igitur
3044 4168 3355 4233 Theodorus
3387 4171 3781 4242 judicaviteum

2223 4250 2315 4319 qui
2358 4251 2619 4307 incestum
2661 4253 2850 4309 fecerit
2885 4257 3168 4314 duodecim
3199 4276 3372 4317 annos
3399 4267 3678 4333 paenitere
3713 4268 3780 4322 dc-

2224 4340 2371 4395 bcre.
2397 4342 2498 4397 Alii
2525 4344 2856 4414 quindecim,
2873 4347 2960 4403 alii
2990 4349 3195 4416 decem,
3215 4352 3306 4407 alii
3333 4365 3574 4424 septeni.
3604 4359 3778 4423 Sedtu,

2222 4430 2522 4501 priscorum
2551 4433 2768 4499 Patrum
2799 4439 3023 4508 vestigia
3047 4456 3307 4517 sequens,
3353 4445 3439 4503 bis
3476 4449 3615 4514 solis
3637 4450 3779 4524 pani-

2153 4559 2200 4619 D
2226 4527 2406 4582 tentia:
2435 4527 2664 4597 spatium
2695 4537 2958 4599 temperes
2983 4533 3072 4602 qui
3104 4534 3292 4589 devote
3314 4545 3369 4590 et
3400 4555 3530 4594 cum
3560 4540 3778 4612 lacrymis

2231 4619 2600 4686 pmnitentiam
2633 4622 2868 4693 egerint;
2900 4627 3081 4685 caueri
3118 4628 3397 4691 delinitqu
3445 4640 3661 4706 tempus
3690 4649 3778 4691 ser-

2230 4720 2374 4766 VCIli.

2227 4821 2306 4882 De
2333 4822 2424 4879 illa
2468 4824 2557 4895 qui
2585 4840 2785 4883 servum
2814 4842 2870 4881 se
2903 4824 3171 4953 fecitiiEx
3196 4832 3419 4890 concilio
3454 4834 3770 4903 Triburimi.

2873 4913 2990 4953 can.
3094 4940 3109 4953 .

2873 4913 2990 4955 cap.
3022 4913 3081 4953 ‘l‘l
3094 4940 3109 4955 .

2295 4981 2465 5044 CCIII.
2493 4981 2822 5054 (Bononiae.
2851 4915 3142 5054 lic-lipixtie.
3177 4991 3292 5061 75.)
3326 4990 3611 5054 Perlatum
3630 4997 3768 5059 estad

2226 5082 2469 5133 sanctam
2499 5078 2759 5146 synodum
2789 5077 2931 5146 quod
2966 5079 3180 5153 quidam
3220 5082 3488 5161 ingenuus
3513 5089 3769 5161 ingenuan

2227 5163 2496 5233 acceperit
2539 5180 2782 5229 uxorem,
2808 5175 2862 5223 et
2895 5176 3015 5237 post
3068 5169 3297 5227 ﬁliorum
3322 5180 3766 5243 procreationem.

2225 5253 2508 5309 occasione
2540 5252 2807 5319 .divorlii,
2853 5256 3135 5333 cujusdam
3198 5275 3415 5326 servum
3467 5281 3531 5328 ae
3572 5267 3765 5328 ferierit.

2223 5353 2404 5402 utrum
2424 5346 2747 5405 necessario
2787 5347 3067 5407 mulierem
3100 5359 3281 5415 tenere
3317 5354 3548 5431 debeat;
3580 5369 3634 5416 et
3658 5359 3757 5419 site

2227 5435 2398 5478 ""9""
2472 5444 2650 5484 Ull'llm
2681 5435 2767 5492 illa
2790 5454 3003 5488 numne
3030 5444 3321 5498 θεον-νὴ·-
3360 5461 3456 5480 or‘
3510 5449 3527 5454 “
3711 5448 3726 5472 ⁸
