3944 6444
143 465 234 522 325

145 577 408 631 mulierem
437 572 494 625 in
520 569 832 624 servitutem
865 567 1058 636 redigi,
1091 567 1217 618 dum
1247 563 1334 617 ille
1358 577 1463 617 non
1487 575 1550 615 ex
1576 574 1705 614 con-
1730 565 1778 622 Α

143 659 567 730 sensu-conjugis
605 671 663 712 se
705 669 921 712 servum
947 654 1105 719 fecit,
1133 667 1291 723 quem
1321 651 1551 706 liberum
1589 663 1702 704 ma-

141 757 292 809 ritum
324 759 632 821 acceperat.

501 839 635 893 Item
663 838 729 891 de
756 836 987 890 incestis.
1017 833 1103 888 Ea:
1124 835 1328 889 eodem.

998 457 1085 510 DE
1109 451 1386 509 ECCLES.
1431 447 1708 505 [)ISCIPL.
1747 448 1920 503 LIBRI
1963 447 2121 504 DUO.
2161 477 2230 487 —-—
2269 448 2394 502 LIB.
2425 448 2486 502 Il.

3275 448 3380 505 5‘26

2230 557 2304 612 De
2335 558 2514 611 eadem
2549 575 2619 612 re.
2654 556 2738 612 Ex
2759 559 2957 613 eodem.

1875 646 2052 701 CCIX.
2091 645 2423 718 (Βοιωτίην.
2456 647 2548 702 lib.
2605 663 2734 713 xvn,
2766 663 2815 704 c.
2867 648 2945 718 6.)
2973 647 3030 704 Si
3085 649 3209 720 quis
3259 664 3382 706 cum

1805 736 2011 792 duabus
2039 737 2316 792 sororibus
2345 736 2639 793 fornicatus
2687 738 2869 804 fuerit,
2907 739 2995 793 vir
3032 739 3222 796 diebus
3257 741 3384 798 vita:

1805 841 1916 880 sua:
1937 827 2213 896 paeniteat.
2247 825 2415 882 Soror
2440 838 2619 883 autem
2649 843 2766 897 qua:
2796 829 2861 885 de
2895 829 2999 884 alia
3051 844 3237 888 sorore
3289 846 3385 887 ne-

202 930 377 988 CCIV.
411 928 608 984 Concil.
635 927 843 981 Tribur.
873 940 924 980 c.
955 924 1049 990 λης
1096 925 1402 979 Βυκεηλιιι).
1441 920 1534 975 lib.
1567 933 1702 982 xvn,
1775 914 1979 998 scivit,
2013 914 2284 970 licentiam
2311 917 2506 972 habeat
2528 918 2777 973 nubendi.

139 1042 183 1079 c.
228 1023 343 1092 15.)
387 1021 538 1075 Item
596 1018 888 1073 indicatum
939 1022 1024 1070 est
1082 1014 1370 1084 quemdam
1426 1020 1706 1081 stuprasse

139 1114 421 1185 quamdam
452 1109 728 1174 feminam,
764 1121 924 1178 quam
958 1114 1143 1176 postea
1173 1104 1338 1160 frater
1365 1103 1482 1172 ejus
1504 1102 1709 1174 accepit

138 1217 377 1261 uxorem.
422 1198 735 1253 Statuerunt
763 1211 884 1250 eum
909 1195 998 1264 qui
1040 1193 1323 1264 stupravit,
1354 1200 1409 1246 et
1445 1205 1476 1244 a
1516 1205 1575 1245 se
1600 1200 1709 1245 stu-

137 1305 345 1366 pratam
397 1290 552 1346 fratri
594 1288 819 1352 celavit,
866 1287 993 1355 quia
1042 1284 1333 1354 geminavit
1385 1288 1664 1352 peccatum
1692 1320 1707 1344 ,

2219 1008 2302 1062 De
2324 1010 2503 1064 eadem
2540 1026 2615 1065 re.
2647 1008 2731 1065 Ea:
2755 1025 2953 1066 eoaem.

1841 1095 1997 1154 CCX.
2023 1097 2244 1170 (Caecil.
2269 1099 2480 1156 Tribur.
2505 1118 2554 1157 c.
2581 1102 2678 1170 44;
2715 1103 3023 1159 Buncuaaa.
3055 1101 3147 1161 lib.
3173 1121 3306 1170 xm,
3333 1123 3383 1164 c.

1809 1187 1922 1257 I5.)
1953 1187 2008 1244 Si
2039 1189 2525 1247 homovfornicatus
2547 1192 2708 1248 fuerit
2735 1209 2858 1248 cum
2884 1195 3127 1262 muliere,
3149 1207 3199 1252 et
3219 1197 3387 1252 frater

1808 1277 1923 1346 ejus
1956 1280 2199 1335 nesciens
2220 1281 2430 1336 duxerit
2464 1296 2582 1336 eam
2611 1298 2868 1350 uxorem;
2910 1283 3098 1353 frater,
3139 1301 3204 1341 eo
3246 1289 3390 1355 quod

137 1361 452 1456 pertinentia
504 1378 816 1436 districtiori
860 1375 1261 1446 castigandum,
1295 1382 1350 1429 et
1401 1372 1708 1443 coniugium
1807 1371 1962 1426 fratri
1983 1373 2193 1428 crimen
2211 1373 2498 1438 celaverit,
2535 1361 2816 1444 pmniteat,
2848 1385 2902 1431 et
2950 1387 3070 1447 post
3125 1380 3390 1448 perniten-

137 1477 239 1529 tale
269 1473 485 1528 dissolvi
514 1478 786 1540 Oportere,
810 1477 868 1523 et
903 1466 1113 1522 mulieri
1137 1465 1356 1536 quidem
1382 1464 1462 1518 eis
1489 1461 1711 1517 viventi—
1811 1465 1937 1518 tiam
1967 1465 2152 1520 nubat.
2184 1465 2374 1520 Mulier
2401 1475 2581 1523 autem
2618 1482 2787 1537 usque
2830 1469 2898 1523 ad
2947 1478 3174 1524 mortem
3220 1469 3389 1539 poeni-

134 1568 228 1621 bus
260 1581 364 1619 non
380 1563 507 1618 fore
546 1568 868 1632 potestatem
911 1557 1183 1622 nubendi,
1233 1555 1338 1611 illis
1388 1563 1568 1610 autem
1612 1567 1712 1624 pro
1811 1561 1924 1610 teat
1955 1553 2124 1626 (308).

134 1657 506 1713 misericordia
535 1652 842 1724 coniugium
867 1649 1158 1720 indulgere.

132 1750 293 1820 292
349 1748 406 1803 Si
447 1747 562 1818 quis
599 1762 717 1820 cum
739 1744 852 1820 filia
877 1751 1172 1820 matertera:
1191 1756 1328 1806 sum,
1365 1747 1495 1806 ete.,
1520 1754 1714 1794 concu-

654 1816 840 1869 buerit.
873 1813 957 1867 Ea:
984 1813 1184 1867 eodem.

2134 1643 2300 1717 294
2338 1645 2412 1700 De
2435 1649 2613 1701 eadem
2641 1665 2715 1702 re.
2746 1648 2831 1703 Ea:
2869 1661 3066 1704 eodem.

1875 1731 2062 1790 CCXI.
2097 1734 2320 1806 (Concil.
2358 1736 2566 1792 Tribur.
2590 1753 2638 1793 e.
2660 1739 2761 1806 43;
2795 1739 3100 1796 BURCIIARD.
3133 1742 3224 1797 lib.
3257 1758 3390 1805 xvu,

1814 1838 1864 1879 c.
1900 1824 2010 1896 II.)
2043 1824 2101 1880 Si
2153 1824 2323 1882 frater
2358 1842 2479 1882 cum
2509 1829 2734 1885 muliere
2784 1830 3081 1888 fornicatus
3124 1832 3307 1899 fuerit,
3337 1843 3393 1888 et

197 1909 356 1964 CCV.
386 1908 717 1980 (BURCHARD-
747 1905 838 1960 Iib-
869 1919 1004 1969 XV",
1028 1918 1077 1959 ο·
1106 1902 1376 1973 QII-luem
1418 1901 1792 1971 interroga-'13
1821 1913 1989 1976 frater
2010 1918 2258 1970 nesciens
2285 1931 2406 1971 cum
2445 1918 2630 1972 eadem
2660 1919 3025 1985 concubuerit,
3072 1922 3263 1976 mulier
3287 1921 3395 1976 die-

133 2012 239 2056 tum
272 2001 397 2065 fuit,
430 2001 472 2055 si
495 2000 616 2070 quis
635 2014 755 2054 cum
785 1997 894 2051 lilia
930 2003 1236 2050 matertera:
1262 2009 1374 2048 sua:
1413 1991 1496 2045 vel
1544 2006 1712 2045 avun-

132 2093 252 2156 culi,
288 2092 472 2145 amitae
513 2087 597 2144 vel
648 2087 850 2158 patrui,
899 2083 1272 2148 concubuerit,
1318 2083 1366 2138 si
1395 2079 1712 2152 conjugatus

130 2183 328 2247 Interit,
378 2181 606 2235 Iiceatne
654 2179 727 2233 illi
770 2177 996 2232 ulterius
1044 2175 1121 2230 uti
1157 2172 1438 2246 eonjugio,
1467 2179 1558 2226 aut
1607 2185 1712 2226 non

127 2273 422 2344 conjugato
468 2285 694 2326 uxorem
724 2268 988 2337 accipere.
1017 2266 1232 2322 Justum
1269 2271 1431 2324 esset,
1461 2263 1598 2318 sicut
1618 2261 1714 2316 ali-

127 2380 231 2434 qua
267 2363 512 2433 priorum
551 2368 752 2416 statuta
798 2357 1114 2420 habeantur,
1162 2364 1221 2410 ut
1251 2355 1305 2409 in
1334 2363 1652 2425 perpetuum
1681 2367 1712 2405 a

128 2452 548 2525 conjugio-tales
574 2451 898 2506 abstineant.
947 2447 1053 2504 Sed
1098 2447 1274 2502 visum
1309 2455 1415 2510 est,
1466 2446 1714 2500 humana:

125 2544 445 2616 fragilitatis
475 2543 690 2606 intuitu,
719 2550 776 2595 ut
805 2548 927 2611 post
956 2538 1325 2610 paenitentiam
1366 2551 1472 2590 non
1499 2534 1714 2605 quidem

121 2638 350 2707 penitus
398 2633 676 2704 priventur
713 2629 997 2701 conjugio,
1051 2627 1336 2684 durissime
1381 2634 1559 2680 tamen
1609 2632 1713 2677 tam

121 2724 386 2779 immanis
430 2721 714 2776 fornicatio
762 2719 1085 2785 vindicetur,
1134 2717 1276 2773 sicut
1304 2726 1525 2773 sanctus
1575 2728 1718 2785 papa

119 2815 388 2870 Nicolaus
423 2821 476 2866 et
521 2811 610 2866 alii
667 2810 891 2865 Romani
940 2809 1222 2880 pontifices
1267 2814 1603 2873 statuerunt,
1648 2819 1718 2860 ne

119 2906 266 2962 forte
292 2904 578 2977 desperata
603 2899 933 2956 conscientia
956 2897 1306 2969 multiplicius
1338 2904 1584 2966 peccent.

518 2990 652 3045 Item
681 2990 744 3044 de
769 2988 1000 3043 incestis.
1023 2987 1107 3041 Ea;
1135 2986 1333 3041 eodem.

191 3083 383 3144 CCVI.
420 3083 730 3138 BURCIIARD.
762 3079 854 3134 lib.
879 3095 1034 3143 xvm,
1072 3094 1120 3133 c.
1149 3077 1217 3143 4;
1248 3075 1527 3132 Paenitent.
1562 3075 1714 3131 Rom.

117 3181 205 3236 tit.
240 3182 307 3242 '5,
341 3192 388 3232 c.
421 3175 498 3246 5.)
544 3174 602 3228 In
659 3173 857 3228 lectum
885 3170 1084 3234 mariti,
1116 3170 1338 3225 absente
1361 3184 1550 3234 uxore,
1569 3183 1723 3224 soror

1813 2002 1914 2058 bus
1936 2002 2058 2057 vita:
2087 2018 2197 2057 sua:
2225 2005 2516 2072 paeniteat;
2540 2017 2659 2076 post
2683 2009 3056 2078 pcenitentiam
3079 2019 3256 2063 autem
3287 2010 3393 2062 l'ra-

1816 2100 1898 2149 ter
1917 2093 2134 2163 ignarus
2154 2095 2374 2152 sceleris
2411 2097 2716 2168 conjugium
2745 2100 2994 2171 accipiat,
3020 2101 3062 2155 si
3086 2100 3196 2156 vult
3223 2100 3391 2171 (509).

1812 2182 1892 2239 De
1924 2187 2270 2257 separatione.
2323 2185 2671 2262 Exfroncilio
2720 2193 2788 2245 ad
2841 2191 3162 2247 Vermeriam
3197 2202 3397 2262 tempo-

2395 2260 2539 2315 ribus
2567 2259 2799 2331 Pippini.

1884 2347 2082 2404 CCXII.
2119 2347 2340 2420 (Concil.
2367 2350 2601 2407 γει-τηεν.
2633 2368 2683 2407 c.
2717 2355 2769 2418 I;
2801 2352 3001 2408 Concil.
3027 2353 3308 2424 Compend.
3341 2368 3390 2407 c.

1817 2436 1895 2510 I.)
1928 2438 1984 2492 In
2023 2439 2180 2493 tertio
2209 2441 2456 2508 geniculo
2488 2451 2828 2512 separentur.
2880 2443 2938 2498 In
2990 2455 3182 2513 quarta
3213 2452 3396 2498 autem

1814 2524 2189 2598 coniugatione
2217 2530 2262 2583 si
2303 2530 2505 2585 inventi
2537 2531 2756 2598 fuerint,
2792 2548 2898 2587 non
2925 2548 3019 2588 eos
3062 2548 3393 2603 separamus,

1815 2619 1907 2673 sed
1931 2619 2303 2688 paenitentiam
2339 2622 2417 2676 eis
2443 2622 2752 2677 indicimus.
2787 2622 2855 2677 Et
2892 2632 3068 2680 tamen
3105 2625 3151 2677 si
3195 2622 3396 2678 factum

1817 2726 1923 2766 non
1949 2709 2136 2779 fuerit,
2173 2713 2370 2767 nullam
2405 2712 2710 2769 facultatem
2731 2714 3089 2787 eonjungendi
3121 2717 3175 2772 in
3205 2727 3399 2788 quarta

1817 2803 2162 2874 generatione
2197 2804 2407 2860 damus.

2249 2894 2326 2948 De
2355 2895 2536 2951 eadem
2567 2913 2640 2952 re.
2673 2895 2761 2952 Ea:
2779 2899 2977 2954 eodem.

1888 2981 2112 3039 CCXIII.
2153 2981 2378 3058 (Concil.
2432 2985 2660 3042 Vermer.
2696 3005 2745 3042 c.
2798 2989 2877 3060 2.)
2930 2989 2987 3044 Si
3034 2988 3228 3059 aliquis
3279 3003 3402 3046 cum

1822 3071 2046 3128 Illiastra
2074 3090 2168 3129 sua
2215 3085 2414 3137 manet,
2466 3093 2566 3132 nec
2601 3089 2828 3133 matrem
2881 3095 2984 3136 nec
3026 3080 3187 3134 ﬁliam
3236 3081 3405 3151 ipsius

1820 3171 1996 3232 potest
2024 3164 2246 3229 habere,
2270 3180 2371 3220 nec
2398 3166 2486 3220 illa
2518 3183 2617 3221 nec
2647 3169 2736 3224 ille
2767 3168 2886 3224 aliis
2917 3185 2976 3225 se
3001 3179 3252 3239 poterunt
3276 3185 3405 3226 con-

115 3271 221 3324 ivit
248 3266 476 3330 uxoris;
506 3278 669 3334 quam
705 3261 794 3316 ille
837 3274 1059 3316 uxorem
1084 3274 1236 3314 suam
1265 3266 1482 3327 putans,
1513 3258 1718 3313 dormi-
1747 3260 1793 3323 C
1818 3252 2044 3323 iungere
2070 3255 2177 3309 ullo
2199 3271 2433 3325 unquam
2462 3266 2718 3328 tempore.
2740 3261 2992 3316 Attamen
3027 3276 3162 3315 ιιλίιι·
3191 3262 3326 3332 ejus,
3360 3262 3405 3317 si

113 3361 197 3414 vit
226 3372 367 3415 cum
399 3370 482 3410 ea.
515 3352 689 3424 Super
719 3353 822 3407 hoc
843 3350 1016 3406 visum
1041 3358 1146 3414 est,
1175 3348 1218 3401 si
1248 3347 1359 3418 ipse
1387 3361 1483 3416 per
1519 3347 1723 3402 securi-

112 3459 303 3505 tatem
328 3460 511 3500 veram
536 3444 638 3500 hoc
667 3440 976 3514 probaverit
1003 3438 1147 3509 quod
1178 3437 1378 3492 inscius
1406 3435 1594 3491 fecerit
1620 3436 1723 3490 hoc

109 3539 338 3603 scelus,
368 3533 738 3606 pcenitentiam
767 3531 985 3601 quidem
1017 3542 1138 3598 qua:
1161 3527 1261 3581 sibi
1294 3526 1528 3580 indicata
1559 3525 1725 3580 fuerit

111 3641 283 3704 agat,
330 3639 383 3684 et
415 3627 709 3698 legitimum
738 3637 891 3677 suum
923 3617 1230 3689 coniugium
1261 3617 1463 3672 habere
1500 3615 1726 3686 permit-

109 3733 320 3787 tatur;
374 3719 518 3772 illam
567 3716 724 3786 digna
773 3710 1009 3767 vindicta
1029 3707 1226 3780 aﬂligi,
1261 3717 1316 3763 et
1355 3707 1408 3761 in
1458 3714 1722 3762 aeternum

107 3811 392 3883 coniugio
423 3807 624 3880 privari
660 3804 830 3877 (507).

461 3898 624 3969 293
664 3897 738 3950 De
765 3894 945 3949 eadem
979 3909 1055 3948 re.
1096 3890 1180 3946 Ea:
1205 3890 1406 3947 eodem.

185 3991 415 4050 CCVII.
440 3986 663 4060 (Concil.
694 3985 904 4040 Tribur.
933 3998 983 4038 c.
1011 3982 1113 4048 £3;
1139 3981 1455 4036 Buacusau.
1484 3980 1724 4044 Iib.xvtt,

105 4102 163 4144 c.
202 4065 330 4155 16.)
363 4081 594 4150 Quidam
639 4077 933 4132 fornicatus
969 4083 1054 4128 est
1103 4086 1224 4126 cum
1273 4070 1450 4138 aliqua
1479 4070 1722 4124 muliere.

107 4182 337 4238 Postea
368 4173 532 4236 filius,
563 4170 810 4226 nesciens
830 4166 1001 4238 patris
1029 4163 1254 4228 factum,
1279 4162 1541 4232 stupravit
1575 4177 1726 4216 eam-

106 4275 280 4330 dem.
317 4267 476 4338 Quod
508 4280 629 4321 cum
659 4272 811 4334 pater
837 4261 1106 4323 rescisset,
1157 4259 1224 4314 de
1262 4274 1320 4314 se
1352 4258 1572 4329 filioque
1600 4271 1731 4312 con-

106 4365 318 4419 fessus
348 4364 456 4415 est.
509 4356 826 4411 Statuerunt
854 4352 1046 4406 melius
1087 4365 1209 4406 esse
1247 4359 1305 4403 ut
1345 4348 1523 4404 taliter
1563 4347 1729 4418 lapsis

106 4467 255 4509 cum
287 4449 457 4519 digna
480 4443 796 4516 paenitentia
815 4441 1056 4512 legitima
1077 4439 1460 4511 permittantur
1483 4435 1731 4508 conjugia

99 4555 308 4611 quam
372 4535 515 4590 forte
575 4533 812 4589 deterius
859 4531 1205 4602 delinquant;
1261 4545 1386 4586 cum
1438 4528 1729 4586 fornicaria

1821 3341 1895 3396 ita
1925 3341 2173 3406 voluerit,
2215 3344 2259 3398 si
2294 3359 2354 3398 se
2401 3346 2679 3401 continere
2730 3362 2834 3401 non
2881 3357 3076 3417 potest,
3122 3349 3166 3404 si
3220 3360 3405 3419 postea

1821 3447 1983 3502 quam
2011 3435 2260 3504 cognovit
2304 3437 2447 3504 quod
2475 3452 2598 3491 cum
2627 3437 2735 3491 lilia
2778 3453 2878 3493 sua
2908 3438 2990 3492 vir
3041 3438 3156 3507 ejus
3209 3439 3310 3494 fuit
3353 3441 3408 3496 in

1822 3521 2106 3589 adulterio,
2138 3525 2354 3579 carnale
2376 3527 2766 3582 commercium
2797 3543 2921 3584 cum
2959 3543 3025 3585 eo
3054 3546 3160 3586 non
3189 3530 3406 3600 habeat;

1821 3613 1867 3670 si
1893 3613 2006 3668 vult
2032 3625 2211 3684 potest
2233 3615 2324 3670 alii
2352 3617 2575 3672 nubere.

2237 3709 2316 3764 De
2343 3709 2525 3764 eadem
2555 3727 2628 3766 re.
2661 3707 2750 3766 Ea;
2785 3712 2986 3769 eodem.

1893 3796 2125 3854 CCXIV.
2159 3798 2378 3871 (Concil.
2419 3799 2650 3858 Vermer.
2705 3817 2757 3858 e.
2816 3802 2914 3870 I0;
2949 3805 3258 3866 Bnacnsnn.
3308 3805 3405 3864 lib.

1822 3907 2054 3957 xvtu,c.
2100 3895 2213 3964 II.)
2250 3894 2306 3949 Si
2354 3896 2477 3965 quis
2511 3911 2634 3951 cum
2682 3912 2912 3953 noverca
2963 3914 3059 3954 sua
3108 3900 3409 3966 dormierit,

1826 3983 2137 4052 neutiquam
2173 3993 2398 4053 possunt
2421 3986 2487 4038 ad
2515 3985 2822 4056 conjugium
2854 3989 3160 4057 pervenire.
3214 3989 3272 4044 Si
3327 3991 3413 4046 vir

1825 4073 1943 4144 ejus
1981 4074 2057 4128 sic
2081 4074 2207 4135 vult,
2252 4083 2427 4144 potest
2467 4075 2627 4130 aliam
2659 4077 2924 4147 accipere,
2957 4079 3003 4133 si
3048 4094 3108 4134 se.
3136 4082 3413 4136 continere

1827 4178 1933 4217 non
1956 4173 2148 4232 potest.
2183 4163 2440 4219 Similiter
2463 4167 2552 4235 qui
2585 4167 2748 4238 295
2777 4183 2897 4223 cum
2927 4170 3154 4224 liliastra
3197 4187 3294 4226 sua
3327 4173 3412 4229 vel

1829 4271 1949 4311 cum
1979 4269 2162 4310 sorore
2188 4257 2372 4310 uxoris
2399 4256 2699 4324 dormierit,
2723 4269 2868 4315 stare
2897 4271 3099 4332 potest.

2261 4345 2341 4401 De
2365 4347 2545 4403 eadem
2569 4365 2642 4404 re.
2679 4347 2766 4406 Ea:
2792 4352 2991 4406 eodem.

1900 4433 2084 4490 CCXV
2132 4434 2355 4507 (Concil.
2411 4436 2641 4493 Vermer.
2683 4453 2734 4495 c.
2785 4440 2897 4507 I2;
2959 4439 3272 4499 Buncusttn.
3319 4441 3412 4500 lib.

1833 4542 1964 4592 xvn,
2005 4543 2055 4582 c.
2087 4527 2166 4597 '5.)
2207 4528 2307 4596 Qui
2335 4529 2615 4586 dormierit
2655 4546 2776 4587 cum
2803 4534 3009 4589 duabus
3036 4537 3332 4600 sororibus,
3363 4544 3419 4593 et

1759 4607 1808 4666 D
1837 4635 1941 4673 una
1964 4635 2027 4673 ex
2062 4619 2166 4674 illis
2198 4630 2354 4677 antea
2385 4638 2519 4678 uxor
2544 4623 2723 4691 fuerit,
2741 4625 2938 4680 nullam
2962 4641 3028 4683 ex
3053 4628 3182 4699 ipsis
3204 4629 3416 4696 habeat,

1838 4724 1940 4764 nec
1964 4710 2092 4780 ipsis
2119 4710 2345 4766 adulteri
2377 4727 2612 4782 unquam
2640 4712 2890 4786 conjugio
2923 4718 3261 4787 copulentur.

2265 4802 2340 4857 De
2361 4803 2544 4858 eadem
2574 4821 2646 4858 re.
2681 4802 2769 4859 Ea:
2796 4808 2995 4861 eodem.

1910 4892 2134 4950 CCXVI.
2172 4892 2393 4967 (Concil.
2429 4893 2712 4964 Compend.
2765 4912 2815 4952 c.
2869 4899 2932 4964 8;
2982 4899 3288 4956 Buucnsnn.
3322 4900 3418 4960 lib.

100 4643 328 4688 autem
360 4627 451 4684 illa
474 4627 692 4699 gravius
711 4625 996 4694 agendum.

579 4717 655 4772 De
676 4719 864 4770 eadem
895 4731 967 4768 re.
1003 4712 1088 4766 Ex
1114 4711 1312 4766 eodem.
1613 4777 1635 4793 .

183 4811 445 4872 CCVIII.
463 4809 684 4881 (Concil.
710 4809 915 4862 Tribur.
933 4823 983 4862 c.
1007 4806 1111 4870 45;
1143 4805 1452 4860 Buacmtuu.
1484 4804 1576 4860 lib.
1599 4820 1731 4870 xvu,

96 4927 152 4966 ε.
200 4906 305 4975 5.)
327 4901 390 4957 Si
415 4901 537 4972 quis
564 4915 684 4955 cum
713 4899 921 4953 duabus
939 4896 1214 4952 sororibus
1233 4895 1529 4950 fornicatus
1553 4894 1733 4960 fuerit,

98 5015 164 5056 et
205 5011 397 5054 soror
419 4979 659 5049 sororem
692 4993 760 5046 ab
784 4991 974 5046 eodem
1005 4999 1162 5044 antea
1191 4996 1487 5058 stupratam
1532 4987 1734 5042 nescie—
1844 5002 1976 5048 xvn,
2001 5002 2052 5040 c.
2080 4987 2188 5056 I7.)
2215 4985 2270 5041 Si
2295 4987 2416 5056 quis
2441 5003 2561 5042 cum
2591 5004 2760 5044 uxore
2783 4989 2970 5056 fratris
2993 4991 3074 5048 sui
3115 4992 3415 5056 dormierit,

95 5095 219 5156 rit,
261 5085 367 5141 vel
407 5085 453 5140 si
499 5085 612 5154 ipse
639 5095 883 5138 sororem
910 5080 1028 5150 ejus
1073 5094 1234 5148 quam
1287 5088 1444 5133 antea
1473 5077 1738 5148 stupravit
1842 5078 2052 5133 adulter
2076 5088 2130 5132 et
2160 5077 2368 5132 moecha
2395 5078 2582 5133 diebus
2611 5081 2736 5135 vita:
2765 5095 2876 5136 sure
2920 5082 3124 5150 absque
3172 5082 3421 5152 conjugio

95 5172 640 5239 nonintellexerit,
656 5172 700 5226 si
729 5171 891 5242 digne
917 5167 1432 5241 ptenituerint,etse
1461 5168 1742 5224 continere
1843 5175 2120 5222 maneant.
2166 5165 2259 5222 llle
2283 5181 2412 5222 vero
2433 5168 2519 5224 cui
2549 5185 2688 5225 uxor
2713 5170 2833 5238 fuit,
2865 5172 2910 5226 si
2942 5171 3073 5236 vult,
3105 5170 3265 5230 aliam
3293 5185 3423 5227 con»

90 5284 235 5326 non
279 5263 587 5328 valuerint,
615 5268 747 5332 post
779 5273 948 5314 annos
991 5268 1196 5328 septem
1227 5257 1470 5328 conjugia
1501 5257 1606 5312 illis
1635 5273 1740 5314 non
1839 5259 2023 5332 jugem
2049 5259 2299 5330 accipiat.

90 5364 446 5430 negentur.
492 5352 551 5408 Si
601 5361 782 5407 autem
826 5365 933 5406 non
989 5351 1396 5420 ignoraverunt,
1455 5365 1625 5422 usque
1673 5353 1743 5408 ad
2273 5351 2347 5407 De
2369 5351 2548 5407 eadem
2579 5369 2650 5408 re.
2685 5352 2770 5408 Ex
2795 5355 2994 5408 eodem.

86 5456 393 5510 mortem
422 5459 453 5498 a
474 5442 721 5513 conjugio
750 5441 1078 5497 abstineant.
1915 5443 2160 5501 CCXVII.
2191 5443 2418 5514 (Concil.
2452 5444 2733 5516 Compend.
2765 5462 2812 5502 c.
2852 5447 2939 5511 to;
2991 5445 3086 5502 lib.
3115 5461 3168 5501 v.
3199 5444 3418 5518 Capitu—

184 5557 402 5634 (307)
435 5556 492 5611 In
540 5556 778 5634 editione
829 5556 1292 5612 Ilelmmstadiensi
1343 5557 1540 5634 legitur
1569 5571 1741 5634 verum
1847 5557 2167 5634 editumest
2187 5555 2520 5634 abﬁntonirl
2538 5557 2854 5634 Augustino.

85 5625 232 5693 ποὶι
259 5625 599 5700 probaverit,
621 5626 840 5681 omnino
863 5639 1054 5684 contra
1079 5638 1318 5700 mentem
1341 5625 1588 5700 canonis.
1613 5625 1744 5700 Nos,
1919 5627 2066 5700 (598)
2105 5625 2243 5700 yide
2265 5626 2357 5681 lib.
2386 5643 2463 5700 vlt
2483 5625 2732 5700 Capit—ul"
2763 5641 2883 5697 cap.
2907 5626 3034 5683 29b.
3361 5665 3364 5668 ~
3391 5681 3394 5685 ,

83 5695 273 5777 quid
344 5698 769 5777 destituebamur
820 5713 920 5777 ope
971 5698 1602 5777 manuscripti_codicis,
1654 5698 1752 5777 qui
1919 5695 2066 5777 (509)
2106 5695 2240 5777 Vide
2275 5695 3013 5777 copciliumCompcnilie‘nsc
3039 5700 3141 5756 sub
3171 5700 3418 5774 Pipptno,

87 5713 266 5777 quia
344 5713 769 5751 oesmueuamur
820 5713 920 5820 ope
971 5713 1324 5769 manuscript:
1370 5713 1602 5760 COGICIS,
1654 5713 1752 5778 qut
1919 5713 2066 5769 (atra)
2113 5713 2240 5778 vnio
2275 5713 2970 5780 concntumpompcninens

87 5767 517 5846 imperfectus
535 5777 616 5846 est
644 5769 699 5846 in_
727 5769 827 5821 hoe
875 5783 992 5846 nco,
1021 5784 1204 5846 veram
1221 5768 1516 5846 lectionem
1538 5781 1748 5846 accept:
1850 5784 1967 5840 cap.
2001 5768 2033 5823 8
2062 5777 2116 5824 et
2143 5767 2232 5822 hb.
2260 5783 2292 5822 χ
2317 5767 2724 5838 Capitulartum,
2754 5784 2871 5844 cap.
2903 5771 2970 5832 I9

86 5836 263 5906 uuis
308 5851 391 5892 ex
428 5836 736 5896 Burchardo
758 5847 810 5894 et
845 5853 908 5894 es
946 5837 1306 5895 I’wnitentiali
1337 5837 1582 5894 Ilomano
1607 5838 1748 5907 quod
