3944 6400
620 419 724 477 51⁸

1683 410 2055 468 RECINONIS
2089 408 2503 467 PBUMIEN‘SIS
2537 410 2827 467 ABBATIS

3721 417 3795 477 328

620 536 724 589 lar.
760 547 808 588 c.
838 530 903 595 5;
933 529 1241 590 Buacnsno.
1271 526 1368 580 ιιι).
1408 542 1543 593 xm,
1572 542 1624 581 c.
1651 526 1764 595 l8.)
1794 525 1849 580 Si
1874 525 1997 595 quis
2033 540 2196 596 spon-
2223 528 2269 587 Α
2299 535 2391 579 aut
2418 526 2713 595 privignam
2744 523 3014 594 polluerit,
3038 537 3134 579 eos
3156 522 3384 594 disjungi
3409 531 3465 579 et
3486 521 3797 588 uim-imm

618 639 735 680 sum
764 621 854 676 ﬁlii
881 618 966 674 sui
990 617 1340 688 oppresserit,
1369 624 1424 671 et
1446 625 1631 686 postea
1658 615 1800 671 ﬁlius
1819 630 1942 670 “eam
1967 615 2198 677 duxerit,

618 721 776 784 pater
804 707 1141 780 postmodum
1171 722 1277 762 non
1306 708 1505 762 habeat
1531 721 1778 771 uxorem,
1808 721 1909 761 nec
1939 706 2051 774 ipsa
2081 720 2203 758 mu-

619 802 720 858 lier
745 801 941 854 virum.
977 797 1143 853 Filius
1189 797 1281 867 qui
1306 796 1519 851 facinus
1545 795 1716 866 patris
1740 795 2007 866 ignoravit
2042 791 2203 848 aliam

619 895 872 966 accipiat.

1053 978 1134 1035 De
1152 979 1333 1035 eadem
1362 993 1439 1032 re.
1470 976 1556 1031 Ea:
1576 976 1777 1030 eodem.

685 1069 959 1129 CCXVIII.
1012 1070 1345 1140 (Buncmsn.
1391 1066 1483 1121 lib.
1539 1081 1675 1132 xvn,
1727 1080 1778 1120 c.
1828 1062 1944 1135 22.)
1981 1061 2038 1117 Si
2078 1061 2203 1131 quis

618 1162 897 1218 ﬁliastrum
934 1170 1029 1217 aut
1068 1162 1348 1215 ﬁliastram
1386 1174 1539 1214 suam
1595 1166 1722 1212 ante
1783 1157 2096 1227 episcopum
2134 1153 2202 1208 ad

615 1253 1079 1308 conﬁrmationem
1113 1250 1365 1314 tenuerit,
1397 1256 1680 1318 separetur
1707 1246 1775 1301 ab
1800 1260 1969 1300 uxore
1996 1260 2114 1311 sua,
2143 1252 2200 1300 et

617 1343 775 1397 aliam
798 1357 1070 1411 nunquam
1090 1339 1342 1410 accipiat.
1368 1337 1631 1393 Similiter
1660 1345 1716 1391 et
1754 1334 1969 1391 mulier.

1042 1452 1119 1508 De
1147 1452 1328 1506 eadem
1360 1467 1433 1505 re.
1468 1449 1551 1504 Ea:
1574 1448 1776 1504 eodem.

685 1546 914 1604 CCXIX.
949 1545 1168 1619 (Concil.
1198 1544 1477 1616 Compend.
1509 1559 1558 1598 c.
1591 1543 1690 1608 I4;
1741 1542 2051 1597 Buncntnn.
2101 1538 2198 1594 lib.

616 1655 750 1705 nu,
781 1654 831 1694 c.
866 1638 978 1709 12.)
1010 1636 1067 1692 Si
1098 1636 1219 1706 quis
1267 1650 1391 1690 cum
1437 1643 1612 1689 matre
1655 1642 1711 1688 et
1762 1632 1873 1686 ﬁlia
1906 1630 2202 1686 fornicatus

615 1740 719 1794 est,
752 1730 1031 1801 ignorante
1053 1735 1226 1782 matre
1261 1725 1330 1780 de
1374 1725 1504 1790 ﬁlia,
1529 1733 1582 1779 et
1633 1724 1742 1778 ﬁlia
1778 1723 1846 1778 de
1889 1731 2083 1787 matre,
2114 1720 2203 1775 ille

614 1835 887 1889 nunquam
912 1820 1142 1889 accipiat
1170 1831 1414 1872 uxorem.
1440 1816 1548 1870 lllzc
1570 1829 1721 1879 vero,
1753 1815 1796 1869 si
1825 1813 2032 1879 volunt,
2060 1811 2199 1867 acci-

615 1909 765 1978 piant
790 1909 1031 1963 maritos.
1060 1909 1115 1962 Si
1153 1918 1330 1962 autem
1376 1906 1480 1960 hoc
1520 1905 1743 1960 scierint
1788 1904 1917 1975 ipsa:
1960 1901 2196 1969 feminae,

613 1997 816 2068 absque
846 1998 1056 2053 maritis
1083 1997 1135 2050 in
1163 2005 1423 2066 perpetuo
1446 2002 1716 2049 maneant.

938 2087 1103 2158 296
1135 2086 1213 2140 De
1243 2085 1423 2140 cadent
1460 2101 1535 2138 re.
1566 2083 1650 2137 Ex
1684 2082 1885 2139 eodem.

684 2176 888 2239 CCXX.
922 2176 1146 2249 (Concil.
1182 2176 1466 2245 Compend.
1516 2192 1565 2231 c.
1615 2175 1709 2240 15;
1762 2175 2076 2231 Burmann.
2105 2172 2199 2227 lib.

615 2287 748 2335 xvn,
778 2286 827 2327 c.
872 2271 949 2340 7.)
990 2268 1253 2325 Similiter
1298 2279 1354 2324 et
1402 2269 1469 2325 de
1508 2267 1714 2323 duabus
1761 2266 2056 2330 sororibus,
2111 2265 2202 2335 qui

615 2376 738 2416 cum
762 2376 870 2415 una
899 2362 950 2414 in
981 2360 1249 2415 adulterio
1285 2360 1501 2425 mansit,
1553 2366 1607 2413 et
1648 2358 1808 2412 aliam
1860 2356 2071 2428 publice
2112 2371 2204 2411 ac-

613 2453 775 2522 cepit.
808 2468 914 2508 non
944 2453 1143 2508 habeat
1171 2453 1455 2507 mulierem
1487 2465 1661 2521 usque
1695 2449 1749 2504 in
1790 2449 1931 2503 diem
1976 2447 2200 2514 mortis;

613 2550 670 2597 et
695 2541 781 2597 illa
814 2558 935 2612 qua:
964 2542 1218 2608 nescivit,
1247 2542 1479 2612 accipiat
1504 2541 1777 2594 maritum.

823 2631 882 2687 Si
902 2633 1015 2703 quis
1038 2642 1245 2703 propter
1278 2631 1480 2701 faidam
1511 2631 1664 2701 fugit.
1690 2627 1775 2683 Ea:
1807 2629 2005 2683 eodem.

683 2724 913 2783 CCXXI.
947 2722 1172 2793 (Concil.
1201 2723 1482 2793 Compend.
1517 2738 1564 2777 c.
1601 2722 1702 2788 18;
1749 2721 1844 2776 lib.
1879 2737 1935 2776 γ.
1983 2717 2200 2789 Capitu—

615 2815 746 2879 lar.,
771 2832 820 2870 c.
853 2814 929 2885 6.)
956 2816 1014 2870 Si
1042 2815 1131 2884 qui
1168 2822 1389 2886 propter
1415 2812 1708 2867 vindictam
1732 2810 1945 2882 fugiunt
1979 2811 2031 2863 in
2072 2809 2207 2863 alias

617 2906 845 2976 patrias,
874 2913 929 2960 et
969 2905 1248 2960 dimittunt
1282 2918 1479 2959 uxores
1510 2918 1657 2969 suas,
1709 2918 1811 2959 nec
1853 2901 1929 2957 illi
1958 2916 2057 2957 nec
2102 2900 2207 2955 illa:

621 2997 783 3053 alteri
807 2997 1146 3054 conulentur.
1304 3002 1309 3007 ‘

885 3097 888 3100 ’
1010 3092 1144 3148 Item
1166 3092 1230 3146 de
1256 3092 1485 3146 incestis.
1507 3088 1593 3144 Ea:
1612 3091 1813 3144 eodem.

691 3183 941 3240 CCXXII.
979 3181 1203 3256 (Concil.
1244 3181 1370 3236 Met.
1419 3180 1514 3236 sub
1560 3179 1780 3251 Pippino
1816 3194 1866 3235 c.
1904 3180 1972 3243 l;
2022 3178 2117 3232 lib.
2173 3191 2206 3230 ν

622 3271 948 3344 Capitular.,
973 3289 1023 3328 c.
1055 3272 1133 3341 7.)
1159 3270 1215 3326 Si
1245 3271 1366 3341 quis
1389 3272 1652 3325 incestum
1682 3285 1801 3324 ettm
1830 3269 2074 3339 proxima
2108 3283 2204 3320 sua

623 3362 980 3427 commiserit,
1012 3360 1280 3432 peculium
1326 3376 1479 3416 suum
1509 3360 1721 3430 perdat,
1749 3359 1793 3414 si
1845 3359 2039 3423 habet;
2082 3357 2205 3412 etsi

625 3466 686 3508 se
720 3466 826 3507 non
853 3451 1145 3506 emendare
1173 3450 1425 3515 voluerit,
1460 3447 1636 3502 nullus
1679 3463 1801 3502 eum
1846 3448 1897 3501 in
1937 3447 2096 3501 domo
2126 3459 2209 3499 re-

624 3542 812 3612 cipiat,
837 3555 1011 3610 neque
1037 3540 1087 3596 ei
1117 3540 1297 3595 cibum
1330 3539 1515 3594 donet.
1545 3537 1698 3604 Quod
1729 3537 1772 3591 si
1811 3536 2022 3601 fecerit,
2056 3549 2210 3590 sexa-

625 3632 771 3704 ginta
815 3631 1021 3687 solidos
1066 3631 1177 3701 regi
1213 3639 1518 3701 componat.
1553 3629 1619 3682 Et
1670 3628 1715 3683 si
1766 3628 2050 3698 pecuniam
2103 3641 2209 3681 non

631 3724 818 3789 habet,
847 3724 1113 3788 mittatur,
1157 3723 1203 3778 si
1233 3722 1369 3776 liber
1396 3728 1499 3788 est,
1535 3719 1588 3775 in
1623 3735 1917 3776 carcerem.
1948 3718 2004 3774 Si
2026 3732 2211 3773 servus

630 3823 737 3884 est,
770 3815 987 3886 vapulet
1007 3815 1190 3870 multis
1216 3813 1410 3886 plagis.

968 3904 1103 3960 Item
1139 3906 1203 3960 de
1230 3905 1532 3975 parricidis.
1559 3901 1642 3957 Ea:
1670 3903 1870 3957 eodem.

702 3992 983 4057 CCXXIII.
1015 3992 1071 4048 Si
1101 3994 1263 4049 homo
1296 3992 1431 4049 liber
1468 4000 1673 4063 patrem
1700 4004 1794 4045 aut
1835 3998 2080 4055 matrem,
2109 3986 2211 4042 ira-

630 4094 770 4142 trem
797 4085 878 4141 vel
900 4085 1221 4140 avunculum
1246 4084 1526 4150 occiderit,
1551 4082 1918 4137 Itmreditzttem
1937 4078 2209 4151 propriam

632 4177 863 4232 amittat.
900 4177 968 4231 Et
1010 4178 1055 4232 si
1082 4177 1202 4247 quis
1233 4175 1537 4233 moechatus
1582 4173 1747 4229 fuerit
1774 4188 1897 4227 cum
1942 4179 2114 4224 matre
2161 4177 2216 4224 et

631 4286 819 4328 sorore
845 4280 900 4328 et
928 4271 1113 4337 amita,
1140 4270 1509 4326 haereditatem
1538 4268 1750 4339 perdat.

1015 4363 1147 4418 Item
1172 4364 1235 4417 de
1262 4363 1488 4417 incestis.
1530 4360 1612 4414 Ex
1641 4359 1840 4414 eodem.

704 4452 982 4510 CCXXIV.
1017 4450 1240 4524 (Concil.
1278 4452 1519 4522 Mogunt.
1562 4450 1656 4504 sub
1701 4447 1826 4503 Car.
1876 4445 1955 4500 Μ.
2007 4461 2057 4501 c.
2113 4443 2216 4513 5'5;

638 4547 731 4602 lib.
763 4561 796 4598 v
839 4544 1157 4616 Capitular.,
1206 4560 1257 4599 c.
1304 4543 1372 4599 98
1402 4551 1452 4597 et
1490 4541 1615 4608 l52;
1648 4538 1851 4594 Concil.
1896 4536 2094 4592 Turon.
2134 4551 2192 4589 III

634 4654 688 4696 c.
717 4638 830 4710 II.)
862 4638 1109 4709 Episcopi
1140 4637 1476 4691 incestuosos
1503 4633 1826 4704 investigare
1854 4630 2118 4686 studeant.
2152 4627 2220 4681 Et

641 4731 686 4786 si
712 4730 975 4800 pmnitere
999 4727 1289 4792 noluerint,
1318 4726 1381 4781 de
1402 4724 1643 4780 Ecclesia
1666 4721 2025 4792 expelluntur,
2050 4719 2218 4772 donec

641 4820 708 4875 ad
735 4817 1106 4888 paenitentiam
1134 4814 1295 4887 297
1340 4822 1699 4870 revertuntur.
1738 4810 1887 4878 Quod
1917 4809 1961 4863 si
2002 4808 2220 4863 obedire

642 4909 1014 4966 sacerdotibus
1045 4907 1331 4972 noluerint,
1382 4912 1595 4977 oportet
1630 4918 1723 4959 eos
1763 4917 1862 4973 per
1907 4899 2219 4955 saecularem

643 5001 980 5072 disciplinam
1009 4998 1268 5055 coerceri.

696 5092 774 5147 De
799 5090 979 5144 eadem
1010 5106 1083 5142 re.
1117 5087 1199 5141 Eat
1223 5085 1441 5141 concilio
1469 5079 1906 5154 Hoguntiacensi,
1938 5097 2052 5150 cap.
2073 5077 2165 5134 29.
2210 5144 2213 5147 Α

719 5177 955 5236 CCXXV
999 5175 1168 5247 (510).
1188 5175 1245 5228 Si
1271 5175 1392 5243 quis
1412 5173 1624 5227 viduam
1651 5185 1876 5225 uxorem
1906 5167 2139 5231 duxerit,
2168 5175 2224 5221 et

652 5283 839 5345 postea
873 5286 997 5328 cum
1030 5270 1255 5324 ﬁliastra
1288 5266 1447 5320 fuerit
1474 5264 1792 5328 fornicatus,
1817 5276 1910 5316 seu
1943 5274 2066 5314 cum
2097 5258 2230 5313 dua-

655 5369 757 5422 bus
796 5367 1073 5420 sororibus
1113 5361 1375 5433 nupserit,
1409 5369 1501 5413 aut
1529 5359 1573 5413 si
1604 5373 1710 5427 qua
1740 5371 1860 5410 cum
1892 5353 2098 5408 duobus
2126 5349 2231 5403 fra-

652 5456 848 5519 tribus,
878 5456 990 5510 s’ive
1016 5471 1137 5510 cum
1167 5461 1322 5523 patre
1352 5460 1407 5506 et
1440 5449 1569 5515 ﬁlio,
1602 5449 1645 5503 si
1679 5446 1800 5517 quis
1836 5444 2077 5499 relictam
2118 5440 2229 5495 fra-

654 5546 774 5604 tris.
803 5546 847 5600 si
882 5547 1002 5615 quis
1044 5554 1282 5615 neptem,
1309 5551 1402 5597 aut
1438 5554 1750 5602 novercam,
1774 5547 1867 5590 aut
1897 5549 2110 5594 nurum,
2137 5541 2231 5586 aut

653 5637 1060 5701 consobrinam,
1088 5643 1181 5688 aut
1213 5634 1374 5689 ﬁliam
1405 5628 1672 5693 avunculi,
1701 5636 1792 5681 aut
1820 5624 1936 5694 ejus
1965 5622 2229 5689 relictam,

752 5805 878 5871 310)
919 5803 1049 5858 Vide
1080 5815 1239 5869 supra
1268 5815 1386 5869 cap.
1420 5798 1519 5853 I97
1543 5796 1703 5867 hujus
1732 5792 1874 5849 libri.

2299 630 2462 685 quam
2490 615 2737 685 coniugio
2764 613 3001 682 copulari
3027 612 3383 682 praecipimus.

2722 706 2799 759 De
2825 703 3005 759 cadent
3039 721 3112 758 re.
3143 702 3230 757 Ea:
3262 706 3458 759 eodem.

2370 792 2647 850 CCXXVI.
2675 793 2901 864 (Concil.
2933 793 3150 864 Mogun.
3180 795 3274 848 sub
3301 793 3424 849 Car.
3458 793 3531 848 II.
3559 810 3602 850 c.
3624 798 3705 863 εις
3730 799 3793 858 lib.

2299 896 2335 937 η
2366 879 2679 951 Capitular.,
2712 897 2762 936 c.
2795 881 2895 941 99;
2928 882 3234 939 Eunomus.
3262 882 3357 937 lib.
3391 898 3487 947 vn,
3514 899 3559 937 c.
3587 885 3682 957 I8.)
3696 886 3796 944 Con.

2301 969 2616 1025 tradicimus
2661 984 2874 1041 quoque
2922 979 2983 1023 ut
3041 977 3234 1038 quarta
3292 970 3623 1040 generatione
3669 975 3795 1031 nullst

2298 1058 2535 1129 amplius
2570 1060 2820 1130 conjugio
2859 1059 3160 1129 copuletur.
3198 1058 3296 1114 Ubi
3337 1066 3512 1113 autem
3542 1069 3650 1130 post
3682 1062 3797 1118 inter-

2300 1147 2502 1204 dictum
2530 1148 2728 1202 factum
2756 1148 2940 1214 fuerit,
2964 1157 3303 1218 separentur.

2519 1238 2593 1293 De
2620 1240 2799 1293 eadem
2825 1256 2900 1294 re.
2929 1237 3016 1293 Ea:
3034 1238 3255 1294 concilio
3282 1238 3654 1296 Worntatiettsi.

2372 1330 2670 1387 CCXXVII.
2705 1328 2928 1402 (Concil.
2957 1330 3214 1386 Wormat.
3261 1346 3313 1386 c.
3353 1330 3466 1401 55.)
3505 1330 3558 1387 Si
3587 1332 3690 1402 quis
3712 1348 3795 1389 curs

2301 1421 2508 1478 duabus
2549 1421 2859 1487 sororibus,
2900 1436 2993 1476 seu
3030 1436 3154 1476 cum
3202 1421 3410 1477 duobus
3452 1420 3706 1487 fratribus,
3736 1433 3798 1477 aut

2300 1528 2424 1569 cum
2469 1513 2554 1567 bis
2595 1512 2841 1582 personis
2884 1511 2953 1567 de
2983 1511 3180 1582 quibus
3206 1527 3358 1567 sacra
3392 1511 3649 1582 Scriptura
3671 1513 3800 1582 prohi-

2299 1606 2412 1671 bet,
2447 1605 2858 1661 fornicationem
2899 1604 3109 1669 fecerit,
3145 1604 3192 1659 si
3235 1603 3452 1674 dignam
3490 1604 3645 1673 egerit
3675 1604 3798 1673 peni—

2302 1698 2547 1763 tentiam,
2575 1705 2632 1751 et
2668 1711 2728 1752 se
2754 1695 3035 1751 continere
3064 1710 3171 1750 non
3198 1702 3400 1764 potest,
3426 1692 3578 1750 liceat
3608 1694 3650 1750 ei
3680 1693 3801 1763 legiti-

2301 1804 2445 1844 mam
2478 1802 2701 1842 uxorem
2723 1786 2806 1841 vel
2828 1787 3003 1840 virum
3028 1785 3292 1855 accipere.

2341 1877 2402 1934 Si
2422 1878 2537 1949 quis
2562 1894 2678 1930 cum
2705 1884 2987 1930 commatre
3013 1875 3300 1943 fornicatus
3330 1874 3508 1944 fuerit.
3536 1869 3612 1928 Ea:
3629 1873 3779 1931 eodem.

2372 1967 2691 2025 CCXXVIII.
2722 1965 2945 2038 (Concil.
2981 1963 3243 2020 Wormat.
3265 1981 3314 2021 c.
3353 1965 3472 2035 54.)
3507 1964 3561 2019 Si
3592 1966 3695 2035 quis
3717 1980 3800 2019 cum

2303 2070 2602 2116 commatre
2633 2059 2898 2130 spirituali
2936 2058 3100 2113 fuerit
3128 2058 3452 2121 fornicatus,
3478 2072 3633 2128 usque
3664 2055 3716 2110 ad
3746 2056 3800 2109 di-

2303 2168 2463 2223 gnam
2508 2152 2677 2223 298
2719 2151 3091 2221 paenitentiam
3138 2150 3487 2205 anathemate
3526 2147 3800 2219 percutiatur.

2305 2241 2569 2298 Similiter
2610 2243 2655 2297 si
2706 2258 2827 2298 cum
2877 2258 2941 2297 ea
2988 2257 3148 2313 quam
3195 2241 3264 2297 de
3312 2240 3466 2297 fonte
3510 2238 3727 2310 suscepit,
3747 2235 3803 2291 rei

2303 2349 2492 2415 quam.
2517 2341 2643 2388 ante
2687 2334 2995 2405 episcopum
3042 2333 3299 2399 tenuerit,
3356 2332 3640 2389 fornicatus
3676 2329 3800 2385 fuerit.

2302 2423 2621 2495 Legitimam
2664 2433 2877 2493 autem,
2918 2422 2962 2479 si
3002 2422 3279 2491 habuerit,
3321 2438 3433 2480 non
3473 2422 3684 2479 dimittat
3710 2434 3800 2474 uxo-

2304 2530 2437 2571 renL

2681 2606 2813 2663 Item
2842 2607 2907 2661 de
2935 2606 3164 2661 incestis.
3194 2605 3278 2661 Ea:
3302 2606 3506 2661 eodem.

2373 2696 2651 2754 CCXXIX.
2693 2696 2919 2769 (Concil.
2965 2695 3227 2751 Wormat.
3262 2711 3312 2751 c.
3344 2694 3468 2763 56.)
3504 2692 3558 2750 Si
3594 2692 3696 2763 quis
3721 2703 3804 2746 cum

2305 2788 2529 2844 ﬁliastra
2560 2802 2659 2844 sua
2700 2786 3001 2842 fornicatus
3032 2786 3216 2852 fuerit,
3246 2795 3372 2856 post
3403 2784 3692 2841 dissolutum
3719 2796 3804 2836 coa-

2299 2879 2508 2950 jugium
2536 2878 2906 2949 paenitentiam
2947 2887 3090 2949 agat.
3123 2875 3342 2931 Scilicet
3372 2891 3471 2947 per
3498 2874 3689 2932 triennii
3715 2881 3805 2927 tem-

2305 2985 2405 3040 pus
2430 2985 2459 3024 a
2485 2982 2713 3039 corpore
2736 2976 2792 3022 et
2822 2968 3081 3038 sanguine
3108 2967 3320 3022 Domini
3350 2967 3703 3038 suspendatur,
3722 2976 3804 3018 car-

2306 3077 2429 3117 nem
2461 3075 2567 3115 non
2603 3060 2909 3124 manducet,
2936 3060 3119 3113 vinum
3161 3074 3270 3113 non
3318 3059 3500 3126 bibat,
3539 3067 3590 3114 et
3623 3054 3803 3113 omnibus

2308 3150 2497 3205 diebus
2520 3150 2748 3218 jejunet,
2777 3148 3018 3217 exceptis
3061 3147 3214 3203 festis
3257 3156 3312 3202 et
3340 3148 3626 3203 Dominicis
3650 3144 3798 3200 diebus

2234 3224 2277 3285 C
2311 3240 2573 3296 Similiter
2620 3241 2688 3296 de
2735 3239 3050 3295 mulieribus
3100 3254 3220 3308 quae
3262 3239 3408 3308 patri
3453 3251 3510 3293 se
3544 3233 3746 3293 clanculo
3770 3230 3803 3284 in

2309 3330 2596 3386 concubitu
2623 3335 3036 3399 prostraverunt
3059 3335 3116 3382 et
3142 3325 3252 3381 ﬁlio
3276 3326 3655 3382 observandum
3676 3327 3752 3381 est.
3771 3322 3806 3371 α

2309 3422 2401 3491 qui
2445 3422 2653 3476 duabus
2700 3434 2760 3475 se
2804 3419 3066 3474 absconse
3107 3415 3388 3472 sororibus
3417 3415 3636 3487 pollutos
3666 3420 3806 3480 cogno-

2308 3522 2487 3569 scunt.

2314 3603 2467 3670 Quod
2498 3618 2615 3656 cum
2643 3598 3177 3670 sacramentoillicita
3204 3597 3454 3670 conjugis
3475 3591 3693 3652 solvenda
3710 3595 3805 3643 tut.

2558 3704 2565 3709 -
2739 3670 2827 3724 Ea:-
2859 3670 3079 3723 cortcilio
3116 3668 3463 3723 Triburiettsi.

2382 3758 2637 3817 CCXXX.
2677 3756 2903 3830 (Concil.
2939 3755 3150 3811 Tribur.
3193 3771 3242 3812 c.
3282 3754 3400 3828 L9.)
3438 3754 3656 3822 Quorum
3680 3744 3807 3803 illicita

2312 3852 2559 3923 conjugis
2586 3849 2880 3904 scindenda
2906 3857 3052 3911 sunt,
3081 3845 3330 3902 volumus
3356 3855 3419 3900 ut
3433 3843 3710 3915 juramento
3723 3850 3810 3891 con-

2313 3943 2530 3998 ﬁrment
2560 3956 2628 3995 ne
2655 3938 2724 3995 ad
2749 3954 2911 3994 unam
2942 3951 3186 3993 mensam
3230 3950 3332 3993 nec
3375 3937 3476 3992 sub
3517 3947 3614 3989 uno
3636 3924 3808 3985 tectosi-

2314 4035 2422 4091 mul
2449 4034 2781 4099 cohabitent,
2813 4031 2899 4088 vel
2927 4031 3172 4102 quolibet
3199 4029 3451 4086 familiari
3480 4024 3713 4097 colloquio
3729 4033 3806 4091 per-

2315 4129 2585 4193 fruantur,
2614 4127 2719 4184 nisi
2764 4126 2819 4181 in
2847 4125 3062 4196 publico
3102 4133 3196 4180 aut
3237 4126 3291 4180 in
3331 4123 3577 4180 ecclesia.
3606 4117 3693 4175 Res
3718 4124 3807 4183 qn?s

2313 4235 2629 4280 communes
2674 4218 2962 4273 habuerint
3002 4216 3279 4282 dividant,
3325 4230 3395 4271 ne
3440 4213 3610 4283 aliqua
3640 4200 3807 4276 suspicio

2314 4313 2485 4386 possit
2511 4311 2658 4366 nasci
2686 4318 2850 4379 atque
2878 4308 3205 4363 increscere.

2385 4402 2755 4456 Iuramentum
2778 4399 2843 4453 de
2864 4396 3134 4468 parentela
3153 4395 3414 4466 quomodo
3434 4387 3764 4464 inquirendum.

2385 4491 2662 4550 CCXXXI.
2702 4490 3032 4562 (Bonorum.
3064 4486 3158 4541 lib.
3190 4501 3288 4549 vn,
3318 4500 3372 4540 c.
3401 4485 3515 4552 25.)
3553 4481 3620 4536 De
3653 4479 3723 4533 illa
3749 4486 3810 4562 pa-

2199 4578 2214 4651 ξ
2247 4574 2294 4633 D
2322 4583 2525 4639 rentela
2553 4561 2719 4651 quam
2757 4579 2942 4634 dicunt
2984 4591 3105 4632 esse
3146 4576 3289 4630 inter
3317 4574 3465 4628 illum
3502 4580 3555 4627 et
3585 4572 3715 4625 istam
3734 4561 3810 4628 ei“

2320 4671 2620 4743 coniugem,
2647 4666 2905 4740 quidquid
2943 4668 3067 4723 inde
3106 4668 3214 4722 scis
3242 4665 3326 4721 vel
3354 4665 3546 4720 audisti
3578 4664 3810 4727 computare

2322 4782 2352 4818 a
2379 4747 2483 4818 litis
2513 4761 2677 4832 299
2706 4760 2896 4815 vicinis
2918 4768 3012 4813 aut
3046 4758 3152 4813 tuis
3189 4756 3630 4816 antecessoribus,
3650 4744 3756 4819 quod
3775 4749 3808 4792 ίυ

2322 4873 2421 4928 per
2465 4856 2667 4910 nullum
2716 4852 3024 4924 ingenium,
3075 4865 3175 4905 nec
3216 4858 3441 4920 propter
3488 4848 3725 4928 timorem.
3753 4838 3810 4885 οιιί

2326 4927 2640 5018 praemium,
2689 4954 2782 4998 aut
2829 4941 3349 5009 consanguinitatem
3398 4935 3593 4993 celabis
3633 4927 3810 5018 ερὶεεοιδο

2328 5049 2443 5104 tuo,
2475 5046 2570 5093 aut
2618 5037 2738 5106 eius
2785 5035 2981 5099 misso,
3030 5032 3116 5087 cui
3174 5033 3276 5085 hoc
3324 5028 3591 5098 inquirere
3628 5012 3808 5106 jussftil.

2327 5103 2754 5200 quandocunque
2781 5140 2846 5180 ex
2876 5124 2981 5179 hoc
3010 5131 3062 5177 te
3087 5118 3520 5192 interregaverit.
3547 5114 3629 5169 Sic
3654 5120 3696 5162 te
3722 5103 3812 5157 De"!

2329 5220 2564 5289 adjuvet.

2923 5325 3001 5380 De
3026 5324 3205 5380 eadem
3233 5339 3309 5377 re.

2399 5421 2701 5480 CCXXXII.
2736 5418 3066 5491 (BURCBARD.
3106 5415 3199 5469 lib.
3234 5429 3329 5477 vtt,
3354 5426 3404 5466 c.
3432 5407 3544 5477 26.)
3569 5396 3690 5460 Istud
3716 5392 3799 5491 illi"a

2331 5527 2567 5570 mentum
2595 5488 2754 5582 quod
2777 5511 2879 5564 iste
2912 5508 3116 5578 juravit
3147 5506 3214 5560 de
3252 5503 3339 5557 illa
3365 5494 3627 5570 parentela
3649 5488 3808 5582 quia):

2335 5616 2417 5663 ter
2439 5607 2583 5662 illum
2599 5562 2665 5660 1et
2690 5603 2808 5673 ejus
2833 5562 3117 5659 coniugem
3140 5602 3498 5667 computatur,
3518 5581 3645 5645 quod
3666 5587 3709 5664 tu
3730 5562 3809 5624 illi“|
