3944 6410
141 337 246 395 3&9

133 450 450 510 observahis
481 448 800 520 inquantum
839 445 985 516 sapis
1015 453 1110 498 aut
1135 443 1352 498 audisti.
1381 440 1472 512 Sic
1499 449 1552 496 te
1575 439 1715 494 Deus
1739 441 1795 502 Α

207 547 377 600 iuvet.
465 587 468 590 .

207 547 220 560 '
267 563 300 600 v
335 553 377 600 t.
465 587 468 590 .

135 547 260 617 ad)“
301 561 334 601 Θ
383 633 784 689 Sacrameutum
805 629 874 686 de
901 629 1187 685 incestuoso
1213 629 1450 686 discidio.

199 747 528 804 CCXXXIII.
559 746 890 818 (-Buncaann.
925 747 1015 802 lib.
1041 763 1137 814 vn,
1166 762 1216 802 c.
1239 745 1356 820 27.)
1383 745 1465 800 Ab
1495 744 1598 799 isto
1627 739 1712 800 die

123 839 340 908 jurabis
384 839 528 908 quod
572 847 626 893 tu
670 853 770 909 per
815 838 1019 894 nullum
1068 838 1340 910 ingenium
1385 845 1438 892 te
1480 837 1712 892 sociabis

131 933 260 987 huic
297 941 401 986 tua:
430 931 844 999 consanguinea:
887 932 1104 986 nomine
1133 929 1228 996 illi,
1259 943 1378 1000 qua:
1405 938 1594 984 contra
1635 927 1712 984 lc—
1753 951 1758 958 -

127 1039 252 1094 gem
283 1033 338 1078 et
375 1033 578 1078 rectam
608 1022 1064 1078 Christianitatem
1101 1036 1270 1091 usque
1301 1020 1356 1074 in
1393 1020 1538 1076 hunc
1567 1019 1707 1074 diem

127 1127 217 1170 tua
249 1131 390 1172 uxor
417 1113 540 1182 fuit,
573 1129 674 1169 nec
703 1114 756 1168 in
786 1114 1056 1185 conjugio,
1089 1127 1189 1167 nec
1219 1113 1274 1166 in
1304 1111 1594 1177 adulterio,
1621 1109 1708 1166 vel

123 1207 507 1270 fornicatione,
537 1218 636 1259 nec
656 1219 780 1260 cum
814 1203 902 1258 illa
933 1204 1001 1259 ad
1023 1217 1182 1257 unam
1207 1217 1448 1256 mensam
1479 1201 1708 1256 mandu-

123 1297 279 1352 cabis
302 1305 358 1351 et
379 1295 552 1360 bibes,
581 1304 676 1349 aut
705 1295 804 1350 sub
833 1309 941 1349 uno
967 1301 1112 1349 tecto
1137 1292 1402 1358 manebis,
1431 1292 1534 1347 nisi
1563 1291 1704 1360 forte

121 1389 174 1442 in
205 1387 438 1443 ecclesia
465 1395 560 1440 aut
584 1387 638 1440 in
666 1385 848 1456 aliquo
872 1385 1086 1455 publico
1107 1384 1248 1449 loco,
1273 1383 1363 1440 ubi
1390 1384 1536 1438 nulla
1559 1384 1702 1438 mala

115 1477 362 1546 suspicio
389 1476 559 1546 possit
591 1489 733 1542 esse,
765 1483 824 1529 ut
849 1475 922 1530 ibi
955 1489 1137 1530 coram
1175 1475 1398 1528 testibus
1425 1489 1523 1543 pro
1551 1482 1700 1528 certa

117 1568 449 1622 necessitate
490 1567 696 1636 pariter
729 1565 1134 1636 eolloquamini.
1161 1565 1273 1620 Nec
1309 1565 1470 1619 aliam
1514 1564 1699 1634 conju-

115 1673 240 1728 gem
267 1655 526 1728 accipies,
555 1659 660 1713 nisi
685 1657 824 1713 forte
854 1666 978 1728 post
999 1665 1175 1712 actam
1199 1656 1573 1727 paenitentiam
1600 1655 1692 1712 tibi

115 1749 338 1804 licentia
365 1748 490 1803 data
517 1747 686 1802 fuerit
711 1748 779 1804 ab
803 1747 1058 1818 episcopo
1101 1756 1194 1802 tuo
1230 1755 1323 1801 aut
1360 1745 1476 1816 ejus
1503 1745 1687 1802 misso.

111 1839 208 1895 Sic
233 1849 286 1896 te
315 1839 460 1895 Deus
489 1837 706 1908 adjuvet
729 1847 784 1894 et
809 1839 926 1894 ista:
947 1847 1257 1894 sanctorum
1287 1836 1548 1907 reliquiae.

507 1999 510 2001 .
631 1949 900 2006 Invocotio
921 1951 1139 2020 judicii.

175 2040 512 2096 CCXXXIV.
539 2041 874 2112 (Buncnaun.
899 2043 989 2097 lib.
1023 2057 1098 2107 ιι,
1123 2057 1172 2099 c.
1197 2041 1308 2114 79.)
1331 2037 1408 2098 De
1427 2043 1530 2098 hoc
1551 2043 1692 2114 quod

107 2131 242 2185 mihi
272 2139 584 2202 reputatum
611 2139 696 2186 est
725 2132 777 2186 in
819 2132 922 2188 hac
953 2134 1158 2204 synodo
1195 2135 1338 2204 quod
1377 2133 1534 2189 simul
1567 2150 1692 2189 cum
1721 2203 1724 2206 Α

107 2221 214 2276 ista
247 2221 450 2276 femina
478 2222 639 2292 300
667 2221 989 2277 adulterium
1032 2223 1118 2278 vel
1165 2223 1576 2280 fornicationem
1613 2223 1692 2282 fe-

105 2313 302 2367 cissem
337 2313 520 2382 :quod
545 2327 644 2382 ego
674 2327 780 2368 non
819 2313 892 2367 ita
930 2311 1058 2380 feci,
1089 2330 1192 2370 nec
1219 2315 1344 2369 inde
1379 2330 1466 2370 me
1502 2315 1687 2385 culpa-

103 2403 266 2458 bilem
319 2418 665 2474 recognosco.
717 2403 808 2460 Sic
850 2419 936 2460 me
987 2403 1128 2460 Deus
1187 2405 1406 2477 adjuvet
1437 2407 1504 2462 ad
1546 2407 1688 2462 istud

97 2491 366 2560 judicium
396 2507 573 2548 suum.

129 2583 512 2639 Juv-amentum
539 2593 652 2656 post
681 2583 858 2710 statim
887 2587 1240 2670 paenitentiam
1265 2588 1330 2644 de
1356 2596 1652 2660 perpetrata

795 2674 1004 2710 υκαι-ια.

795 2674 1004 2712 uxoria.

163 2763 484 2821 CCXXXV.
515 2767 845 2839 (BUBCHARD.
881 2770 976 2826 lib.
1009 2787 1086 2838 is,
1111 2787 1160 2830 c.
1189 2771 1302 2843 80.)
1341 2771 1424 2828 Ab
1467 2773 1572 2831 isto
1599 2774 1686 2830 die

97 2873 222 2912 cum
267 2859 470 2913 femina
503 2875 624 2914 cum
655 2876 761 2932 qua
805 2863 1126 2918 adulterium
1157 2865 1240 2920 vel
1275 2866 1685 2924 fornicationem

97 2947 306 3014 fecisti,
331 2949 472 3003 unde
496 2949 835 3020 disciplinam
857 2952 942 3007 vel
969 2954 1338 3024 paenitentiam
1377 2957 1682 3028 suscepisti,

95 3039 334 3110 amplius
365 3055 469 3094 non
511 3042 858 3110 adulterabis,
893 3059 996 3099 nec
1035 3043 1408 3111 fornicaberis,
1438 3061 1536 3102 nec
1565 3061 1682 3103 eam

1001 333 1088 388 DE
1125 329 1402 388 ECCLES.
1442 325 1719 385 DlSClPL.
1761 327 1941 385 LIBRI
1979 332 2138 392 DUO.
2177 365 2246 375 —-
2283 336 2410 392 LIB.
2453 335 2514 391 ll.

3273 339 3378 396 330

2063 439 2331 498 Invocatio
2355 445 2418 497 de
2447 457 2608 498 morte
2630 445 2804 499 mariti
2833 443 2906 499 ac!
2936 447 3134 500 uxoris.

1787 541 1790 544 '
1887 531 2254 589 CCXXXVIII.
2287 535 2360 588 De
2391 536 2490 590 hoc
2515 535 2656 606 quod
2683 542 2740 589 tu
2777 545 3030 592 accusata
3055 552 3116 591 es
3157 538 3208 591 in
3253 553 3383 608 pra:-

1812 623 1984 678 sentia
2019 624 2174 679 istius
2205 625 2464 696 episcopi,
2498 626 2550 678 in
2579 626 2678 680 hac
2703 626 2926 696 synodo,
2951 628 3092 695 quod
3113 643 3210 696 per
3232 638 3382 684 tuum

1809 711 2011 769 factum
2047 722 2102 769 et
2127 729 2223 785 per
2250 725 2398 770 tuum
2421 716 2706 772 consilium
2733 727 2856 771 tuus
2871 717 3101 772 maritus
3129 718 3272 774 illius
3299 720 3382 774 vel

1811 811 1902 860 tua
1931 804 2124 874 conjux
2154 805 2294 861 illius
2321 815 2546 878 mortem
2577 807 2885 876 recepisset,
2917 815 2972 862 et
3003 809 3166 862 vitam
3203 811 3382 877 perdi-

1810 896 2008 961 disset,
2051 897 2274 952 omnino
2300 913 2407 952 non
2435 908 2520 952 est
2545 898 2641 962 ita,
2673 914 2770 954 nec
2803 907 2858 952 tu
2895 899 2947 952 in
2989 899 3104 968 ejus
3139 901 3247 954 vita
3287 910 3381 954 aut

1809 987 2067 1041 membris
2099 987 2390 1058 quidquam
2421 987 2596 1044 fecisti
2624 997 2864 1042 autcum
2901 989 3021 1044 aliis
3061 991 3376 1047 consiliatus

1806 1090 1868 1131 es
1911 1077 2050 1132 unde
2091 1077 2286 1132 merito
2323 1079 2614 1134 secundum
2653 1065 3078 1136 ecclesiasticum
3115 1082 3378 1152 judicium

1805 1165 2134 1235 paenitentia:
2155 1167 2388 1222 remedia
2407 1169 2689 1237 suscipias,
2717 1178 2810 1224 aut
2833 1172 3129 1226 secundum
3155 1174 3378 1228 munda-

1805 1271 1928 1310 nam
1955 1257 2126 1326 legem
2155 1265 2382 1312 mortem
2409 1269 2502 1312 aut
2531 1260 2750 1329 aliquod
2787 1260 3042 1316 damnum
3083 1263 3370 1320 sustineas.

1805 1345 1895 1402 Sic
1925 1355 1974 1402 te
2005 1346 2146 1402 Deus
2177 1346 2394 1416 adjuvet
2421 1349 2489 1402 ad
2511 1349 2654 1405 istud
2678 1350 2962 1422 judicium.

1835 1457 2206 1512 Juramentum
2239 1457 2318 1512 vel
2363 1459 2625 1513 invocatio
2653 1459 2717 1514 de
2746 1462 3026 1516 homicidio
3061 1465 3336 1534 imputata.

1868 1565 2198 1622 CCXXXIX.
2249 1569 2458 1624 Dc'hoc
2501 1569 2644 1640 quod
2690 1571 2785 1627 tibi
2819 1573 3137 1642 imputatum
3187 1585 3268 1632 est
3319 1577 3376 1632 in

1798 1657 2081 1727 praesentia
2115 1657 2190 1712 tui
2216 1659 2470 1730 episcopi,
2510 1661 2662 1732 cujus
2699 1649 3078 1730 paraecbiauus
3105 1681 3197 1734 es,
3227 1671 3368 1738 quod

1799 1757 1856 1804 tu
1882 1749 2030 1804 illum
2073 1749 2346 1826 hominem
2388 1767 2510 1806 cum
2554 1754 2672 1810 aliis
2713 1755 3015 1812 hominibus
3054 1763 3374 1830 sequacibus

1801 1841 1907 1896 tuis
1935 1841 2226 1897 occidisses
2263 1853 2480 1913 propter
2516 1845 2658 1902 hanc
2698 1862 2915 1904 causam
2953 1859 3012 1904 ut
3051 1851 3194 1907 bona
3231 1853 3370 1910 illius

1797 1933 2058 2004 diriperes
2087 1944 2142 1990 et
2158 1935 2272 2004 ejus
2307 1951 2534 1994 uxorem
2566 1939 2660 1995 tibi
2691 1941 2744 1995 in
2773 1943 3174 2000 matrimonium
3191 1949 3362 2002 socia-

1795 2039 1906 2091 rcs,
1937 2026 1990 2080 in
2041 2026 2267 2082 veritate
2297 2043 2403 2083 non
2433 2038 2516 2085 est
2546 2029 2617 2085 ita
2645 2071 2660 2096 ,
2699 2047 2798 2088 nec
2837 2019 3073 2092 tu’solus
3111 2053 3210 2093 nec
3245 2055 3368 2092 cum
3397 2083 3402 2088 .

1791 2113 1952 2184 302
1995 2114 2114 2170 aliis
2157 2117 2462 2173 hominibus
2487 2118 2634 2174 illum
2661 2120 2934 2178 hominem
2961 2126 3227 2192 occidisti,
3269 2143 3369 2184 nec

1792 2213 1853 2258 ut
1883 2219 2036 2258 suam
2073 2205 2236 2260 vitam
2267 2215 2360 2261 aut
2385 2209 2629 2264 membra
2667 2212 2918 2280 perderet
2941 2227 3062 2270 cum
3093 2215 3211 2270 aliis
3239 2231 3368 2272 con-

1790 2295 1998 2352 siliatus
2019 2312 2106 2362 es,
2133 2314 2232 2354 nec
2258 2300 2308 2354 in
2329 2301 2446 2372 ejus
2465 2313 2638 2358 morte
2665 2304 2956 2375 quidquam
2977 2305 3142 2364 babes
3162 2307 3361 2364 factum

1789 2385 1930 2442 unde
1955 2388 2148 2444 merito
2185 2399 2279 2445 aut
2307 2393 2677 2460 pmnitentiam
2727 2396 3008 2465 suscipias,
3057 2409 3150 2453 aut
3189 2402 3366 2457 vindi-

1790 2485 1933 2534 ctam
1960 2480 2245 2550 suscipias,
2270 2493 2360 2536 aut
2376 2484 2606 2552 pretium
2633 2485 2848 2557 aliquod
2863 2488 3160 2557 persolvas.
3191 2491 3282 2548 Sic
3311 2503 3382 2564 te.

1789 2569 1931 2626 Deus
1958 2569 2189 2640 adjuvet.

1888 2681 2258 2740 Juramcntum
2285 2687 2348 2742 de
2377 2689 2798 2746 reconciliatione
2826 2693 3243 2765 conjugatorum.

1858 2793 2058 2852 CCXL.
2111 2795 2446 2871 (Buncnann.
2495 2799 2586 2857 lib.
2640 2817 2714 2867 ut,
2759 2817 2804 2857 c.
2854 2803 2969 2874 81.)
3008 2805 3090 2860 Ab
3121 2806 3224 2862 isto
3274 2810 3361 2864 die

1785 2885 1840 2940 in
1871 2897 2028 2941 antea
2065 2887 2223 2942 istam
2255 2898 2400 2944 tuam
2425 2892 2726 2964 conjugem,
2759 2894 2974 2950 nomine
3003 2895 3171 2962 illam,
3195 2913 3358 2968 quam

1785 2975 1983 3046 injuste
2011 2978 2314 3046 dimiseras,
2347 2981 2418 3035 ita
2447 2984 2684 3038 tenebris
2716 2985 2855 3040 sicut
2883 3001 2979 3057 per
3003 2999 3206 3044 rectum
3237 3008 3352 3046 ma-

1785 3067 1924 3122 ritus
1946 3083 2096 3124 suam
2139 3067 2296 3125 debet
2329 3071 2530 3129 habere
2572 3074 2850 3148 conjugem
2897 3078 2952 3134 iu
2993 3079 3276 3140 dilectione
3306 3096 3360 3142 et

93 3130 146 3184 in
175 3146 415 3186 uxorem
457 3133 710 3201 accipies,
747 3135 851 3189 nisi
881 3133 1022 3192 forte
1046 3147 1169 3208 post
1195 3147 1469 3209 peractam
1506 3141 1678 3210 paeni-

94 3221 322 3245 an..a:_...
347 3221 448 3245 *τις
487 3223 697 3245 ΙΞΑΑ-ΑΞΑ
741 3225 848 3245 .1-.-
883 3226 1035 3245 9,-,,9.
1081 3229 1116 3245 ,I
1179 3229 1247 3245 _,-
1526 3240 1536 3245 -
1596 3229 1607 3242 ι

1790 3155 1965 3211 debita
2012 3157 2317 3227 disciplina,
2355 3175 2453 3216 nec
2491 3177 2609 3218 eam
2648 3181 2744 3233 per
2775 3166 2939 3222 ullum
2975 3171 3172 3225 malum
3205 3174 3348 3245 inge-

94 3221 324 3276 tentiam
347 3221 449 3276 tibi
487 3223 702 3280 licentia
734 3225 854 3280 data
883 3226 1043 3282 fuerit
1069 3229 1137 3284 ab
1161 3229 1416 3301 episcopo
1443 3240 1539 3288 aut
1561 3229 1678 3301 ejus

91 3314 282 3368 misso.
311 3313 406 3368 Sic
424 3323 482 3370 te
511 3315 648 3372 Deus
673 3315 910 3386 adjuvet.

87 3423 162 3480 De
190 3443 255 3480 eo
279 3428 394 3496 qui,
414 3429 608 3485 vivente
635 3433 848 3506 marito,
879 3435 1150 3506 cqnjugem
1189 3435 1334 3492 illius
1354 3437 1674 3494 adulteram:

245 3509 527 3553 accusatus
548 3502 862 3569 perhibetur.
905 3502 988 3561 Ea:
1017 3502 1216 3578 synodo
1243 3508 1518 3564 Meldensi.

143 3584 491 3643 CCXXX“.
541 3591 766 3661 (Concil.
797 3594 988 3664 Meld.,
1016 3613 1066 3654 c.
1096 3599 1194 3666 69;
1233 3599 1544 3656 Βυιιειιιιω.
1574 3601 1668 3658 lib.

85 3691 159 3742 rx,
189 3693 242 3733 c.
271 3677 390 3747 65.)
411 3679 460 3735 ls
481 3682 572 3751 qui
599 3685 812 3742 vivente
839 3689 1032 3746 marito
1057 3690 1336 3764 conjugcm
1362 3693 1504 3750 illius
1526 3695 1672 3750 adul-

85 3775 302 3824 terasse
327 3781 636 3840 accusatur,
663 3785 718 3832 et
747 3793 812 3833 eo
841 3779 894 3834 in
934 3781 1180 3850 proximo
1227 3783 1478 3841 defuncto
1517 3801 1668 3842 eam-

85 3856 202 3948 dem
233 3862 538 3948 sumpsisse
565 3865 925 3937 dignoscitur,
953 3873 1278 3929 omnimodis
1305 3875 1534 3944 publicae
1561 3891 1670 3948 pte-

81 3945 338 4002 nitentite
365 3951 660 4023 subigatur.
690 3957 766 4013 De
797 3974 904 4029 quo
930 3963 1090 4017 etiam
1121 3976 1244 4035 post
1273 3945 1666 4036 pteuilentiam,

23 4061 28 4066 -
77 4037 338 4127 πείθει,
369 4041 414 4096 si
453 4044 772 4113 expedierit,
797 4052 1108 4108 servabitur
1139 4057 1341 4127 regula,
1377 4058 1482 4114 nisi
1525 4059 1668 4116 forte

275 4137 370 4184 aut
411 4131 606 4190 mulier
650 4137 843 4207 virum,
871 4143 960 4210 qui
1013 4125 1256 4202 mortuus
1293 4147 1496 4216 fuerat,
1525 4153 1666 4208 occi«

79 4215 230 4312 disse
273 4231 548 4312 notentur,
585 4237 678 4282 aut
721 4231 1095 4303 propinquitas
1137 4237 1220 4291 vel
1269 4239 1372 4294 alia
1411 4241 1670 4312 quaelibet

77 4307 226 4402 actio
256 4311 557 4402 criminalis
587 4317 859 4389 impediat.
893 4322 1044 4390 Quod
1083 4327 1128 4382 si
1169 4307 1452 4400 probatum
1480 4332 1664 4402 fuerit,

75 4397 200 4456 sine
227 4398 342 4454 ulla
369 4415 464 4472 spe
494 4405 726 4478 coniugii
759 4424 882 4466 cum
915 4397 1234 4482 poenitentia
1263 4431 1524 4490 perpetuo
1551 4397 1666 4478 ma;

75 4499 271 4547 neant.
303 4491 362 4548 Si
393 4503 572 4551 autem
618 4503 894 4570 negaverit
923 4509 1256 4572 se,eamdem
1285 4509 1540 4568 feminam
1581 4514 1659 4570 vi-
1683 4502 1738 4564 Β

73 4591 238 4640 vente
284 4584 405 4640 viro
447 4589 795 4659 adulterasse,
836 4603 888 4650 et
923 4597 1132 4669 praefati
1174 4600 1448 4658 homicidii
1499 4619 1656 4663 nemo

71 4687 268 4728 eorum
299 4690 425 4730 reus
447 4680 732 4747 exstiterit,
756 4693 811 4739 et
831 4687 1071 4754 probatis
1097 4691 1319 4748 testibus
1343 4695 1656 4766 neutiquam

69 4765 326 4820 convinci
355 4770 616 4837 potuerit,
649 4783 876 4844 purgent
905 4776 1147 4848 legaliter
1181 4779 1378 4838 famam
1405 4765 1656 4858 sumiopi-

69 4853 276 4921 nionis,
301 4865 362 4910 et
384 4869 594 4928 sumpto
635 4872 854 4920 utantur
891 4869 1162 4942 conjugio,
1186 4873 1228 4927 si
1256 4874 1411 4946 301
1441 4853 1655 4948 alia,'ut

68 4945 335 5015 diximus,
369 4963 476 5004 non
507 4952 810 5024 impedierit
843 4960 1002 5014 ratio.

309 5061 391 5116 De
426 5065 604 5119 eadem
633 5061 1056 5144 refEx‘concit’io
1079 5073 1415 5134 Triburiensi.

135 5173 494 5232 CCXXXVII.
519 5177 742 5248 (Concil.
778 5182 982 5242 Tribur.
1011 5201 1060 5242 c.
1091 5189 1161 5244 40
1183 5207 1197 5256 ;
1221 5189 1529 5249 Bunoman.
1555 5193 1650 5253 lib.

65 5281 140 5326 ix,
167 5282 218 5321 c.
255 5267 372 5337 66.)
410 5268 656 5326 Relatum
689 5283 772 5328 est
803 5276 1022 5334 auribus
1051 5290 1358 5340 sanctorum
1403 5287 1668 5352 sacerdoa

65 5365 178 5410 tum
211 5361 502 5428 quemdam
545 5363 766 5420 alterius
803 5381 1024 5424 uxorem
1074 5381 1260 5444 stupro
1294 5376 1545 5446 violasse,
1570 5393 1652 5435 m-

61 5461 232 5518 supcr
263 5458 320 5504 et
347 5453 570 5509 moechae
615 5457 828 5514 vivente
871 5462 986 5516 viro
1013 5478 1110 5519 suo
1145 5464 1512 5534 jurameutum
1559 5471 1649 5528 de-

63 5541 212 5599 disse
237 5553 300 5600 ut
321 5555 438 5624 post
453 5548 673 5619 legitimi
707 5554 882 5610 mariti
907 5567 1154 5626 mortem,
1183 5561 1228 5616 si
1243 5564 1646 5636 supervixisset,

63 5633 296 5690 duceret
329 5637 382 5692 in
409 5655 664 5710 uxorem;
697 5645 839 5712 quod
882 5655 935 5702 et
963 5647 1162 5706 factum
1185 5661 1285 5708 est.
1306 5633 1442 5711 lTale
1485 5633 1648 5729 igitur

61 5725 396 5782 manubium
429 5732 774 5802 prohibemus
800 5745 852 5790 ct
877 5740 1412 5802 anathematizamus.

515 5825 786 5888 Ρλτηοιη
833 5829 1154 5894 CXXXII.

1777 3245 1926 3300 nium
1959 3248 2240 3316 separabis
2269 3265 2298 3304 a
2329 3258 2532 3316 te,,nec
2565 3267 2628 3308 ea
2651 3255 2862 3311 vivente
2903 3257 3061 3313 aliam
3097 3262 3350 3333 accipies.

1778 3334 1869 3392 Sic
1891 3344 1944 3391 te
1974 3335 2119 3402 Deus
2145 3338 2376 3410 adjuvet.

2376 3428 2454 3486 De
2476 3435 2654 3488 eadem
2683 3453 2755 3490 re.

1845 3518 2065 3576 CCXLI.
2097 3521 2423 3593 (Buacuann.
2453 3525 2545 3581 lib.
2579 3535 2636 3592 κ,
2662 3545 2708 3583 c.
2758 3529 2872 3604 82.)
2908 3533 3113 3591 Amodo
3154 3538 3204 3591 in
3249 3556 3346 3595 an-

1775 3619 1858 3666 lca
1889 3611 2050 3666 istum
2083 3623 2230 3668 tuum
2256 3615 2543 3681 maritum,
2573 3633 2732 3687 quem
2778 3621 2973 3692 injuste
3017 3626 3300 3687 dimiseras
3329 3672 3344 3698 ,

1772 3708 1846 3762 ita
1884 3707 2118 3764 tenebris
2159 3715 2213 3764 et
2259 3709 2686 3780 amplexaberis,
2729 3725 2787 3771 et
2832 3717 2880 3772 ei
2915 3718 2970 3774 in
3003 3721 3242 3790 servitio,
3285 3727 3340 3781 in

1771 3813 1954 3868 amore
1976 3806 2029 3852 et
2059 3797 2110 3852 iu
2138 3798 2328 3853 timore
2358 3800 2426 3853 ita
2451 3802 2557 3856 eris
2579 3803 2818 3875 subjecta
2846 3815 2898 3862 et
2925 3807 3202 3878 obediens,
3236 3815 3340 3871 sic-

1771 3897 1830 3942 ut
1859 3903 1958 3958 per
1985 3898 2190 3944 rectum
2216 3905 2350 3944 uxor
2387 3891 2544 3946 debet
2574 3887 2816 3965 subjecta
2840 3911 2959 3953 esse
2995 3902 3211 3969 marito,
3241 3921 3343 3961 nec

1769 3995 2006 4050 unquam
2035 3981 2102 4036 ab
2141 3993 2205 4036 eo
2245 3991 2294 4036 te
2331 3985 2641 4054 separabis,
2683 4003 2784 4044 nec
2815 3989 2903 4045 illo
2931 3993 3143 4049 vivente
3184 3995 3342 4052 alteri

1769 4073 1887 4128 viro
1916 4083 1965 4129 te
1988 4074 2221 4131 sociabis
2243 4077 2294 4130 in
2320 4075 2565 4149 conjugio
2591 4088 2683 4134 aut
2705 4081 2988 4140 adulterio.
3013 4085 3104 4143 Sic
3131 4097 3181 4144 te
3203 4089 3344 4146 Deus

1768 4163 2004 4230 adjuvet.

1767 4277 1845 4334 De
1867 4279 1944 4334 his
1961 4281 2054 4351 qui
2080 4282 2411 4366 matrimonio
2431 4283 2602 4366 juncti
2632 4296 2754 4366 sunt
2775 4298 2822 4342 et
2853 4289 3050 4366 nubere
3071 4309 3173 4348 non
3201 4311 3326 4366 pos-

2022 4359 2162 4404 sunt.
2196 4350 2282 4405 Ea:
2305 4350 2521 4422 epistola
2549 4351 2754 4412 Rabani
2778 4397 2793 4425 ,
2831 4375 2944 4428 cap.
2989 4361 3078 4416 29.
3201 4350 3216 4366 ”
3281 4350 3290 4352 ’
3365 4373 3370 4384 ·

1836 4460 2077 4517 CCXLI].
2111 4461 2267 4534 (llic.
2301 4463 2454 4546 epist.
2491 4465 2559 4518 ad
2585 4464 2882 4536 Heribald.,
2925 4485 2973 4526 c.
3006 4472 3106 4540 29;
3147 4475 3240 4530 lib.
3284 4494 3338 4533 vt
3371 4469 3374 4472 ’

1759 4556 2080 4628 Capitular.,
2125 4573 2176 4614 c.
2221 4558 2323 4626 55;
2367 4559 2675 4618 Buncusao.
2723 4564 2816 4622 lib.
2848 4583 2902 4634 x,
2943 4583 2992 4623 c.
3031 4569 3146 4642 40.)
3188 4573 3338 4639 Quod

1764 4658 1942 4704 autem
1967 4649 2312 4720 interrogasti
2333 4650 2398 4706 de
2421 4652 2505 4707 his
2527 4655 2618 4724 qui
2641 4657 2982 4714 matrimonio
2995 4659 3169 4729 juncti
3191 4651 3335 4734 sunt,

1762 4749 1818 4795 et
1838 4740 1982 4795 coire
2008 4755 2114 4798 non
2143 4751 2387 4810 possunt,
2411 4759 2478 4798 an
2502 4743 2590 4800 ille
2617 4745 2774 4802 aliam
2804 4750 2888 4804 vel
2922 4751 3014 4806 illa
3037 4753 3202 4810 alium
3234 4757 3334 4812 du-

1762 4844 1886 4894 cere
1911 4831 2096 4900 possit.
2134 4831 2341 4898 Quibus
2368 4834 2626 4905 scriptum
2654 4847 2772 4894 est:
2807 4857 2826 4890 ς
2859 4839 2952 4896 Vir
2978 4852 3032 4898 et
3062 4846 3252 4903 mulier
3283 4851 3330 4904 si

1759 4922 1990 4994 se303
2007 4923 2398 4994 coniunxerint,
2413 4937 2466 4982 et
2487 4937 2669 4997 postea
2694 4931 2888 4988 dixerit
2903 4929 3096 4991 mulier
3115 4939 3178 4993 de
3193 4941 3329 5002 viro,

1757 5015 1902 5085 quod
1931 5031 2036 5072 non
2061 5017 2232 5085 possit
2258 5017 2403 5073 coire
2430 5033 2550 5074 cum
2569 5035 2654 5086 eo,
2687 5021 2730 5078 si
2775 5033 2950 5094 pote..-t
2978 5027 3207 5095 probare
3235 5045 3332 5098 per

1750 5105 1957 5176 justum
1980 5105 2240 5176 judicium
2267 5107 2409 5178 quod
2437 5125 2622 5164 verum
2652 5111 2742 5177 sit,
2771 5113 2997 5184 accipiat
3020 5116 3204 5172 alium.

1761 5217 1835 5274 De
1869 5218 2050 5274 eadem
2073 5235 2146 5274 re.
2181 5217 2272 5299 Eia
2297 5221 2514 5299 concilio
2549 5224 2622 5299 od
2653 5224 2969 5299 l'ermcriam
3013 5233 3328 5299 temporibus

2203 5289 2414 5362 Pippini
2453 5295 2619 5364 rcgis,
2654 5313 2768 5365 cap.
2800 5296 2882 5350 l7.

1826 5379 2093 5436 CCXLlll.
2125 5377 2348 5454 (Concil.
2379 5381 2634 5452 Vermer.,
2663 5401 2709 5440 c.
2747 5387 2808 5440 l7
2836 5405 2850 5453 ;
2879 5387 3190 5447 Buncuaan.
3229 5393 3322 5452 lib.

1752 5488 1832 5538 Ix,
1858 5487 1907 5527 c.
1930 5473 2043 5546 41.)
2071 5472 2128 5529 Si
2157 5489 2261 5544 qua
2293 5474 2483 5530 mulier
2524 5491 2584 5531 se
2621 5477 3034 5548 proclamaverit
3055 5487 3196 5556 quod
3245 5491 3329 5554 vir

1753 5579 1882 5628 suus
1915 5579 2190 5635 nunquam
2221 5581 2341 5622 cum
2373 5583 2434 5623 ea
2465 5569 2685 5636 coisset,
2719 5581 2916 5627 exeant
2955 5574 3076 5630 inde
3101 5579 3166 5632 ad
3197 5593 3320 5636 eru-

1751 5671 1897 5722 cem;
1948 5665 2020 5716 et.
2054 5657 2094 5712 si
2125 5673 2308 5714 verum
2341 5655 2522 5724 fuerit,
2555 5669 2892 5730 separentur,
2943 5673 2994 5717 et
3033 5663 3121 5720 illa
3165 5667 3328 5723 faciat

1750 5747 1888 5820 quod
1919 5749 2046 5804 vult.

2849 5851 2916 5908 ll
