3944 6400
581 415 678 472 551

1176 507 1248 561 De
1282 500 1463 559 cadent
1514 514 1588 551 re.

654 607 926 671 CCXLIV.
953 598 1174 676 (Concil.
1202 590 1509 665 Compend.,
1534 604 1582 643 c.
1611 585 1706 649 l7;
1733 582 2043 637 Buacnmo.
2067 573 2158 627 lib.

582 724 662 772 rx,
694 720 746 759 ο.
787 697 900 771 42.)
932 670 990 754 Si
1015 692 1137 766 quis
1182 686 1392 757 accepit
1433 694 1681 745 uxorem,
1709 684 1764 732 et
1783 671 1970 729 habuit
1994 670 2163 740 ipsam

584 759 770 871 aliquo
807 759 1070 863 tempore,
1100 792 1156 840 et
1177 783 1293 854 ipsa
1318 776 1523 863 femina.
1544 772 1688 830 dicat
1711 766 1853 838 quod
1886 778 1993 818 non
2019 759 2164 815 cois-

586 849 832 948 setjeum
861 849 950 953 ea,
979 890 1034 940 et
1062 878 1154 936 ille
1175 849 1259 933 vir
1299 871 1432 930 dicit
1454 855 1599 940 quod
1632 863 1713 920 sic
1747 858 1908 924 fecit,
1940 854 1998 913 in
2026 849 2169 907 veri-

588 993 700 1041 tate
726 981 831 1038 viri
859 976 1139 1038 consistat,
1167 968 1295 1040 quia
1331 965 1415 1020 vir
1443 967 1603 1031 caput
1626 963 1712 1011 est
1736 947 2001 1009 mulieris.

804 1071 881 1126 De
906 1056 1088 1125 eadem
1123 1039 1201 1117 re.
1233 1058 1317 1113 Ea:
1353 1050 1572 1110 concilio
1602 1039 1950 1101 Triburiensi.

652 1123 1166 1232 CCXI—.I’.V(Concil.
1225 1147 1461 1211 Tribur.,
1498 1158 1547 1198 e.
1576 1139 1677 1205 Ill;
1718 1134 2030 1190 Buncuaan.
2070 1123 2168 1180 lib.

589 1277 675 1326 nt,
703 1272 754 1314 c.
791 1251 907 1324 45.)
934 1219 994 1306 Si
1023 1242 1239 1304 duxerit
1276 1240 1364 1295 vir
1414 1247 1636 1291 uxorem
1663 1270 1677 1295 ,
1710 1235 1767 1284 et
1810 1219 2172 1281 concumbere

591 1366 715 1410 cum
736 1363 797 1404 ea
826 1360 936 1402 non
963 1341 1171 1403 valens,
1200 1334 1367 1390 frater
1380 1329 1497 1400 ejus
1525 1321 1772 1382 clanculo
1800 1331 1920 1374 eam
1948 1312 2172 1373 vitiave-

582 1445 686 1511 rit,
716 1448 773 1498 et
797 1434 1071 1510 gravidam
1096 1423 1415 1489 reddiderit,
1440 1423 1783 1491 separentur.
1815 1404 2170 1465 Considerata

594 1490 773 1590 aulem
800 1490 1194 1586 imbecillitate,
1226 1490 1595 1571 misericordia
1625 1504 1706 1560 eis
1733 1496 2076 1569 impertiatur
2104 1490 2174 1546 ad

565 1622 922 1695 "conjugium,
950 1624 1157 1673 tantum
1186 1611 1239 1666 in
1264 1604 1514 1664 Domino.

592 1722 670 1777 De
696 1715 1042 1791 fornicatione
1069 1709 1389 1791 diuersarum
1406 1705 1767 1770 personarum.
1914 1680 2175 1791 ﬁrmiter:-

1192 1779 1204 1791 ⁸
1305 1773 1400 1791 "“"
1454 1762 1673 1791 ’μί-ἰη’ιὲ
1769 1774 1795 1791 Δ
1906 1772 1931 1791 ι
1972 1768 2016 1791 ιν
2054 1765 2175 1791 mm-

664 1754 1416 1846 n'Zitmiilir'JéiioI"ihéldbri'
1445 1762 1673 1839 episcopi
1702 1802 1717 1828 ,
1768 1768 1815 1812 et
1856 1754 2016 1810 Bedes
2054 1765 2176 1804 ore-

662 1859 876 1917 sbuteri.

663 1878 933 2008 ﬁgi:va
976 1939 1306 1999 Adolescens
1348 1931 1395 1989 si
1423 1942 1547 1986 eum
1581 1923 1789 1994 virgine
1827 1920 2167 1991 peccaverit,

599 2053 800 2097 annum
827 2033 1110 2107 poeniteat.

1610 375 1976 438 REGINONIS
2024 364 2439 425 I‘IIUMIENSIS
2488 357 2774 417 ABBATIS

2109 530 2113 537 .
2189 482 2227 542 Α
2259 479 2496 549 quinque
2523 488 2692 529 annos
2722 468 2997 542 paeniteat.
3033 464 3093 520 Si
3128 469 3374 523 matrem,
3408 464 3598 527 septem
3637 473 3783 512 annos.

3678 342 3785 402 .339.

2264 571 2332 624 Et
2357 567 2594 640 quandiu
2642 560 2878 627 vixerit,
2924 570 3194 628 nunquam
3246 553 3315 608 sit
3361 550 3474 605 sine
3519 545 3785 603 continentia

2268 662 2391 735 [leg.
2421 654 2784 728 nceuitentia].

2927 741 3063 797 Item
3099 736 3215 793 alii.

2337 844 2583 913 Quicum
2608 846 2783 896 matre
2810 836 3109 893 fornicatus
3136 826 3324 891 fuerit,
3351 820 3638 895 quindecim
3662 833 3789 875 annos

2265 934 2549 1004 paeniteat.

2338 1021 2440 1090 Qui
2472 1035 2596 1077 cum
2628 1018 2737 1073 filia
2764 1015 2848 1073 vel
2867 1025 3057 1070 sorore
3084 1009 3381 1067 fornicatus
3408 1002 3580 1066 fuerit,
3604 999 3663 1054 ab
3683 999 3790 1055 omni

2270 1127 2437 1170 carne
2466 1126 2526 1167 se
2559 1109 2854 1174 abstineat,
2889 1113 2945 1161 et
2977 1099 3287 1174 quindecim
3318 1109 3486 1151 annos
3510 1092 3744 1163 pmnitcat.

2346 1204 2406 1260 Si
2452 1211 2629 1258 mater
2672 1215 2794 1256 cum
2838 1197 2948 1253 lilio
2996 1208 3094 1251 suo
3119 1187 3345 1264 parvulo
3387 1184 3635 1242 fornicata
3658 1180 3791 1245 fuerit,

2273 1306 2384 1352 tres
2424 1306 2595 1348 annos
2644 1289 2911 1346 abstineat
2939 1300 2999 1342 se
3038 1299 3069 1338 a
3117 1294 3281 1338 carne
3305 1319 3320 1344 ,
3346 1285 3403 1333 et
3439 1275 3570 1332 diem
3598 1287 3732 1327 unum
3756 1271 3794 1326 iu

2274 1398 2597 1458 unaquaque
2621 1379 2955 1438 ltebdomada
2980 1374 3188 1448 jejunet
3206 1382 3378 1441 usque
3404 1367 3469 1421 ad
3488 1376 3727 1434 vesperam

2995 1468 3149 1523 Item.

2343 1569 2445 1639 Qui
2465 1567 2630 1624 habet
2654 1572 2884 1623 matrem
2906 1571 2960 1618 et
2980 1560 3168 1626 filiam,
3199 1556 3335 1613 duas
3360 1565 3589 1616 sorores,
3627 1561 3794 1602 uxorem

2278 1663 2450 1735 patris
2477 1670 2531 1718 et
2556 1658 2761 1723 fratris,
2792 1654 3053 1729 patruelis
3082 1658 3173 1707 aut
3218 1644 3504 1711 avunculi,
3528 1648 3712 1712 neptem
3734 1645 3797 1692 aut

2276 1752 2687 1814 consobrinam,
2716 1757 2810 1804 aut
2849 1747 2940 1817 qui
2971 1746 3024 1800 in
3059 1743 3255 1814 prima,
3287 1736 3542 1801 secunda,
3577 1732 3653 1787 vel
3686 1732 3796 1786 tertia

2201 1840 2248 1900 B
2276 1842 2624 1918 generatione
2665 1838 2838 1909 juncti
2889 1844 3046 1900 sunt,
3090 1832 3210 1888 istis
3251 1827 3500 1884 volumus
3531 1821 3734 1878 indicare
3759 1827 3798 1872 ut

2272 1913 2615 2007 separentur.
2648 1932 2716 1988 Et
2743 1936 2966 2001 propter
2993 1926 3158 1999 306
3188 1920 3453 1978 novellam
3481 1913 3795 1988 plantationem

2273 2028 2547 2093 Ecclesia,
2573 2035 2635 2080 ut
2659 2032 2868 2100 septem
2916 2033 3088 2075 annos
3125 2022 3286 2087 agant
3327 2003 3693 2084 paenitentiam,
3723 2010 3797 2056 tres

666 2129 727 2187 Si
755 2125 922 2186 semel
948 2130 1002 2179 et
1038 2117 1259 2178 fortuito
1283 2128 1434 2180 casu,
1463 2109 1729 2182 levigetur
1747 2104 1796 2160 ei
1830 2097 2170 2195 paenitentia,
2272 2122 2478 2195 primos
2505 2090 2677 2174 a'nnos
2707 2090 2815 2171 {res
2852 2094 2970 2168 dies
2998 2110 3053 2165 in
3098 2102 3461 2167 hebdoma“,
3483 2100 3535 2155 id
3563 2105 3668 2163 est,
3705 2090 3797 2146 Ma

574 2217 764 2294 .30ﬁI
786 2226 842 2273 et
876 2220 1086 2270 tantum
1120 2220 1293 2278 usque
1314 2205 1381 2261 ad
1411 2214 1613 2258 annum
1643 2197 1859 2269 plenum
1889 2189 2171 2262 pteniteat.

674 2279 907 2367 Si1infra
944 2301 1163 2374 triginta
1195 2309 1368 2354 annos
1407 2290 1721 2350 adolescens
1762 2279 2177 2343 fornicationem

572 2403 782 2467 ‘faciat,
815 2406 939 2456 tres
955 2372 1401 2467 quadragesimas
1444 2393 1502 2443 et
1527 2379 1800 2453 legitimas
1824 2372 2010 2430 ferias.

670 2494 729 2550 Si
756 2456 990 2564 propter.
1011 2487 1115 2542 hoc
1137 2456 1418 2556 peccatum
1455 2471 1679 2532 servitio
1715 2468 1953 2524 humano
1979 2456 2179 2518 abdicti

578 2593 750 2651 sum,
778 2577 1137 2653 quadraginta
1164 2573 1280 2629 dies
1306 2567 1628 2640 poeniteant.

641 2713 648 2719 -
673 2677 731 2732 Si
751 2647 1013 2732 uxoratus
1027 2680 1150 2724 eum
1167 2663 1375 2734 virgine
1401 2656 1698 2713 fornicatus
1722 2647 1904 2711 fuerit,
1925 2654 2061 2699 auos
2084 2653 2181 2694 an-

568 2783 702 2825 lnos
720 2762 1003 2838 pteniteat,
1033 2758 1105 2814 ita
1134 2756 1367 2829 primum
1398 2746 1658 2807 omnium,
1689 2749 1750 2796 ut
1777 2755 1809 2794 a
1837 2752 1938 2794 sua
1960 2748 2019 2790 se
2046 2745 2181 2788 con-

602 2821 793 2914 tineat.
824 2852 883 2908 Si
905 2851 964 2908 ei-
983 2821 1338 2910 consenserit,
1365 2837 1522 2894 uxori
1543 2834 1707 2892 etiam
1735 2828 1967 2885 addatur
1991 2821 2181 2879 modus
2206 2872 2211 2875 .

580 3000 583 3007 .
602 2943 955 3020 poenitentia).

656 3038 735 3095 Si
780 3036 953 3091 laicus
988 3045 1112 3089 cum
1150 3028 1286 3085 laica
1326 3022 1623 3080 fornicatus
1651 3013 1832 3080 fuerit,
1863 3020 1988 3067 tres.
2012 3020 2185 3063 annos

601 3131 898 3203 poeniteat;
918 3132 971 3182 et
998 3128 1203 3194 quanto
1228 3117 1448 3189 smpius,
1479 3119 1628 3168 tanto
1657 3105 1834 3178 magis
1857 3113 2070 3174 tempus
2091 3098 2184 3154 ad-

607 3224 785 3280 datur.
1952 3248 1961 3257 ,

680 3314 877 3372 Laicus
913 3318 1194 3364 maculans
1221 3315 1281 3357 se
1307 3312 1428 3355 cum
1454 3291 1648 3350 ancilla
1678 3288 1796 3353 Dei,
1836 3286 1972 3372 duos
2016 3294 2187 3338 annos

607 3404 888 3480 poeniteat.
918 3398 977 3456 Si
1004 3393 1253 3469 genuerit
1278 3403 1346 3446 ex
1366 3402 1431 3445 ea
1459 3384 1649 3448 filium,
1678 3392 1851 3435 annos
1883 3357 1994 3431 tr‘es
2016 3369 2191 3445 poeni-

610 3461 743 3552 ieat.
775 3490 832 3548 Si
874 3488 991 3546 sine
1005 3461 1260 3554 coniugio
1303 3485 1405 3545 est,
1436 3484 1545 3530 tres
1570 3466 2012 3543 quadragesimas
2038 3470 2094 3518 et
2116 3461 2193 3519 le-

611 3586 827 3661 gitimas
852 3579 1035 3638 ferias.
1066 3574 1123 3631 Si
1138 3569 1382 3655 canonici
1402 3573 1527 3624 sunt
1551 3560 1972 3625 etfornicantur,
1994 3568 2194 3611 annum

600 3690 821 3740 unum;
850 3672 895 3729 si
925 3669 1257 3739 frequenter,
1287 3650 1442 3717 duos.

682 3765 786 3834 Qui
808 3735 872 3819 in
908 3735 1076 3833 gradu
1102 3764 1205 3825 est,
1241 3765 1411 3808 annos
1440 3758 1554 3804 tres
1586 3743 1869 3817 poeniteat.
1900 3735 2196 3795 Monachus

614 3859 737 3915 sine
763 3853 935 3928 gradu
979 3848 1068 3907 vel
1116 3845 1411 3905 canonicus
1448 3838 1672 3914 gradum
1705 3835 1947 3900 habens,
1983 3831 2031 3886 si
2074 3843 2198 3886 cum

618 3917 796 4024 puella
821 3944 958 4001 laica
995 3938 1245 3998 fornicati
1272 3943 1419 4002 sunt,
1448 3945 1621 3988 annos
1654 3936 1765 3984 tres
1792 3923 2112 3998 pmniteant.
2138 3917 2199 3974 Si

619 4057 744 4100 eum
772 4032 1185 4100 sanctimoniali,
1226 4042 1399 4086 annos
1431 4032 1635 4096 septem
1662 4018 1980 4092 pamiteant.
2013 4013 2200 4070 Mona-

619 4134 712 4192 cbi
740 4146 863 4190 cum
905 4127 1075 4201 gradu
1111 4119 1522 4180 fornicationem
1547 4113 1832 4175 facientes,
1862 4114 2068 4176 septem
2101 4118 2198 4158 an-

622 4239 724 4281 nos
742 4198 1059 4294 pmtriteanl.
1077 4213 1136 4271 Si
1158 4209 1455 4269 monachus
1474 4203 1668 4260 laicam
1693 4198 1926 4262 duxerit,
1961 4204 2072 4251 tres
2109 4208 2200 4247 an-

626 4329 725 4372 nos
743 4285 1075 4384 'ptnniteant,
1108 4303 1197 4360 illa
1226 4303 1360 4359 duos
1384 4305 1442 4354 et
1464 4293 1732 4365 legitimas
1752 4289 1935 4346 ferias.
1955 4285 2011 4342 Si
2033 4298 2205 4355 usque

626 4409 693 4464 ad
730 4375 1133 4478 generationem
1172 4394 1266 4452 lilii
1290 4434 1306 4461 ,
1353 4398 1589 4463 quatuor
1625 4397 1798 4441 annos
1822 4381 2102 4454 poeniteat.
2148 4375 2205 4432 Si

620 4498 921 4565 occiderit,
967 4501 1173 4565 septem
1209 4500 1382 4544 annos
1413 4482 1692 4555 pmniteat.

705 4592 760 4648 Si
798 4562 1084 4661 episcopus
1119 4581 1416 4638 fornicatus
1453 4572 1635 4639 fuerit,
1663 4577 1786 4627 octo
1817 4580 1990 4623 annos
2029 4562 2193 4636 paeni-

636 4694 767 4744 teat.
794 4657 900 4738 Alii
922 4657 1303 4752 judicaverunt
1329 4665 1611 4727 duodecim
1641 4669 1906 4718 annorum
1944 4657 2212 4729 paeniten-

638 4783 788 4838 tiam.
812 4777 946 4832 Post
983 4786 1180 4828 annum
1210 4766 1426 4821 tertium
1466 4758 1636 4817 levius
1660 4753 1944 4828 poeniteat.

708 4869 869 4945 305
901 4864 1190 4936 Presbyter
1213 4874 1334 4916 cum
1363 4855 1538 4929 puella
1566 4841 1856 4912 fornicans,
1892 4857 2060 4899 annos
2084 4855 2218 4913 qna-

643 4977 760 5024 tuor
784 4972 839 5019 et
860 4970 969 5016 tres
988 4935 1426 5030 quadragesimas
1448 4947 1502 5001 in
1524 4956 1685 5008 anno,
1708 4946 1764 4994 et
1789 4935 1951 4992 ferias
1971 4940 2217 5004 quartam

641 5062 696 5116 et
722 5064 928 5113 sextam
956 5023 1024 5106 in.
1040 5061 1179 5120 pane
1205 5023 1260 5101 et
1292 5056 1451 5115 aqua.
1475 5038 1532 5096 Si
1554 5051 1676 5094 cum
1704 5030 1898 5089 ancilla
1928 5027 2023 5084 Dei
2055 5023 2223 5088 forni-

639 5159 795 5208 catus
835 5143 1017 5210 fuerit,
1042 5149 1245 5213 septem
1275 5150 1444 5192 annos
1469 5131 1750 5205 poeniteat.

715 5241 1042 5312 (Burmann.
1066 5232 1161 5287 lib.
1189 5244 1324 5294 xvn,
1351 5242 1400 5282 c.
1432 5224 1544 5296 39.)
1574 5223 1889 5294 Episcopus,
1920 5215 2224 5288 presbyter,

645 5346 699 5388 et
728 5332 987 5387 diaconus
1007 5364 1022 5393 ,
1048 5324 1095 5380 si
1117 5323 1170 5379 in
1212 5316 1590 5380 fornicatione,
1613 5310 1851 5391 perjurio
1872 5307 1955 5362 vel
1982 5305 2123 5360 furto
2146 5317 2231 5358 ca-

647 5433 773 5495 ptus
797 5427 899 5484 est,
925 5414 1252 5489 deponatur;
1280 5424 1385 5465 non
1421 5415 1601 5462 tamen
1641 5386 2018 5459 communione
2050 5393 2228 5464 prive-

651 5482 767 5581 inr,
810 5482 935 5583 quia
956 5482 1311 5566 nonvindicat
1334 5499 1591 5557 Dominus
1605 5496 1691 5553 bis
1725 5493 1780 5549 in
1801 5491 2030 5565 idipsum
2060 5482 2227 5561 (511).

1198 5595 1334 5650 Item
1361 5592 1424 5647 de
1451 5588 1678 5645 incestis.

720 5693 1014 5755 CCXLVI].
1052 5694 1110 5748 Si
1156 5689 1469 5747 adolescens
1510 5697 1753 5741 sororem
1802 5693 1951 5738 suam
1999 5672 2236 5740 duxerit,

726 5835 807 5905 (3t
826 5833 873 5905 ι)
913 5832 992 5889 Ex
1023 5843 1227 5890 canone
1247 5828 1316 5883 25
1342 5825 1723 5896 apostolorum.

2274 2186 2532 2276 secunda,
2561 2214 2617 2263 et
2648 2211 2868 2276 quarta,
2897 2209 2954 2258 et
2980 2204 3135 2256 sexta
3163 2237 3180 2267 ,
3210 2190 3562 2265 quadraginta
3589 2186 3685 2242 dies
3712 2188 3799 2235 ante

2278 2299 2505 2364 Pascha,
2536 2293 2739 2368 viginti
2766 2266 2894 2348 ante
2937 2287 3158 2345 missam
3200 2280 3378 2338 sancti
3403 2276 3643 2343 Joannis,
3661 2266 3799 2341 viginti

2277 2403 2403 2451 ante
2446 2389 2645 2447 Natale
2678 2384 2915 2445 Domini.
2946 2381 3191 2451 Quatuor
3231 2390 3362 2434 vero
3407 2373 3627 2442 reliquos
3661 2376 3796 2424 annm.

2278 2483 2416 2542 feria
2446 2488 2640 2554 quarta
2665 2486 2721 2534 et
2777 2483 2954 2541 sexta,
2991 2481 3047 2529 et
3091 2464 3500 2541 quatuordecim
3528 2465 3691 2515 noctes
3716 2460 3799 2507 ante

2278 2541 2504 2633 missam
2535 2570 2709 2629 sancti
2736 2566 2961 2626 Joannis
2988 2571 3045 2621 et
3070 2561 3205 2617 alias
3247 2566 3377 2614 ante
3412 2552 3591 2609 Natale
3629 2541 3795 2604 Domini.

2282 2668 2341 2725 Si
2372 2681 2432 2723 se
2474 2664 2744 2720 redimere
2767 2658 2903 2726 vult,
2934 2657 3100 2713 donet
3135 2666 3304 2708 unum
3335 2646 3602 2705 denarium
3625 2648 3701 2695 aut
3715 2649 3798 2707 pre-

2282 2758 2414 2812 tium
2440 2754 2601 2811 unius
2626 2748 2837 2824 denarii
2864 2763 2963 2819 pro
2989 2758 3099 2802 uno
3125 2741 3231 2799 die.
3256 2738 3317 2796 Si
3348 2749 3549 2809 pauper
3577 2737 3665 2797 est,
3686 2726 3800 2782 donet

2284 2800 2953 2908 iiniidiiig'dzi;;{.;.ni"
3002 2800 3043 2802 νὴ
3349 2800 3369 2809 ’
3457 2800 3477 2808 ’
3876 2800 3877 2881 ι

2670 2932 2751 2988 De
2793 2927 3153 2986 sordidatione
3182 2934 3487 2995 puerorum.

2353 3025 2669 3089 CCXLVIII.
2708 3022 2873 3081 Pueri
2898 3036 2960 3077 se
2980 3016 3229 3076 manibus
3266 3012 3498 3070 invicem
3528 3000 3800 3073 coinquinan-

2287 3130 2387 3188 tes,
2418 3116 2774 3191 quadraginta
2803 3113 2919 3168 dies
2941 3108 3274 3184 pmniteant;
3309 3100 3539 3171 majores
3574 3107 3699 3156 vero,
3717 3103 3803 3144 cen-
3876 3158 3877 3173 χ

2209 3198 2256 3263 C
2290 3224 2401 3270 tum
2429 3189 2566 3267 dies.
2602 3204 2766 3263 Pueri
2801 3217 2863 3260 se
2908 3202 3051 3257 inter
3096 3197 3306 3253 femora
3356 3189 3803 3249 sordidantesmeno
3876 3204 3877 3255 ι

2292 3315 2403 3362 tum
2435 3304 2552 3360 dies
2575 3298 2876 3371 pmniteant
2901 3334 2917 3361 ,
2965 3289 3199 3361 majores
3227 3295 3340 3342 tres
3369 3275 3753 3354 quadragesimas
3771 3275 3805 3318 et

2290 3397 2557 3472 legitimas
2578 3368 2761 3448 ferias.
2791 3384 3053 3443 Parvulos
3077 3397 3107 3438 a
3136 3377 3344 3450 majore
3371 3382 3645 3446 oppressus
3663 3368 3804 3433 septem

2292 3457 2409 3548 dies
2439 3484 2725 3559 poeniteat.
2759 3479 2819 3537 Si
2857 3472 3215 3539 consenserit,
3243 3465 3434 3539 viginti
3461 3463 3588 3519 dies.
3610 3457 3723 3513 Puer
3742 3465 3804 3503 το·
3876 3482 3877 3557 ξ

2288 3552 2527 3637 luntarie
2555 3592 2615 3634 se
2639 3573 2905 3648 polluens,
2934 3566 3156 3639 triginta
3182 3561 3323 3627 dies,
3351 3552 3562 3628 juvenis
3583 3562 3693 3605 vero
3718 3553 3804 3612 qm-

2288 3671 2544 3745 .draginta
2579 3667 2700 3724 dies
2718 3662 3001 3736 paniteat.

2714 3756 2792 3813 De
2827 3751 3110 3811 menstruis
3140 3744 3484 3805 abstinendis.

2366 3852 2642 3914 CCXLV-1.
2678 3849 2786 3919 Qui
2827 3860 2952 3904 cum
2990 3841 3219 3900 muliere
3252 3839 3584 3895 menstruam
3617 3816 3808 3895 nupserit.
3876 3816 3877 3889 ἦ

2300 3947 2661 4023 quadraginta
2688 3943 2810 4000 dies
2831 3937 3117 4012 pteniteat.

2957 4024 3026 4082 Ut
3066 4039 3250 4097 supra.

2373 4135 2433 4192 Si
2455 4133 2580 4207 quis
2601 4144 2731 4188 cum
2749 4140 2922 4184 uxore
2943 4137 3043 4180 sua
3069 4096 3218 4178 retro
3240 4114 3508 4188 nupserit,
3536 4096 3809 4193 quadt‘asillf1

2304 4230 2419 4289 dies
2436 4183 2716 4300 puemiteat.
2745 4219 2804 4276 Si
2841 4218 2897 4274 in
2924 4225 3073 4286 terga
3099 4183 3368 4284 nupserit,
3398 4216 3507 4263 tres
3540 4210 3700 4259 annos.
3728 4183 3809 4258 φὴ

2305 4319 2681 4380 sodomitioum
2711 4313 2886 4371 scelus
2912 4320 3016 4366 est.
3040 4306 3155 4362 Viri
3177 4305 3321 4360 inter
3347 4301 3545 4357 femora
3566 4288 3812 4349 fornicanlcs

2307 4429 2506 4473 annum
2546 4425 2714 4469 unum
2756 4407 3074 4481 pmniteant.
3117 4400 3174 4457 Si
3228 4399 3282 4454 in
3330 4406 3521 4467 terga,
3560 4382 3811 4444 uesani)“

2310 4509 2366 4566 Si
2393 4507 2542 4581 pueri
2569 4512 2713 4569 sunt,
2738 4502 2871 4557 duos
2894 4511 3065 4553 annos
3092 4492 3410 4566 pmniteant.

2633 4614 2793 4690 307
2831 4612 2908 4667 De
2929 4607 3205 4664 mulierum
3230 4597 3570 4673 fornicatione

2392 4714 2545 4773 CCL.
2576 4672 2911 4784 (eaEa-mn.
2955 4702 3050 4756 lib.
3097 4712 3230 4759 xvrr,
3280 4708 3329 4749 e.
3371 4690 3484 4754 2‘7.)
3515 4674 3811 4784 “fuerat:
3876 4672 3877 4741 λ

2395 4757 2545 4773 νυ...
2576 4757 2875 4784 μνη-η
2901 4757 2909 4758 ,
3220 4757 3225 4759 _

2317 4819 2529 4876 cunque
2553 4799 2827 4858 molimine
2856 4803 2949 4850 aut
2976 4793 3031 4847 in
3058 4788 3233 4857 scipsa
3263 4791 3357 4838 aut
3384 4791 3505 4835 cum
3532 4772 3677 4829 altera
3702 4757 3811 4813 [πηι-
3876 4830 3877 4833 η

2318 4914 2471 4969 cans,
2499 4906 2610 4952 tres
2637 4903 2806 4947 annos
2832 4884 3114 4958 poeniteat.

2611 5068 2615 5072 _
2940 4991 3087 5049 Unde
3115 5004 3273 5060 supra

2396 5068 2744 5172 (Buncasnn.
2791 5088 2888 5144 lib.
2934 5099 3085 5148 xvtr,
3134 5041 3197 5136 cf
3232 5073 3346 5145 28.)
3387 5070 3444 5127 Si
3487 5041 3812 5172 sanctimonialis
3876 5094 3877 5135 γ

3211 5167 3245 5172 --
3377 5163 3392 5172 .
3533 5147 3778 5172 υ--..ρηιι

2326 5141 2452 5249 cuin
2487 5176 2587 5242 alia
2629 5174 3026 5239 sanctimoniali
3057 5185 3156 5244 per
3178 5141 3396 5237 aliquod
3416 5141 3812 5217 machinamentum
3876 5178 3877 5213 ι

2328 5281 2650 5342 fornicatur,
2679 5280 2885 5344 septem
2902 5279 3075 5322 annos
3094 5259 3373 5333 poeniteat.

2782 5379 2859 5434 De
2893 5375 3193 5433 illecebroso
3226 5364 3489 5436 amplexu.

2401 5480 2574 5540 ceu.
2608 5429 2935 5551 (Βυιιοιῖιζιιιᾷ.
2960 5429 3061 5521 lib.
3088 5477 3221 5528 xm,
3251 5429 3440 5525 ese.)
3481 5447 3575 5551 oui
3598 5429 3814 5551 ρετηηξξξξ

2332 5578 2524 5635 brosos
2549 5522 2829 5639 amplexus
2853 5558 3065 5616 feminae
3101 5552 3188 5609 vel
3225 5564 3324 5623 per
3364 5541 3592 5602 osculum
3618 5522 3814 5639 polluitur;
3876 5522 3877 5589 ξ

2334 5611 2524 5635 υιυουσ
2549 5611 2631 5627 ιι...
2676 5611 3013 5623 ,νη----ηπ
3230 5611 3246 5623 _

2334 5669 2555 5741 triginta
2609 5611 2722 5719 dies
2767 5652 3047 5730 pmniteat.
3102 5645 3204 5715 Qui
3260 5636 3494 5712 tetigerit
3550 5611 3814 5687 iuvatcum"
