3884 5560
68 311 163 368 355
918 298 1009 352 DE
1047 291 1327 351 ECCLES.
1372 281 1649 342 DISClPL.
1691 275 1868 332 LIBRI
1909 275 2068 332 DUO.
2103 307 2169 318 —-—
2207 275 2334 330 LIB.
2363 273 2424 328 II.
3172 265 3280 322 εει

65 431 262 478 carnem
290 412 525 485 ejusdem
551 409 763 466 feminae
781 450 794 474 ,
821 415 932 463 tres
961 419 1170 460 menses
1203 401 1483 472 poeniteat.
1510 394 1609 464 Qui
1640 397 1688 460 Α
1715 390 1877 446 inusti
1901 389 2140 486 criminis
2161 387 2294 442 alios
2316 385 2636 486 polluerunt,
2651 381 3123 486 praecpitsancta
3154 394 3290 484 εἴης

66 471 565 585 ιῇέξίυψῇοίιυίυηι
589 471 862 572 polluitur,
896 505 1100 568 septem
1130 471 1244 549 dies
1275 491 1553 562 poeniteat.
1726 482 2046 585 oduinuter
2085 493 2180 534 eos
2207 491 2368 535 Orare
2401 477 2490 546 (Ιυί
2534 474 2726 546 spirit“
2770 471 3146 544 Ρθνίοίίῑωιιυτ
3187 471 3284 526 im‘

131 572 416 670 Presbyter
433 595 480 652 si
504 593 774 651 osculatus
816 589 974 645 fuerit
1001 587 1252 642 feminam
1278 597 1374 653 per
1397 583 1628 670 immun-
1728 572 1946 628 mundo.

74 697 181 749 dum
207 669 548 751 desiderium,
576 681 768 756 viginti
790 682 902 736 dies
928 677 1205 749 paeniteat.
1236 673 1293 728 Si
1320 669 1629 740 inquinatus
1798 680 1876 736 De
1905 678 2086 734 eadem
2117 693 2188 732 τε,
2229 675 2314 730 Ex
2346 674 2437 729 lib.
2466 690 2482 728 ι
2518 671 2902 744 Capitularium
2927 714 2942 736 ,
2974 689 3090 743 cap.
3129 672 3217 727 I9.

74 776 618 862 fuerinquadrasinta
668 773 781 828 dies
824 769 1103 862 Pot-“FW-
1153 765 1254 862 Q“?
1303 763 1358 817 ίη
1402 757 1630 862 θξ⁶¹ξ²⁵ξ³
1799 786 2672 859 CCI.VII.(Lib.tCapitular.,c.
2702 784 2802 851 49;
2854 785 3164 850 Buucuano,
3201 783 3300 839 lib.

73 891 156 946 per
196 885 438 927 somnum
486 856 759 938 Ροίῖυῖίυτν
807 872 918 917 "es
961 861 1078 914 dies
1104 856 1379 928 Ραδηίίθθι·
1428 851 1527 918 Ο¹¹ί
1579 851 1633 951 ί¹ἶ
1733 898 1874 948 xvu,
1901 897 1950 936 c.
1981 851 2096 951 55.)
2130 877 2187 934 Si
2217 851 2416 932 inventi
2445 874 2644 929 fuerint
2669 875 2759 943 qui
2789 888 2910 928 cum
2941 872 3301 943 quadrupedi-

73 963 253 1020 somnis
299 960 576 1016 voluntate
626 955 861 1028 pollutus
907 961 1030 1016 est,
1077 958 1302 1018 surgat,
1350 955 1404 999 et
1455 947 1636 1042 cantet

1782 989 1834 1028 .IS
1859 970 1942 1025 vel
1970 947 2224 1024 masculis
2247 974 2436 1023 contra
2464 972 2716 1019 naturam
2771 971 3028 1033 peccant,
3056 963 3191 1016 dura
3247 971 3303 1016 et

73 1064 254 1125 septem
289 1050 528 1122 psalmos
559 1043 986 1119 pmuitentiales,
1029 1049 1084 1096 et
1109 1038 1221 1094 dies
1263 1035 1498 1128 triginta-
1531 1029 1632 1097 Qlli
1719 1059 1978 1118 districta
2046 1054 2361 1128 ρωηίιεηιία
2415 1051 2699 1108 coercendi
2758 1029 2900 1106 gum,
2967 1052 3306 1122 Quapropter

64 1159 272 1216 peccare
296 1140 529 1198 voluerit
570 1140 626 1194 in
670 1137 893 1200 somnis,
939 1142 995 1191 et
1029 1148 1134 1188 non
1183 1129 1343 1186 fuerit
1381 1125 1634 1198 pollutus,
1736 1125 2432 1226 episcopivélpresbyteri’
2460 1161 2490 1200 a
2519 1147 2714 1217 quibus
2735 1142 2998 1213 judicium
3029 1146 3301 1215 immitem

74 1234 268 1306 triginta
297 1241 530 1302 quatuor
555 1227 787 1300 psalmos
810 1233 1008 1282 ωηῑθῑ·
1740 1251 1828 1306 tite
1858 1246 2150 1318 injungitur
2171 1286 2186 1306 .
2219 1251 2480 1302 conentur
2497 1240 2820 1298 omnimodis
2853 1239 2957 1294 hoc
2987 1237 3186 1292 malum
3213 1251 3304 1290 ra-

543 1323 617 1377 De
656 1319 926 1392 fundendo
956 1332 1152 1372 semen.
1739 1337 1936 1395 dicit“
1957 1336 2255 1393 abscidere.

131 1416 317 1474 CC‘LII.
351 1414 697 1487 (Buncmnn.
729 1411 822 1466 lib.
856 1425 966 1466 xvn
994 1448 1008 1474 ,
1039 1421 1098 1463 c.
1135 1405 1270 1503 l3.)
1308 1400 1554 1503 Clericus
1595 1397 1642 1453 si
2074 1447 2150 1503 De
2185 1447 2366 1501 eadem
2389 1461 2462 1500 re.
2493 1443 2579 1500 Ex
2604 1443 2756 1498 diem
2776 1441 2983 1497 Ba‘mi.

265 1513 470 1613 ξιιάενίι
653 1505 940 1610 where:
973 1513 1180 1613 res
1215 1501 1330 1613 dies
1362 1496 1642 1613 recte:
1717 1569 1720 1574 .
1813 1496 2572 1613 carui.‘s.;.;i;..1ni:
2610 1496 2720 1592 an
2743 1577 2756 1602 ,
2779 1496 2784 1497 ί
2901 1535 3016 1605 55.)
3071 1532 3314 1590 ea...

65 1605 123 1661 Si
153 1604 319 1697 ungi"
365 1618 489 1697 (δυ-φ
535 1617 718 1697 malm’
746 1597 936 1697 Viginti
962 1596 1096 1697 ηδ’
1124 1591 1184 1697 ί
1221 1591 1646 1697 ⁶⁵³⁰.⁰¹Ἶ¹¹.δ’.ξῖἷ’
1745 1583 2151 1688 vermonaehds
2177 1628 2598 1685 adolescentium
2648 1583 2756 1682 vel,
2779 1583 3125 1697 parvulorum
3167 1626 3314 1680 inse-

73 1698 203 1766 ἔξω
230 1696 364 1751 δῖος·
413 1694 470 1750 δί
500 1693 798 1778 presbyter’
838 1684 1476 1786 llebdomagasﬂuamor'
1517 1676 1648 1731 pm-
1749 1730 1942 1788 ctator,
1973 1720 2058 1776 vel
2075 1719 2166 1790 qui
2187 1718 2370 1774 osculo
2399 1718 2483 1774 vel
2517 1717 2697 1787 aliqua
2725 1676 3012 1774 ocrcasione
3053 1715 3197 1785 turpi
3227 1727 3318 1769 re-

74 1787 240 1817 ctum...
281 1784 324 1817 οἱ
387 1797 572 1817 αοηωη
630 1779 823 1817 nidor“
874 1792 970 1817 nm-
1009 1783 1389 1817 onatlaltnnpm
1419 1811 1432 1817 -
1482 1764 1648 1817 30R
1680 1758 1722 1817 Β
1847 1813 1860 1817 _
2083 1808 2103 1817 -
2199 1810 2210 1817 .
2395 1809 2407 1817 .
2433 1809 2464 1817 ..
2650 1809 2664 1817 .
2993 1815 3000 1817 Α

1749 1813 2048 1884 prehensus
2076 1808 2275 1874 fuerit,
2321 1809 2531 1880 publice
2555 1809 2903 1874 verberetur,
2952 1815 3009 1864 et
3061 1820 3320 1862 coronam

1748 1909 1994 1971 amittat;
2018 1902 2431 1972 decalvatusquc
2489 1902 2716 1972 turpiter
2739 1941 2753 1966 ,
2786 1898 3146 1972 sputamentis
3184 1896 3323 1954 obli-

1748 1997 1930 2052 niatur
1957 1994 2011 2050 in
2041 1993 2208 2059 facie;
2259 1992 2592 2060 vinculisque
2620 1999 2860 2046 arctatus
2879 1987 3103 2056 ferreis,
3134 2003 3322 2046 carce-

1757 2088 1858 2144 rali
1878 2101 1972 2143 sex
2025 2085 2300 2142 mensibus
2351 2085 2596 2155 angustia
2649 2090 2991 2148 macerctur,
3030 2089 3086 2137 et
3143 2080 3323 2137 triduo

1752 2195 1850 2250 per
1872 2177 2238 2235 hebdomadas
2277 2176 2512 2246 singulas
2539 2190 2605 2229 ex
2633 2190 2772 2246 pane
2816 2175 3118 2231 hordeaceo
3155 2173 3320 2245 310

1755 2269 1822 2323 ad
1847 2281 2126 2338 vesperam
2153 2265 2445 2321 reﬂeiatur.
2483 2263 2610 2318 Post
2633 2265 2784 2329 haec,
2823 2264 2943 2320 aliis
2984 2279 3078 2320 sex
3118 2265 3322 2319 mensi-

1758 2358 1859 2412 bus
1908 2357 2010 2410 sub
2056 2354 2286 2410 senioris
2332 2354 2586 2422 spiritalis
2631 2354 2875 2408 custodia
2932 2363 3214 2425 segregata
3265 2355 3323 2408 in

1759 2445 2022 2501 curticula
2047 2445 2266 2514 degens,
2289 2444 2435 2514 operi
2454 2457 2704 2496 manuum
2729 2452 2783 2498 et
2803 2442 3034 2498 orationi
3056 2444 3127 2498 sit
3151 2442 3332 2498 inten-

1761 2546 1880 2602 tus,
1912 2535 2108 2606 vigiliis
2137 2545 2193 2590 et
2240 2533 2453 2589 fletibus
2481 2532 2786 2604 subjectus,
2833 2543 2890 2589 et
2931 2534 3031 2590 sub
3083 2533 3330 2590 custodia

1763 2641 1978 2698 semper
2007 2626 2234 2681 duorum
2257 2623 2483 2680 fratrum
2512 2623 2831 2694 spiritalium
2861 2623 3134 2690 ambulet,
3180 2623 3324 2679 nulla

74 1764 240 1856 sbytcr
281 1784 327 1840 si
387 1797 573 1838 semen
621 1775 826 1834 fuderit
874 1792 970 1849 per
1009 1773 1390 1846 cogitationem
1419 1811 1432 1834 ,
1482 1764 1648 1838 308

74 1885 262 1945 septem
312 1873 430 1929 dies
460 1873 732 1942 paeniteat.
773 1869 1064 1924 Monachus
1108 1864 1375 1922 similiter.
1415 1859 1516 1928 Qui
1549 1872 1646 1912 vo-

77 1963 294 2018 luntarie
321 1978 506 2018 semen
533 1960 668 2017 fudit
693 1961 746 2016 in
766 1958 1012 2022 ecclesia,
1041 1957 1084 2012 si
1115 1955 1344 2012 clericus
1376 1959 1477 2016 est,
1509 1964 1644 2018 qua-

71 2051 392 2119 tuordecim;
422 2052 467 2106 si
494 2051 791 2106 monachus
819 2055 912 2103 aut
936 2049 1212 2111 diaconus,
1250 2043 1467 2116 triginta
1498 2040 1644 2102 dies;

76 2147 112 2200 si
152 2147 454 2218 presbyter,
486 2145 880 2216 quadraginta;
932 2142 977 2198 si
1023 2141 1340 2212 episcopus,
1386 2133 1651 2205 quinqua-

69 2236 214 2308 ginta
240 2237 361 2294 dies
387 2236 666 2308 pteniteat.

424 2328 500 2383 De
523 2325 916 2399 quadrupedum
941 2321 1302 2393 fornicatione.

137 2419 356 2478 CCLIII.
393 2421 722 2494 (Buncnsnn.
753 2417 845 2472 lib.
874 2431 1007 2482 xvtt,
1038 2429 1088 2470 c.
1121 2413 1234 2485 52.)
1277 2411 1378 2479 Qui
1405 2424 1526 2465 cum
1564 2422 1657 2478 pe-

72 2512 202 2569 cude
231 2521 450 2584 peccat,
494 2527 693 2566 annum
726 2525 910 2564 unttm.
949 2506 1176 2574 Quidam
1199 2503 1445 2574 judicant
1491 2513 1660 2554 annos

74 2606 254 2659 decem
285 2643 302 2669 ,
355 2602 573 2672 quidam
611 2609 816 2671 septem
839 2639 855 2667 ,
890 2596 1107 2668 quidam
1142 2604 1394 2667 quatuor,
1443 2589 1660 2662 quidam

69 2703 288 2752 centum
314 2694 454 2750 dies.

795 2780 926 2837 Item
938 2821 950 2834 .

143 2874 201 2932 Si
224 2876 351 2946 quis
382 2873 612 2930 clericus
631 2889 753 2930 cum
782 2869 1129 2944 quadrupede
1155 2867 1451 2926 fornicatus
1482 2862 1661 2925 fuerit,

74 2983 244 3023 annos
268 2968 432 3034 duos,
459 2967 820 3024 subdiaconus
847 2975 978 3030 tres,
1007 2964 1268 3019 diaconus
1293 2969 1345 3016 et
1369 2955 1665 3013 monachus

82 3060 336 3132 quinque,
376 3059 662 3132 presbyter
684 3065 923 3130 septem,
952 3056 1236 3127 episcolius
1271 3052 1456 3108 decem
1493 3045 1664 3118 poeni~

81 3161 206 3206 teat.

686 3237 760 3292 De
782 3236 1083 3292 Sodomitis.

147 3329 368 3387 CCLIV.
432 3330 451 3398 (
478 3329 774 3385 Ilm'rcan.
822 3327 913 3381 lib.
962 3343 1049 3392 vr,
1103 3340 1151 3381 c.
1202 3324 1302 3390 25;
1355 3319 1664 3377 Buacuanb.

88 3417 173 3474 lib.
219 3435 355 3483 xvtt,
387 3434 441 3475 c.
481 3418 595 3490 34.)
633 3417 736 3485 Qui
781 3416 1128 3472 fornicaverit
1169 3415 1307 3470 sicut
1353 3411 1665 3475 Sodomitas,

87 3512 295 3579 quidam
319 3511 708 3581 iudicaverunt
743 3509 926 3564 decem
970 3521 1159 3572 annos,
1189 3502 1407 3574 quidam
1439 3509 1666 3572 septem,

90 3605 174 3659 alii
198 3597 388 3661 unum.
427 3605 590 3661 Pueri
626 3614 842 3661 centum
875 3603 1010 3658 dies.
1041 3601 1143 3656 Alii
1181 3599 1584 3672 iudicaverunt,
1623 3594 1670 3648 si

93 3694 141 3747 in
169 3695 562 3752 consuetudine
600 3703 683 3750 est
703 3736 718 3761 ,
746 3694 914 3748 laicus
955 3706 1122 3746 annos
1147 3689 1416 3760 quinque,
1445 3685 1672 3742 clericus

91 3792 306 3852 septem,
358 3784 724 3840 subdiaconus
771 3790 827 3837 et
873 3781 1170 3837 monachus
1213 3787 1365 3844 octo,
1417 3776 1672 3832 diaconus

1762 2717 1972 2787 privata
1993 2715 2261 2772 locutione
2284 2713 2364 2769 vel
2388 2713 2609 2770 consilio
2637 2713 2888 2786 deinceps
2899 2713 3188 2784 juvenibus
3208 2728 3336 2770 con-

1759 2807 2082 2879 iungendus.

2051 2915 2125 2970 De
2152 2915 2332 2970 eadem
2365 2931 2434 2969 re.
2487 2912 2571 2968 Ex
2606 2915 2760 2970 dictis
2804 2915 3018 2970 lsidori.

1839 3025 2059 3084 CCLIX.
2090 3026 2420 3098 (Buncuann.
2452 3026 2547 3082 lib.
2591 3043 2700 3082 xvn
2723 3068 2738 3092 ,
2769 3043 2816 3082 c.
2847 3027 2958 3098 56.)
3016 3027 3070 3084 Si
3095 3029 3216 3099 quis
3269 3046 3335 3104 cx

1689 3129 1732 3190 (ζ
1759 3119 2044 3192 juvenibus
2064 3117 2150 3174 vel
2179 3116 2356 3188 aliqua
2396 3117 2690 3188 suspiciosa
2709 3133 2936 3188 persona
2966 3133 3090 3174 cum
3135 3135 3335 3191 parvu-

1771 3211 1836 3266 lis
1849 3209 2130 3282 jocaverit,
2167 3209 2416 3264 diuturna
2442 3209 2756 3278 paenitentia
2782 3217 3104 3265 macerctur.

2172 3320 2249 3376 De
2276 3320 2456 3375 eadem
2483 3337 2556 3376 re.
2584 3319 2734 3377 Unde
2755 3340 2933 3394 supra.

1838 3431 2040 3489 CCLX.
2072 3431 2406 3502 (Bonorum).
2439 3431 2531 3487 lib.
2566 3448 2670 3500 vn,
2701 3449 2750 3488 c.
2776 3434 2889 3505 57.)
2924 3433 2979 3489 Si
3037 3435 3340 3506 deprchen-

1770 3539 1863 3580 sus
1888 3524 2052 3579 fuerit
2080 3524 2276 3593 aliquis
2301 3522 2470 3578 frater
2498 3523 2684 3580 ludere
2709 3539 2833 3579 cum
2875 3525 3060 3594 pueris
3087 3535 3143 3580 et
3164 3526 3337 3581 habe-

1772 3631 1831 3672 re
1859 3615 2124 3672 amicitias
2139 3616 2323 3670 aetatis
2354 3614 2598 3682 infirmae,
2625 3611 2803 3672 tertio
2853 3626 3260 3672 commoneatur
3287 3627 3346 3672 ut

1771 3721 1978 3762 memor
2004 3707 2076 3762 sit
2099 3706 2398 3763 honestatis
2433 3715 2596 3777 atque
2619 3707 2826 3766 timoris
2851 3708 2965 3764 Dei.
2998 3709 3056 3766 Si
3079 3725 3186 3766 non
3227 3725 3342 3768 ces-

1768 3797 1971 3854 saverit
1993 3837 2008 3863 ,
2041 3797 2382 3853 severissime
2403 3797 2748 3868 corripiatur.

93 3871 289 3940 decem,
315 3875 610 3946 presbyter
639 3871 938 3938 duodecim,
968 3870 1251 3942 episc0pus
1279 3865 1533 3923 tredecim
1559 3878 1661 3936 poe-

95 3907 289 3974 υξ-ιυων
316 3907 602 3946 γευουιισι
639 3907 938 3938 υυυυυηνυιυ
968 3907 1251 3942 υν“⁷”νν“⁹
1279 3907 1533 3923 “"""“‘”
1559 3907 1648 3936 r‘”
1914 3908 1992 3964 De
2019 3910 2199 3964 eadem
2227 3926 2301 3964 re.
2341 3907 2428 3963 Ea:
2449 3909 2556 3980 lege
2588 3910 2950 3968 Theodosiana
2975 3952 2992 3979 ,
3019 3914 3112 3968 lib.
3146 3914 3199 3970 9.

95 3973 272 4020 niteat.
470 4018 473 4020 _
1110 4010 1114 4014 .
1846 3998 1954 4020 nm
1976 3999 2045 4020 ιη
2097 4000 2378 4020 ,._.-___-.
2432 3999 2444 4020 .
2495 3999 2525 4020 ι,
2601 4000 2665 4020 ιτ,
2686 4003 2709 4020 λ
2781 4001 2844 4020 nn
2876 4019 2907 4020 η
2943 4004 2955 4020 .
3074 4002 3111 4020 ιι

1845 3998 2067 4055 CCLXI.
2094 4000 2402 4069 (Interpret.
2429 3999 2467 4054 l.
2494 3999 2547 4054 6.
2599 4000 2733 4055 Cod.
2781 4001 3034 4057 Tlteodor.
3063 4002 3141 4058 De
3190 4003 3348 4057 adul—
3438 3981 3442 3985 ”

1779 4089 1946 4162 teris.)
1976 4089 2238 4147 Omnibus
2260 4089 2583 4162 ﬂagitiosum
2631 4101 2716 4147 est
2743 4093 2896 4148 virile
2924 4108 3120 4163 corpus
3153 4095 3345 4150 mulie-

1778 4180 1948 4236 briter
1967 4181 2317 4236 constitutum
2343 4179 2504 4236 alieni
2529 4179 2734 4253 [Editio
2753 4181 3122 4250 Hehnwstad.,
3151 4187 3350 4240 consti-

1783 4277 1936 4324 tuere
1977 4277 2033 4325 et
2077 4271 2143 4326 ad
2171 4270 2264 4344 aL]
2311 4285 2470 4327 sexus
2515 4272 2774 4328 damnare
2814 4274 3152 4343 patientiam.
3205 4275 3350 4332 Nihil

321 4053 404 4108 De
425 4053 612 4108 eadem
641 4069 714 4107 re.
748 4049 834 4105 Ex
857 4050 1077 4105 concilio
1115 4050 1416 4120 Ancyrano.

155 4165 349 4222 CCLV.
395 4166 631 4238 (Coucil.
659 4165 880 4236 Ancyr.,
907 4179 957 4220 c.
984 4163 1082 4230 15;
1115 4162 1250 4218 Rau.
1279 4163 1428 4231 epist.
1459 4162 1528 4215 ad
1572 4158 1678 4214 Ile-

99 4255 301 4324 ribald.,
340 4273 392 4314 c.
438 4257 550 4323 '52;
584 4255 884 4312 ﬂammas.
928 4254 1018 4309 lib.
1067 4269 1141 4319 tv,
1183 4268 1232 4308 c.
1277 4252 1340 4316 7;
1371 4251 1676 4306 Buncnano.

99 4343 186 4399 lib.
219 4362 353 4414 xvrt,
403 4363 457 4403 c.
485 4346 602 4418 '50.)
641 4346 718 4401 De
747 4344 831 4400 his
858 4345 950 4414 qui
999 4341 1440 4398 irrationabiliter
1480 4327 1679 4395 versati
1783 4361 1926 4415 enim
1953 4327 2532 4417 discretum'videmur
2551 4363 2752 4419 habere
2778 4327 2899 4420 ρξηη
2946 4363 3182 4422 feminis.
3240 4368 3350 4422 nu-

101 4442 216 4488 sunt
268 4436 383 4491 sive
431 4443 746 4500 versantur,
791 4442 1055 4504 quotquot
1100 4441 1227 4488 ante
1276 4430 1462 4504 viginti
1511 4444 1667 4484 anno:

1782 4451 2015 4522 jnsmodi
2043 4452 2220 4509 scelus
2241 4463 2517 4523 spectante
2542 4456 2736 4527 populo
2776 4456 3007 4515 flammis
3048 4460 3351 4517 vindicibus

102 4523 267 4580 aetatis
297 4525 407 4581 tale
454 4524 664 4580 crimen
707 4524 1116 4590 commiserunt,
1164 4522 1470 4592 quindecim
1517 4522 1667 4577 annis

1782 4544 2022 4615 expiabis
2051 4543 2222 4616 [edit.
2257 4522 2629 4616 Ilelmazstad.,
2656 4551 2951 4621 exptabunt
2969 4550 3013 4624 ].

105 4615 304 4672 exactis
324 4615 383 4672 in
424 4616 748 4688 paenitentia
773 4615 1204 4670 communionem
1235 4612 1398 4685 309
1433 4627 1678 4668 merean-

108 4712 188 4759 tur
219 4707 550 4764 orationum.
597 4706 724 4763 Post
750 4707 1204 4778 quinquennium,
1237 4708 1289 4762 id
1325 4716 1410 4762 est
1456 4712 1580 4776 post
1602 4705 1682 4760 vi-

106 4793 230 4863 ginti
251 4811 446 4864 annos,
481 4796 770 4852 oblationis
790 4805 1134 4853 sacramenta
1158 4798 1491 4869 contingant.
1515 4797 1683 4864 Quot-

107 4897 232 4954 quot
255 4897 438 4944 autem
460 4897 589 4958 post
609 4885 798 4960 viginti
841 4903 1010 4944 annos
1033 4889 1228 4956 aetatis,
1257 4903 1452 4944 uxores
1482 4889 1684 4944 haben-

107 4985 200 5044 tes,
226 4981 280 5036 in
307 4982 415 5037 hoc
459 4988 744 5051 peccatum
772 4980 1006 5052 prolapsi
1051 4988 1208 5048 sunt,
1236 4981 1422 5052 viginti
1450 4979 1688 5050 quinque

109 5085 270 5128 annos
305 5071 694 5144 paenitentiam
743 5080 1000 5142 agentes,
1046 5072 1113 5127 ad
1151 5072 1410 5129 orationis
1444 5087 1686 5128 commu-

110 5161 312 5220 nionem
363 5165 721 5236 recipiantur.
765 5164 832 5219 Et
874 5173 994 5234 post
1046 5165 1470 5236 quinquennium
1523 5163 1686 5222 iidem

109 5261 220 5321 post
248 5254 474 5327 triginta
503 5268 678 5308 annos
703 5255 1116 5310 communicent.

1780 4656 1858 4712 De
1910 4656 2237 4727 copulatione
2271 4659 2527 4728 ﬁdelium.
2564 4661 2650 4717 Ea:
2692 4661 2915 4718 concilio
2954 4663 3350 4722 Wormatiensi.

1850 4762 2093 4820 CCLXII.
2119 4763 2344 4834 (Concil.
2381 4767 2667 4836 Wormat.,
2691 4785 2739 4824 c.
2767 4770 2868 4837 32;
2900 4770 2995 4826 lib.
3054 4787 3088 4827 ν
3133 4772 3352 4844 Capitu-

1734 4857 1744 4863 '
1783 4851 1908 4919 lar.,
1937 4869 1987 4910 c.
2015 4853 2116 4922 80;
2147 4855 2456 4913 Buncuann.
2488 4859 2581 4913 lib.
2613 4875 2710 4926 vn,
2739 4875 2786 4916 c.
2813 4861 2891 4934 2.)
2928 4861 2987 4914 ln
3015 4863 3358 4933 copulatione

1788 4943 2025 5000 fidelium
2071 4947 2480 5018 generationum
2532 4966 2814 5006 numerum
2861 4967 2968 5006 non
3037 4952 3360 5016 definimus;

1788 5037 1881 5092 sed
1903 5038 1958 5093 id
1984 5038 2270 5094 statuimus
2295 5079 2310 5104 ,
2339 5040 2499 5112 311
2541 5049 2602 5095 ut
2621 5043 2751 5097 nulli
2777 5045 2939 5098 liceat
2958 5040 3269 5096 Christiano
3296 5042 3366 5098 de

1787 5131 2006 5200 propria
2029 5131 2502 5200 consanguinitate
2528 5147 2624 5189 seu
2653 5137 2975 5207 cognatione
3021 5147 3243 5188 uxorem
3277 5147 3372 5187 ac-

1789 5220 1969 5292 cipere
1995 5235 2167 5292 usque
2195 5222 2322 5275 dum
2367 5225 2643 5296 generatio
2687 5229 3000 5283 recordatur
3023 5263 3039 5291 ,
3095 5227 3375 5297 cognosci-

1792 5319 1879 5365 tur
1904 5353 1918 5379 ,
1950 5320 2043 5368 aut
2063 5311 2331 5382 memoria
2358 5317 2622 5370 retinetur

1859 5399 1986 5458 Haec
2013 5403 2080 5458 de
2123 5399 2450 5460 multimoda
2478 5403 2833 5462 fornicatione
2866 5419 2933 5469 ex
2956 5401 3184 5460 diversis
3207 5418 3378 5472 opus-

1785 5492 1920 5550 culis
1947 5491 2408 5560 perstrinximus,
2441 5495 2782 5553 sacerdotum
2827 5494 3034 5560 judicio
3071 5496 3384 5560 relinquen-

393 5369 473 5423 De
495 5367 682 5424 eadem
701 5385 785 5424 re.
803 5368 888 5424 Ex
923 5370 1101 5425 eodem
1130 5369 1374 5425 concilio.

175 5475 389 5533 CCLV].
425 5476 658 5550 (Concil.
691 5476 907 5550 Ancyra,
934 5495 984 5536 ρ.
1013 5481 1106 5548 16;
1139 5481 1233 5536 lib.
1257 5496 1334 5536 vu
1360 5478 1681 5551 Capilular.,
