3944 6422
138 458 244 518 33?

1001 457 1088 514 DE
1127 451 1405 515 ECCLES.
1446 450 1724 510 DISClPL.
1767 446 1944 505 LIBRI
1987 448 2144 506 DUO.
2183 479 2251 487 —
2288 447 2414 502 LIB.
2457 446 2516 501 II.

3286 442 3414 498 358-

134 573 430 627 clesiarum
449 569 648 640 aliquid
670 569 1375 641 abstulerint,graviusinde
1391 567 1720 637 judicentur,
1752 568 1800 626 Α
1826 562 2063 617 omnium
2103 561 2250 629 regni
2294 561 2528 622 ﬁdelium
2562 557 2936 624 unanimitate,
2981 555 3120 613 sicut
3165 555 3259 610 Dei
3290 557 3392 611 ini-

135 666 267 732 quia
300 679 577 718 sacrarum
605 679 783 718 rerum
813 663 1010 718 ablatio
1036 663 1381 733 sacrilegium
1409 669 1513 725 est,
1539 666 1594 713 et
1623 673 1711 712 sa-

133 756 374 826 crilegus
400 764 624 809 vocatur
651 757 738 825 qui
763 755 956 810 exinde
989 756 1190 827 aliquid
1218 754 1416 810 tulerit.
1459 753 1717 807 Extorres

93 836 97 840 ’
134 861 376 914 namque
404 861 433 900 a
458 845 731 902 liminibus
767 856 968 902 sanctae
1010 847 1104 902 Dei
1143 845 1391 902 Ecclesiae
1421 843 1556 900 tales
1592 857 1719 912 per-

131 951 478 1006 somnusque
510 939 578 992 ad
621 937 1045 994 satisfactionem
1085 937 1325 993 ecclesia:
1371 949 1532 1006 quam
1560 934 1714 988 ltrse-

130 1035 286 1093 ruat,
313 1038 437 1082 sunt
453 1028 709 1084 habenda:
728 1039 890 1100 atque
915 1030 1144 1085 ﬁrmiter
1159 1028 1472 1085 denotauda:
1489 1026 1656 1097 (5M).

477 1117 555 1171 De
581 1118 761 1172 eadem
787 1134 861 1172 re.
891 1117 976 1172 Ea:
1011 1116 1382 1174 Pwnitentiali.

202 1205 511 1262 CCCXXV.
546 1208 876 1279 (Buncuann.
908 1209 1004 1263 lib.
1036 1225 1074 1274 ι,
1101 1224 1152 1264 c.
1181 1208 1295 1278 65.)
1342 1207 1397 1262 Si
1429 1206 1622 1276 aliquis
1649 1205 1717 1262 de

129 1296 440 1352 ministerio
479 1298 730 1353 Ecclesiae
775 1297 1017 1368 quolibet
1053 1298 1214 1354 modo
1257 1295 1460 1367 aliquid
1507 1295 1716 1350 furatus

127 1387 318 1456 fuerit,
349 1398 553 1460 septem
583 1403 752 1445 annos
778 1389 1053 1459 paeniteat.

341 1478 421 1534 De
441 1479 622 1534 eadem
643 1496 720 1534 re.
752 1478 834 1534 Ea:
854 1478 1075 1534 concilio
1112 1477 1512 1533 Wormatiensi.

197 1570 434 1628 CCLXX
443 1571 522 1625 VI.
533 1569 1177 1645 (Concil.Wormat.c.l5;
1193 1570 1498 1626 Rauenna.
1509 1609 1522 1636 ,
1537 1567 1713 1634 lib.xr,

125 1677 176 1716 c.
202 1661 320 1732 66.)
347 1661 500 1730 Stcpe
529 1661 792 1732 contingit
819 1670 878 1716 ut
903 1661 957 1716 in
987 1661 1330 1718 monasteriis
1352 1659 1493 1714 furta
1520 1673 1715 1730 perpe-

129 1759 363 1804 trentnr.
381 1750 583 1806 Idcirco
599 1751 884 1806 statuimus
902 1759 962 1806 ut
981 1752 1193 1822 quando
1213 1751 1312 1821 ipsi
1343 1749 1538 1804 fratres
1558 1749 1624 1804 de
1641 1759 1718 1803 ta-

125 1840 270 1894 libus
283 1857 344 1896 se
357 1857 424 1911 pu
433 1857 585 1913 rgare
600 1841 812 1908 debent,
831 1843 994 1898 missa
1011 1842 1079 1898 ab
1099 1842 1294 1898 abbate
1304 1839 1716 1905 celebretur,vel

1819 653 2012 717 inicus,
2036 660 2090 706 et
2119 651 2267 721 regni
2289 652 2620 717 devastator,
2653 658 3008 721 persequetur
3037 664 3208 720 usque
3232 664 3264 704 a
3301 663 3390 705 re-

1819 759 1925 815 gno
1951 744 2361 800 exterminetur.

2421 833 2466 908 υ
2470 834 2568 890 nde
2597 851 2776 907 supra.

1887 925 2185 981 CCLXXX.
2230 924 2417 999 (Ibid.,
2463 942 2512 980 c.
2563 926 2672 996 l0.)
2719 923 2956 979 Audiant
2992 937 3213 994 rapaces
3260 921 3389 990 quid

1817 1017 2076 1072 Dominus
2135 1031 2230 1085 per
2278 1016 2476 1077 Isaiam
2537 1016 2719 1072 dicit:
2765 1014 2974 1085 Rapina
3043 1014 3287 1084 pauperis
3337 1014 3391 1066 in

1816 1106 1971 1161 domo
2019 1116 2204 1162 vestra.
2263 1107 2328 1162 Et
2370 1122 2467 1178 per
2498 1106 2814 1177 Apostolnm
2853 1122 2870 1162 :
2917 1103 3100 1175 Neque
3137 1119 3389 1174 rapaces,

1817 1215 1980 1264 neque
2049 1199 2364 1265 homicidw,
2435 1215 2596 1270 neque
2671 1197 2937 1263 adulteri,
3019 1211 3233 1267 regnum
3292 1192 3392 1248 Dei

1815 1291 2168 1362 possidebunt.
2198 1290 2348 1348 Unde
2371 1291 2650 1346 intendant
2671 1289 2831 1361 quale
2853 1295 3228 1361 quantumque,
3255 1301 3385 1356 pec-

1824 1393 1994 1439 catum
2032 1393 2117 1439 est
2149 1385 2360 1454 rapina,
2400 1399 2562 1453 quam
2605 1399 2725 1439 Clllll
2779 1381 3044 1438 adulterio
3081 1390 3136 1434 et
3165 1379 3389 1434 homici-

1821 1477 1908 1532 dio
1932 1487 2150 1532 sanctus
2191 1478 2524 1548 comparavit
2547 1475 2855 1546 Apostolus.
2895 1475 3025 1529 Item
3061 1472 3177 1543 ipse
3213 1470 3344 1526 dicit
3374 1485 3389 1522 :

1818 1568 1876 1622 Si
1897 1569 2342 1640 quisfornicator,
2371 1579 2460 1622 aut
2490 1569 2718 1634 adulter,
2752 1577 2844 1621 aut
2879 1579 3069 1636 rapax,
3097 1570 3188 1617 aut
3218 1560 3387 1615 homi-

1818 1663 1936 1716 cida
1959 1671 2052 1725 est,
2078 1678 2196 1715 cum
2221 1662 2525 1732 Itujusmodi
2549 1679 2641 1716 nec
2665 1661 2833 1716 cibum
2859 1673 3063 1713 sumere
3085 1653 3387 1711 Christiano

1818 1751 1934 1805 licet
1966 1761 2086 1806 ante
2119 1752 2556 1822 satisfactionem.
2585 1751 2651 1805 Et
2679 1751 2868 1806 beatus
2901 1746 3137 1805 Joannes
3169 1753 3388 1815 aposto-

1820 1840 1904 1897 lus
1933 1841 2090 1896 talem
2115 1842 2383 1898 hominem
2405 1843 2571 1914 318
2591 1842 2824 1898 salutare
2847 1849 2993 1896 vetat
3021 1840 3206 1894 dicens
3233 1856 3245 1891 :
3279 1836 3390 1891 Nec

128 1933 195 1985 ab
211 1932 394 2002 aliquo
416 1933 770 2004 praesentibus
789 1934 1065 1991 fratribus.
1089 1935 1154 1990 Et
1177 1935 1498 2004 sic,expleta
1523 1935 1707 1997 missa,
1741 1913 1785 1972 Β
1811 1951 1903 1988 ave
1930 1935 1978 1988 ei
2001 1935 2222 1999 dixeris,
2252 1951 2414 2005 neque
2442 1936 2495 1988 in
2531 1935 2743 1988 domum
2790 1931 3061 2002 receperis.
3099 1930 3218 1996 Qui.
3249 1929 3388 1983 enim

125 2036 318 2076 omnes
359 2024 756 2080 communicent
789 2025 842 2078 in
891 2025 1006 2080 haec
1049 2025 1212 2080 verba
1251 2039 1266 2079 :
1306 2026 1470 2097 316
1506 2024 1707 2094 Corpus

128 2112 344 2167 Domini
372 2115 438 2168 sit
477 2115 570 2168 tibi
598 2115 666 2168 ad
690 2116 1047 2184 probationem
1070 2116 1222 2170 hodie
1247 2117 1417 2188 (515).

473 2205 550 2258 De
574 2223 734 2259 causa
759 2205 1041 2258 criminati.
1069 2204 1154 2259 Ex.
1173 2207 1371 2259 eodem.

192 2296 540 2351 CCLXXV'II.
586 2297 808 2368 (Concil.
849 2297 1136 2363 Wormat.,
1167 2313 1216 2353 c.
1260 2299 1356 2364 l0;
1394 2297 1704 2354 BuncuAnn.

123 2385 218 2440 lib.
253 2403 314 2451 ιι,
371 2403 422 2443 c.
457 2388 603 2458 I99.)
651 2386 709 2443 Si
756 2388 1011 2459 episcopo
1059 2398 1150 2442 aut
1192 2390 1514 2462 presbytero
1544 2405 1708 2446 causa

121 2477 444 2541 criminalis,
478 2479 850 2545 homicidium,
892 2480 1235 2546 adulterium,
1283 2490 1338 2536 et
1381 2481 1709 2538 maleﬁcium

123 2576 434 2637 reputatum
473 2568 654 2633 fuerit,
687 2570 741 2624 in
770 2569 995 2642 singulis
1021 2572 1240 2626 missam
1269 2579 1501 2627 tractare
1526 2572 1707 2639 debet,

119 2666 178 2711 et
200 2665 475 2712 secretam
513 2658 724 2728 publice
751 2659 951 2726 dicere,
985 2669 1041 2716 et
1083 2662 1504 2726 communicare,
1553 2671 1609 2718 et
1643 2663 1711 2718 de

120 2749 352 2820 singulis
375 2751 479 2806 sibi
501 2753 758 2822 reputatis
779 2753 1118 2810 innocentem
1144 2768 1206 2810 se
1225 2755 1528 2810 ostendere.
1557 2755 1709 2824 Quod

120 2841 168 2894 si
224 2856 336 2895 non
381 2841 592 2908 fecerit,
634 2845 1004 2914 quinquennio
1049 2860 1083 2900 a
1127 2844 1404 2902 liminibus
1460 2844 1709 2903 ecclesia:

120 2941 423 2988 extraneus
459 2934 744 2989 habeatur.

353 3024 428 3078 De
453 3027 634 3094 rapina
671 3036 716 3080 et
746 3026 1006 3082 violentia.
1043 3027 1127 3082 Ea:
1162 3027 1480 3099 Capitulari.

191 3115 556 3172 CCLXXVIII.
576 3118 842 3190 (Capitula
863 3119 1062 3175 CAROLI
1077 3118 1266 3187 Cum,
1289 3121 1372 3176 tit.
1398 3120 1488 3186 20,
1511 3135 1560 3176 c.
1577 3121 1629 3184 5,
1651 3122 1705 3187 4,

117 3219 176 3262 et
216 3209 302 3263 tit.
337 3209 430 3274 29,
473 3226 521 3265 c.
559 3210 638 3282 Δ.)
682 3211 930 3282 EpiseOpi
969 3213 1289 3284 evangelicae
1315 3222 1371 3270 et
1399 3215 1708 3283 apostolicae

118 3316 336 3355 necnon
363 3302 689 3372 propheticae
717 3304 1056 3360 auctoritatis
1089 3305 1382 3360 sententias
1413 3305 1478 3360 de
1519 3307 1705 3376 rapina

117 3400 175 3443 ct
205 3390 256 3444 vi
287 3399 342 3444 et
367 3391 578 3446 decreta
631 3392 890 3448 canonica
919 3402 976 3448 et
1010 3395 1305 3464 apostolica
1346 3395 1584 3451 breviter
1617 3396 1712 3451 de-

113 3482 256 3535 bent
281 3481 781 3550 habereaduotata,
808 3493 863 3540 et
904 3486 1296 3543 hac'omnibus
1337 3488 1548 3558 publice
1573 3487 1712 3543 rele-

114 3579 272 3639 gant.
324 3571 466 3627 Missi
505 3589 682 3643 quoqu
753 3574 1038 3644 legationis
1081 3575 1282 3646 legales
1333 3577 1628 3632 sententias
1656 3585 1713 3642 et

116 3659 584 3726 praedecessorum
626 3671 954 3718 nostrorum
980 3672 1036 3718 et
1086 3673 1270 3720 nostra
1299 3667 1366 3720 de
1410 3666 1514 3720 hac
1543 3681 1706 3720 causa

117 3749 364 3817 capitula
415 3753 662 3806 omnibus
708 3763 835 3808 nota
884 3755 1106 3810 faciant.
1136 3756 1204 3809 Et
1243 3757 1481 3827 episcopi
1533 3757 1625 3812 Dei
1657 3767 1712 3813 et

114 3839 418 3908 episcopali
457 3843 776 3914 auctoritate
795 3844 1220 3912 deprtedationes
1243 3856 1299 3901 et
1346 3847 1562 3917 rapinas
1588 3863 1707 3903 om-

115 3929 289 3985 nibus
319 3929 664 3985 interdicant.’
702 3932 771 3986 Et.
806 3933 958 3987 missi
1000 3942 1054 3988 et
1081 3936 1308 3998 comites
1352 3937 1512 4014 317
1539 3939 1708 4008 nostri

115 4019 340 4075 αιηεῑίε
375 4034 436 4073 θλ
477 4030 661 4074 Ιιοειτο
689 4021 870 4085 banna
898 4039 1180 4101 prombere
1208 4033 1436 4087 ﬁrmiter
1457 4033 1710 4087 studeant

116 4119 185 4165 ιιι
229 4121 566 4180 cognoscant
608 4137 797 4178 omnes
842 4121 982 4192 quod
1023 4123 1069 4178 si
1119 4123 1226 4178 tale
1279 4123 1480 4192 aliquid
1530 4123 1708 4178 facere

117 4212 554 4280 PraE'Slml-pserit,
595 4213 888 4268 secundum
919 4214 1128 4270 divinas
1161 4215 1452 4270 sententias
1496 4216 1706 4284 cpisco-

116 4308 307 4362 patem
358 4303 593 4372 excipiet
626 4304 984 4371 sententiam;
1037 4311 1092 4358 et
1127 4303 1421 4358 secundum
1463 4302 1607 4374 leges
1655 4313 1709 4361 et

119 4393 367 4463 capitula
398 4393 541 4464 regia
566 4395 854 4450 emendare
883 4403 1130 4466 cogatur,
1157 4403 1212 4450 et
1240 4396 1535 4451 secundum
1559 4394 1707 4464 judi-

119 4484 274 4538 cium
305 4480 541 4538 ﬁdelium
585 4493 891 4540 nostrorum
935 4484 1255 4556 condignam
1297 4483 1592 4542 vindictam
1617 4501 1712 4542 ex-

121 4580 313 4650 cipict.

556 4671 634 4726 De
662 4673 842 4727 eadem
867 4689 941 4727 re.
976 4674 1058 4728 Ex
1076 4675 1276 4729 eodem.

194 4761 527 4818 CCLXXIX.
556 4763 741 4831 (Ibid.,
771 4779 821 4819 c.
850 4765 928 4834 7.)
951 4765 1100 4831 Quod
1130 4765 1198 4829 si,
1220 4766 1361 4835 quod
1387 4766 1548 4831 absit,
1581 4767 1701 4823 talis

121 4855 420 4909 emerserit
439 4856 527 4924 qui
559 4856 650 4910 Dei
681 4857 928 4910 timorem
954 4865 1260 4926 postponat,
1287 4864 1342 4912 et
1364 4857 1701 4915 ecclesiasti-

123 4960 252 5001 cam
273 4943 647 4999 auctoritatem
683 4954 1014 5011 contemnat,
1046 4954 1100 5001 et
1143 4948 1342 5017 regiam
1377 4957 1700 5017 potestatem

123 5039 387 5110 refugiat,
408 5039 562 5103 sciat,
599 5038 902 5106 quicunque
941 5038 1029 5093 ille
1070 5037 1249 5104 fuerit,
1281 5039 1404 5108 quia
1429 5047 1484 5094 et
1507 5055 1701 5096 secun-

122 5133 261 5187 dum
283 5131 601 5186 canonicam
617 5131 989 5186 auctoritatem
1011 5131 1080 5186 ab
1099 5130 1338 5185 omnium
1362 5129 1701 5186 Christiano-

124 5238 253 5276 rum
283 5229 429 5276 caetu
455 5229 510 5276 et
535 5237 564 5275 a
593 5229 795 5276 sanctae
825 5219 1075 5275 Ecclesiae
1098 5222 1369 5276 consortio
1401 5221 1454 5276 in
1486 5221 1623 5275 coelo
1648 5229 1702 5275 et

125 5312 183 5366 in
229 5318 380 5365 terra
418 5309 622 5366 alienus
645 5307 922 5375 efﬁcietur,
949 5317 1004 5364 et
1028 5309 1192 5380 regali
1224 5318 1519 5380 postestate
1545 5319 1704 5380 atque

203 5440 356 5511 (3H)
401 5441 535 5497 Pars
577 5441 762 5496 ultima
814 5440 966 5495 istius
1011 5441 1199 5511 capitis
1248 5443 1456 5498 diversa
1509 5453 1591 5498 est
1639 5445 1705 5498 ab

124 5512 372 5566 editione
409 5527 526 5581 qua:
552 5521 727 5567 exstat
757 5512 808 5565 in
839 5511 988 5566 libris
1013 5511 1416 5581 Capitularium.
1444 5512 1550 5568 Sed
1584 5529 1709 5570 con-

123 5582 283 5652 venit
301 5595 510 5652 carnea
534 5597 692 5652 quam
720 5581 974 5636 exhibent
996 5581 1237 5652 Capitula
1264 5582 1442 5637 Caroli
1468 5583 1636 5637 Calvi.

204 5649 902 5723 (3315).}Iultu—m“diversus
949 5663 1034 5706 est
1077 5649 1165 5723 hic
1203 5650 1375 5723 canon
1413 5667 1442 5706 a
1482 5653 1712 5723 vulgatis

125 5720 459 5774 cditionibus
493 5721 704 5776 concilii
740 5720 1165 5776 Wormatiensis.
1218 5721 1380 5776 Istam
1414 5720 1597 5777 tamen
1631 5722 1713 5779 le-

127 5792 371 5848 ctionem
393 5801 608 5844 secutus
635 5801 719 5845 est
738 5791 1094 5855 Bnrcbardus,
1120 5798 1174 5846 et
1196 5807 1258 5846 ex
1289 5807 1354 5845 eo
1398 5792 1707 5849 Gratianus.

128 5859 325 5929 Itaque
351 5869 620 5930 postrema
644 5876 767 5933 pars
787 5861 858 5916 ita
884 5863 1041 5918 habet
1060 5862 1114 5916 in
1137 5863 1432 5919 canonibus
1453 5864 1665 5920 concilii
1692 5885 1706 5921 z

1681 4601 1684 4606 ’
1733 4626 1783 4684 D

1813 2039 1905 2077 ave
1930 2025 1978 2078 ei
2018 2024 2166 2088 dicit,
2195 2025 2544 2078 communicat
2577 2023 2817 2094 operibus
2852 2023 2965 2093 ejus
2992 2020 3257 2092 malignis.
3282 2020 3387 2074 Au-

1812 2113 1959 2167 diant
1987 2114 2115 2184 quid
2140 2116 2192 2168 in
2218 2114 2474 2169 Toletano
2494 2113 2719 2170 concilio
2739 2114 2998 2184 scriptum
3029 2121 3131 2168 est.
3157 2110 3392 2180 Require

1813 2218 1932 2272 cap.
1961 2202 2052 2257 36.

1881 2293 2207 2348 CCLXXXI.
2255 2294 2310 2348 Si
2357 2295 2500 2364 quis,
2557 2295 2822 2365 inquiunt,
2869 2295 2937 2350 de
2992 2292 3388 2364 potentioribus

1811 2385 2065 2440 clericum
2093 2394 2182 2440 aut
2205 2401 2494 2456 pauperem
2533 2387 2934 2457 exspoliaverit.
2978 2385 3213 2454 Require
3241 2391 3386 2438 retro

1813 2475 1901 2530 ubi
1931 2477 1997 2530 de
2017 2475 2320 2532 homicidiis
2353 2479 2680 2532 continetur.

1881 2567 2115 2622 Audiant
2158 2578 2404 2638 raptores
2431 2578 2486 2624 et
2520 2570 2802 2640 praedones
2835 2584 3016 2623 rerum
3057 2566 3388 2624 ecclesiasti-

1811 2676 1995 2716 carum
2028 2663 2154 2731 quid
2183 2675 2402 2720 sanctus
2428 2663 2719 2721 Anacletus
2742 2679 2772 2720 a
2799 2665 2957 2722 Petro
2981 2662 3220 2735 apostolo
3240 2663 3384 2718 ordi-

1811 2763 1968 2809 natus
1990 2754 2154 2809 dicat.

2240 2845 2313 2899 De
2341 2847 2518 2900 eadem
2551 2863 2623 2901 re.
2650 2847 2931 2902 Anacletus

1845 2937 2190 2994 CCLXXXII.
2207 2939 2472 3009 (Capitula
2495 2939 2698 2995 Canem
2716 2940 2903 3005 CALH,
2927 2940 3056 3006 ibid;
3073 2940 3398 3011 Βυιιςιωιυ.

1810 3026 1903 3082 lib.
1934 3045 2069 3095 xvn,
2095 3044 2148 3084 c.
2193 3028 2304 3099 18.)
2333 3030 2433 3096 Qui
2472 3030 2711 3094 abstulit,
2751 3031 2942 3100 inquit,
2971 3030 3170 3100 aliquid
3221 3031 3385 3100 patri,

1812 3121 2093 3177 homicida:
2113 3124 2506 3194 particepsest.
2531 3125 2693 3180 Pater
2715 3137 2898 3182 noster
2921 3127 3037 3182 sine
3059 3126 3220 3181 dubio
3247 3127 3393 3182 Deus

1810 3221 1913 3277 est,
1945 3213 2034 3283 qui
2062 3230 2157 3268 nos
2186 3215 2409 3270 creavit.
2437 3215 2606 3270 Mater
2627 3232 2752 3272 vero
2783 3225 2963 3271 nostra
2987 3217 3244 3281 Ecclesia,
3267 3214 3415 3286 qua!

1814 3317 1913 3357 nos
1943 3303 1995 3356 in
2027 3303 2291 3372 baptismo
2324 3305 2641 3373 spiritaliter
2665 3307 2868 3375 genuit.
2899 3306 3040 3376 Ergo
3070 3307 3163 3376 qui
3185 3306 3386 3362 Christi

1813 3387 2068 3462 pecunias
2099 3404 2154 3450 et
2209 3396 2463 3450 Ecclesiae
2505 3395 2709 3463 aufert,
2753 3398 2915 3468 rapit,
2958 3407 3051 3452 aut
3083 3398 3386 3462 fraudator,

1813 3485 2079 3542 homicida
2109 3497 2213 3554 est,
2239 3498 2400 3558 atque
2436 3499 2560 3546 ante
2583 3491 2750 3547 Deum
2778 3493 3048 3548 homicida
3078 3493 3384 3562 deputatur.

1811 3578 1913 3645 Qui
1950 3579 2094 3634 enim
2138 3595 2224 3636 res
2251 3581 2504 3638 Ecclesiae
2531 3583 2835 3652 abstulerit,
2863 3584 3207 3657 sacrilegium
3227 3583 3386 3650 facit,

1811 3681 1866 3726 et
1884 3679 1942 3726 ut
1963 3671 2254 3742 sacrilegus
2277 3672 2600 3743 judicandus
2627 3687 2730 3732 est.

2083 3789 2216 3844 Item
2249 3790 2492 3846 Urbanus
2520 3809 2657 3864 papa
2677 3801 2726 3848 et
2749 3801 2950 3864 martyr
2974 3793 3118 3849 dicit.

1875 3904 2242 3960 CCLXXXIII.
2273 3905 2540 3978 (Capitula
2563 3908 2765 3964 Canem
2789 3907 2974 3975 Caua,
3002 3909 3157 3980 ibid.)
3189 3911 3293 3966 Res
3323 3920 3378 3966 et

1811 3998 2096 4057 facultates
2129 4000 2520 4057 ecclesiastica:
2555 4002 2857 4058 oblationes
2882 4002 3379 4072 appellantnr,quia

1812 4092 2037 4147 Domino
2061 4090 2382 4158 offeruntur,
2435 4101 2492 4147 et
2532 4101 2658 4147 vota
2705 4101 2830 4147 sunt
2855 4091 3087 4146 ﬁdelium
3120 4107 3184 4147 ac
3207 4093 3376 4162 pretia

1809 4187 2152 4251 peccatorum
2175 4187 2336 4249 atque
2357 4180 2678 4249 patrimonia
2702 4194 3018 4250 pauperum.
3049 4178 3106 4233 Si
3145 4180 3264 4247 quis
3292 4179 3377 4232 illa

1811 4270 2069 4340 rapuerit,
2101 4285 2226 4325 reus
2260 4279 2344 4324 est
2367 4270 2728 4326 damnationis
2753 4270 2975 4324 Anania:
3014 4277 3069 4324 et
3115 4270 3379 4340 Saphirae:

1810 4370 1863 4415 et
1884 4369 2098 4430 oportet
2121 4359 2426 4429 huiusmodi
2453 4360 2663 4416 tradere
2693 4359 2927 4426 Satanze,
2954 4368 3011 4414 ut
3036 4359 3254 4430 spiritus
3278 4359 3389 4416 sal-

1810 4466 1908 4505 vus
1928 4451 1998 4505 sit
2024 4451 2077 4506 in
2101 4451 2188 4506 die
2213 4451 2448 4506 Domini.

2224 4563 2390 4634 319
2426 4562 2560 4618 Item
2583 4563 2776 4619 Lucius
2802 4581 2959 4635 papa.

1854 4676 2222 4735 CCLXXXIV.
2250 4678 2514 4749 (Capitula
2526 4679 2659 4734 (ΖΑΒ.
2687 4678 2875 4745 Cum,
2895 4678 3048 4744 ibid.;
3071 4678 3380 4736 Buncuaan.

1806 4769 1900 4824 lib.
1932 4784 2008 4834 xi,
2033 4785 2082 4824 c.
2109 4767 2218 4840 I9.)
2245 4768 2445 4823 Rerum
2474 4768 2964 4824 ecclesiasticarum
2987 4777 3041 4824 et
3065 4767 3382 4825 facultatum

1808 4869 2056 4929 raptores
2099 4875 2131 4914 a
2173 4860 2450 4915 liminibus
2477 4868 2674 4914 saneta:
2708 4859 2964 4915 Ecclesia:
3011 4862 3377 4915 anathemati-

1811 4960 1998 5008 zantes
2025 4950 2315 5022 apostolica
2347 4951 2668 5006 auctoritate
2691 4949 2941 5021 pellimus
2975 4960 3031 5005 et
3058 4951 3377 5005 damnamus

1810 5049 1972 5110 atque
2006 5039 2296 5110 sacrilegos
2318 5054 2437 5095 esse
2464 5038 2792 5109 iudicamus,
2818 5047 2874 5094 et
2919 5055 3024 5094 non
3069 5039 3240 5094 solum
3265 5053 3373 5102 eos,

1807 5132 1903 5186 sed
1929 5130 2093 5187 etiam
2118 5146 2306 5187 omnes
2326 5132 2724 5187 consentientes
2752 5132 2833 5186 eis
2863 5148 2877 5184 :
2912 5131 3037 5200 quia
3073 5145 3178 5184 non
3208 5128 3381 5182 solum

1809 5225 1900 5294 qui
1949 5222 2175 5290 faciunt,
2222 5223 2317 5279 sed
2357 5223 2523 5279 etiam
2566 5223 2658 5294 qui
2708 5222 3072 5286 consentiunt,
3122 5219 3200 5274 rei
3237 5218 3385 5287 judi-

1811 5322 2020 5370 cantur.

1812 5448 1880 5502 Et
1917 5449 1990 5503 sic
2012 5450 2065 5503 in
2098 5449 2282 5503 ultima
2308 5448 2478 5503 missa:
2515 5447 2872 5510 celebratione,
2898 5461 2991 5514 pro
3017 5444 3388 5514 egrpurgntionc

1811 5536 1907 5572 sua
1935 5537 2119 5589 corpus
2159 5530 2204 5573 et
2240 5519 2546 5589 sanguinem
2585 5517 2791 5589 Domini
2823 5512 2984 5568 noitri
3027 5512 3152 5569 Iesu
3186 5512 3388 5568 Christi

1811 5587 2120 5658 percipiant,
2147 5587 2404 5658 quatenus
2429 5589 2502 5658 ita
2529 5587 2649 5658 inde
2684 5589 2973 5658 innocentes
3000 5601 3053 5658 se
3075 5600 3183 5658 αρε
3210 5595 3385 5658 esten:

1811 5651 1961 5712 dant:
2006 5651 2404 5713 Vide'Missam
2453 5657 2643 5712 Judicii
2696 5657 2748 5709 in
2801 5654 3073 5710 Glossario
3112 5651 3384 5708 Franci"!

1812 5727 2031 5796 Pithtei,
2082 5730 2135 5784 in
2171 5729 2334 5782 verbo
2373 5727 2534 5796 Aquw
2581 5726 2820 5795 ferventis
2863 5736 2950 5781 aut
3001 5725 3203 5794 frigiur
3242 5722 3379 5792 _"::t.v

1811 5816 1966 5853 crum.
