3884 5536
591 411 698 470 539

1197 525 1273 581 De
1292 527 1470 581 eadem
1500 543 1571 582 re.

666 618 1017 675 CCLXXXV.
1037 618 1302 692 (Capitula
1315 622 1445 679 CAR.
1470 623 1658 689 Csm,
1685 623 1810 678 ibid.
1821 641 1839 690 ;
1866 624 2174 680 Buncmnn.

600 711 820 796 libari,
863 725 912 765 c.
952 711 1067 783 91.)
1099 713 1429 784 Augustinus
1468 716 1599 771 dicit
1641 730 1656 770 :
1703 715 1805 783 Qui
1858 717 2061 788 aliquid
2109 717 2176 773 de

601 802 830 856 ecclesia
871 803 1084 858 furatur
1135 813 1190 860 et
1233 807 1419 876 rapit,
1461 805 1612 864 Iuda:
1650 808 1918 878 proditori
1959 823 2175 880 compa-

593 901 764 948 ratur.

1025 985 1092 1042 In
1122 989 1409 1043 canonibus
1441 989 1691 1061 scriptum
1723 1004 1740 1045 ε

664 1076 1038 1134 CCLXXXVI.
1056 1079 1238 1149 (Cone.
1258 1078 1480 1152 Gangr.,
1504 1097 1552 1136 c.
1571 1082 1622 1148 7;
1646 1083 1954 1138 ΒιιιιειιΑιιι).
1980 1083 2073 1140 lib.
2093 1099 2170 1151 ιιι,

603 1177 652 1220 e.
680 1166 797 1238 2|.)
827 1166 884 1223 Si
914 1168 1037 1237 quis
1067 1169 1369 1225 oblationes
1400 1170 1643 1226 ecclesias
1683 1181 1838 1228 extra
1883 1174 2170 1229 ecclesiam

602 1273 798 1327 rapere
839 1259 923 1314 vel
953 1260 1082 1314 dare
1126 1260 1354 1314 voluerit
1388 1271 1586 1330 pratter
1642 1262 2030 1318 conscientiam
2060 1263 2174 1334 epi-

593 1350 744 1419 scopi
781 1350 864 1404 vel
911 1349 1028 1418 ejus
1053 1351 1141 1406 cui
1183 1351 1484 1422 huiusmodi
1505 1351 1676 1409 ofﬁcia
1704 1354 1991 1410 commissa
2022 1363 2170 1422 sunt,

591 1443 883 1499 anathema
912 1444 1002 1499 sit.

733 1534 811 1589 De
839 1536 1018 1590 eadem
1050 1551 1122 1590 re.
1155 1534 1240 1591 Ea:
1257 1536 1478 1591 concilio
1509 1537 1785 1604 Meldensi,
1812 1555 1927 1609 cap.
1954 1539 2042 1595 61.

663 1625 1058 1682 CCLXXXVII.
1087 1626 1339 1695 (Concil.,
1360 1627 1524 1682 Meld.
1550 1643 1598 1683 c.
1625 1628 1713 1695 6I;
1740 1628 2050 1684 Buncmab.
2076 1627 2168 1683 lib.

587 1737 666 1787 ιιι,
711 1737 760 1776 c.
791 1721 909 1792 6|.)
951 1721 1022 1778 Ut
1069 1738 1389 1793 pervaseres
1437 1740 1619 1780 rerum
1661 1725 2171 1794 ecclesiasticarum,

592 1812 684 1880 qui
714 1813 929 1867 easdem
954 1827 1045 1866 res
1081 1822 1271 1868 contra
1317 1815 1693 1869 auctoritatem
1723 1829 1830 1870 non
1855 1815 2028 1870 solum
2079 1830 2170 1872 re-

593 1902 791 1970 tinere,
841 1917 1028 1956 verum
1061 1903 1222 1957 etiam
1273 1903 1565 1958 crudeliter
1588 1904 1901 1974 depopulari
1931 1919 2168 1962 noscun-

593 2008 704 2062 tur,
743 1997 962 2067 quidam
988 1998 1151 2053 etiam
1182 2006 1238 2052 et
1281 1998 1562 2053 facultates
1586 1998 1839 2054 ecclesiae
1871 1999 1924 2054 in
1958 1999 2172 2056 diversa

588 2105 620 2143 e
643 2088 1015 2144 .llaboratione
1035 2097 1088 2143 et
1113 2089 1372 2143 reditibus
1393 2102 1487 2143 eas
1507 2087 1835 2158 exspoliant;
1856 2090 1948 2143 sed
1969 2097 2022 2144 et
2044 2104 2175 2159 pau-

592 2195 755 2252 peres
774 2191 828 2236 et
856 2181 1064 2236 vicinos
1087 2188 1139 2235 et
1162 2181 1653 2236 circummanentes
1671 2180 2174 2237 immisericorditer

595 2269 921 2341 exsiioliant,
953 2269 1266 2336 devastant,
1287 2279 1341 2324 et
1364 2269 1694 2340 opprimunt,
1730 2279 1786 2324 ut
1809 2285 2054 2339 rapaces,
2080 2270 2174 2341 qui

593 2362 891 2433 secundum
916 2360 1230 2433 Apostolum
1260 2360 1313 2432 (l
1361 2359 1479 2415 Cor.
1512 2360 1585 2432 rt)
1635 2374 1665 2414 a
1697 2374 1861 2431 regno
1877 2359 1970 2414 Dei
1991 2359 2175 2415 exclu-

592 2431 813 2520 duntui',
841 2468 906 2508 ex
931 2431 1196 2508 eriminali
1219 2461 1273 2505 et
1294 2452 1510 2522 publico
1535 2459 1756 2521 peccato
1779 2450 1943 2526 320
1961 2449 2174 2521 publica

592 2551 909 2623 paenitentia
934 2549 1292 2606 satisfaciant.
1321 2549 1472 2616 Quod
1499 2549 1541 2604 si
1575 2550 1677 2603 hoc
1697 2562 1856 2619 agere
1879 2546 2174 2611 noluerint,

597 2655 655 2699 et
680 2650 947 2716 potestate
976 2641 1126 2713 regia
1173 2641 1238 2696 ad
1267 2642 1368 2696 hoc
1411 2639 1681 2696 exhortati
1727 2639 1812 2693 vel
1849 2636 2028 2693 coacti
2069 2651 2175 2690 non

597 2735 841 2799 fuerint,
877 2731 1188 2802 proferatur
1231 2738 1418 2786 contra
1460 2744 1554 2784 eos
1593 2727 1886 2800 apostolica
1916 2724 2176 2782 terribilis

600 2824 889 2887 sententia,
921 2838 1026 2892 qua
1064 2821 1302 2877 dicitur:
1334 2819 1395 2875 Si
1423 2820 1539 2890 quis
1581 2818 1748 2889 frater
1769 2823 2104 2883 nominatur,
2126 2826 2188 2872 et'

595 2925 670 2970 est
696 2929 887 2984 rapax,
937 2929 1053 2966 eum
1095 2911 1398 2981 Imjusmodi
1450 2927 1540 2964 nec
1575 2910 1747 2964 cibum
1775 2909 2052 2980 quisquam
2087 2923 2177 2962 stt-

597 3021 740 3059 mere
761 3013 1045 3075 praesumat
1095 3001 1147 3077 (1
1176 3001 1299 3056 Cor.
1331 3001 1407 3072 v).
1441 3001 1574 3069 Quia
1615 3001 1858 3072 iniquum
1883 3011 1937 3056 et
1959 2999 2177 3055 sacrile-

599 3109 728 3166 gum
757 3102 860 3161 est,
903 3103 963 3148 ut
1005 3093 1365 3165 Symmachus
1397 3107 1535 3163 papa
1572 3091 1742 3162 (sexta
1795 3090 2027 3161 synodus
2072 3087 2178 3143 Ro-

599 3203 761 3240 mana
790 3185 884 3239 sub
915 3184 1252 3255 Symmacho)
1279 3191 1334 3240 et
1358 3193 1480 3254 post
1515 3198 1637 3238 eum
1661 3185 1855 3238 beatus
1882 3179 2177 3252 Gregorius

608 3276 693 3348 (S.
741 3275 986 3332 Gnsoon.
1028 3275 1122 3330 lib.
1150 3291 1265 3342 rm;
1299 3275 1413 3331 Ind.
1450 3276 1505 3341 5,
1542 3274 1700 3344 epist.
1729 3275 1782 3346 6)
1826 3273 2027 3330 Sabino
2053 3273 2180 3328 sul)-

595 3371 827 3426 diacono
850 3369 1060 3435 scribit,
1086 3377 1141 3424 et
1167 3378 1354 3424 contra
1385 3368 1530 3438 leges
1557 3375 1660 3432 est,
1687 3367 1729 3423 si
1758 3367 1880 3438 quis
1921 3366 2066 3437 quod
2092 3381 2187 3422 ve-

603 3460 938 3518 nerabilibus
973 3460 1109 3516 locis
1148 3459 1492 3530 relinquitur,
1524 3473 1707 3531 pravas
1739 3458 2046 3514 voluntatis
2076 3466 2187 3513 stu.-

597 3552 702 3606 diis
743 3552 858 3607 suis
900 3550 1234 3620 compendiis
1265 3551 1552 3606 tentaverit
1587 3551 1844 3606 retinere.
1875 3547 2185 3604 Secundum

595 3651 802 3697 statuta
835 3655 1103 3695 canonum
1133 3642 1201 3698 ab
1243 3642 1392 3696 omni
1417 3641 1782 3698 ecclesiastica
1806 3639 2186 3696 communione

600 3744 660 3786 ut
686 3733 986 3804 sacrilegus
1011 3732 1174 3788 debet
1195 3734 1392 3799 arceri,
1419 3735 1589 3789 donec
1611 3733 1824 3789 studeat
1846 3732 2006 3802 digna
2029 3731 2188 3787 satis.

607 3823 848 3878 factione
873 3823 1018 3894 quod
1042 3823 1261 3878 admisit
1288 3825 1582 3895 corrigere.

720 3915 800 3969 De
827 3915 909 3969 his
938 3913 1027 3986 qui
1051 3914 1166 3969 loca
1189 3926 1397 3970 sacrata
1426 3916 1736 3986 infringunt.
1882 3914 2080 3970 eodem.

685 4004 1101 4062 CCLXXXVIII.
1121 4006 1342 4077 (Concil.
1365 4008 1547 4071 Meld.,
1567 4025 1618 4063 c.
1636 4008 1723 4074 60;
1751 4007 2058 4063 Buncman.
2089 4006 2185 4062 lib.

618 4113 701 4163 ιιι,
730 4111 781 4151 c.
811 4093 926 4169 92.)
959 4094 1030 4150 Ut
1050 4096 1104 4151 hi
1131 4099 1219 4166 qui
1247 4097 1572 4152 monasteria
1598 4107 1653 4153 et
1683 4097 1795 4153 loca
1826 4099 1934 4152 Deo
1973 4105 2187 4152 sacrata

606 4194 664 4240 et
688 4185 944 4242 ecclesias
983 4186 1305 4256 infringunt,
1335 4195 1389 4240 et
1416 4186 1656 4257 deposita
1682 4187 1766 4243 vel
1795 4187 1900 4242 alia
1927 4186 2183 4259 qurelibet

608 4276 805 4334 exinde
844 4278 1186 4344 abstrahunt,
1211 4287 1266 4333 et
1303 4278 1614 4333 sacerdotes
1638 4293 1702 4333 ac
1734 4279 1878 4333 viros
1928 4277 2186 4332 ecclesia-

609 4369 778 4424 sticos
822 4385 928 4425 non
971 4369 1142 4425 solum
1177 4369 1530 4434 delionorant,
1553 4384 1738 4424 verum
1791 4371 2001 4425 diverso
2024 4368 2185 4423 modo

615 4459 879 4529 aﬁligunt,
914 4461 1062 4517 velut
1091 4461 1362 4531 sacrilegi,
1400 4461 1677 4516 canonica:
1717 4447 1994 4517 sententiae
2036 4460 2185 4517 subi-

607 4560 821 4620 gantur,
849 4561 1007 4622 atque
1028 4552 1582 4609 cxcommuniccntur.

611 4678 618 4684 '
651 4669 925 4737 Quomodo
947 4671 1216 4742 episcopus
1233 4670 1601 4794 gddsynodum
1629 4680 1768 4724 vocet
1797 4669 2135 4740 prwdatores.

1284 4758 1314 4794 η
1356 4759 1382 4794 e
1404 4758 1586 4794 supra.

1284 4758 1382 4795 nae
1404 4758 1586 4811 supra.

691 4801 1066 4888 CCLXXXIX.
1096 4831 1378 4906 (Capitula
1434 4801 1804 4897 CiARLOIANNl,
1831 4831 1913 4888 tit.
1949 4832 2006 4898 2,
2049 4847 2101 4888 c.
2128 4833 2182 4901 5;

613 4924 924 4979 Buncuano.
954 4924 1047 4980 lib.
1089 4942 1166 4993 xi,
1196 4942 1242 4982 c.
1274 4927 1386 4998 15.)
1413 4927 1710 4998 Episcopus
1752 4925 1806 4981 in
1838 4926 1994 4998 cujus
2012 4940 2187 4997 parm-

615 5016 734 5070 chia
778 5015 974 5085 aliquis
1003 5018 1302 5073 consistens
1331 5015 1528 5086 aliquid
1557 5017 1752 5086 injuste
1778 5016 1988 5082 fecerit,
2017 5015 2184 5072 semel

562 5169 570 5172 _
611 5116 668 5160 et
704 5106 788 5161 bis
830 5115 992 5177 atque
1021 5107 1198 5173 tertio,
1229 5106 1272 5160 si
1301 5120 1524 5162 necesse
1555 5105 1738 5173 fuerit,
1764 5106 1982 5162 vocabit
2022 5105 2172 5160 illum

685 5219 832 5290 (516)
860 5222 1204 5277 Bnrchardus
1233 5221 1284 5275 in
1341 5221 1448 5277 ﬁne
1491 5221 1646 5276 istius
1686 5221 1878 5289 capitis
1916 5221 2186 5290 quredam,

612 5299 673 5342 nt
709 5307 809 5360 ego
835 5293 1048 5359 quidem
1085 5293 1342 5357 arbitror,
1369 5294 1436 5348 de
1472 5308 1569 5346 suo
1605 5291 1830 5354 addidit,
1861 5292 2000 5358 quod
2036 5301 2190 5360 puta-

615 5371 699 5413 ret
735 5363 876 5416 haud
907 5362 1064 5417 dubie
1091 5364 1457 5418 necessarium
1483 5375 1602 5416 esse
1623 5369 1683 5415 ut
1703 5376 1826 5415 cum
1858 5361 1978 5430 quis
2026 5361 2187 5416 Chri-

616 5431 824 5484 stianus
875 5439 993 5485 erat
1038 5432 1561 5496 excommuni‘eatus,
1598 5431 1652 5485 id
1687 5431 1739 5484 in
1765 5432 2001 5484 omnium
2025 5446 2188 5499 paro-

617 5499 935 5536 nhinnnrnm
989 5505 1235 5536 nntitinm
1287 5503 1620 5536 uxr-informatur
1717 5500 1904 5536 llonrln
1976 5500 2027 5536 in
2086 5502 2188 5536 {inn

617 5500 935 5536 nhinnnrnm
989 5505 1235 5536 nntitinm
1287 5503 1620 5536 uxr-informatur
1717 5500 1904 5536 llonrln
1976 5500 2027 5536 in

1669 409 2036 469 HEGINONIS
2073 409 2489 468 PBUMIE‘NSIS
2528 413 2814 475 ABBATIS

2196 527 2248 588 Α
2275 543 2368 583 sua
2421 530 2791 588 admonitione
2846 550 2940 606 per
2981 552 3134 592 suum
3185 539 3430 596 nuntium
3473 558 3694 601 canonice
3726 553 3766 606 nl

2275 625 2702 702 emendationem
2752 630 2862 685 sive
2905 634 3351 704 compositionem
3391 647 3444 692 et
3479 640 3544 694 ad
3571 645 3770 709 pumilea-

2280 715 2436 785 tiam,
2471 727 2531 772 ut
2559 720 2669 775 Deo
2720 731 2774 776 et
2818 723 3060 779 ecclesia:
3105 725 3263 796 321
3327 728 3635 796 satisfaciat,
3663 749 3766 802 quam

2274 808 2427 864 lzesit.
2465 809 2520 864 Si
2556 820 2734 867 autem
2780 813 3085 884 despexerit
3113 827 3274 888 atque
3309 823 3670 890 contempserit
3697 827 3770 894 eius

2275 897 2695 957 admonitionem
2720 910 2776 959 et
2814 903 3224 962 saluberrimam
3262 909 3646 978 invitationem,
3669 913 3769 970 feriat

2273 988 2419 1044 illum
2450 993 2706 1061 pastorali
2746 995 2919 1067 virga,
2950 997 3052 1054 hoc
3071 1007 3155 1054 est
3177 1001 3444 1056 sententia
3483 1009 3769 1060 excommuni

2272 1081 2519 1150 cationis,
2544 1093 2602 1138 ut
2629 1100 2659 1139 a
2682 1089 3058 1146 communione
3084 1100 3286 1147 sanctae
3311 1092 3563 1149 Ecclesiae
3580 1097 3770 1150 omnium-

2272 1187 2378 1242 que
2399 1173 2827 1231 Christianorum
2851 1178 2922 1233 sit
2947 1190 3231 1250 separatus
3260 1183 3526 1252 usquead
3547 1199 3766 1254 congruam

2272 1264 2696 1322 satisfactionem
2721 1276 2774 1324 et
2803 1269 3020 1338 dignam
3045 1273 3508 1329 emendationem.
3561 1273 3702 1340 Quam
3717 1290 3771 1328 er-

2272 1360 2815 1417 communicationem
2858 1363 3076 1420 debebit
3121 1365 3288 1422 isdem
3326 1367 3608 1438 episcopus
3639 1368 3771 1422 seniori

2272 1449 2413 1506 illius
2448 1460 2632 1505 notam
2664 1452 2842 1508 facere
2878 1463 2934 1510 et
2966 1456 3225 1512 omnibus
3245 1458 3359 1512 suis
3386 1457 3708 1529 coepiscopis,
3736 1475 3776 1510 ne

2272 1556 2394 1597 eum
2448 1543 2711 1614 recipiant
2769 1561 2941 1617 usque
3012 1547 3080 1604 ad
3139 1547 3358 1619 dignam
3431 1548 3774 1605 satisfactionem

2275 1631 2444 1705 (sic).

2360 1722 2546 1778 Deliis
2566 1724 2656 1795 qui
2680 1723 2902 1782 alterius
2927 1727 3250 1796 parwchiam'
3269 1739 3414 1784 sunt.
3455 1729 3540 1783 Ex
3559 1729 3717 1783 eodem.

2344 1812 2540 1872 CCXC.
2567 1817 2761 1889 (Capit.
2801 1817 3140 1897 Cistellam,
3178 1821 3309 1877 ibid.
3350 1837 3400 1878 c.
3449 1821 3513 1888 6;
3549 1822 3771 1877 Βιιιιαιιιι.

2202 1896 2557 1973 Blib.xr,c.
2588 1907 2812 1974 45;1vo
2852 1919 3008 1978 parte
3057 1896 3170 1979 ιιν,
3224 1926 3273 1968 c.
3309 1911 3448 1980 109;
3498 1909 3772 1969 annum,

2273 2010 2326 2067 q.
2355 1997 2409 2061 5,
2433 2012 2483 2052 c.
2509 1997 2583 2063 5;.
2604 1995 2786 2054 Prima
2809 1999 2944 2054 Coll.
2989 2000 3250 2056 Deeretal.
3277 2002 3371 2058 lib.
3402 2021 3460 2069 ν,
3487 2004 3568 2058 ιίι.
3591 2003 3664 2067 Il,
3681 2018 3715 2057 c.
3733 2004 3774 2069 L}

2272 2087 2350 2142 De
2391 2087 2496 2143 illis
2524 2097 2704 2143 autem
2736 2090 2828 2159 qui
2860 2090 3001 2146 infra
3027 2091 3356 2163 parmchiam
3401 2095 3697 2151 beneficium
3723 2100 3775 2145 aut

2271 2179 2641 2234 liazreditatem
2674 2179 2894 2248 habent,
2925 2190 2981 2236 et
3009 2183 3236 2239 alterius
3261 2186 3503 2256 episcopi
3532 2186 3774 2256 parmcliiani

2274 2277 2423 2335 sunt,
2453 2277 2510 2325 et
2533 2271 2659 2324 dum
2691 2271 2757 2326 de
2789 2271 2910 2327 loco
2933 2272 3000 2328 ad
3029 2272 3202 2329 locum
3233 2275 3335 2330 iter
3371 2273 3600 2343 faciunt,
3635 2275 3775 2345 rapinas

2273 2369 2328 2414 et
2356 2359 2786 2430 deprtedationes
2825 2372 3120 2434 peragunt,
3159 2364 3360 2435 placuit
3406 2365 3568 2422 nobis
3600 2373 3647 2421 et
3673 2363 3775 2418 ﬁdeli-

2271 2449 2374 2505 bus
2402 2449 2623 2516 nostris,
2653 2459 2712 2506 ut
2736 2453 3291 2519 excommunicentur,
3320 2471 3422 2510 nec
3457 2463 3578 2510 ante
3595 2470 3649 2509 ex
3668 2469 3777 2523 partr-

2275 2541 2398 2596 chia
2440 2548 2638 2596 exeant
2682 2555 2844 2611 quam
2887 2557 3006 2612 quae
3052 2551 3432 2613 perpetrarunt
3483 2545 3631 2616 digne
3663 2557 3776 2597 enica-

2275 2633 2423 2688 dent.
2483 2631 2721 2700 Quorum
2776 2635 3262 2690 excommunicatio
3316 2637 3523 2692 seniori
3577 2641 3776 2692 mmet

2275 2726 2496 2797 proprio
2517 2727 2770 2797 episeopo
2806 2727 3160 2799 significanda
3185 2727 3344 2800 322
3370 2739 3479 2796 est,
3511 2745 3574 2785 ne
3595 2743 3672 2784 eos
3693 2727 3775 2782 ieci-

2276 2819 2428 2889 pian't
2459 2828 2750 2890 antequam
2794 2819 2920 2875 illuc
2954 2820 3179 2875 redeant
3216 2821 3306 2874 ubi
3339 2821 3586 2891 rapinam
3613 2819 3778 2874 fecerunt

2276 2920 2330 2969 et
2355 2913 2534 2969 omnia
2557 2912 2795 2983 pleniter
2822 2910 3110 2968 emendent
3138 2911 3313 2983 (517).

2681 3001 2756 3056 De
2779 3002 2959 3056 eadem
2987 3018 3060 3056 re.
3085 2999 3236 3055 Unde
3263 3017 3451 3071 supra.

2347 3091 2570 3151 CCXCI.
2615 3091 2880 3165 (Capitula
2901 3092 3166 3159 Cmmm,
3191 3092 3342 3156 ibid.,
3367 3106 3421 3147 c.
3459 3091 3524 3158 8;
3556 3091 3777 3147 Boream.

2281 3189 2378 3244 lib.
2408 3203 2484 3253 xr,
2514 3203 2564 3242 c.
2589 3186 2701 3260 l2.)
2731 3181 2940 3242 Placuit
2965 3185 3120 3242 nobis
3155 3194 3213 3240 et
3257 3183 3512 3240 fidelibus
3541 3182 3706 3240 nostris
3724 3191 3780 3248 pro

2210 3252 2253 3313 Ο
2290 3252 2562 3334 communi
2593 3252 2824 3333 utilitate
2860 3285 2914 3332 ct
2959 3276 3179 3331 instanti
3228 3275 3557 3331 necessitate
3591 3285 3641 3329 ut
3670 3271 3779 3326 nullus

2289 3369 2664 3439 cpiscOporum
2690 3367 2926 3440 graviter
2952 3365 3094 3422 ferat
3122 3367 3167 3421 si
3192 3365 3308 3435 ejus
3332 3367 3708 3436 parmchiannm
3727 3371 3780 3428 pro

2289 3460 2596 3533 huiusmodi

2289 3554 2858 3612 cxcommnnicaverit.

2703 3641 2781 3697 De
2809 3642 2989 3696 eadem
3017 3656 3090 3695 re.
3121 3640 3204 3696 Ex
3229 3641 3431 3695 eodem.

2356 3732 2596 3790 CCXCII.
2622 3730 3178 3802 (CapilulafCAttLou.,
3198 3730 3354 3794 ibid.,
3381 3745 3435 3784 c.
3461 3726 3639 3799 10.)ὃί
3659 3718 3783 3790 aliquis

2290 3837 2471 3884 autem
2504 3827 2708 3899 regiam
2737 3834 3059 3899 potestatem
3090 3834 3147 3881 et
3183 3824 3543 3896 episcopalem
3573 3817 3783 3878 auctorita-

2251 3911 2260 3918 ’
2289 3931 2396 3978 tem
2425 3937 2524 3993 pro
2553 3921 2719 3976 nihilo
2747 3921 2982 3986 duxerit,
3008 3929 3063 3974 et
3091 3917 3308 3974 rebellis
3330 3917 3568 3973 existens
3594 3915 3640 3968 in
3667 3907 3784 3977 rapina

2288 4014 2501 4069 occisus
2543 4012 2724 4080 fuerit,
2766 4012 2899 4067 nulli
2941 4011 3176 4068 fidelium
3226 4019 3569 4074 nostrorum,
3613 4004 3686 4074 qui
3711 4009 3782 4053 eum

2287 4103 2583 4171 occiderit,
2631 4103 2826 4174 aliquis
2883 4102 3079 4158 faidam
3129 4109 3338 4174 portet,
3386 4114 3564 4172 neque
3603 4110 3684 4168 pro
3717 4088 3786 4157 Ejus

2287 4204 2464 4251 morte
2489 4194 2690 4265 aliquid
2716 4201 3025 4266 componat.

2288 4305 2348 4363 Si
2393 4308 2662 4378 episcopus
2706 4322 2810 4361 non
2881 4307 3289 4378 exeommrunicet
3349 4305 3692 4376 praedatorem.
3738 4290 3784 4345 ΕΞ

2807 4377 3026 4432 concilio
3052 4377 3119 4430 ad
3144 4375 3341 4431 Pistas.

2355 4467 2621 4525 CCXCIII.
2651 4466 2919 4541 (Capitula
2958 4465 3159 4523 Canou
3183 4466 3368 4531 CALVI,
3410 4465 3496 4520 tit.
3529 4449 3782 4541 29;Colrilv

2291 4560 2481 4626 Tolet.,
2514 4558 2568 4626 6,
2594 4539 2762 4630 c.27.)
2813 4559 3110 4630 Episcopus
3157 4567 3335 4612 autem
3375 4542 3656 4612 secundum
3684 4539 3784 4615 323

2291 4653 2536 4709 Toletani
2559 4651 2772 4707 concilii
2799 4649 3093 4720 capitulum
3123 4648 3431 4719 septimum,
3459 4645 3527 4700 ad
3555 4657 3690 4714 quem
3707 4647 3780 4705 pe"

2289 4744 2467 4802 tinere
2496 4751 2793 4800 noscuntur
2827 4741 2900 4796 illi
2923 4741 3015 4812 qui
3043 4740 3166 4795 talia
3191 4750 3378 4796 contra
3408 4741 3574 4795 Deum
3597 4743 3644 4790 et
3667 4725 3785 4786 Beck“

2289 4837 2386 4894 site
2415 4851 2603 4907 pacem
2631 4834 2864 4901 faciunt,
2908 4835 2954 4889 si
2987 4848 3082 4889 eos
3111 4833 3350 4903 quolibet
3389 4843 3610 4888 munere
3643 4821 3709 4879 rel
3737 4817 3782 4871 fa-

2291 4942 2422 4984 vore
2469 4935 2562 4981 aut
2599 4927 2920 4998 negligentia
2950 4925 3239 4980 admonere
3262 4933 3356 4978 aut
3399 4916 3782 5004 excommunicarf

2293 5019 2584 5085 distulerit,
2624 5027 2684 5072 ιιι
2738 5025 2834 5072 aut
2891 5025 3224 5072 revertentes
3249 5013 3343 5087 [In
3381 5011 3629 5084 Capitulis
3666 5004 3782 5059 Cum

2296 5109 2482 5173 Calvi,
2529 5108 2673 5164 adm.
2715 5107 2965 5174 noluerit,
3019 5115 3082 5162 ut
3130 5115 3222 5161 aut
3271 5099 3695 5177 renisnseipiat,
3731 5094 3783 5142 Nl

2296 5222 2446 5286 dum,
2477 5229 2590 5276 tum
2620 5221 2782 5276 etiam
2823 5219 2960 5289 apud
2993 5219 3203 5274 Ivonem
3242 5225 3296 5274 et
3326 5215 3662 5290 _Gratianum.
3696 5200 3780 5290 ei]?

2294 5279 2472 5363 prima
2519 5292 2834 5363 collectione
2855 5279 3232 5363 'ADecretalium
3259 5330 3273 5354 ,
3325 5288 3498 5363 longe_
3527 5279 3780 5363 diversgﬁf

2295 5340 2472 5416 3am;
2513 5340 2911 5429 i‘svtiit‘swcap—itiws
2929 5340 3308 5428 Susiana.
3327 5340 3341 5341 “
3357 5340 3576 5429 praefert
3609 5340 3780 5429 collega

2297 5432 2611 5514 chinonis:
2658 5423 2813 5484 Nulla
2857 5429 2999 5510 enim
3042 5423 3783 5512 illic'rnentio_ﬁdelintn_l:t’§:

2672 3459 3084 3532 deprazdationis
3151 3473 3313 3515 causa
3390 3459 3534 3515 alter
3585 3457 3783 3526 episcopus
3830 3457 3831 3528 1

3825 2685 3832 2727 1
