3944 6408
177 395 274 454 341

1099 399 1184 454 DE
1215 397 1494 456 ECCLES.
1533 397 1814 456 DlSCIPL.
1857 399 2037 454 LIBRI
2077 353 2342 457 DUO.I—
2385 399 2514 454 LIB.
2551 399 2617 456 Il.

3331 395 3440 452 542

173 515 588 568 contemnentes
623 508 688 564 de
733 505 974 588 Ecclesia
1005 507 1216 578 ejiciat,
1257 509 1758 588 excommunicatus
1784 509 1836 572 Α
1861 510 2034 565 hlicus
2079 510 2272 564 divina:
2303 510 2433 580 legis
2462 508 2874 579 prrevaricator,
2907 506 2990 562 vel
3021 522 3120 578 pro
3147 505 3448 563 manifestis

171 619 204 657 a
234 601 462 672 collegio
494 581 814 656 cmteroruin
863 599 1149 656 habebitur
1193 583 1472 671 quousque
1506 601 1762 656 emenda-

171 695 340 750 tionis
367 693 450 748 vel
483 693 840 748 damnationis
871 707 1058 748 eorum
1107 695 1174 748 ab
1217 709 1280 750 eo
1323 695 1590 750 sententia
1639 709 1763 765 pro-

169 783 464 853 nauigatur.
500 781 764 848 Quoniam
814 782 918 836 nisi
963 784 1324 840 communiter
1368 783 1762 839 certaverimus

167 884 228 930 ut
258 875 314 930 in
341 875 591 930 omnibus
617 872 828 942 justitia
862 885 1212 930 conservetur
1237 918 1250 942 ,
1302 893 1401 932 nec
1447 892 1540 932 rex
1591 885 1748 948 pater

165 966 405 1036 patriae,
461 979 560 1020 nec
631 966 868 1036 episc0pi
921 967 1298 1038 propitiatur-es
1348 977 1400 1022 ct
1443 967 1762 1022 reconcilia-

165 1067 320 1112 tores
346 1055 552 1128 populi,
583 1071 682 1112 nec
705 1057 796 1126 qui
837 1057 1246 1126 participatione
1290 1057 1521 1112 nominis
1551 1055 1756 1112 Christi

165 1149 472 1204 Christiani
501 1163 780 1214 vocamur,
811 1149 912 1204 hoc
949 1151 1090 1218 quod
1125 1150 1363 1204 humano
1399 1165 1494 1204 ore
1531 1146 1764 1204 dicimur

167 1241 224 1296 in
259 1241 460 1296 divinis
483 1241 650 1296 oculis
676 1255 796 1294 esse
818 1239 1078 1296 valemus.

275 1330 412 1386 Item
437 1331 500 1386 de
529 1330 819 1400 rapacibus.
855 1327 939 1384 Ex
965 1329 1184 1384 concilio
1217 1329 1267 1383 ,11
1277 1329 1652 1402 ogontiacensi.

239 1421 512 1477 CCXCIV.
531 1421 752 1495 (Concil.
787 1420 1018 1492 Magum.
1042 1423 1136 1476 sub
1161 1421 1289 1475 Rob.
1308 1437 1355 1476 c.
1376 1421 1430 1486 6;
1451 1421 1758 1476 Buncmnn.

162 1511 266 1568 lib.
297 1527 386 1575 χι,
419 1528 468 1568 c.
495 1511 626 1582 25.)
657 1510 913 1582 Quisquis
952 1510 1092 1566 fastu
1141 1511 1407 1582 superbiae
1451 1511 1624 1568 elatus
1667 1513 1764 1567 do-

163 1619 320 1658 mum
379 1601 476 1656 Dei
527 1601 674 1658 ducit
717 1603 1178 1672 contemptibilem
1209 1643 1224 1668 ,
1277 1611 1330 1660 et
1391 1604 1758 1672 possessiones

163 1691 282 1747 Deo
317 1701 560 1748 sacratas
605 1701 768 1761 atque
816 1693 881 1748 ad
921 1694 1180 1750 honorem
1213 1693 1306 1750 Dei
1341 1695 1451 1766 sub
1465 1695 1625 1766 regiae
1655 1694 1758 1749 im-

161 1783 452 1838 manitatis
500 1781 810 1840 defensione
855 1785 1180 1841 constitutas
1227 1764 1506 1846 inhoneste
1533 1764 1757 1842 tracta-

1864 600 2200 667 criminibus,
2231 601 2594 656 ecclesiastica
2618 600 2760 670 justa
2792 607 2847 652 et
2879 599 3218 654 rationabilia
3243 597 3446 668 judicia

1863 701 2199 764 contemptor
2244 701 2487 762 repertus
2535 690 2718 754 fuerit;
2764 705 2826 745 ac
2868 699 3181 744 sanctorum
3225 690 3444 744 Patrum

1863 782 2334 839 constitutionibus
2385 781 2770 846 contradictor,
2825 781 2868 836 si
2919 781 3305 838 monitionibus
3335 782 3448 852 epi-

1863 875 2170 946 scopalibus
2235 876 2611 945 obtemperare
2686 873 3006 940 distulerit,
3087 873 3447 929 anathemati-

1863 975 2034 1022 zetur.

2377 1057 2460 1110 Ex
2485 1057 2684 1122 eodem,
2716 1074 2830 1127 cap.
2863 1057 2920 1110 2.

1931 1149 2204 1207 CCXCIX.
2248 1149 2305 1205 Si
2359 1151 2479 1219 quis
2525 1159 2712 1205 contra
2764 1150 2968 1220 regiam
2999 1147 3314 1220 dignitatem
3347 1149 3442 1204 do-

1861 1239 1973 1295 lose
2037 1257 2102 1296 ac
2148 1240 2340 1296 callide
2414 1249 2464 1295 et
2513 1239 2818 1310 perniciose
2865 1253 3024 1310 agere
3066 1239 3444 1309 comprobatus

1861 1329 2063 1394 fuerit,
2112 1329 2213 1385 nisi
2277 1329 2590 1400 dignissime
2655 1327 3020 1395 satisfecerit,
3075 1327 3436 1383 anathemati-

1863 1429 2036 1475 ZCllll‘.

2347 1511 2432 1565 E1:
2469 1511 2647 1566 eodem
2688 1551 2702 1576 ,
2741 1527 2858 1580 cap.
2901 1511 2954 1566 5.

1932 1603 2079 1660 CCC.
2121 1603 2452 1676 (Buncmnn.
2487 1601 2578 1657 lib.
2620 1617 2709 1668 xv,
2739 1617 2788 1657 c.
2813 1599 2929 1673 22.)
2955 1599 3012 1655 Si
3044 1601 3166 1672 quis
3189 1601 3444 1671 potestati
3491 1631 3510 1640 -

1861 1695 2045 1765 regias,
2097 1709 2216 1764 quae
2260 1709 2368 1748 non
2417 1701 2499 1747 cst
2547 1689 2704 1760 juxta
2745 1691 3057 1762 Apostolum
3109 1689 3287 1762 (Rom.
3323 1693 3444 1763 xm)

1861 1785 1964 1841 nisi
1995 1801 2024 1839 a
2053 1783 2184 1848 Deo,
2216 1782 2521 1838 contumaci
2553 1791 2608 1836 et
2637 1779 2822 1836 inﬂato
2853 1781 3044 1850 spiritu
3076 1780 3448 1836 contradicere

161 1873 330 1937 verit,
363 1872 444 1930 vel
479 1873 771 1944 infringere
797 1875 1222 1944 priesumpserit,
1272 1885 1366 1928 aut
1393 1875 1642 1930 incendia
1671 1873 1755 1930 vel
1787 1870 1832 1930 Β
1859 1876 1942 1932 vel
1973 1875 2225 1931 resistere
2253 1873 2676 1946 praesumpserit,
2709 1881 2764 1928 et
2790 1873 2906 1944 ejus
2938 1871 3097 1943 justis
3123 1881 3179 1927 et
3204 1871 3442 1928 rationa-

159 1961 500 2018 vastationes
527 1977 659 2018 ausu
707 1963 993 2018 temerario
1025 1963 1434 2034 perpetraverit,
1463 1961 1618 2033 quasi
1669 1963 1754 2017 in-

157 2067 330 2108 vasor
363 2061 420 2108 et
460 2052 690 2108 violator
717 2053 975 2108 Ecclesia:
1019 2053 1149 2120 Dei,
1187 2069 1306 2124 qua:
1336 2063 1419 2108 est
1447 2053 1637 2108 domus
1661 2052 1756 2108 Dei

155 2141 296 2206 vivi,
344 2156 374 2194 a
415 2141 795 2198 communione
839 2143 1078 2198 omnium
1137 2143 1371 2198 ﬁdelium
1425 2144 1756 2200 abscidatur.

157 2233 334 2290 Decet
387 2233 553 2288 etiam
607 2243 664 2288 ut
713 2234 1136 2319 indignationem
1183 2229 1387 2291 domi'ni
1445 2236 1586 2306 regis
1634 2251 1756 2292 scn-

160 2325 288 2390 tiat,
315 2325 470 2394 cujus
495 2327 882 2384 benevolentiae
907 2337 1248 2400 contemptor
1271 2337 1326 2384 et
1354 2329 1756 2386 constitutionis

155 2417 553 2484 praevaricator
582 2419 812 2474 exstitit.

155 2509 332 2582 324
361 2510 513 2576 Quod
550 2513 801 2584 episcopi
815 2521 1082 2584 protegere
1115 2523 1162 2584 et
1193 2512 1476 2584 defendere
1501 2511 1749 2584 populum

523 2579 838 2636 debenIJEa:
875 2579 1094 2636 concilio
1120 2579 1388 2636 Tolet'ano.

231 2671 482 2728 CCXCV.
501 2673 722 2746 (Concil.
743 2673 908 2728 Tolet.
931 2689 1005 2739 IV,
1023 2690 1071 2730 c.
1087 2673 1176 2740 '52;
1203 2675 1534 2740 BURCIMRD.,
1549 2673 1643 2731 lib.
1661 2691 1750 2742 xv,

153 2777 214 2818 e.
245 2763 326 2832 1.)
375 2763 619 2834 Episcopi
662 2765 712 2817 in
755 2764 1097 2835 protegendis
1129 2765 1336 2836 populis
1365 2779 1429 2820 ae
1463 2763 1754 2820 defenden-

153 2854 248 2910 dis
283 2855 590 2926 impositam
638 2857 738 2912 sibi
789 2871 976 2912 curam
1015 2873 1119 2912 non
1169 2857 1475 2929 ambigam;
1523 2858 1752 2930 ideoque

154 2949 294 3000 dum
335 2946 672 3016 conspiciunt
710 2947 920 3018 judices
957 2962 1020 3002 ac
1047 2955 1293 3016 potentes
1323 2963 1619 3020 pauperum
1651 2964 1750 3020 op-

151 3051 449 3106 pressores
498 3038 751 3104 existere,
803 3039 956 3108 prius
1011 3053 1104 3095 eos
1134 3040 1455 3095 sacerdotali
1507 3055 1752 3096 commu-

153 3127 330 3182 nione
359 3127 480 3200 [leg.
508 3129 950 3204 commonitione]
979 3131 1334 3201 redarguant;
1359 3141 1412 3188 et
1439 3133 1484 3188 si
1509 3141 1750 3189 contem-

1861 1965 2059 2022 bilibus
2104 1965 2346 2035 imperiis
2394 1965 2688 2020 secundum
2745 1964 2912 2020 Deum
2967 1972 3020 2017 et
3064 1963 3444 2019 auctoritatem

1859 2055 2280 2112 ecclesiasticam
2333 2071 2396 2110 ac
2435 2053 2528 2124 jus
2574 2054 2732 2110 civite
2757 2054 3134 2124 obtemperare
3179 2051 3442 2117 noluerit,

1859 2149 2364 2202 anathematizetur.

2239 2237 2406 2309 326
2443 2235 2592 2292 Unde
2635 2253 2814 2306 supra,
2843 2254 2960 2306 cap.
2987 2237 3042 2292 4.

1927 2329 2097 2386 CCCI.
2138 2329 2456 2400 Quicunque
2505 2329 2772 2396 superbia:
2819 2319 3050 2384 facibus'
3077 2327 3328 2391 accensi,
3358 2325 3440 2380 vel

1855 2421 2124 2492 protervia
2167 2419 2508 2484 stomachati,
2561 2419 2677 2475 haec
2727 2433 2846 2489 qua:
2897 2433 2994 2488 pro
3021 2427 3222 2474 sanctae
3251 2418 3442 2472 matris

1855 2509 2110 2566 Ecclesia:
2139 2509 2525 2579 tranquillitate
2551 2507 2978 2579 sacerdotalique
3013 2507 3192 2578 rigore
3226 2522 3258 2564 a
3287 2507 3442 2564 nobis

1853 2603 2186 2658 unanimiter
2227 2601 2486 2670 definita,
2553 2603 2908 2671 manibusque
2975 2601 3211 2672 propriis
3275 2599 3438 2656 robo-

1855 2707 1971 2751 rata
2008 2737 2022 2762 ,
2081 2693 2402 2751 violaverim
2434 2735 2449 2762 ,
2505 2693 2682 2764 placet
2734 2709 2828 2750 eos
2882 2707 3074 2750 omnes
3123 2693 3440 2750 anathema-

1857 2789 2030 2843 tizari.

1855 2880 1916 2937 Si
1944 2881 2096 2936 homo
2139 2891 2418 2936 accusatur
2451 2891 2498 2936 ct
2547 2883 2828 2964 negauerit.
2867 2881 2951 2937 Ex
2997 2881 3214 2937 concilio
3249 2881 3440 2938 Tribu-

2553 2969 2732 3008 νιεηδε.

1922 3043 2114 3100 00011.
2141 3045 2364 3114 (Concil.
2401 3045 2636 3110 Tribur.,
2661 3061 2710 3101 e.
2734 3045 2838 3112 2'2;
2867 3045 3174 3102 Buncnsnn.
3206 3045 3299 3102 lib.
3323 3061 3434 3106 3m.

1855 3151 1905 3190 c.
1936 3137 2046 3207 19.)
2099 3136 2303 3193 Nobilis
2347 3138 2510 3195 homo
2539 3139 2622 3194 vel
2675 3139 2938 3210 ingenuus
2969 3179 2984 3206 ,
3033 3140 3079 3196 si
3131 3139 3184 3194 in
3233 3139 3436 3210 synodo

149 3217 375 3286 pserint
403 3219 696 3284 emendari,
727 3235 914 3276 eorum
967 3221 1308 3276 insolentiam
1339 3223 1502 3294 regiis
1529 3225 1750 3280 auribus
1777 3239 1822 3300 ρ
1853 3238 2138 3284 accusatur
2171 3239 2226 3286 et
2269 3232 2564 3302 negaverit,
2611 3233 2655 3288 si
2685 3247 2808 3288 eum
2841 3232 3050 3288 ﬁdelem
3081 3247 3202 3288 esse
3237 3232 3434 3296 sciunt,

151 3307 453 3373 intiment;
487 3319 546 3364 ut
577 3325 712 3380 quos
747 3309 1098 3376 sacerdotalis
1128 3313 1422 3368 admonitio
1450 3329 1552 3368 non
1585 3313 1752 3370 ﬂectit
1844 3319 2157 3392 juramentu
2183 3337 2242 3377 se
2271 3331 2550 3395 expurget.
2583 3322 2638 3378 Si
2671 3333 2828 3379 antea
2877 3323 3242 3395 deprehensus
3277 3321 3436 3378 fuerit

155 3400 226 3455 ad
253 3401 542 3472 justitiam,
589 3403 785 3475 regalis
831 3413 1070 3475 potestas
1099 3405 1167 3462 ab
1197 3405 1541 3477 improbitate
1591 3423 1756 3464 coer-
1851 3414 1903 3469 in
1934 3413 2079 3468 furto
2119 3423 2279 3484 atque
2317 3413 2573 3484 periurio,
2606 3415 2672 3470 ad
2705 3415 3072 3485 juramentum
3099 3430 3205 3469 non
3234 3413 3432 3470 admit-

151 3501 308 3545 ceat.

149 3561 300 3616 Item
357 3562 422 3617 de
469 3564 914 3635 malefactoribus.
980 3565 1066 3692 ξπ
1129 3569 1348 3623 concilio
1404 3569 1746 3640 Triburiensi,

851 3655 966 3692 can.
1039 3677 1050 3690 .

851 3655 966 3706 cap.
997 3655 1050 3692 δ.

1850 3515 2012 3562 tatur.
2049 3507 2176 3574 Sed,
2216 3507 2356 3564 sicut
2383 3510 2474 3578 qui
2505 3509 2736 3578 ingenus
2767 3525 2870 3564 non
2901 3516 3004 3573 est,
3031 3505 3256 3562 ferventi
3291 3519 3440 3576 aqua-

1847 3609 1903 3656 et
1929 3599 2179 3656 candenti
2205 3599 2348 3654 ferro
2375 3615 2431 3655 se
2456 3609 2718 3672 expurget

225 3711 508 3770 CCXCVI.
531 3715 756 3787 (canar.
788 3705 1020 3782 Trium”
1045 3734 1091 3772 ο,
1115 3719 1172 3782 ,5,
1201 3717 1277 3788 8,)
1309 3718 1598 3789 conquesti
1624 3729 1751 3776 sum,
1849 3707 1916 3762 Ut
1958 3709 2136 3765 nullus
2179 3709 2396 3789 alterius
2435 3711 2826 3789 perge/{ianum
2861 3711 3285 3766 excommunicet.
3345 3705 3430 3765 Ea:

147 3803 378 3873 quidam
407 3805 472 3859 de
500 3807 816 3874 quibusdam
863 3808 1320 3876 malefactoribus,
1367 3825 1596 3882 quorum
1637 3819 1745 3868 tam

146 3893 328 3948 nimia
381 3894 696 3964 improbitas
737 3909 822 3954 est
853 3906 912 3953 ut
939 3899 1358 3956 admonitionem
1403 3903 1743 3958 sacerdotum

145 4001 264 4040 non
307 3979 519 4052 curent,
565 3988 802 4044 bannum
851 3991 1229 4062 episcoporum
1273 4001 1644 4060 contemnant,
1675 3995 1744 4050 ad

145 4077 424 4148 synodum
455 4085 536 4134 ter
569 4087 870 4152 quaterque
897 4083 1072 4136 vocati
1103 4083 1290 4138 venire
1331 4083 1647 4154 despiciant,
1675 4085 1742 4140 ad

143 4176 456 4224 extremum
479 4171 866 4240 communicari
891 4186 988 4243 pro
1009 4173 1176 4228 nihilo
1199 4175 1418 4228 ducant.
1441 4174 1518 4228 De
1545 4173 1742 4230 talibus

143 4259 320 4315 etiam
373 4259 428 4314 in
474 4259 764 4332 Capitulari
811 4271 1068 4318 statutum
1115 4271 1199 4320 est
1239 4263 1401 4333 regiae
1446 4265 1740 4334 cognitioni

143 4349 372 4404 suaderi
401 4349 614 4406 debere.
653 4351 718 4406 Et
755 4352 948 4409 devoto
993 4353 1102 4426 regi
1133 4353 1360 4409 Amulio
1393 4369 1516 4408 eum
1554 4363 1739 4410 sancta

141 4439 361 4511 synodo
391 4440 591 4509 placuit
619 4449 677 4495 ut
705 4442 1012 4514 quicunque
1053 4453 1174 4514 post
1219 4443 1739 4502 excommunicatio-

139 4543 274 4583 nem
307 4528 542 4584 debitam
587 4533 664 4586 sic
707 4533 876 4588 Deum
923 4535 1071 4602 parvi
1103 4535 1366 4589 mstimant
1395 4545 1450 4588 et
1475 4533 1736 4590 Christia-

2263 3779 2481 3851 epistola
2520 3779 2804 3852 Zepliyrini
2837 3798 3006 3854 papw.

1915 3869 2128 3928 CCCIII.
2195 3871 2335 3943 (Lib.
2407 3885 2440 3924 ν
2494 3871 2888 3944 Capitular.,c.
2933 3873 3065 3940 I59;
3115 3871 3426 3929 Buncnann.

1845 3961 1937 4017 lib.
1967 3979 2077 4028 xw,
2110 3979 2160 4018 c.
2195 3963 2306 4033 15.)
2345 3961 2512 4018 Nemo
2567 3965 2762 4020 absens
2799 3964 3089 4034 iudicetur,
3143 3967 3270 4034 quia
3322 3965 3427 4019 hu-

1845 4067 2016 4107 mana:
2043 4053 2306 4108 etdivime
2327 4053 2428 4108 hoc
2453 4054 2739 4126 prohibent
2765 4053 2928 4124 leges.
2955 4053 3168 4108 Nullum
3195 4067 3429 4121 namque

1843 4157 2050 4208 eorum,
2099 4143 2150 4198 id
2196 4151 2277 4198 est
2304 4154 2702 4210 accusatorum,
2730 4143 2992 4198 sententia
3035 4159 3141 4198 non
3170 4159 3200 4198 a
3223 4157 3321 4198 suo
3343 4143 3428 4210 ju-

1843 4232 1962 4286 dice
1991 4233 2128 4288 dicta
2161 4233 2514 4302 constringat,
2557 4235 2678 4303 quia
2717 4241 2773 4288 et
2815 4233 2995 4289 smculi
3025 4233 3165 4304 leges
3193 4231 3424 4303 idipsum

1843 4319 1957 4378 ﬁeri
1997 4324 2312 4394 praecipiunt
2337 4323 2505 4396 (519).

1981 4469 1984 4471 Α
2087 4413 2165 4468 De
2192 4415 2371 4469 eadem
2403 4431 2475 4468 re.
2517 4413 2603 4469 Ex
2639 4413 2746 4486 lege
2785 4413 3165 4470 Theodosiana.

1911 4503 2126 4562 CCCIV.
2145 4507 2450 4580 (lntcrpret.
2467 4506 2500 4562 l.
2517 4523 2608 4561 un.
2629 4505 3045 4572 Cod.T/teodos.,
3061 4507 3124 4562 de
3143 4505 3420 4579 Rejudic.)

141 4621 378 4674 nitatem
411 4661 423 4680 ,
470 4623 714 4678 steculari
785 4595 1055 4696 potestate
1103 4628 1532 4696 persequendos;
1581 4637 1638 4684 et
1687 4630 1730 4684 si
1767 4595 2498 4696 Dl"-_°a"5is_privat°'_'“'ll
2536 4599 2717 4696 _m“s_
2755 4599 3262 4696 la‘ioﬁbsemmf
3293 4639 3306 4662 ’
3361 4608 3422 4652 ¹¹¹⁵

141 4707 570 4777 interﬁciuntur,
591 4711 810 4784 jaceant
837 4713 1040 4784 absque
1067 4716 1480 4785 compositione.

195 4825 364 4898 325
397 4827 474 4882 De
503 4829 680 4884 eadem
713 4847 784 4884 re.
823 4828 910 4884 Ea:
929 4831 1162 4886 concilio
1194 4833 1332 4902 apud
1361 4832 1678 4888 Suessionis.

215 4917 514 4973 CCXCVII.
553 4920 776 4990 (Coucil.
811 4920 1081 4976 Suession.
1111 4938 1174 4986 ιι,
1208 4939 1256 4978 c.
1287 4923 1397 4994 12.)
1439 4923 1731 4980 Obtentum

136 5018 228 5063 est
253 5010 422 5062 etiam
467 5025 498 5063 a
538 5011 882 5067 devotissimo
921 5013 1162 5083 principe
1193 5013 1388 5070 Carolo
1429 5024 1490 5070 ut
1533 5015 1730 5070 incesti

135 5099 374 5167 quilibet
415 5101 612 5170 aliique
653 5103 848 5176 perditi
889 5119 1118 5160 examen
1161 5105 1537 5176 episcoporum
1585 5105 1730 5162 refu-

135 5189 376 5256 gientes,
409 5205 504 5258 per
525 5189 733 5258 judices
761 5193 1005 5261 publicos
1051 5195 1120 5250 ad
1149 5211 1336 5250 eorum
1383 5197 1726 5266 praesentiam

135 5279 504 5346 deducantur,
531 5298 600 5338 ne
643 5283 868 5340 ulterius
895 5285 1202 5342 illecebram
1231 5288 1489 5358 peccandi
1519 5291 1726 5344 nutriat

135 5371 436 5442 impunitas
465 5375 734 5430 vitiorum.

137 5469 228 5526 Ex
279 5473 500 5551 concilio
535 5477 674 5551 apud
715 5475 1030 5551 Lauriacum
1079 5481 1134 5534 in
1181 5497 1315 5551 pago
1365 5482 1722 5535 Andecavensi

212 5559 354 5596 anno
383 5544 484 5598 814
531 5547 711 5600 iudict.
745 5547 778 5600 6
802 5587 816 5612 ,
847 5565 916 5602 ε..
949 5552 998 5615 1,
1033 5544 1206 5605 mense
1238 5544 1446 5606 Octobri
1477 5553 1648 5622 (518).

212 5633 526 5689 CCXCVIII.
572 5637 896 5708 (Buncmnn.
947 5641 1038 5696 lib.
1074 5659 1165 5710 xv,
1195 5659 1245 5699 c.
1278 5643 1354 5714 7.)
1389 5643 1446 5699 Si
1477 5645 1600 5715 quis
1625 5661 1724 5716 pu-

137 5763 388 5888 5ιί(518)
429 5765 558 5824 Vide
611 5779 736 5826 tom.
783 5771 846 5826 III
893 5775 1260 5830 Conriliorum
1307 5775 1534 5843 Galliae,
1597 5795 1716 5850 pag.

1779 4735 1782 4738 .
1839 4689 2015 4746 nullus
2098 4691 2320 4748 alterius
2382 4691 2580 4764 judicis
2667 4693 2768 4747 nisi
2845 4692 2926 4746 sui
3005 4692 3270 4748 sententia
3340 4699 3416 4744 te-

1837 4790 2050 4836 neatur.

2235 4876 2398 4948 327
2435 4877 2521 4931 Ea:
2592 4877 2773 4932 eadem
2803 4917 2818 4943 ,
2875 4893 2992 4946 cap.

1907 4965 2230 5036 (lnterpret.
2265 4965 2301 5019 I.
2337 4983 2396 5020 ll.
2428 4965 2558 5022 Cod.
2585 4967 2781 5022 Tlteod.
2819 4967 2882 5021 de
2905 4965 3180 5036 Iudiciis.)
3223 4963 3411 5017 Nullus

1831 5059 2047 5128 penitus
2107 5059 2358 5113 audiatur
2409 5060 2502 5128 qui
2553 5061 2712 5114 unius
2761 5073 2938 5116 causae
2986 5059 3409 5130 propositionem

1832 5151 1971 5220 apud
2000 5151 2132 5204 duos
2149 5149 2362 5222 judices
2387 5151 2576 5222 partiri
2605 5151 2850 5207 voluerit.

2143 5261 2221 5316 De
2249 5261 2430 5316 eadem
2461 5279 2532 5317 re.
2560 5261 2645 5318 Eat
2677 5261 3082 5333 Capitularibus.

1897 5375 2092 5430 CCCV.
2120 5373 2406 5447 (Capitula
2445 5376 2644 5434 Canou
2679 5377 2864 5440 CALVI,
2905 5376 2986 5430 tit.
3021 5375 3114 5440 26,
3145 5389 3194 5430 c.
3221 5373 3299 5445 6.)
3341 5373 3408 5430 Ut

1829 5481 1987 5520 nemo
2007 5466 2382 5537 episcoporum
2429 5467 2702 5523 hominem
2739 5473 3050 5537 peccantem
3079 5467 3146 5522 ab
3165 5465 3406 5542 Ecclesia

1827 5565 1884 5610 et
1901 5556 2210 5612 Christiana
2237 5559 2499 5628 religione
2519 5557 2600 5612 vel
2623 5557 3000 5614 communione
3019 5557 3214 5614 alienct
3237 5559 3410 5614 donec

1829 5647 1978 5702 illum
2049 5657 2108 5702 ut
2161 5649 2454 5704 secundum
2517 5649 2886 5719 evangelicum
2953 5660 3280 5722 praeceptum
3335 5649 3402 5704 ad

1898 5785 2063 5854 (519)
2107 5785 2237 5838 Vide
2269 5783 2358 5837 lib.
2395 5799 2468 5836 vn
2499 5783 2726 5854 Capitnl.
2758 5821 2770 5848 ,
2811 5799 2926 5854 cap.
2956 5783 3058 5837 329
3091 5791 3142 5835 ct
3163 5779 3288 5836 266.
