  <div class='ocr_page' id='page_1' title='image "/cluster/home/n/w/nwhite01/storage/ocr_20150623/132/hvd.32044015471733/177.png"; bbox 0 0 3884 5432; ppageno 0'>
   <div class='ocr_carea' id='block_1_1' title="bbox 526 449 634 504">
    <p class='ocr_par' dir='ltr' id='par_1_1' title="bbox 526 449 634 504">
     <span class='ocr_line' id='line_1_1' title="bbox 526 449 634 504; baseline -0.009 0"><span class='ocrx_word' id='word_1_1' title='bbox 526 449 634 504; x_wconf 53' lang='grc' dir='ltr'><strong>5.ιῦ</strong></span> 
     </span>
    </p>
   </div>
   <div class='ocr_carea' id='block_1_2' title="bbox 1588 454 2730 515">
    <p class='ocr_par' dir='ltr' id='par_1_2' title="bbox 1588 454 2730 515">
     <span class='ocr_line' id='line_1_2' title="bbox 1588 454 2730 515; baseline 0.005 -7"><span class='ocrx_word' id='word_1_2' title='bbox 1588 454 1955 514; x_wconf 73' lang='lat' dir='ltr'><strong>REGINONIS</strong></span> <span class='ocrx_word' id='word_1_3' title='bbox 1994 457 2406 514; x_wconf 77' lang='lat' dir='ltr'><strong>PRUMIENSIS</strong></span> <span class='ocrx_word' id='word_1_4' title='bbox 2446 458 2730 515; x_wconf 77' lang='lat' dir='ltr'><strong>ABBATIS</strong></span> 
     </span>
    </p>
   </div>
   <div class='ocr_carea' id='block_1_3' title="bbox 3691 452 3796 510">
    <p class='ocr_par' dir='ltr' id='par_1_3' title="bbox 3691 452 3796 510">
     <span class='ocr_line' id='line_1_3' title="bbox 3691 452 3796 510; baseline -0.029 0"><span class='ocrx_word' id='word_1_5' title='bbox 3691 452 3796 510; x_wconf 71' lang='grc' dir='ltr'>ειι</span> 
     </span>
    </p>
   </div>
   <div class='ocr_carea' id='block_1_4' title="bbox 532 559 3791 652">
    <p class='ocr_par' dir='ltr' id='par_1_4' title="bbox 532 559 3791 652">
     <span class='ocr_line' id='line_1_4' title="bbox 532 559 3791 652; baseline 0.002 -35"><span class='ocrx_word' id='word_1_6' title='bbox 532 562 960 619; x_wconf 77' lang='lat' dir='ltr'><strong>emendationem</strong></span> <span class='ocrx_word' id='word_1_7' title='bbox 996 559 1452 634; x_wconf 70' lang='lat' dir='ltr'><strong>et&#39;pcenitentiam</strong></span> <span class='ocrx_word' id='word_1_8' title='bbox 1501 567 1688 622; x_wconf 87' lang='lat' dir='ltr'><strong>redeat</strong></span> <span class='ocrx_word' id='word_1_9' title='bbox 1716 570 2100 625; x_wconf 90' lang='lat' dir='ltr'><strong>commonitum</strong></span> <span class='ocrx_word' id='word_1_10' title='bbox 2132 575 2179 634; x_wconf 77' lang='grc' dir='ltr'><strong>Α</strong></span> <span class='ocrx_word' id='word_1_11' title='bbox 2208 569 2274 625; x_wconf 92' lang='lat' dir='ltr'><strong>Ut</strong></span> <span class='ocrx_word' id='word_1_12' title='bbox 2309 572 2455 641; x_wconf 79' lang='lat' dir='ltr'><strong>quod</strong></span> <span class='ocrx_word' id='word_1_13' title='bbox 2495 572 2548 627; x_wconf 87' lang='lat' dir='ltr'><strong>in</strong></span> <span class='ocrx_word' id='word_1_14' title='bbox 2589 569 2756 652; x_wconf 62' lang='lat' dir='ltr'><strong>Deum</strong></span> <span class='ocrx_word' id='word_1_15' title='bbox 2793 577 3118 652; x_wconf 25' lang='lat' dir='ltr'><strong>q‘uisipeccat</strong></span> <span class='ocrx_word' id='word_1_16' title='bbox 3152 568 3327 652; x_wconf 74' lang='lat' dir='ltr'><strong>nauus</strong></span> <span class='ocrx_word' id='word_1_17' title='bbox 3356 567 3558 624; x_wconf 83' lang='lat' dir='ltr'><strong>donare</strong></span> <span class='ocrx_word' id='word_1_18' title='bbox 3605 570 3791 638; x_wconf 83' lang='lat' dir='ltr'><strong>possit.</strong></span> 
     </span>
    </p>
   </div>
   <div class='ocr_carea' id='block_1_5' title="bbox 531 657 2103 733">
    <p class='ocr_par' dir='ltr' id='par_1_5' title="bbox 531 657 2103 733">
     <span class='ocr_line' id='line_1_5' title="bbox 531 657 2103 733; baseline 0.004 -23"><span class='ocrx_word' id='word_1_19' title='bbox 531 658 749 712; x_wconf 85' lang='lat' dir='ltr'><strong>haheat.</strong></span> <span class='ocrx_word' id='word_1_20' title='bbox 795 657 946 724; x_wconf 86' lang='lat' dir='ltr'><strong>Quod</strong></span> <span class='ocrx_word' id='word_1_21' title='bbox 988 657 1032 712; x_wconf 90' lang='lat' dir='ltr'><strong>si</strong></span> <span class='ocrx_word' id='word_1_22' title='bbox 1086 657 1464 729; x_wconf 86' lang='lat' dir='ltr'><strong>incorrigibilis</strong></span> <span class='ocrx_word' id='word_1_23' title='bbox 1507 661 1889 729; x_wconf 81' lang='lat' dir='ltr'><strong>permanserit,</strong></span> <span class='ocrx_word' id='word_1_24' title='bbox 1940 662 2103 733; x_wconf 74' lang='lat' dir='ltr'><strong>regiae</strong></span> 
     </span>
    </p>
   </div>
   <div class='ocr_carea' id='block_1_6' title="bbox 531 751 2100 828">
    <p class='ocr_par' dir='ltr' id='par_1_6' title="bbox 531 751 2100 828">
     <span class='ocr_line' id='line_1_6' title="bbox 531 751 2100 828; baseline 0.006 -25"><span class='ocrx_word' id='word_1_25' title='bbox 531 751 783 819; x_wconf 87' lang='lat' dir='ltr'><strong>potestati</strong></span> <span class='ocrx_word' id='word_1_26' title='bbox 826 753 1110 822; x_wconf 89' lang='lat' dir='ltr'><strong>episcopus</strong></span> <span class='ocrx_word' id='word_1_27' title='bbox 1136 762 1321 808; x_wconf 92' lang='lat' dir='ltr'><strong>notum</strong></span> <span class='ocrx_word' id='word_1_28' title='bbox 1352 753 1538 820; x_wconf 88' lang='lat' dir='ltr'><strong>faciat,</strong></span> <span class='ocrx_word' id='word_1_29' title='bbox 1583 766 1641 810; x_wconf 88' lang='lat' dir='ltr'><strong>ut</strong></span> <span class='ocrx_word' id='word_1_30' title='bbox 1679 756 2100 828; x_wconf 81' lang='lat' dir='ltr'><strong>constringatur.</strong></span> 
     </span>
    </p>
   </div>
   <div class='ocr_carea' id='block_1_7' title="bbox 523 841 2104 922">
    <p class='ocr_par' dir='ltr' id='par_1_7' title="bbox 523 841 2104 922">
     <span class='ocr_line' id='line_1_7' title="bbox 523 841 2104 922; baseline 0.004 -25"><span class='ocrx_word' id='word_1_31' title='bbox 523 841 677 909; x_wconf 87' lang='lat' dir='ltr'><strong>Quod</strong></span> <span class='ocrx_word' id='word_1_32' title='bbox 727 843 772 898; x_wconf 93' lang='lat' dir='ltr'><strong>si</strong></span> <span class='ocrx_word' id='word_1_33' title='bbox 804 859 905 899; x_wconf 91' lang='lat' dir='ltr'><strong>nec</strong></span> <span class='ocrx_word' id='word_1_34' title='bbox 953 846 1031 900; x_wconf 91' lang='lat' dir='ltr'><strong>sic</strong></span> <span class='ocrx_word' id='word_1_35' title='bbox 1061 845 1379 911; x_wconf 77' lang='lat' dir='ltr'><strong>correxerit,</strong></span> <span class='ocrx_word' id='word_1_36' title='bbox 1429 855 1555 903; x_wconf 90' lang='lat' dir='ltr'><strong>tunc</strong></span> <span class='ocrx_word' id='word_1_37' title='bbox 1611 851 1907 906; x_wconf 87' lang='lat' dir='ltr'><strong>secundum</strong></span> <span class='ocrx_word' id='word_1_38' title='bbox 1957 850 2104 922; x_wconf 82' lang='lat' dir='ltr'><strong>leges</strong></span> 
     </span>
    </p>
   </div>
   <div class='ocr_carea' id='block_1_8' title="bbox 520 937 2031 1013">
    <p class='ocr_par' dir='ltr' id='par_1_8' title="bbox 520 937 2031 1013">
     <span class='ocr_line' id='line_1_8' title="bbox 520 937 2031 1013; baseline 0.002 -21"><span class='ocrx_word' id='word_1_39' title='bbox 520 937 808 992; x_wconf 90' lang='lat' dir='ltr'><strong>canonicas</strong></span> <span class='ocrx_word' id='word_1_40' title='bbox 834 953 863 991; x_wconf 89' lang='lat' dir='ltr'><strong>a</strong></span> <span class='ocrx_word' id='word_1_41' title='bbox 889 939 1268 993; x_wconf 88' lang='lat' dir='ltr'><strong>communione</strong></span> <span class='ocrx_word' id='word_1_42' title='bbox 1297 938 1665 996; x_wconf 84' lang='lat' dir='ltr'><strong>ecclesiastica</strong></span> <span class='ocrx_word' id='word_1_43' title='bbox 1697 952 2031 1013; x_wconf 87' lang='lat' dir='ltr'><strong>segregetur.</strong></span> 
     </span>
    </p>
   </div>
   <div class='ocr_carea' id='block_1_9' title="bbox 662 1027 1958 1100">
    <p class='ocr_par' dir='ltr' id='par_1_9' title="bbox 662 1027 1958 1100">
     <span class='ocr_line' id='line_1_9' title="bbox 662 1027 1958 1100; baseline 0.005 -19"><span class='ocrx_word' id='word_1_44' title='bbox 662 1027 739 1082; x_wconf 91' lang='lat' dir='ltr'><strong>De</strong></span> <span class='ocrx_word' id='word_1_45' title='bbox 766 1029 947 1082; x_wconf 87' lang='lat' dir='ltr'><strong>eadem</strong></span> <span class='ocrx_word' id='word_1_46' title='bbox 979 1045 1054 1083; x_wconf 88' lang='lat' dir='ltr'><strong>re.</strong></span> <span class='ocrx_word' id='word_1_47' title='bbox 1085 1029 1153 1082; x_wconf 80' lang='lat' dir='ltr'><strong><em>In</em></strong></span> <span class='ocrx_word' id='word_1_48' title='bbox 1183 1030 1385 1100; x_wconf 81' lang='lat' dir='ltr'><strong>synodo</strong></span> <span class='ocrx_word' id='word_1_49' title='bbox 1412 1029 1690 1098; x_wconf 78' lang='lat' dir='ltr'><strong>Metdensi,</strong></span> <span class='ocrx_word' id='word_1_50' title='bbox 1716 1049 1831 1100; x_wconf 89' lang='lat' dir='ltr'><strong>cap.</strong></span> <span class='ocrx_word' id='word_1_51' title='bbox 1870 1031 1958 1088; x_wconf 82' lang='lat'><strong>55.</strong></span> 
     </span>
    </p>
   </div>
   <div class='ocr_carea' id='block_1_10' title="bbox 594 1118 2101 1190">
    <p class='ocr_par' dir='ltr' id='par_1_10' title="bbox 594 1118 2101 1190">
     <span class='ocr_line' id='line_1_10' title="bbox 594 1118 2101 1190; baseline 0.003 -17"><span class='ocrx_word' id='word_1_52' title='bbox 594 1118 814 1174; x_wconf 81' lang='lat' dir='ltr'><strong>CCCVI.</strong></span> <span class='ocrx_word' id='word_1_53' title='bbox 839 1119 1083 1190; x_wconf 42' lang='lat' dir='ltr'><strong>((Concil.</strong></span> <span class='ocrx_word' id='word_1_54' title='bbox 1111 1119 1302 1187; x_wconf 80' lang='lat' dir='ltr'><strong>Meld.,</strong></span> <span class='ocrx_word' id='word_1_55' title='bbox 1328 1137 1377 1176; x_wconf 94' lang='lat' dir='ltr'><strong>c.</strong></span> <span class='ocrx_word' id='word_1_56' title='bbox 1407 1122 1514 1188; x_wconf 82' lang='lat'><strong>56;</strong></span> <span class='ocrx_word' id='word_1_57' title='bbox 1548 1123 1857 1179; x_wconf 64' lang='lat' dir='ltr'><strong>ancnann.</strong></span> <span class='ocrx_word' id='word_1_58' title='bbox 1889 1124 1982 1178; x_wconf 86' lang='lat' dir='ltr'><strong>lib.</strong></span> <span class='ocrx_word' id='word_1_59' title='bbox 2023 1138 2101 1189; x_wconf 73' lang='grc' dir='ltr'>ιι,</span> 
     </span>
    </p>
   </div>
   <div class='ocr_carea' id='block_1_11' title="bbox 521 1211 2102 1284">
    <p class='ocr_par' dir='ltr' id='par_1_11' title="bbox 521 1211 2102 1284">
     <span class='ocr_line' id='line_1_11' title="bbox 521 1211 2102 1284; baseline 0.001 -16"><span class='ocrx_word' id='word_1_60' title='bbox 521 1228 574 1268; x_wconf 92' lang='lat' dir='ltr'><strong>c.</strong></span> <span class='ocrx_word' id='word_1_61' title='bbox 610 1211 724 1284; x_wconf 78' lang='grc'><strong>16.)</strong></span> <span class='ocrx_word' id='word_1_62' title='bbox 751 1211 823 1267; x_wconf 92' lang='lat' dir='ltr'><strong>Ut</strong></span> <span class='ocrx_word' id='word_1_63' title='bbox 863 1229 1021 1268; x_wconf 88' lang='lat' dir='ltr'><strong>nemo</strong></span> <span class='ocrx_word' id='word_1_64' title='bbox 1070 1215 1444 1284; x_wconf 90' lang='lat' dir='ltr'><strong>episc0porum</strong></span> <span class='ocrx_word' id='word_1_65' title='bbox 1473 1216 1767 1284; x_wconf 88' lang='lat' dir='ltr'><strong>quemlibet</strong></span> <span class='ocrx_word' id='word_1_66' title='bbox 1809 1216 1924 1272; x_wconf 91' lang='lat' dir='ltr'><strong>sine</strong></span> <span class='ocrx_word' id='word_1_67' title='bbox 1954 1223 2102 1270; x_wconf 88' lang='lat' dir='ltr'><strong>certa</strong></span> 
     </span>
    </p>
   </div>
   <div class='ocr_carea' id='block_1_12' title="bbox 517 1304 2107 1377">
    <p class='ocr_par' dir='ltr' id='par_1_12' title="bbox 517 1304 2107 1377">
     <span class='ocr_line' id='line_1_12' title="bbox 517 1304 2107 1377; baseline 0.001 -17"><span class='ocrx_word' id='word_1_68' title='bbox 517 1315 574 1361; x_wconf 82' lang='lat' dir='ltr'><strong>et</strong></span> <span class='ocrx_word' id='word_1_69' title='bbox 639 1304 926 1360; x_wconf 88' lang='lat' dir='ltr'><strong>manifesta</strong></span> <span class='ocrx_word' id='word_1_70' title='bbox 987 1307 1194 1375; x_wconf 87' lang='lat' dir='ltr'><strong>peccati</strong></span> <span class='ocrx_word' id='word_1_71' title='bbox 1266 1320 1436 1371; x_wconf 17' lang='lat' dir='ltr'><strong>causa,</strong></span> <span class='ocrx_word' id='word_1_72' title='bbox 1487 1307 1866 1362; x_wconf 88' lang='lat' dir='ltr'><strong>communione</strong></span> <span class='ocrx_word' id='word_1_73' title='bbox 1927 1306 2107 1377; x_wconf 85' lang='lat' dir='ltr'><strong>privet</strong></span> 
     </span>
    </p>
   </div>
   <div class='ocr_carea' id='block_1_13' title="bbox 518 1395 2104 1452">
    <p class='ocr_par' dir='ltr' id='par_1_13' title="bbox 518 1395 2104 1452">
     <span class='ocr_line' id='line_1_13' title="bbox 518 1395 2104 1452; baseline 0.001 -3"><span class='ocrx_word' id='word_1_74' title='bbox 518 1395 907 1450; x_wconf 87' lang='lat' dir='ltr'><strong>ecclesiastica.</strong></span> <span class='ocrx_word' id='word_1_75' title='bbox 961 1395 1265 1451; x_wconf 79' lang='lat' dir='ltr'><strong>Anathema</strong></span> <span class='ocrx_word' id='word_1_76' title='bbox 1315 1405 1496 1451; x_wconf 89' lang='lat' dir='ltr'><strong>autem</strong></span> <span class='ocrx_word' id='word_1_77' title='bbox 1541 1398 1657 1452; x_wconf 86' lang='lat' dir='ltr'><strong>sine</strong></span> <span class='ocrx_word' id='word_1_78' title='bbox 1709 1411 1974 1452; x_wconf 89' lang='lat' dir='ltr'><strong>consensu</strong></span> <span class='ocrx_word' id='word_1_79' title='bbox 2015 1411 2104 1451; x_wconf 85' lang='lat' dir='ltr'><strong>ar-</strong></span> 
     </span>
    </p>
   </div>
   <div class='ocr_carea' id='block_1_14' title="bbox 527 1485 2101 1556">
    <p class='ocr_par' dir='ltr' id='par_1_14' title="bbox 527 1485 2101 1556">
     <span class='ocr_line' id='line_1_14' title="bbox 527 1485 2101 1556; baseline 0 -16"><span class='ocrx_word' id='word_1_80' title='bbox 527 1485 857 1555; x_wconf 88' lang='lat' dir='ltr'><strong>chiepiscopi</strong></span> <span class='ocrx_word' id='word_1_81' title='bbox 889 1494 981 1540; x_wconf 87' lang='lat' dir='ltr'><strong>aut</strong></span> <span class='ocrx_word' id='word_1_82' title='bbox 1013 1486 1473 1556; x_wconf 89' lang='lat' dir='ltr'><strong>eoepiscoporum,</strong></span> <span class='ocrx_word' id='word_1_83' title='bbox 1504 1486 1726 1556; x_wconf 62' lang='lat' dir='ltr'><strong>prielata</strong></span> <span class='ocrx_word' id='word_1_84' title='bbox 1750 1487 1910 1542; x_wconf 90' lang='lat' dir='ltr'><strong>etiam</strong></span> <span class='ocrx_word' id='word_1_85' title='bbox 1938 1501 2101 1541; x_wconf 89' lang='lat' dir='ltr'><strong>evan-</strong></span> 
     </span>
    </p>
   </div>
   <div class='ocr_carea' id='block_1_15' title="bbox 528 1575 2102 1647">
    <p class='ocr_par' dir='ltr' id='par_1_15' title="bbox 528 1575 2102 1647">
     <span class='ocr_line' id='line_1_15' title="bbox 528 1575 2102 1647; baseline 0.001 -17"><span class='ocrx_word' id='word_1_86' title='bbox 528 1575 703 1645; x_wconf 79' lang='lat' dir='ltr'><strong>gelica</strong></span> <span class='ocrx_word' id='word_1_87' title='bbox 730 1576 1114 1642; x_wconf 88' lang='lat' dir='ltr'><strong>admonitione,</strong></span> <span class='ocrx_word' id='word_1_88' title='bbox 1172 1576 1373 1630; x_wconf 90' lang='lat' dir='ltr'><strong>nullum</strong></span> <span class='ocrx_word' id='word_1_89' title='bbox 1418 1585 1601 1647; x_wconf 87' lang='lat' dir='ltr'><strong>ponat,</strong></span> <span class='ocrx_word' id='word_1_90' title='bbox 1632 1577 1735 1632; x_wconf 90' lang='lat' dir='ltr'><strong>nisi</strong></span> <span class='ocrx_word' id='word_1_91' title='bbox 1767 1577 1910 1632; x_wconf 91' lang='lat' dir='ltr'><strong>unde</strong></span> <span class='ocrx_word' id='word_1_92' title='bbox 1939 1592 2102 1633; x_wconf 89' lang='lat' dir='ltr'><strong>cano-</strong></span> 
     </span>
    </p>
   </div>
   <div class='ocr_carea' id='block_1_16' title="bbox 521 1666 2102 1736">
    <p class='ocr_par' dir='ltr' id='par_1_16' title="bbox 521 1666 2102 1736">
     <span class='ocr_line' id='line_1_16' title="bbox 521 1666 2102 1736; baseline 0.001 -16"><span class='ocrx_word' id='word_1_93' title='bbox 521 1667 644 1720; x_wconf 86' lang='lat' dir='ltr'><strong>nica</strong></span> <span class='ocrx_word' id='word_1_94' title='bbox 691 1667 845 1722; x_wconf 88' lang='lat' dir='ltr'><strong>docet</strong></span> <span class='ocrx_word' id='word_1_95' title='bbox 889 1667 1225 1722; x_wconf 85' lang='lat' dir='ltr'><strong>auctoritas:</strong></span> <span class='ocrx_word' id='word_1_96' title='bbox 1269 1666 1392 1736; x_wconf 88' lang='lat' dir='ltr'><strong>quia</strong></span> <span class='ocrx_word' id='word_1_97' title='bbox 1439 1667 1724 1722; x_wconf 88' lang='lat' dir='ltr'><strong>anathema</strong></span> <span class='ocrx_word' id='word_1_98' title='bbox 1771 1676 1986 1721; x_wconf 83' lang='lat' dir='ltr'><strong>aeternae</strong></span> <span class='ocrx_word' id='word_1_99' title='bbox 2019 1676 2102 1722; x_wconf 89' lang='lat' dir='ltr'><strong>est</strong></span> 
     </span>
    </p>
   </div>
   <div class='ocr_carea' id='block_1_17' title="bbox 516 1755 2101 1826">
    <p class='ocr_par' dir='ltr' id='par_1_17' title="bbox 516 1755 2101 1826">
     <span class='ocr_line' id='line_1_17' title="bbox 516 1755 2101 1826; baseline -0.001 -15"><span class='ocrx_word' id='word_1_100' title='bbox 516 1757 713 1814; x_wconf 83' lang='lat' dir='ltr'><strong>mortis</strong></span> <span class='ocrx_word' id='word_1_101' title='bbox 757 1757 1031 1813; x_wconf 83' lang='lat' dir='ltr'><strong>damnatio</strong></span> <span class='ocrx_word' id='word_1_102' title='bbox 1065 1797 1084 1824; x_wconf 85' lang='lat'><strong>,</strong></span> <span class='ocrx_word' id='word_1_103' title='bbox 1133 1766 1190 1812; x_wconf 91' lang='lat' dir='ltr'><strong>et</strong></span> <span class='ocrx_word' id='word_1_104' title='bbox 1245 1757 1461 1812; x_wconf 83' lang='lat' dir='ltr'><strong>nonnisi</strong></span> <span class='ocrx_word' id='word_1_105' title='bbox 1530 1771 1629 1826; x_wconf 91' lang='lat' dir='ltr'><strong>pro</strong></span> <span class='ocrx_word' id='word_1_106' title='bbox 1679 1755 1893 1811; x_wconf 86' lang='lat' dir='ltr'><strong>mortali</strong></span> <span class='ocrx_word' id='word_1_107' title='bbox 1943 1756 2101 1812; x_wconf 83' lang='lat' dir='ltr'><strong>debet</strong></span> 
     </span>
    </p>
   </div>
   <div class='ocr_carea' id='block_1_18' title="bbox 515 1847 2100 1919">
    <p class='ocr_par' dir='ltr' id='par_1_18' title="bbox 515 1847 2100 1919">
     <span class='ocr_line' id='line_1_18' title="bbox 515 1847 2100 1919; baseline -0.003 -15"><span class='ocrx_word' id='word_1_108' title='bbox 515 1849 724 1919; x_wconf 81' lang='lat' dir='ltr'><strong>imponi</strong></span> <span class='ocrx_word' id='word_1_109' title='bbox 783 1849 1034 1915; x_wconf 87' lang='lat' dir='ltr'><strong>crimine,</strong></span> <span class='ocrx_word' id='word_1_110' title='bbox 1082 1857 1138 1904; x_wconf 90' lang='lat' dir='ltr'><strong>et</strong></span> <span class='ocrx_word' id='word_1_111' title='bbox 1196 1848 1267 1903; x_wconf 89' lang='lat' dir='ltr'><strong>illi</strong></span> <span class='ocrx_word' id='word_1_112' title='bbox 1350 1849 1439 1918; x_wconf 89' lang='lat' dir='ltr'><strong>qui</strong></span> <span class='ocrx_word' id='word_1_113' title='bbox 1497 1847 1654 1903; x_wconf 87' lang='lat' dir='ltr'><strong>aliter</strong></span> <span class='ocrx_word' id='word_1_114' title='bbox 1694 1863 1798 1903; x_wconf 88' lang='lat' dir='ltr'><strong>non</strong></span> <span class='ocrx_word' id='word_1_115' title='bbox 1862 1847 2100 1919; x_wconf 89' lang='lat' dir='ltr'><strong>potuerit</strong></span> 
     </span>
    </p>
   </div>
   <div class='ocr_carea' id='block_1_19' title="bbox 514 1940 740 2011">
    <p class='ocr_par' dir='ltr' id='par_1_19' title="bbox 514 1940 740 2011">
     <span class='ocr_line' id='line_1_19' title="bbox 514 1940 740 2011; baseline 0 -17"><span class='ocrx_word' id='word_1_116' title='bbox 514 1940 740 2011; x_wconf 78' lang='lat' dir='ltr'><strong>corrigi.</strong></span> 
     </span>
    </p>
   </div>
   <div class='ocr_carea' id='block_1_20' title="bbox 591 2055 2099 2128">
    <p class='ocr_par' dir='ltr' id='par_1_20' title="bbox 591 2055 2099 2128">
     <span class='ocr_line' id='line_1_20' title="bbox 591 2055 2099 2128; baseline -0.003 -17"><span class='ocrx_word' id='word_1_117' title='bbox 591 2057 758 2128; x_wconf 75' lang='lat'><strong>328</strong></span> <span class='ocrx_word' id='word_1_118' title='bbox 791 2055 859 2111; x_wconf 85' lang='lat' dir='ltr'><strong>Ut</strong></span> <span class='ocrx_word' id='word_1_119' title='bbox 887 2074 992 2111; x_wconf 91' lang='lat' dir='ltr'><strong>non</strong></span> <span class='ocrx_word' id='word_1_120' title='bbox 1019 2058 1121 2112; x_wconf 89' lang='lat' dir='ltr'><strong>cito</strong></span> <span class='ocrx_word' id='word_1_121' title='bbox 1146 2057 1228 2128; x_wconf 53' lang='lat' dir='ltr'><strong>iga</strong></span> <span class='ocrx_word' id='word_1_122' title='bbox 1249 2065 1549 2128; x_wconf 59' lang='lat' dir='ltr'><strong>commotus</strong></span> <span class='ocrx_word' id='word_1_123' title='bbox 1579 2055 1804 2128; x_wconf 80' lang='lat' dir='ltr'><strong>aliquem</strong></span> <span class='ocrx_word' id='word_1_124' title='bbox 1829 2055 2099 2124; x_wconf 76' lang='lat' dir='ltr'><strong>episcopus</strong></span> 
     </span>
    </p>
   </div>
   <div class='ocr_carea' id='block_1_21' title="bbox 689 2125 1931 2196">
    <p class='ocr_par' dir='ltr' id='par_1_21' title="bbox 689 2125 1931 2196">
     <span class='ocr_line' id='line_1_21' title="bbox 689 2125 1931 2196; baseline -0.003 -14"><span class='ocrx_word' id='word_1_125' title='bbox 689 2125 1117 2182; x_wconf 56' lang='lat' dir='ltr'><strong>eicommunicet.</strong></span> <span class='ocrx_word' id='word_1_126' title='bbox 1151 2125 1235 2181; x_wconf 70' lang='lat' dir='ltr'><strong>Ea:</strong></span> <span class='ocrx_word' id='word_1_127' title='bbox 1259 2126 1478 2196; x_wconf 84' lang='lat' dir='ltr'><strong>epistola</strong></span> <span class='ocrx_word' id='word_1_128' title='bbox 1504 2126 1740 2180; x_wconf 77' lang='lat' dir='ltr'><strong>Evaristi</strong></span> <span class='ocrx_word' id='word_1_129' title='bbox 1760 2142 1931 2196; x_wconf 65' lang='lat' dir='ltr'><strong>paper.</strong></span> 
     </span>
    </p>
   </div>
   <div class='ocr_carea' id='block_1_22' title="bbox 587 2239 2096 2322">
    <p class='ocr_par' dir='ltr' id='par_1_22' title="bbox 587 2239 2096 2322">
     <span class='ocr_line' id='line_1_22' title="bbox 587 2239 2096 2322; baseline -0.003 -24"><span class='ocrx_word' id='word_1_130' title='bbox 587 2241 828 2299; x_wconf 82' lang='lat' dir='ltr'><strong><em>CCCVll.</em></strong></span> <span class='ocrx_word' id='word_1_131' title='bbox 866 2241 1070 2315; x_wconf 83' lang='lat' dir='ltr'><strong>(Concit</strong></span> <span class='ocrx_word' id='word_1_132' title='bbox 1098 2241 1329 2307; x_wconf 84' lang='lat' dir='ltr'><strong>Tribur.,</strong></span> <span class='ocrx_word' id='word_1_133' title='bbox 1354 2257 1402 2295; x_wconf 92' lang='lat' dir='ltr'><strong>c.</strong></span> <span class='ocrx_word' id='word_1_134' title='bbox 1434 2240 1534 2306; x_wconf 73' lang='lat'><strong>22;</strong></span> <span class='ocrx_word' id='word_1_135' title='bbox 1562 2241 1869 2322; x_wconf 64' lang='lat' dir='ltr'><strong>Bcncuano.</strong></span> <span class='ocrx_word' id='word_1_136' title='bbox 1896 2239 1988 2293; x_wconf 90' lang='lat' dir='ltr'><strong>lib.</strong></span> <span class='ocrx_word' id='word_1_137' title='bbox 2021 2254 2096 2303; x_wconf 77' lang='lat' dir='ltr'><strong>XI,</strong></span> 
     </span>
    </p>
   </div>
   <div class='ocr_carea' id='block_1_23' title="bbox 527 2332 2099 2405">
    <p class='ocr_par' dir='ltr' id='par_1_23' title="bbox 527 2332 2099 2405">
     <span class='ocr_line' id='line_1_23' title="bbox 527 2332 2099 2405; baseline 0 -18"><span class='ocrx_word' id='word_1_138' title='bbox 527 2349 576 2387; x_wconf 92' lang='lat' dir='ltr'><strong>c.</strong></span> <span class='ocrx_word' id='word_1_139' title='bbox 607 2333 704 2405; x_wconf 90' lang='lat'><strong>9).</strong></span> <span class='ocrx_word' id='word_1_140' title='bbox 749 2333 891 2389; x_wconf 89' lang='lat' dir='ltr'><strong>Deus</strong></span> <span class='ocrx_word' id='word_1_141' title='bbox 917 2335 1284 2404; x_wconf 89' lang='lat' dir='ltr'><strong>omnipotens,</strong></span> <span class='ocrx_word' id='word_1_142' title='bbox 1313 2342 1372 2387; x_wconf 94' lang='lat' dir='ltr'><strong>ut</strong></span> <span class='ocrx_word' id='word_1_143' title='bbox 1399 2347 1499 2388; x_wconf 93' lang='lat' dir='ltr'><strong>nos</strong></span> <span class='ocrx_word' id='word_1_144' title='bbox 1541 2347 1570 2387; x_wconf 94' lang='lat' dir='ltr'><strong>a</strong></span> <span class='ocrx_word' id='word_1_145' title='bbox 1617 2332 1948 2403; x_wconf 86' lang='lat' dir='ltr'><strong>praecipitata</strong></span> <span class='ocrx_word' id='word_1_146' title='bbox 1976 2347 2099 2402; x_wconf 85' lang='lat' dir='ltr'><strong>pro-</strong></span> 
     </span>
    </p>
   </div>
   <div class='ocr_carea' id='block_1_24' title="bbox 515 2423 2098 2493">
    <p class='ocr_par' dir='ltr' id='par_1_24' title="bbox 515 2423 2098 2493">
     <span class='ocr_line' id='line_1_24' title="bbox 515 2423 2098 2493; baseline -0.002 -15"><span class='ocrx_word' id='word_1_147' title='bbox 515 2424 719 2479; x_wconf 81' lang='lat' dir='ltr'><strong>latione</strong></span> <span class='ocrx_word' id='word_1_148' title='bbox 762 2423 1046 2480; x_wconf 74' lang='lat' dir='ltr'><strong>sententize</strong></span> <span class='ocrx_word' id='word_1_149' title='bbox 1081 2430 1477 2493; x_wconf 88' lang='lat' dir='ltr'><strong>compesceret.</strong></span> <span class='ocrx_word' id='word_1_150' title='bbox 1519 2438 1641 2478; x_wconf 89' lang='lat' dir='ltr'><strong>cum</strong></span> <span class='ocrx_word' id='word_1_151' title='bbox 1667 2423 1845 2477; x_wconf 89' lang='lat' dir='ltr'><strong>omnia</strong></span> <span class='ocrx_word' id='word_1_152' title='bbox 1874 2423 2012 2475; x_wconf 78' lang='lat' dir='ltr'><strong>nuda</strong></span> <span class='ocrx_word' id='word_1_153' title='bbox 2044 2429 2098 2475; x_wconf 88' lang='lat' dir='ltr'><strong>et</strong></span> 
     </span>
    </p>
   </div>
   <div class='ocr_carea' id='block_1_25' title="bbox 515 2515 2098 2586">
    <p class='ocr_par' dir='ltr' id='par_1_25' title="bbox 515 2515 2098 2586">
     <span class='ocr_line' id='line_1_25' title="bbox 515 2515 2098 2586; baseline -0.001 -17"><span class='ocrx_word' id='word_1_154' title='bbox 515 2524 703 2586; x_wconf 88' lang='lat' dir='ltr'><strong>aperta</strong></span> <span class='ocrx_word' id='word_1_155' title='bbox 734 2516 843 2571; x_wconf 89' lang='lat' dir='ltr'><strong>sint</strong></span> <span class='ocrx_word' id='word_1_156' title='bbox 865 2515 1039 2572; x_wconf 90' lang='lat' dir='ltr'><strong>oculis</strong></span> <span class='ocrx_word' id='word_1_157' title='bbox 1069 2516 1208 2586; x_wconf 86' lang='lat' dir='ltr'><strong>ejus,</strong></span> <span class='ocrx_word' id='word_1_158' title='bbox 1256 2518 1396 2570; x_wconf 90' lang='lat' dir='ltr'><strong>mala</strong></span> <span class='ocrx_word' id='word_1_159' title='bbox 1443 2524 1626 2571; x_wconf 89' lang='lat' dir='ltr'><strong>tamen</strong></span> <span class='ocrx_word' id='word_1_160' title='bbox 1653 2515 1901 2570; x_wconf 84' lang='lat' dir='ltr'><strong>Sodomae</strong></span> <span class='ocrx_word' id='word_1_161' title='bbox 1928 2515 2098 2570; x_wconf 89' lang='lat' dir='ltr'><strong>noluit</strong></span> 
     </span>
    </p>
   </div>
   <div class='ocr_carea' id='block_1_26' title="bbox 513 2606 2098 2679">
    <p class='ocr_par' dir='ltr' id='par_1_26' title="bbox 513 2606 2098 2679">
     <span class='ocr_line' id='line_1_26' title="bbox 513 2606 2098 2679; baseline -0.001 -17"><span class='ocrx_word' id='word_1_162' title='bbox 513 2607 696 2662; x_wconf 86' lang='lat' dir='ltr'><strong>audita</strong></span> <span class='ocrx_word' id='word_1_163' title='bbox 718 2607 965 2678; x_wconf 80' lang='lat' dir='ltr'><strong>judicare</strong></span> <span class='ocrx_word' id='word_1_164' title='bbox 995 2610 1310 2679; x_wconf 88' lang='lat' dir='ltr'><strong>priusquam</strong></span> <span class='ocrx_word' id='word_1_165' title='bbox 1339 2606 1628 2663; x_wconf 85' lang='lat' dir='ltr'><strong>manifeste</strong></span> <span class='ocrx_word' id='word_1_166' title='bbox 1645 2615 1959 2678; x_wconf 89' lang='lat' dir='ltr'><strong>agnosceret</strong></span> <span class='ocrx_word' id='word_1_167' title='bbox 1979 2621 2098 2676; x_wconf 61' lang='lat' dir='ltr'><strong>quae</strong></span> 
     </span>
    </p>
   </div>
   <div class='ocr_carea' id='block_1_27' title="bbox 511 2699 2094 2763">
    <p class='ocr_par' dir='ltr' id='par_1_27' title="bbox 511 2699 2094 2763">
     <span class='ocr_line' id='line_1_27' title="bbox 511 2699 2094 2763; baseline -0.001 -10"><span class='ocrx_word' id='word_1_168' title='bbox 511 2699 848 2755; x_wconf 82' lang='lat' dir='ltr'><strong>dicebantur.</strong></span> <span class='ocrx_word' id='word_1_169' title='bbox 900 2700 1050 2756; x_wconf 88' lang='lat' dir='ltr'><strong>Unde</strong></span> <span class='ocrx_word' id='word_1_170' title='bbox 1075 2701 1150 2754; x_wconf 85' lang='lat' dir='ltr'><strong>ait</strong></span> <span class='ocrx_word' id='word_1_171' title='bbox 1187 2717 1200 2752; x_wconf 91' lang='lat'><strong>:</strong></span> <span class='ocrx_word' id='word_1_172' title='bbox 1241 2700 1586 2763; x_wconf 79' lang='lat' dir='ltr'><strong>Descendunt,</strong></span> <span class='ocrx_word' id='word_1_173' title='bbox 1637 2710 1683 2754; x_wconf 89' lang='lat' dir='ltr'><strong>et</strong></span> <span class='ocrx_word' id='word_1_174' title='bbox 1716 2699 1896 2754; x_wconf 82' lang='lat' dir='ltr'><strong>videbo</strong></span> <span class='ocrx_word' id='word_1_175' title='bbox 1922 2709 2094 2752; x_wconf 85' lang='lat' dir='ltr'><strong>utrum</strong></span> 
     </span>
    </p>
   </div>
   <div class='ocr_carea' id='block_1_28' title="bbox 511 2791 2095 2863">
    <p class='ocr_par' dir='ltr' id='par_1_28' title="bbox 511 2791 2095 2863">
     <span class='ocr_line' id='line_1_28' title="bbox 511 2791 2095 2863; baseline -0.001 -17"><span class='ocrx_word' id='word_1_176' title='bbox 511 2791 793 2847; x_wconf 80' lang='lat' dir='ltr'><strong>clamorem</strong></span> <span class='ocrx_word' id='word_1_177' title='bbox 841 2795 929 2863; x_wconf 84' lang='lat' dir='ltr'><strong>qui</strong></span> <span class='ocrx_word' id='word_1_178' title='bbox 974 2792 1238 2847; x_wconf 77' lang='lat' dir='ltr'><strong>descendit</strong></span> <span class='ocrx_word' id='word_1_179' title='bbox 1280 2792 1348 2846; x_wconf 87' lang='lat' dir='ltr'><strong>ad</strong></span> <span class='ocrx_word' id='word_1_180' title='bbox 1399 2809 1479 2846; x_wconf 88' lang='lat' dir='ltr'><strong>me</strong></span> <span class='ocrx_word' id='word_1_181' title='bbox 1517 2809 1670 2862; x_wconf 87' lang='lat' dir='ltr'><strong>opere</strong></span> <span class='ocrx_word' id='word_1_182' title='bbox 1705 2791 2095 2862; x_wconf 83' lang='lat' dir='ltr'><strong>compleverint,</strong></span> 
     </span>
    </p>
   </div>
   <div class='ocr_carea' id='block_1_29' title="bbox 517 2880 2098 2953">
    <p class='ocr_par' dir='ltr' id='par_1_29' title="bbox 517 2880 2098 2953">
     <span class='ocr_line' id='line_1_29' title="bbox 517 2880 2098 2953; baseline 0 -19"><span class='ocrx_word' id='word_1_183' title='bbox 517 2898 696 2937; x_wconf 75' lang='lat' dir='ltr'><strong>annon</strong></span> <span class='ocrx_word' id='word_1_184' title='bbox 721 2892 794 2936; x_wconf 90' lang='lat' dir='ltr'><strong>est</strong></span> <span class='ocrx_word' id='word_1_185' title='bbox 826 2884 922 2948; x_wconf 89' lang='lat' dir='ltr'><strong>ita,</strong></span> <span class='ocrx_word' id='word_1_186' title='bbox 951 2893 1006 2935; x_wconf 89' lang='lat' dir='ltr'><strong>ut</strong></span> <span class='ocrx_word' id='word_1_187' title='bbox 1037 2882 1203 2938; x_wconf 89' lang='lat' dir='ltr'><strong>sciam</strong></span> <span class='ocrx_word' id='word_1_188' title='bbox 1233 2881 1406 2953; x_wconf 80' lang='lat' dir='ltr'><strong>(Gen.</strong></span> <span class='ocrx_word' id='word_1_189' title='bbox 1434 2897 1568 2936; x_wconf 78' lang='lat' dir='ltr'><strong>xvui</strong></span> <span class='ocrx_word' id='word_1_190' title='bbox 1595 2884 1630 2935; x_wconf 79' lang='lat'><strong>\.</strong></span> <span class='ocrx_word' id='word_1_191' title='bbox 1664 2880 1828 2952; x_wconf 84' lang='lat' dir='ltr'><strong>Cujus</strong></span> <span class='ocrx_word' id='word_1_192' title='bbox 1854 2881 2098 2951; x_wconf 77' lang='lat' dir='ltr'><strong>exemplo</strong></span> 
     </span>
    </p>
   </div>
   <div class='ocr_carea' id='block_1_30' title="bbox 518 2973 2095 3046">
    <p class='ocr_par' dir='ltr' id='par_1_30' title="bbox 518 2973 2095 3046">
     <span class='ocr_line' id='line_1_30' title="bbox 518 2973 2095 3046; baseline -0.001 -18"><span class='ocrx_word' id='word_1_193' title='bbox 518 2989 803 3030; x_wconf 85' lang='lat' dir='ltr'><strong>mouemur</strong></span> <span class='ocrx_word' id='word_1_194' title='bbox 851 2991 919 3030; x_wconf 91' lang='lat' dir='ltr'><strong>ne</strong></span> <span class='ocrx_word' id='word_1_195' title='bbox 967 2975 1030 3030; x_wconf 89' lang='lat' dir='ltr'><strong>ad</strong></span> <span class='ocrx_word' id='word_1_196' title='bbox 1083 2973 1462 3046; x_wconf 86' lang='lat' dir='ltr'><strong>proferendam</strong></span> <span class='ocrx_word' id='word_1_197' title='bbox 1505 2975 1825 3029; x_wconf 88' lang='lat' dir='ltr'><strong>sententiam</strong></span> <span class='ocrx_word' id='word_1_198' title='bbox 1860 2988 2095 3043; x_wconf 85' lang='lat' dir='ltr'><strong>unquam</strong></span> 
     </span>
    </p>
   </div>
   <div class='ocr_carea' id='block_1_31' title="bbox 510 3065 2098 3138">
    <p class='ocr_par' dir='ltr' id='par_1_31' title="bbox 510 3065 2098 3138">
     <span class='ocr_line' id='line_1_31' title="bbox 510 3065 2098 3138; baseline -0.004 -14"><span class='ocrx_word' id='word_1_199' title='bbox 510 3069 816 3138; x_wconf 63' lang='lat' dir='ltr'><strong>praecipites</strong></span> <span class='ocrx_word' id='word_1_200' title='bbox 857 3069 1043 3134; x_wconf 90' lang='lat' dir='ltr'><strong>simus,</strong></span> <span class='ocrx_word' id='word_1_201' title='bbox 1075 3078 1171 3124; x_wconf 90' lang='lat' dir='ltr'><strong>aut</strong></span> <span class='ocrx_word' id='word_1_202' title='bbox 1207 3077 1413 3122; x_wconf 86' lang='lat' dir='ltr'><strong>temere</strong></span> <span class='ocrx_word' id='word_1_203' title='bbox 1441 3067 1893 3138; x_wconf 89' lang='lat' dir='ltr'><strong>indiligenterque</strong></span> <span class='ocrx_word' id='word_1_204' title='bbox 1933 3065 2098 3120; x_wconf 89' lang='lat' dir='ltr'><strong>indis-</strong></span> 
     </span>
    </p>
   </div>
   <div class='ocr_carea' id='block_1_32' title="bbox 515 3158 1454 3230">
    <p class='ocr_par' dir='ltr' id='par_1_32' title="bbox 515 3158 1454 3230">
     <span class='ocr_line' id='line_1_32' title="bbox 515 3158 1454 3230; baseline -0.003 -15"><span class='ocrx_word' id='word_1_205' title='bbox 515 3175 673 3215; x_wconf 91' lang='lat' dir='ltr'><strong>cussa</strong></span> <span class='ocrx_word' id='word_1_206' title='bbox 706 3174 924 3230; x_wconf 90' lang='lat' dir='ltr'><strong>quoquo</strong></span> <span class='ocrx_word' id='word_1_207' title='bbox 948 3159 1108 3214; x_wconf 92' lang='lat' dir='ltr'><strong>modo</strong></span> <span class='ocrx_word' id='word_1_208' title='bbox 1132 3158 1454 3227; x_wconf 79' lang='lat' dir='ltr'><strong>iudicemus.</strong></span> 
     </span>
    </p>
   </div>
   <div class='ocr_carea' id='block_1_33' title="bbox 824 3268 1792 3340">
    <p class='ocr_par' dir='ltr' id='par_1_33' title="bbox 824 3268 1792 3340">
     <span class='ocr_line' id='line_1_33' title="bbox 824 3268 1792 3340; baseline -0.001 -15"><span class='ocrx_word' id='word_1_209' title='bbox 824 3272 899 3326; x_wconf 89' lang='lat' dir='ltr'><strong>De</strong></span> <span class='ocrx_word' id='word_1_210' title='bbox 924 3272 1103 3326; x_wconf 84' lang='lat' dir='ltr'><strong>eadem</strong></span> <span class='ocrx_word' id='word_1_211' title='bbox 1133 3288 1204 3326; x_wconf 89' lang='lat' dir='ltr'><strong>re.</strong></span> <span class='ocrx_word' id='word_1_212' title='bbox 1236 3269 1322 3325; x_wconf 80' lang='lat' dir='ltr'><strong>Ea:</strong></span> <span class='ocrx_word' id='word_1_213' title='bbox 1355 3271 1505 3325; x_wconf 84' lang='lat' dir='ltr'><strong>dictis</strong></span> <span class='ocrx_word' id='word_1_214' title='bbox 1533 3268 1792 3340; x_wconf 80' lang='lat' dir='ltr'><strong>Gregorii.</strong></span> 
     </span>
    </p>
   </div>
   <div class='ocr_carea' id='block_1_34' title="bbox 589 3379 2092 3454">
    <p class='ocr_par' dir='ltr' id='par_1_34' title="bbox 589 3379 2092 3454">
     <span class='ocr_line' id='line_1_34' title="bbox 589 3379 2092 3454; baseline -0.003 -18"><span class='ocrx_word' id='word_1_215' title='bbox 589 3380 852 3437; x_wconf 76' lang='lat' dir='ltr'><strong><em>CCCVI&quot;.</em></strong></span> <span class='ocrx_word' id='word_1_216' title='bbox 905 3381 1008 3454; x_wconf 89' lang='lat' dir='ltr'><strong>(S.</strong></span> <span class='ocrx_word' id='word_1_217' title='bbox 1057 3382 1298 3438; x_wconf 78' lang='lat' dir='ltr'><strong>Gal-:Gon.</strong></span> <span class='ocrx_word' id='word_1_218' title='bbox 1342 3381 1435 3438; x_wconf 85' lang='lat' dir='ltr'><strong>lib.</strong></span> <span class='ocrx_word' id='word_1_219' title='bbox 1484 3398 1578 3436; x_wconf 79' lang='lat' dir='ltr'><strong>XIX</strong></span> <span class='ocrx_word' id='word_1_220' title='bbox 1630 3379 1926 3445; x_wconf 82' lang='lat' dir='ltr'><strong>Moral.,c.</strong></span> <span class='ocrx_word' id='word_1_221' title='bbox 1978 3379 2092 3451; x_wconf 71' lang='lat'><strong>25.)</strong></span> 
     </span>
    </p>
   </div>
   <div class='ocr_carea' id='block_1_35' title="bbox 513 3471 2096 3545">
    <p class='ocr_par' dir='ltr' id='par_1_35' title="bbox 513 3471 2096 3545">
     <span class='ocr_line' id='line_1_35' title="bbox 513 3471 2096 3545; baseline -0.002 -19"><span class='ocrx_word' id='word_1_222' title='bbox 513 3472 712 3529; x_wconf 88' lang='lat' dir='ltr'><strong>Beatus</strong></span> <span class='ocrx_word' id='word_1_223' title='bbox 739 3473 838 3530; x_wconf 86' lang='lat' dir='ltr'><strong>Job</strong></span> <span class='ocrx_word' id='word_1_224' title='bbox 863 3474 993 3529; x_wconf 88' lang='lat' dir='ltr'><strong>dicit</strong></span> <span class='ocrx_word' id='word_1_225' title='bbox 1025 3488 1038 3528; x_wconf 76' lang='grc' dir='ltr'><strong>ε</strong></span> <span class='ocrx_word' id='word_1_226' title='bbox 1070 3473 1320 3540; x_wconf 82' lang='lat' dir='ltr'><strong>Causam,</strong></span> <span class='ocrx_word' id='word_1_227' title='bbox 1345 3490 1503 3545; x_wconf 84' lang='lat' dir='ltr'><strong>quam</strong></span> <span class='ocrx_word' id='word_1_228' title='bbox 1532 3473 1840 3538; x_wconf 76' lang='lat' dir='ltr'><strong>nesciebam,</strong></span> <span class='ocrx_word' id='word_1_229' title='bbox 1873 3471 2096 3542; x_wconf 85' lang='lat' dir='ltr'><strong>diligen-</strong></span> 
     </span>
    </p>
   </div>
   <div class='ocr_carea' id='block_1_36' title="bbox 515 3562 2096 3635">
    <p class='ocr_par' dir='ltr' id='par_1_36' title="bbox 515 3562 2096 3635">
     <span class='ocr_line' id='line_1_36' title="bbox 515 3562 2096 3635; baseline 0 -21"><span class='ocrx_word' id='word_1_230' title='bbox 515 3562 714 3616; x_wconf 78' lang='lat' dir='ltr'><strong>tissime</strong></span> <span class='ocrx_word' id='word_1_231' title='bbox 751 3564 1122 3634; x_wconf 83' lang='lat' dir='ltr'><strong>investigabam</strong></span> <span class='ocrx_word' id='word_1_232' title='bbox 1173 3562 1306 3635; x_wconf 85' lang='lat' dir='ltr'><strong>(Job</strong></span> <span class='ocrx_word' id='word_1_233' title='bbox 1350 3565 1524 3634; x_wconf 75' lang='lat' dir='ltr'><strong>xxix).</strong></span> <span class='ocrx_word' id='word_1_234' title='bbox 1573 3562 1924 3632; x_wconf 87' lang='lat' dir='ltr'><strong>Summopere</strong></span> <span class='ocrx_word' id='word_1_235' title='bbox 1959 3575 2096 3630; x_wconf 68' lang='lat' dir='ltr'><strong>prae-</strong></span> 
     </span>
    </p>
   </div>
   <div class='ocr_carea' id='block_1_37' title="bbox 514 3642 2093 3724">
    <p class='ocr_par' dir='ltr' id='par_1_37' title="bbox 514 3642 2093 3724">
     <span class='ocr_line' id='line_1_37' title="bbox 514 3642 2093 3724; baseline -0.004 -13"><span class='ocrx_word' id='word_1_236' title='bbox 514 3671 711 3712; x_wconf 82' lang='lat' dir='ltr'><strong>cavere</strong></span> <span class='ocrx_word' id='word_1_237' title='bbox 749 3658 943 3712; x_wconf 88' lang='lat' dir='ltr'><strong>debent</strong></span> <span class='ocrx_word' id='word_1_238' title='bbox 976 3667 1215 3713; x_wconf 89' lang='lat' dir='ltr'><strong>rectores</strong></span> <span class='ocrx_word' id='word_1_239' title='bbox 1261 3642 1642 3721; x_wconf 83' lang='lat' dir='ltr'><strong>Ecclesiarum,</strong></span> <span class='ocrx_word' id='word_1_240' title='bbox 1673 3666 1726 3711; x_wconf 91' lang='lat' dir='ltr'><strong>et</strong></span> <span class='ocrx_word' id='word_1_241' title='bbox 1762 3654 1853 3724; x_wconf 89' lang='lat' dir='ltr'><strong>qui</strong></span> <span class='ocrx_word' id='word_1_242' title='bbox 1881 3653 2093 3723; x_wconf 86' lang='lat' dir='ltr'><strong>publica</strong></span> 
     </span>
    </p>
   </div>
   <div class='ocr_carea' id='block_1_38' title="bbox 507 3745 2094 3816">
    <p class='ocr_par' dir='ltr' id='par_1_38' title="bbox 507 3745 2094 3816">
     <span class='ocr_line' id='line_1_38' title="bbox 507 3745 2094 3816; baseline -0.002 -15"><span class='ocrx_word' id='word_1_243' title='bbox 507 3748 715 3816; x_wconf 90' lang='lat' dir='ltr'><strong>judicia</strong></span> <span class='ocrx_word' id='word_1_244' title='bbox 761 3758 1038 3816; x_wconf 74' lang='lat' dir='ltr'><strong>exercent,</strong></span> <span class='ocrx_word' id='word_1_245' title='bbox 1079 3758 1140 3803; x_wconf 89' lang='lat' dir='ltr'><strong>ut</strong></span> <span class='ocrx_word' id='word_1_246' title='bbox 1185 3749 1237 3804; x_wconf 92' lang='lat' dir='ltr'><strong>in</strong></span> <span class='ocrx_word' id='word_1_247' title='bbox 1268 3749 1536 3804; x_wconf 89' lang='lat' dir='ltr'><strong>dictandis</strong></span> <span class='ocrx_word' id='word_1_248' title='bbox 1589 3747 1870 3803; x_wconf 87' lang='lat' dir='ltr'><strong>sententiis</strong></span> <span class='ocrx_word' id='word_1_249' title='bbox 1920 3745 2094 3799; x_wconf 89' lang='lat' dir='ltr'><strong>nulla-</strong></span> 
     </span>
    </p>
   </div>
   <div class='ocr_carea' id='block_1_39' title="bbox 517 3835 2092 3907">
    <p class='ocr_par' dir='ltr' id='par_1_39' title="bbox 517 3835 2092 3907">
     <span class='ocr_line' id='line_1_39' title="bbox 517 3835 2092 3907; baseline -0.002 -15"><span class='ocrx_word' id='word_1_250' title='bbox 517 3851 678 3894; x_wconf 88' lang='lat' dir='ltr'><strong>tenus</strong></span> <span class='ocrx_word' id='word_1_251' title='bbox 720 3838 939 3894; x_wconf 74' lang='lat' dir='ltr'><strong>levitate</strong></span> <span class='ocrx_word' id='word_1_252' title='bbox 966 3849 1060 3894; x_wconf 89' lang='lat' dir='ltr'><strong>aut</strong></span> <span class='ocrx_word' id='word_1_253' title='bbox 1085 3839 1268 3894; x_wconf 89' lang='lat' dir='ltr'><strong>furore</strong></span> <span class='ocrx_word' id='word_1_254' title='bbox 1293 3839 1436 3893; x_wconf 91' lang='lat' dir='ltr'><strong>ducti</strong></span> <span class='ocrx_word' id='word_1_255' title='bbox 1478 3838 1587 3892; x_wconf 91' lang='lat' dir='ltr'><strong>sint</strong></span> <span class='ocrx_word' id='word_1_256' title='bbox 1626 3836 1969 3907; x_wconf 65' lang='lat' dir='ltr'><strong>prtecipitcs;</strong></span> <span class='ocrx_word' id='word_1_257' title='bbox 1998 3835 2092 3890; x_wconf 90' lang='lat' dir='ltr'><strong>sed</strong></span> 
     </span>
    </p>
   </div>
   <div class='ocr_carea' id='block_1_40' title="bbox 516 3925 2092 4000">
    <p class='ocr_par' dir='ltr' id='par_1_40' title="bbox 516 3925 2092 4000">
     <span class='ocr_line' id='line_1_40' title="bbox 516 3925 2092 4000; baseline -0.003 -16"><span class='ocrx_word' id='word_1_258' title='bbox 516 3933 697 3984; x_wconf 84' lang='lat' dir='ltr'><strong>causis</strong></span> <span class='ocrx_word' id='word_1_259' title='bbox 722 3928 868 3997; x_wconf 83' lang='lat' dir='ltr'><strong>prius</strong></span> <span class='ocrx_word' id='word_1_260' title='bbox 903 3928 1185 4000; x_wconf 83' lang='lat' dir='ltr'><strong>diligenter</strong></span> <span class='ocrx_word' id='word_1_261' title='bbox 1210 3928 1506 3992; x_wconf 77' lang='lat' dir='ltr'><strong>ventilatis,</strong></span> <span class='ocrx_word' id='word_1_262' title='bbox 1534 3942 1655 3982; x_wconf 89' lang='lat' dir='ltr'><strong>cum</strong></span> <span class='ocrx_word' id='word_1_263' title='bbox 1688 3941 1776 3980; x_wconf 89' lang='lat' dir='ltr'><strong>res</strong></span> <span class='ocrx_word' id='word_1_264' title='bbox 1797 3941 1917 3995; x_wconf 65' lang='lat' dir='ltr'><strong>qum</strong></span> <span class='ocrx_word' id='word_1_265' title='bbox 1940 3925 2092 3995; x_wconf 87' lang='lat' dir='ltr'><strong>igno-</strong></span> 
     </span>
    </p>
   </div>
   <div class='ocr_carea' id='block_1_41' title="bbox 516 4019 2092 4092">
    <p class='ocr_par' dir='ltr' id='par_1_41' title="bbox 516 4019 2092 4092">
     <span class='ocr_line' id='line_1_41' title="bbox 516 4019 2092 4092; baseline -0.003 -16"><span class='ocrx_word' id='word_1_266' title='bbox 516 4023 743 4078; x_wconf 84' lang='lat' dir='ltr'><strong>rabatur</strong></span> <span class='ocrx_word' id='word_1_267' title='bbox 768 4022 997 4092; x_wconf 89' lang='lat' dir='ltr'><strong>pleniter</strong></span> <span class='ocrx_word' id='word_1_268' title='bbox 1029 4022 1094 4077; x_wconf 89' lang='lat' dir='ltr'><strong>ad</strong></span> <span class='ocrx_word' id='word_1_269' title='bbox 1122 4023 1369 4076; x_wconf 89' lang='lat' dir='ltr'><strong>notitiam</strong></span> <span class='ocrx_word' id='word_1_270' title='bbox 1407 4020 1636 4086; x_wconf 80' lang='lat' dir='ltr'><strong>venerit,</strong></span> <span class='ocrx_word' id='word_1_271' title='bbox 1681 4028 1807 4074; x_wconf 90' lang='lat' dir='ltr'><strong>tunc</strong></span> <span class='ocrx_word' id='word_1_272' title='bbox 1831 4019 2012 4073; x_wconf 87' lang='lat' dir='ltr'><strong>divina</strong></span> <span class='ocrx_word' id='word_1_273' title='bbox 2037 4026 2092 4073; x_wconf 88' lang='lat' dir='ltr'><strong>et</strong></span> 
     </span>
    </p>
   </div>
   <div class='ocr_carea' id='block_1_42' title="bbox 509 4111 2088 4181">
    <p class='ocr_par' dir='ltr' id='par_1_42' title="bbox 509 4111 2088 4181">
     <span class='ocr_line' id='line_1_42' title="bbox 509 4111 2088 4181; baseline -0.003 -13"><span class='ocrx_word' id='word_1_274' title='bbox 509 4112 745 4168; x_wconf 88' lang='lat' dir='ltr'><strong>humana</strong></span> <span class='ocrx_word' id='word_1_275' title='bbox 776 4114 856 4168; x_wconf 84' lang='lat' dir='ltr'><strong>lex</strong></span> <span class='ocrx_word' id='word_1_276' title='bbox 907 4114 1238 4178; x_wconf 89' lang='lat' dir='ltr'><strong>revolvatur,</strong></span> <span class='ocrx_word' id='word_1_277' title='bbox 1269 4121 1323 4168; x_wconf 90' lang='lat' dir='ltr'><strong>et</strong></span> <span class='ocrx_word' id='word_1_278' title='bbox 1352 4112 1646 4169; x_wconf 86' lang='lat' dir='ltr'><strong>secundum</strong></span> <span class='ocrx_word' id='word_1_279' title='bbox 1676 4111 1818 4181; x_wconf 86' lang='lat' dir='ltr'><strong>quod</strong></span> <span class='ocrx_word' id='word_1_280' title='bbox 1861 4111 1931 4166; x_wconf 87' lang='lat' dir='ltr'><strong>ibi</strong></span> <span class='ocrx_word' id='word_1_281' title='bbox 1963 4126 2088 4166; x_wconf 83' lang='lat' dir='ltr'><strong>con—</strong></span> 
     </span>
    </p>
   </div>
   <div class='ocr_carea' id='block_1_43' title="bbox 513 4201 2090 4274">
    <p class='ocr_par' dir='ltr' id='par_1_43' title="bbox 513 4201 2090 4274">
     <span class='ocr_line' id='line_1_43' title="bbox 513 4201 2090 4274; baseline -0.005 -12"><span class='ocrx_word' id='word_1_282' title='bbox 513 4206 760 4262; x_wconf 84' lang='lat' dir='ltr'><strong>stitutum</strong></span> <span class='ocrx_word' id='word_1_283' title='bbox 802 4215 906 4272; x_wconf 91' lang='lat' dir='ltr'><strong>est,</strong></span> <span class='ocrx_word' id='word_1_284' title='bbox 950 4215 1156 4262; x_wconf 88' lang='lat' dir='ltr'><strong>remota</strong></span> <span class='ocrx_word' id='word_1_285' title='bbox 1195 4220 1544 4274; x_wconf 88' lang='lat' dir='ltr'><strong>personarum</strong></span> <span class='ocrx_word' id='word_1_286' title='bbox 1581 4203 1914 4273; x_wconf 88' lang='lat' dir='ltr'><strong>acceptione,</strong></span> <span class='ocrx_word' id='word_1_287' title='bbox 1961 4201 2090 4256; x_wconf 86' lang='lat' dir='ltr'><strong>deﬁ-</strong></span> 
     </span>
    </p>
   </div>
   <div class='ocr_carea' id='block_1_44' title="bbox 509 4294 2091 4368">
    <p class='ocr_par' dir='ltr' id='par_1_44' title="bbox 509 4294 2091 4368">
     <span class='ocr_line' id='line_1_44' title="bbox 509 4294 2091 4368; baseline -0.002 -16"><span class='ocrx_word' id='word_1_288' title='bbox 509 4299 676 4354; x_wconf 87' lang='lat' dir='ltr'><strong>nitiva</strong></span> <span class='ocrx_word' id='word_1_289' title='bbox 721 4299 1027 4368; x_wconf 80' lang='lat' dir='ltr'><strong>proferatur</strong></span> <span class='ocrx_word' id='word_1_290' title='bbox 1072 4299 1356 4354; x_wconf 85' lang='lat' dir='ltr'><strong>sententia.</strong></span> <span class='ocrx_word' id='word_1_291' title='bbox 1388 4297 1523 4352; x_wconf 91' lang='lat' dir='ltr'><strong>llinc</strong></span> <span class='ocrx_word' id='word_1_292' title='bbox 1566 4306 1647 4352; x_wconf 88' lang='lat' dir='ltr'><strong>est</strong></span> <span class='ocrx_word' id='word_1_293' title='bbox 1695 4295 1837 4366; x_wconf 90' lang='lat' dir='ltr'><strong>quod</strong></span> <span class='ocrx_word' id='word_1_294' title='bbox 1880 4294 2091 4366; x_wconf 84' lang='lat' dir='ltr'><strong>Moyses</strong></span> 
     </span>
    </p>
   </div>
   <div class='ocr_carea' id='block_1_45' title="bbox 508 4384 2088 4458">
    <p class='ocr_par' dir='ltr' id='par_1_45' title="bbox 508 4384 2088 4458">
     <span class='ocr_line' id='line_1_45' title="bbox 508 4384 2088 4458; baseline -0.003 -16"><span class='ocrx_word' id='word_1_295' title='bbox 508 4389 757 4456; x_wconf 89' lang='lat' dir='ltr'><strong>querelas</strong></span> <span class='ocrx_word' id='word_1_296' title='bbox 781 4389 960 4458; x_wconf 85' lang='lat' dir='ltr'><strong>populi</strong></span> <span class='ocrx_word' id='word_1_297' title='bbox 988 4403 1202 4458; x_wconf 87' lang='lat' dir='ltr'><strong>semper</strong></span> <span class='ocrx_word' id='word_1_298' title='bbox 1231 4389 1297 4442; x_wconf 88' lang='lat' dir='ltr'><strong>ad</strong></span> <span class='ocrx_word' id='word_1_299' title='bbox 1331 4389 1637 4452; x_wconf 87' lang='lat' dir='ltr'><strong>Dominum,</strong></span> <span class='ocrx_word' id='word_1_300' title='bbox 1678 4384 2088 4441; x_wconf 88' lang='lat' dir='ltr'><strong>tabernaculum</strong></span> 
     </span>
    </p>
   </div>
   <div class='ocr_carea' id='block_1_46' title="bbox 510 4478 2091 4551">
    <p class='ocr_par' dir='ltr' id='par_1_46' title="bbox 510 4478 2091 4551">
     <span class='ocr_line' id='line_1_46' title="bbox 510 4478 2091 4551; baseline -0.001 -17"><span class='ocrx_word' id='word_1_301' title='bbox 510 4481 810 4551; x_wconf 85' lang='lat' dir='ltr'><strong>ingressus,</strong></span> <span class='ocrx_word' id='word_1_302' title='bbox 849 4480 1136 4545; x_wconf 82' lang='lat' dir='ltr'><strong>referebat,</strong></span> <span class='ocrx_word' id='word_1_303' title='bbox 1170 4490 1221 4535; x_wconf 91' lang='lat' dir='ltr'><strong>et</strong></span> <span class='ocrx_word' id='word_1_304' title='bbox 1263 4482 1414 4550; x_wconf 82' lang='lat' dir='ltr'><strong>juxta</strong></span> <span class='ocrx_word' id='word_1_305' title='bbox 1449 4480 1588 4548; x_wconf 90' lang='lat' dir='ltr'><strong>quod</strong></span> <span class='ocrx_word' id='word_1_306' title='bbox 1637 4478 1894 4534; x_wconf 89' lang='lat' dir='ltr'><strong>Dominus</strong></span> <span class='ocrx_word' id='word_1_307' title='bbox 1924 4478 2091 4547; x_wconf 87' lang='lat' dir='ltr'><strong>impe-</strong></span> 
     </span>
    </p>
   </div>
   <div class='ocr_carea' id='block_1_47' title="bbox 518 4568 2089 4640">
    <p class='ocr_par' dir='ltr' id='par_1_47' title="bbox 518 4568 2089 4640">
     <span class='ocr_line' id='line_1_47' title="bbox 518 4568 2089 4640; baseline 0.001 -17"><span class='ocrx_word' id='word_1_308' title='bbox 518 4571 694 4636; x_wconf 89' lang='lat' dir='ltr'><strong>rabat,</strong></span> <span class='ocrx_word' id='word_1_309' title='bbox 734 4568 936 4638; x_wconf 89' lang='lat' dir='ltr'><strong>judicia</strong></span> <span class='ocrx_word' id='word_1_310' title='bbox 973 4571 1340 4640; x_wconf 88' lang='lat' dir='ltr'><strong>proponebat;</strong></span> <span class='ocrx_word' id='word_1_311' title='bbox 1383 4568 1640 4622; x_wconf 89' lang='lat' dir='ltr'><strong>nimirum</strong></span> <span class='ocrx_word' id='word_1_312' title='bbox 1674 4584 1770 4623; x_wconf 92' lang='lat' dir='ltr'><strong>nos</strong></span> <span class='ocrx_word' id='word_1_313' title='bbox 1801 4569 2089 4624; x_wconf 89' lang='lat' dir='ltr'><strong>instituens</strong></span> 
     </span>
    </p>
   </div>
   <div class='ocr_carea' id='block_1_48' title="bbox 2690 639 3304 710">
    <p class='ocr_par' dir='ltr' id='par_1_48' title="bbox 2690 639 3304 710">
     <span class='ocr_line' id='line_1_48' title="bbox 2690 639 3304 710; baseline -0.002 -15"><span class='ocrx_word' id='word_1_314' title='bbox 2690 641 2778 695; x_wconf 80' lang='lat' dir='ltr'><strong>Ea:</strong></span> <span class='ocrx_word' id='word_1_315' title='bbox 2799 639 2951 694; x_wconf 86' lang='lat' dir='ltr'><strong>dictis</strong></span> <span class='ocrx_word' id='word_1_316' title='bbox 2974 639 3304 710; x_wconf 76' lang='lat' dir='ltr'><strong>Hieronymi.</strong></span> 
     </span>
    </p>
   </div>
   <div class='ocr_carea' id='block_1_49' title="bbox 2272 751 3794 825">
    <p class='ocr_par' dir='ltr' id='par_1_49' title="bbox 2272 751 3794 825">
     <span class='ocr_line' id='line_1_49' title="bbox 2272 751 3794 825; baseline -0.002 -16"><span class='ocrx_word' id='word_1_317' title='bbox 2272 752 2470 809; x_wconf 79' lang='lat' dir='ltr'><strong><em>CCCX.</em></strong></span> <span class='ocrx_word' id='word_1_318' title='bbox 2498 753 2770 825; x_wconf 72' lang='lat' dir='ltr'><strong>(Hisaoa.</strong></span> <span class='ocrx_word' id='word_1_319' title='bbox 2798 754 2854 808; x_wconf 88' lang='lat' dir='ltr'><strong>in</strong></span> <span class='ocrx_word' id='word_1_320' title='bbox 2890 751 3080 822; x_wconf 79' lang='lat' dir='ltr'><strong>Matth.</strong></span> <span class='ocrx_word' id='word_1_321' title='bbox 3115 768 3164 807; x_wconf 91' lang='lat' dir='ltr'><strong>c.</strong></span> <span class='ocrx_word' id='word_1_322' title='bbox 3199 753 3302 820; x_wconf 86' lang='lat' dir='ltr'><strong>l8;</strong></span> <span class='ocrx_word' id='word_1_323' title='bbox 3338 751 3670 808; x_wconf 72' lang='lat' dir='ltr'><strong>Buacman.</strong></span> <span class='ocrx_word' id='word_1_324' title='bbox 3707 751 3794 806; x_wconf 66' lang='grc' dir='ltr'><strong>ΠΙ).</strong></span> 
     </span>
    </p>
   </div>
   <div class='ocr_carea' id='block_1_50' title="bbox 2203 842 3796 915">
    <p class='ocr_par' dir='ltr' id='par_1_50' title="bbox 2203 842 3796 915">
     <span class='ocr_line' id='line_1_50' title="bbox 2203 842 3796 915; baseline -0.001 -17"><span class='ocrx_word' id='word_1_325' title='bbox 2203 859 2281 908; x_wconf 72' lang='lat' dir='ltr'><strong>x1,</strong></span> <span class='ocrx_word' id='word_1_326' title='bbox 2323 859 2372 899; x_wconf 90' lang='lat' dir='ltr'><strong>c.</strong></span> <span class='ocrx_word' id='word_1_327' title='bbox 2402 844 2508 910; x_wconf 77' lang='lat' dir='ltr'><strong>i5;</strong></span> <span class='ocrx_word' id='word_1_328' title='bbox 2553 845 2644 900; x_wconf 87' lang='lat' dir='ltr'><strong>lvo</strong></span> <span class='ocrx_word' id='word_1_329' title='bbox 2683 853 2838 915; x_wconf 89' lang='lat' dir='ltr'><strong>parte</strong></span> <span class='ocrx_word' id='word_1_330' title='bbox 2862 859 2974 908; x_wconf 69' lang='grc' dir='ltr'>χιι,</span> <span class='ocrx_word' id='word_1_331' title='bbox 3006 859 3056 898; x_wconf 91' lang='lat' dir='ltr'><strong>c.</strong></span> <span class='ocrx_word' id='word_1_332' title='bbox 3087 842 3198 914; x_wconf 86' lang='lat'><strong>85).</strong></span> <span class='ocrx_word' id='word_1_333' title='bbox 3251 842 3673 899; x_wconf 81' lang='lat' dir='ltr'><strong>Attendendum</strong></span> <span class='ocrx_word' id='word_1_334' title='bbox 3722 853 3796 897; x_wconf 84' lang='lat' dir='ltr'><strong>est</strong></span> 
     </span>
    </p>
   </div>
   <div class='ocr_carea' id='block_1_51' title="bbox 2203 937 3791 1008">
    <p class='ocr_par' dir='ltr' id='par_1_51' title="bbox 2203 937 3791 1008">
     <span class='ocr_line' id='line_1_51' title="bbox 2203 937 3791 1008; baseline -0.001 -18"><span class='ocrx_word' id='word_1_335' title='bbox 2203 939 2329 1007; x_wconf 90' lang='lat' dir='ltr'><strong>quid</strong></span> <span class='ocrx_word' id='word_1_336' title='bbox 2360 939 2618 993; x_wconf 89' lang='lat' dir='ltr'><strong>Dominus</strong></span> <span class='ocrx_word' id='word_1_337' title='bbox 2646 938 2793 994; x_wconf 88' lang='lat' dir='ltr'><strong>dicat</strong></span> <span class='ocrx_word' id='word_1_338' title='bbox 2819 955 2832 990; x_wconf 89' lang='lat'><strong>:</strong></span> <span class='ocrx_word' id='word_1_339' title='bbox 2867 937 2924 992; x_wconf 91' lang='lat' dir='ltr'><strong>Si</strong></span> <span class='ocrx_word' id='word_1_340' title='bbox 2960 937 3245 1008; x_wconf 85' lang='lat' dir='ltr'><strong>peccaverit</strong></span> <span class='ocrx_word' id='word_1_341' title='bbox 3272 937 3328 990; x_wconf 89' lang='lat' dir='ltr'><strong>in</strong></span> <span class='ocrx_word' id='word_1_342' title='bbox 3362 946 3411 991; x_wconf 89' lang='lat' dir='ltr'><strong>te</strong></span> <span class='ocrx_word' id='word_1_343' title='bbox 3447 937 3630 1006; x_wconf 81' lang='lat' dir='ltr'><strong>frater</strong></span> <span class='ocrx_word' id='word_1_344' title='bbox 3657 946 3791 988; x_wconf 68' lang='lat' dir='ltr'><strong>tua.</strong></span> 
     </span>
    </p>
   </div>
   <div class='ocr_carea' id='block_1_52' title="bbox 2201 1026 3795 1097">
    <p class='ocr_par' dir='ltr' id='par_1_52' title="bbox 2201 1026 3795 1097">
     <span class='ocr_line' id='line_1_52' title="bbox 2201 1026 3795 1097; baseline 0 -17"><span class='ocrx_word' id='word_1_345' title='bbox 2201 1027 2361 1081; x_wconf 84' lang='lat' dir='ltr'><strong>Aliud</strong></span> <span class='ocrx_word' id='word_1_346' title='bbox 2391 1035 2473 1082; x_wconf 87' lang='lat' dir='ltr'><strong>est</strong></span> <span class='ocrx_word' id='word_1_347' title='bbox 2512 1042 2738 1096; x_wconf 88' lang='lat' dir='ltr'><strong>peccare</strong></span> <span class='ocrx_word' id='word_1_348' title='bbox 2786 1028 2840 1081; x_wconf 90' lang='lat' dir='ltr'><strong>in</strong></span> <span class='ocrx_word' id='word_1_349' title='bbox 2873 1042 2994 1091; x_wconf 90' lang='lat' dir='ltr'><strong>nos,</strong></span> <span class='ocrx_word' id='word_1_350' title='bbox 3025 1026 3171 1080; x_wconf 91' lang='lat' dir='ltr'><strong>aliud</strong></span> <span class='ocrx_word' id='word_1_351' title='bbox 3208 1041 3440 1097; x_wconf 83' lang='lat' dir='ltr'><strong>peccare</strong></span> <span class='ocrx_word' id='word_1_352' title='bbox 3484 1027 3545 1082; x_wconf 86' lang='lat' dir='ltr'><strong>in</strong></span> <span class='ocrx_word' id='word_1_353' title='bbox 3598 1027 3795 1081; x_wconf 83' lang='lat' dir='ltr'><strong>Deum.</strong></span> 
     </span>
    </p>
   </div>
   <div class='ocr_carea' id='block_1_53' title="bbox 2203 1117 3794 1196">
    <p class='ocr_par' dir='ltr' id='par_1_53' title="bbox 2203 1117 3794 1196">
     <span class='ocr_line' id='line_1_53' title="bbox 2203 1117 3794 1196; baseline 0.003 -23"><span class='ocrx_word' id='word_1_354' title='bbox 2203 1117 2261 1173; x_wconf 91' lang='lat' dir='ltr'><strong>Si</strong></span> <span class='ocrx_word' id='word_1_355' title='bbox 2310 1120 2364 1174; x_wconf 92' lang='lat' dir='ltr'><strong>in</strong></span> <span class='ocrx_word' id='word_1_356' title='bbox 2409 1137 2507 1177; x_wconf 92' lang='lat' dir='ltr'><strong>nos</strong></span> <span class='ocrx_word' id='word_1_357' title='bbox 2547 1123 2743 1194; x_wconf 86' lang='lat' dir='ltr'><strong>aliquis</strong></span> <span class='ocrx_word' id='word_1_358' title='bbox 2788 1126 3112 1196; x_wconf 89' lang='lat' dir='ltr'><strong>peccaverit,</strong></span> <span class='ocrx_word' id='word_1_359' title='bbox 3154 1125 3419 1181; x_wconf 89' lang='lat' dir='ltr'><strong>habemus</strong></span> <span class='ocrx_word' id='word_1_360' title='bbox 3458 1133 3794 1195; x_wconf 71' lang='lat' dir='ltr'><strong>potestatein</strong></span> 
     </span>
    </p>
   </div>
   <div class='ocr_carea' id='block_1_54' title="bbox 2201 1209 3794 1286">
    <p class='ocr_par' dir='ltr' id='par_1_54' title="bbox 2201 1209 3794 1286">
     <span class='ocr_line' id='line_1_54' title="bbox 2201 1209 3794 1286; baseline 0.004 -24"><span class='ocrx_word' id='word_1_361' title='bbox 2201 1209 2473 1268; x_wconf 90' lang='lat' dir='ltr'><strong>dimittere</strong></span> <span class='ocrx_word' id='word_1_362' title='bbox 2493 1213 2562 1268; x_wconf 92' lang='lat' dir='ltr'><strong>ei.</strong></span> <span class='ocrx_word' id='word_1_363' title='bbox 2597 1215 2653 1270; x_wconf 92' lang='lat' dir='ltr'><strong>Si</strong></span> <span class='ocrx_word' id='word_1_364' title='bbox 2682 1224 2861 1271; x_wconf 88' lang='lat' dir='ltr'><strong>autem</strong></span> <span class='ocrx_word' id='word_1_365' title='bbox 2900 1217 2953 1271; x_wconf 93' lang='lat' dir='ltr'><strong>in</strong></span> <span class='ocrx_word' id='word_1_366' title='bbox 2982 1216 3151 1271; x_wconf 87' lang='lat' dir='ltr'><strong>Deum</strong></span> <span class='ocrx_word' id='word_1_367' title='bbox 3175 1216 3296 1286; x_wconf 89' lang='lat' dir='ltr'><strong>quis</strong></span> <span class='ocrx_word' id='word_1_368' title='bbox 3325 1217 3671 1285; x_wconf 74' lang='lat' dir='ltr'><strong>peccaverit,</strong></span> <span class='ocrx_word' id='word_1_369' title='bbox 3696 1231 3794 1270; x_wconf 76' lang='lat' dir='ltr'><strong>non</strong></span> 
     </span>
    </p>
   </div>
   <div class='ocr_carea' id='block_1_55' title="bbox 2201 1303 3795 1377">
    <p class='ocr_par' dir='ltr' id='par_1_55' title="bbox 2201 1303 3795 1377">
     <span class='ocr_line' id='line_1_55' title="bbox 2201 1303 3795 1377; baseline 0.003 -23"><span class='ocrx_word' id='word_1_370' title='bbox 2201 1309 2287 1354; x_wconf 90' lang='lat' dir='ltr'><strong>est</strong></span> <span class='ocrx_word' id='word_1_371' title='bbox 2313 1303 2484 1356; x_wconf 92' lang='lat' dir='ltr'><strong>nostri</strong></span> <span class='ocrx_word' id='word_1_372' title='bbox 2535 1305 2771 1362; x_wconf 87' lang='lat' dir='ltr'><strong>arbitrii.</strong></span> <span class='ocrx_word' id='word_1_373' title='bbox 2814 1305 3086 1377; x_wconf 90' lang='lat' dir='ltr'><strong>Scriptum</strong></span> <span class='ocrx_word' id='word_1_374' title='bbox 3119 1307 3315 1376; x_wconf 89' lang='lat' dir='ltr'><strong>quippe</strong></span> <span class='ocrx_word' id='word_1_375' title='bbox 3359 1315 3482 1363; x_wconf 89' lang='lat' dir='ltr'><strong>est:</strong></span> <span class='ocrx_word' id='word_1_376' title='bbox 3516 1306 3588 1361; x_wconf 86' lang='lat' dir='ltr'><strong>Si</strong></span> <span class='ocrx_word' id='word_1_377' title='bbox 3616 1323 3795 1376; x_wconf 75' lang='lat' dir='ltr'><strong>pecca-</strong></span> 
     </span>
    </p>
   </div>
   <div class='ocr_carea' id='block_1_56' title="bbox 2200 1391 3794 1466">
    <p class='ocr_par' dir='ltr' id='par_1_56' title="bbox 2200 1391 3794 1466">
     <span class='ocr_line' id='line_1_56' title="bbox 2200 1391 3794 1466; baseline 0.002 -22"><span class='ocrx_word' id='word_1_378' title='bbox 2200 1391 2327 1445; x_wconf 84' lang='lat' dir='ltr'><strong>verit</strong></span> <span class='ocrx_word' id='word_1_379' title='bbox 2359 1393 2508 1447; x_wconf 89' lang='lat' dir='ltr'><strong>virin</strong></span> <span class='ocrx_word' id='word_1_380' title='bbox 2537 1395 2729 1462; x_wconf 86' lang='lat' dir='ltr'><strong>virum,</strong></span> <span class='ocrx_word' id='word_1_381' title='bbox 2759 1397 2960 1466; x_wconf 86' lang='lat' dir='ltr'><strong>placari</strong></span> <span class='ocrx_word' id='word_1_382' title='bbox 2983 1406 3147 1466; x_wconf 77' lang='lat' dir='ltr'><strong>potest</strong></span> <span class='ocrx_word' id='word_1_383' title='bbox 3172 1399 3220 1450; x_wconf 91' lang='lat' dir='ltr'><strong>ei</strong></span> <span class='ocrx_word' id='word_1_384' title='bbox 3251 1397 3410 1451; x_wconf 86' lang='lat' dir='ltr'><strong>Deus.</strong></span> <span class='ocrx_word' id='word_1_385' title='bbox 3442 1396 3503 1450; x_wconf 83' lang='lat' dir='ltr'><strong>Si</strong></span> <span class='ocrx_word' id='word_1_386' title='bbox 3527 1406 3720 1448; x_wconf 82' lang='lat' dir='ltr'><strong>autem</strong></span> <span class='ocrx_word' id='word_1_387' title='bbox 3746 1398 3794 1448; x_wconf 70' lang='lat' dir='ltr'><strong>in</strong></span> 
     </span>
    </p>
   </div>
   <div class='ocr_carea' id='block_1_57' title="bbox 2199 1479 3792 1558">
    <p class='ocr_par' dir='ltr' id='par_1_57' title="bbox 2199 1479 3792 1558">
     <span class='ocr_line' id='line_1_57' title="bbox 2199 1479 3792 1558; baseline 0.001 -24"><span class='ocrx_word' id='word_1_388' title='bbox 2199 1479 2369 1536; x_wconf 90' lang='lat' dir='ltr'><strong>Deum</strong></span> <span class='ocrx_word' id='word_1_389' title='bbox 2423 1487 2728 1553; x_wconf 86' lang='lat' dir='ltr'><strong>peccaverit,</strong></span> <span class='ocrx_word' id='word_1_390' title='bbox 2781 1488 2898 1558; x_wconf 87' lang='lat' dir='ltr'><strong>quis</strong></span> <span class='ocrx_word' id='word_1_391' title='bbox 2940 1487 3106 1541; x_wconf 88' lang='lat' dir='ltr'><strong>orabit</strong></span> <span class='ocrx_word' id='word_1_392' title='bbox 3145 1503 3240 1556; x_wconf 91' lang='lat' dir='ltr'><strong>pro</strong></span> <span class='ocrx_word' id='word_1_393' title='bbox 3277 1504 3337 1541; x_wconf 89' lang='lat' dir='ltr'><strong>eo</strong></span> <span class='ocrx_word' id='word_1_394' title='bbox 3362 1488 3389 1540; x_wconf 81' lang='lat'><strong><em>?</em></strong></span> <span class='ocrx_word' id='word_1_395' title='bbox 3441 1486 3506 1557; x_wconf 87' lang='grc' dir='ltr'><strong>(Ι</strong></span> <span class='ocrx_word' id='word_1_396' title='bbox 3544 1485 3680 1556; x_wconf 82' lang='lat' dir='ltr'><strong>Reg.</strong></span> <span class='ocrx_word' id='word_1_397' title='bbox 3717 1488 3792 1552; x_wconf 70' lang='lat' dir='ltr'><strong>ti.)</strong></span> 
     </span>
    </p>
   </div>
   <div class='ocr_carea' id='block_1_58' title="bbox 2200 1571 3789 1649">
    <p class='ocr_par' dir='ltr' id='par_1_58' title="bbox 2200 1571 3789 1649">
     <span class='ocr_line' id='line_1_58' title="bbox 2200 1571 3789 1649; baseline 0.003 -23"><span class='ocrx_word' id='word_1_398' title='bbox 2200 1571 2309 1628; x_wconf 85' lang='lat' dir='ltr'><strong>Nos</strong></span> <span class='ocrx_word' id='word_1_399' title='bbox 2333 1589 2363 1629; x_wconf 91' lang='lat' dir='ltr'><strong>e</strong></span> <span class='ocrx_word' id='word_1_400' title='bbox 2390 1577 2663 1633; x_wconf 86' lang='lat' dir='ltr'><strong>contrario</strong></span> <span class='ocrx_word' id='word_1_401' title='bbox 2689 1579 2742 1632; x_wconf 91' lang='lat' dir='ltr'><strong>in</strong></span> <span class='ocrx_word' id='word_1_402' title='bbox 2774 1579 2866 1633; x_wconf 91' lang='lat' dir='ltr'><strong>Dei</strong></span> <span class='ocrx_word' id='word_1_403' title='bbox 2898 1579 3090 1644; x_wconf 89' lang='lat' dir='ltr'><strong>injuria</strong></span> <span class='ocrx_word' id='word_1_404' title='bbox 3122 1579 3341 1649; x_wconf 80' lang='lat' dir='ltr'><strong>benigni</strong></span> <span class='ocrx_word' id='word_1_405' title='bbox 3378 1590 3435 1636; x_wconf 87' lang='lat' dir='ltr'><strong>et</strong></span> <span class='ocrx_word' id='word_1_406' title='bbox 3469 1579 3789 1633; x_wconf 87' lang='lat' dir='ltr'><strong>misericor-</strong></span> 
     </span>
    </p>
   </div>
   <div class='ocr_carea' id='block_1_59' title="bbox 2199 1665 3790 1739">
    <p class='ocr_par' dir='ltr' id='par_1_59' title="bbox 2199 1665 3790 1739">
     <span class='ocr_line' id='line_1_59' title="bbox 2199 1665 3790 1739; baseline 0.001 -21"><span class='ocrx_word' id='word_1_407' title='bbox 2199 1665 2294 1720; x_wconf 90' lang='lat' dir='ltr'><strong>des</strong></span> <span class='ocrx_word' id='word_1_408' title='bbox 2319 1680 2526 1731; x_wconf 90' lang='lat' dir='ltr'><strong>sumus,</strong></span> <span class='ocrx_word' id='word_1_409' title='bbox 2553 1678 2608 1722; x_wconf 94' lang='lat' dir='ltr'><strong>et</strong></span> <span class='ocrx_word' id='word_1_410' title='bbox 2643 1668 2738 1724; x_wconf 89' lang='lat' dir='ltr'><strong>Dei</strong></span> <span class='ocrx_word' id='word_1_411' title='bbox 2782 1669 3062 1734; x_wconf 72' lang='lat' dir='ltr'><strong>offensam,</strong></span> <span class='ocrx_word' id='word_1_412' title='bbox 3095 1671 3245 1739; x_wconf 91' lang='lat' dir='ltr'><strong>quasi</strong></span> <span class='ocrx_word' id='word_1_413' title='bbox 3305 1669 3358 1723; x_wconf 91' lang='lat' dir='ltr'><strong>in</strong></span> <span class='ocrx_word' id='word_1_414' title='bbox 3405 1681 3604 1723; x_wconf 84' lang='lat' dir='ltr'><strong>nostra</strong></span> <span class='ocrx_word' id='word_1_415' title='bbox 3644 1678 3790 1739; x_wconf 80' lang='lat' dir='ltr'><strong>pote-</strong></span> 
     </span>
    </p>
   </div>
   <div class='ocr_carea' id='block_1_60' title="bbox 2200 1757 3788 1832">
    <p class='ocr_par' dir='ltr' id='par_1_60' title="bbox 2200 1757 3788 1832">
     <span class='ocr_line' id='line_1_60' title="bbox 2200 1757 3788 1832; baseline 0.002 -23"><span class='ocrx_word' id='word_1_416' title='bbox 2200 1765 2340 1812; x_wconf 88' lang='lat' dir='ltr'><strong>state</strong></span> <span class='ocrx_word' id='word_1_417' title='bbox 2366 1758 2435 1813; x_wconf 93' lang='lat' dir='ltr'><strong>sit</strong></span> <span class='ocrx_word' id='word_1_418' title='bbox 2462 1757 2580 1828; x_wconf 88' lang='lat' dir='ltr'><strong>ejus</strong></span> <span class='ocrx_word' id='word_1_419' title='bbox 2607 1760 2744 1815; x_wconf 88' lang='lat' dir='ltr'><strong>velle</strong></span> <span class='ocrx_word' id='word_1_420' title='bbox 2779 1771 2832 1815; x_wconf 90' lang='lat' dir='ltr'><strong>et</strong></span> <span class='ocrx_word' id='word_1_421' title='bbox 2847 1761 2960 1832; x_wconf 91' lang='lat' dir='ltr'><strong>ejus</strong></span> <span class='ocrx_word' id='word_1_422' title='bbox 2990 1761 3147 1827; x_wconf 88' lang='lat' dir='ltr'><strong>nolle,</strong></span> <span class='ocrx_word' id='word_1_423' title='bbox 3182 1761 3400 1831; x_wconf 85' lang='lat' dir='ltr'><strong>impune</strong></span> <span class='ocrx_word' id='word_1_424' title='bbox 3429 1759 3650 1830; x_wconf 83' lang='lat' dir='ltr'><strong>absque</strong></span> <span class='ocrx_word' id='word_1_425' title='bbox 3675 1775 3788 1813; x_wconf 82' lang='lat' dir='ltr'><strong>coo-</strong></span> 
     </span>
    </p>
   </div>
   <div class='ocr_carea' id='block_1_61' title="bbox 2200 1850 3787 1920">
    <p class='ocr_par' dir='ltr' id='par_1_61' title="bbox 2200 1850 3787 1920">
     <span class='ocr_line' id='line_1_61' title="bbox 2200 1850 3787 1920; baseline 0.004 -21"><span class='ocrx_word' id='word_1_426' title='bbox 2200 1850 2408 1918; x_wconf 84' lang='lat' dir='ltr'><strong>gruenti</strong></span> <span class='ocrx_word' id='word_1_427' title='bbox 2455 1851 2790 1920; x_wconf 64' lang='lat' dir='ltr'><strong>paenitentia:</strong></span> <span class='ocrx_word' id='word_1_428' title='bbox 2829 1854 3062 1908; x_wconf 83' lang='lat' dir='ltr'><strong>vindicta</strong></span> <span class='ocrx_word' id='word_1_429' title='bbox 3099 1854 3401 1915; x_wconf 86' lang='lat' dir='ltr'><strong>donamus:</strong></span> <span class='ocrx_word' id='word_1_430' title='bbox 3437 1868 3567 1908; x_wconf 89' lang='lat' dir='ltr'><strong>cum</strong></span> <span class='ocrx_word' id='word_1_431' title='bbox 3618 1864 3787 1906; x_wconf 81' lang='lat' dir='ltr'><strong>tamen</strong></span> 
     </span>
    </p>
   </div>
   <div class='ocr_carea' id='block_1_62' title="bbox 2127 1926 3785 2009">
    <p class='ocr_par' dir='ltr' id='par_1_62' title="bbox 2127 1926 3785 2009">
     <span class='ocr_line' id='line_1_62' title="bbox 2127 1926 3785 2009; baseline 0.005 -22"><span class='ocrx_word' id='word_1_432' title='bbox 2127 1926 2171 1986; x_wconf 87' lang='grc' dir='ltr'><strong><em>Β</em></strong></span> <span class='ocrx_word' id='word_1_433' title='bbox 2199 1941 2339 2008; x_wconf 87' lang='lat' dir='ltr'><strong>quod</strong></span> <span class='ocrx_word' id='word_1_434' title='bbox 2383 1941 2436 1994; x_wconf 92' lang='lat' dir='ltr'><strong>in</strong></span> <span class='ocrx_word' id='word_1_435' title='bbox 2468 1941 2620 1997; x_wconf 91' lang='lat' dir='ltr'><strong>nobis</strong></span> <span class='ocrx_word' id='word_1_436' title='bbox 2667 1944 3012 1998; x_wconf 89' lang='lat' dir='ltr'><strong>commissum</strong></span> <span class='ocrx_word' id='word_1_437' title='bbox 3051 1953 3154 2009; x_wconf 90' lang='lat' dir='ltr'><strong>est,</strong></span> <span class='ocrx_word' id='word_1_438' title='bbox 3191 1961 3289 2000; x_wconf 90' lang='lat' dir='ltr'><strong>nec</strong></span> <span class='ocrx_word' id='word_1_439' title='bbox 3346 1946 3535 1999; x_wconf 83' lang='lat' dir='ltr'><strong>saltim</strong></span> <span class='ocrx_word' id='word_1_440' title='bbox 3567 1946 3785 2000; x_wconf 75' lang='lat' dir='ltr'><strong>verbum</strong></span> 
     </span>
    </p>
   </div>
   <div class='ocr_carea' id='block_1_63' title="bbox 2200 2032 3784 2111">
    <p class='ocr_par' dir='ltr' id='par_1_63' title="bbox 2200 2032 3784 2111">
     <span class='ocr_line' id='line_1_63' title="bbox 2200 2032 3784 2111; baseline -0.001 -25"><span class='ocrx_word' id='word_1_441' title='bbox 2200 2032 2646 2089; x_wconf 82' lang='lat' dir='ltr'><strong>contumeliosum</strong></span> <span class='ocrx_word' id='word_1_442' title='bbox 2694 2035 2885 2111; x_wconf 81' lang='lat' dir='ltr'><strong>leviter</strong></span> <span class='ocrx_word' id='word_1_443' title='bbox 2925 2036 3212 2105; x_wconf 89' lang='lat' dir='ltr'><strong>prolatum,</strong></span> <span class='ocrx_word' id='word_1_444' title='bbox 3247 2037 3368 2091; x_wconf 91' lang='lat' dir='ltr'><strong>sine</strong></span> <span class='ocrx_word' id='word_1_445' title='bbox 3392 2037 3646 2090; x_wconf 81' lang='lat' dir='ltr'><strong>vindicta</strong></span> <span class='ocrx_word' id='word_1_446' title='bbox 3674 2051 3784 2105; x_wconf 80' lang='lat' dir='ltr'><strong>per-</strong></span> 
     </span>
    </p>
   </div>
   <div class='ocr_carea' id='block_1_64' title="bbox 2201 2123 3784 2197">
    <p class='ocr_par' dir='ltr' id='par_1_64' title="bbox 2201 2123 3784 2197">
     <span class='ocr_line' id='line_1_64' title="bbox 2201 2123 3784 2197; baseline 0.001 -21"><span class='ocrx_word' id='word_1_447' title='bbox 2201 2123 2437 2180; x_wconf 87' lang='lat' dir='ltr'><strong>transire</strong></span> <span class='ocrx_word' id='word_1_448' title='bbox 2464 2125 2755 2194; x_wconf 86' lang='lat' dir='ltr'><strong>patiamur.</strong></span> <span class='ocrx_word' id='word_1_449' title='bbox 2800 2125 3148 2181; x_wconf 91' lang='lat' dir='ltr'><strong>Dimitlamus</strong></span> <span class='ocrx_word' id='word_1_450' title='bbox 3190 2142 3320 2197; x_wconf 87' lang='lat' dir='ltr'><strong>ergo</strong></span> <span class='ocrx_word' id='word_1_451' title='bbox 3373 2135 3604 2196; x_wconf 85' lang='lat' dir='ltr'><strong>propter</strong></span> <span class='ocrx_word' id='word_1_452' title='bbox 3632 2126 3784 2180; x_wconf 82' lang='lat' dir='ltr'><strong>Deum</strong></span> 
     </span>
    </p>
   </div>
   <div class='ocr_carea' id='block_1_65' title="bbox 2200 2215 3782 2286">
    <p class='ocr_par' dir='ltr' id='par_1_65' title="bbox 2200 2215 3782 2286">
     <span class='ocr_line' id='line_1_65' title="bbox 2200 2215 3782 2286; baseline 0 -20"><span class='ocrx_word' id='word_1_453' title='bbox 2200 2215 2341 2283; x_wconf 90' lang='lat' dir='ltr'><strong>quod</strong></span> <span class='ocrx_word' id='word_1_454' title='bbox 2391 2215 2444 2268; x_wconf 92' lang='lat' dir='ltr'><strong>in</strong></span> <span class='ocrx_word' id='word_1_455' title='bbox 2491 2215 2649 2270; x_wconf 81' lang='lat' dir='ltr'><strong>nobis</strong></span> <span class='ocrx_word' id='word_1_456' title='bbox 2696 2223 3062 2285; x_wconf 86' lang='lat' dir='ltr'><strong>perpetratum</strong></span> <span class='ocrx_word' id='word_1_457' title='bbox 3095 2226 3217 2280; x_wconf 90' lang='lat' dir='ltr'><strong>est;</strong></span> <span class='ocrx_word' id='word_1_458' title='bbox 3249 2225 3304 2270; x_wconf 90' lang='lat' dir='ltr'><strong>et</strong></span> <span class='ocrx_word' id='word_1_459' title='bbox 3347 2216 3498 2286; x_wconf 88' lang='lat' dir='ltr'><strong>quod</strong></span> <span class='ocrx_word' id='word_1_460' title='bbox 3538 2217 3596 2268; x_wconf 92' lang='lat' dir='ltr'><strong>in</strong></span> <span class='ocrx_word' id='word_1_461' title='bbox 3628 2217 3782 2269; x_wconf 82' lang='lat' dir='ltr'><strong>Deum</strong></span> 
     </span>
    </p>
   </div>
   <div class='ocr_carea' id='block_1_66' title="bbox 2197 2303 3781 2376">
    <p class='ocr_par' dir='ltr' id='par_1_66' title="bbox 2197 2303 3781 2376">
     <span class='ocr_line' id='line_1_66' title="bbox 2197 2303 3781 2376; baseline -0.003 -16"><span class='ocrx_word' id='word_1_462' title='bbox 2197 2305 2544 2362; x_wconf 90' lang='lat' dir='ltr'><strong>commissum</strong></span> <span class='ocrx_word' id='word_1_463' title='bbox 2575 2315 2679 2371; x_wconf 90' lang='lat' dir='ltr'><strong>est,</strong></span> <span class='ocrx_word' id='word_1_464' title='bbox 2709 2307 2835 2376; x_wconf 89' lang='lat' dir='ltr'><strong>quia</strong></span> <span class='ocrx_word' id='word_1_465' title='bbox 2860 2307 3132 2360; x_wconf 87' lang='lat' dir='ltr'><strong>dimittere</strong></span> <span class='ocrx_word' id='word_1_466' title='bbox 3170 2319 3272 2359; x_wconf 93' lang='lat' dir='ltr'><strong>non</strong></span> <span class='ocrx_word' id='word_1_467' title='bbox 3299 2303 3781 2374; x_wconf 77' lang='lat' dir='ltr'><strong>possumus,juxta</strong></span> 
     </span>
    </p>
   </div>
   <div class='ocr_carea' id='block_1_67' title="bbox 2197 2399 3780 2474">
    <p class='ocr_par' dir='ltr' id='par_1_67' title="bbox 2197 2399 3780 2474">
     <span class='ocr_line' id='line_1_67' title="bbox 2197 2399 3780 2474; baseline -0.002 -20"><span class='ocrx_word' id='word_1_468' title='bbox 2197 2400 2638 2454; x_wconf 90' lang='lat' dir='ltr'><strong>consuetudinem</strong></span> <span class='ocrx_word' id='word_1_469' title='bbox 2695 2399 2912 2474; x_wconf 73' lang='lat' dir='ltr'><strong>[Codex</strong></span> <span class='ocrx_word' id='word_1_470' title='bbox 2947 2417 3047 2453; x_wconf 88' lang='lat' dir='ltr'><strong>ms.</strong></span> <span class='ocrx_word' id='word_1_471' title='bbox 3094 2401 3519 2472; x_wconf 78' lang='lat' dir='ltr'><strong>constitution.)</strong></span> <span class='ocrx_word' id='word_1_472' title='bbox 3573 2410 3780 2454; x_wconf 81' lang='lat' dir='ltr'><strong>saneto-</strong></span> 
     </span>
    </p>
   </div>
   <div class='ocr_carea' id='block_1_68' title="bbox 2196 2489 3778 2561">
    <p class='ocr_par' dir='ltr' id='par_1_68' title="bbox 2196 2489 3778 2561">
     <span class='ocr_line' id='line_1_68' title="bbox 2196 2489 3778 2561; baseline -0.003 -17"><span class='ocrx_word' id='word_1_473' title='bbox 2196 2505 2314 2544; x_wconf 90' lang='lat' dir='ltr'><strong>rum</strong></span> <span class='ocrx_word' id='word_1_474' title='bbox 2343 2489 2506 2561; x_wconf 78' lang='lat' dir='ltr'><strong>33o</strong></span> <span class='ocrx_word' id='word_1_475' title='bbox 2538 2490 2782 2558; x_wconf 85' lang='lat' dir='ltr'><strong>Patrum,</strong></span> <span class='ocrx_word' id='word_1_476' title='bbox 2807 2490 3101 2546; x_wconf 90' lang='lat' dir='ltr'><strong>secundum</strong></span> <span class='ocrx_word' id='word_1_477' title='bbox 3133 2492 3452 2546; x_wconf 86' lang='lat' dir='ltr'><strong>canonicam</strong></span> <span class='ocrx_word' id='word_1_478' title='bbox 3487 2491 3778 2545; x_wconf 62' lang='lat' dir='ltr'><strong>auctoritao</strong></span> 
     </span>
    </p>
   </div>
   <div class='ocr_carea' id='block_1_69' title="bbox 2198 2581 2694 2638">
    <p class='ocr_par' dir='ltr' id='par_1_69' title="bbox 2198 2581 2694 2638">
     <span class='ocr_line' id='line_1_69' title="bbox 2198 2581 2694 2638; baseline 0.004 -4"><span class='ocrx_word' id='word_1_479' title='bbox 2198 2589 2306 2635; x_wconf 88' lang='lat' dir='ltr'><strong>tem</strong></span> <span class='ocrx_word' id='word_1_480' title='bbox 2341 2581 2694 2638; x_wconf 86' lang='lat' dir='ltr'><strong>vindicemus.</strong></span> 
     </span>
    </p>
   </div>
   <div class='ocr_carea' id='block_1_70' title="bbox 2686 2690 3294 2732">
    <p class='ocr_par' dir='ltr' id='par_1_70' title="bbox 2686 2690 3294 2732">
     <span class='ocr_line' id='line_1_70' title="bbox 2686 2690 3294 2732; baseline -0.003 -1"><span class='ocrx_word' id='word_1_481' title='bbox 2686 2691 2876 2732; x_wconf 72' lang='lat' dir='ltr'><strong>ABBINC</strong></span> <span class='ocrx_word' id='word_1_482' title='bbox 2915 2693 2982 2732; x_wconf 79' lang='lat' dir='ltr'><strong>DE</strong></span> <span class='ocrx_word' id='word_1_483' title='bbox 3021 2690 3294 2731; x_wconf 73' lang='grc' dir='ltr'>Ρειυυιιιο.</span> 
     </span>
    </p>
   </div>
   <div class='ocr_carea' id='block_1_71' title="bbox 2858 2768 3110 2839">
    <p class='ocr_par' dir='ltr' id='par_1_71' title="bbox 2858 2768 3110 2839">
     <span class='ocr_line' id='line_1_71' title="bbox 2858 2768 3110 2839; baseline -0.004 -16"><span class='ocrx_word' id='word_1_484' title='bbox 2858 2768 2944 2823; x_wconf 77' lang='lat' dir='ltr'><strong>Ea:</strong></span> <span class='ocrx_word' id='word_1_485' title='bbox 2981 2768 3110 2839; x_wconf 85' lang='lat' dir='ltr'><strong>Cap.</strong></span> 
     </span>
    </p>
   </div>
   <div class='ocr_carea' id='block_1_72' title="bbox 2265 2845 3776 2930">
    <p class='ocr_par' dir='ltr' id='par_1_72' title="bbox 2265 2845 3776 2930">
     <span class='ocr_line' id='line_1_72' title="bbox 2265 2845 3776 2930; baseline -0.001 -15"><span class='ocrx_word' id='word_1_486' title='bbox 2265 2854 2484 2914; x_wconf 81' lang='lat' dir='ltr'><strong><em>CCCXL</em></strong></span> <span class='ocrx_word' id='word_1_487' title='bbox 2511 2858 2531 2929; x_wconf 96' lang='lat'><strong>(</strong></span> <span class='ocrx_word' id='word_1_488' title='bbox 2555 2857 2858 2930; x_wconf 85' lang='lat' dir='ltr'><strong>Capitulare</strong></span> <span class='ocrx_word' id='word_1_489' title='bbox 2893 2860 3208 2930; x_wconf 83' lang='lat' dir='ltr'><strong>Aquisgran.</strong></span> <span class='ocrx_word' id='word_1_490' title='bbox 3234 2845 3441 2913; x_wconf 72' lang='lat' dir='ltr'><strong>CAROIJ</strong></span> <span class='ocrx_word' id='word_1_491' title='bbox 3479 2856 3580 2921; x_wconf 55' lang='lat'><strong>.11.,</strong></span> <span class='ocrx_word' id='word_1_492' title='bbox 3619 2873 3669 2912; x_wconf 88' lang='lat' dir='ltr'><strong>c.</strong></span> <span class='ocrx_word' id='word_1_493' title='bbox 3699 2855 3776 2914; x_wconf 76' lang='lat'><strong>63.</strong></span> 
     </span>
    </p>
   </div>
   <div class='ocr_carea' id='block_1_73' title="bbox 2197 2933 3776 3018">
    <p class='ocr_par' dir='ltr' id='par_1_73' title="bbox 2197 2933 3776 3018">
     <span class='ocr_line' id='line_1_73' title="bbox 2197 2933 3776 3018; baseline 0 -16"><span class='ocrx_word' id='word_1_494' title='bbox 2197 2955 2250 3002; x_wconf 90' lang='lat' dir='ltr'><strong>et</strong></span> <span class='ocrx_word' id='word_1_495' title='bbox 2275 2947 2372 3004; x_wconf 91' lang='lat' dir='ltr'><strong>lib.</strong></span> <span class='ocrx_word' id='word_1_496' title='bbox 2402 2964 2418 3002; x_wconf 91' lang='grc' dir='ltr'><strong>ι</strong></span> <span class='ocrx_word' id='word_1_497' title='bbox 2447 2947 2766 3018; x_wconf 55' lang='grc' dir='ltr'><strong>ϐαρίιυίαη,</strong></span> <span class='ocrx_word' id='word_1_498' title='bbox 2792 2965 2842 3004; x_wconf 93' lang='lat' dir='ltr'><strong>c.</strong></span> <span class='ocrx_word' id='word_1_499' title='bbox 2868 2949 2968 3015; x_wconf 78' lang='lat'><strong>65;</strong></span> <span class='ocrx_word' id='word_1_500' title='bbox 3004 2935 3312 3004; x_wconf 74' lang='lat' dir='ltr'><strong>Buaemao.</strong></span> <span class='ocrx_word' id='word_1_501' title='bbox 3347 2933 3443 3004; x_wconf 90' lang='lat' dir='ltr'><strong>lib.</strong></span> <span class='ocrx_word' id='word_1_502' title='bbox 3477 2963 3579 3011; x_wconf 71' lang='lat' dir='ltr'><strong>xu,</strong></span> <span class='ocrx_word' id='word_1_503' title='bbox 3610 2963 3660 3001; x_wconf 90' lang='lat' dir='ltr'><strong>c.</strong></span> <span class='ocrx_word' id='word_1_504' title='bbox 3693 2947 3741 2998; x_wconf 73' lang='grc' dir='ltr'><strong>Ξ.</strong></span> <span class='ocrx_word' id='word_1_505' title='bbox 3762 2947 3776 3012; x_wconf 69' lang='grc' dir='ltr'><strong>ξ»</strong></span> 
     </span>
    </p>
   </div>
   <div class='ocr_carea' id='block_1_74' title="bbox 2199 3039 3776 3113">
    <p class='ocr_par' dir='ltr' id='par_1_74' title="bbox 2199 3039 3776 3113">
     <span class='ocr_line' id='line_1_74' title="bbox 2199 3039 3776 3113; baseline -0.003 -19"><span class='ocrx_word' id='word_1_506' title='bbox 2199 3039 2472 3095; x_wconf 86' lang='lat' dir='ltr'><strong>Ilabemus</strong></span> <span class='ocrx_word' id='word_1_507' title='bbox 2506 3042 2558 3096; x_wconf 90' lang='lat' dir='ltr'><strong>in</strong></span> <span class='ocrx_word' id='word_1_508' title='bbox 2595 3041 2712 3113; x_wconf 88' lang='lat' dir='ltr'><strong>lege</strong></span> <span class='ocrx_word' id='word_1_509' title='bbox 2743 3042 2954 3098; x_wconf 89' lang='lat' dir='ltr'><strong>Domini</strong></span> <span class='ocrx_word' id='word_1_510' title='bbox 2983 3042 3241 3113; x_wconf 89' lang='lat' dir='ltr'><strong>scriptum</strong></span> <span class='ocrx_word' id='word_1_511' title='bbox 3273 3058 3286 3094; x_wconf 88' lang='lat'><strong>:</strong></span> <span class='ocrx_word' id='word_1_512' title='bbox 3333 3039 3457 3094; x_wconf 85' lang='lat' dir='ltr'><strong>Non</strong></span> <span class='ocrx_word' id='word_1_513' title='bbox 3486 3041 3776 3110; x_wconf 71' lang='lat' dir='ltr'><strong>perjurabis</strong></span> 
     </span>
    </p>
   </div>
   <div class='ocr_carea' id='block_1_75' title="bbox 2197 3133 3776 3205">
    <p class='ocr_par' dir='ltr' id='par_1_75' title="bbox 2197 3133 3776 3205">
     <span class='ocr_line' id='line_1_75' title="bbox 2197 3133 3776 3205; baseline -0.001 -19"><span class='ocrx_word' id='word_1_514' title='bbox 2197 3135 2250 3187; x_wconf 89' lang='lat' dir='ltr'><strong>in</strong></span> <span class='ocrx_word' id='word_1_515' title='bbox 2282 3135 2490 3188; x_wconf 87' lang='lat' dir='ltr'><strong>nomine</strong></span> <span class='ocrx_word' id='word_1_516' title='bbox 2530 3152 2664 3200; x_wconf 86' lang='lat' dir='ltr'><strong>meo,</strong></span> <span class='ocrx_word' id='word_1_517' title='bbox 2693 3152 2786 3189; x_wconf 89' lang='lat' dir='ltr'><strong>nec</strong></span> <span class='ocrx_word' id='word_1_518' title='bbox 2834 3135 3033 3205; x_wconf 81' lang='lat' dir='ltr'><strong>pollues</strong></span> <span class='ocrx_word' id='word_1_519' title='bbox 3073 3151 3260 3189; x_wconf 83' lang='lat' dir='ltr'><strong>nomen</strong></span> <span class='ocrx_word' id='word_1_520' title='bbox 3295 3133 3513 3187; x_wconf 84' lang='lat' dir='ltr'><strong>Domini</strong></span> <span class='ocrx_word' id='word_1_521' title='bbox 3548 3133 3655 3186; x_wconf 82' lang='lat' dir='ltr'><strong>Dei</strong></span> <span class='ocrx_word' id='word_1_522' title='bbox 3688 3135 3776 3194; x_wconf 77' lang='lat' dir='ltr'><strong>tui,</strong></span> 
     </span>
    </p>
   </div>
   <div class='ocr_carea' id='block_1_76' title="bbox 2198 3222 3773 3292">
    <p class='ocr_par' dir='ltr' id='par_1_76' title="bbox 2198 3222 3773 3292">
     <span class='ocr_line' id='line_1_76' title="bbox 2198 3222 3773 3292; baseline -0.002 -16"><span class='ocrx_word' id='word_1_523' title='bbox 2198 3239 2292 3277; x_wconf 87' lang='lat' dir='ltr'><strong>nec</strong></span> <span class='ocrx_word' id='word_1_524' title='bbox 2319 3241 2552 3278; x_wconf 87' lang='lat' dir='ltr'><strong>assumes</strong></span> <span class='ocrx_word' id='word_1_525' title='bbox 2579 3241 2765 3278; x_wconf 85' lang='lat' dir='ltr'><strong>nomen</strong></span> <span class='ocrx_word' id='word_1_526' title='bbox 2792 3224 3007 3280; x_wconf 88' lang='lat' dir='ltr'><strong>Domini</strong></span> <span class='ocrx_word' id='word_1_527' title='bbox 3037 3223 3133 3280; x_wconf 88' lang='lat' dir='ltr'><strong>Dei</strong></span> <span class='ocrx_word' id='word_1_528' title='bbox 3161 3226 3235 3278; x_wconf 89' lang='lat' dir='ltr'><strong>tui</strong></span> <span class='ocrx_word' id='word_1_529' title='bbox 3262 3224 3317 3277; x_wconf 88' lang='lat' dir='ltr'><strong>in</strong></span> <span class='ocrx_word' id='word_1_530' title='bbox 3354 3241 3551 3278; x_wconf 84' lang='lat' dir='ltr'><strong>vanum</strong></span> <span class='ocrx_word' id='word_1_531' title='bbox 3582 3222 3773 3292; x_wconf 73' lang='lat' dir='ltr'><strong>(Letit.</strong></span> 
     </span>
    </p>
   </div>
   <div class='ocr_carea' id='block_1_77' title="bbox 2199 3313 3778 3384">
    <p class='ocr_par' dir='ltr' id='par_1_77' title="bbox 2199 3313 3778 3384">
     <span class='ocr_line' id='line_1_77' title="bbox 2199 3313 3778 3384; baseline -0.003 -16"><span class='ocrx_word' id='word_1_532' title='bbox 2199 3316 2354 3384; x_wconf 76' lang='lat' dir='ltr'><strong>xix).</strong></span> <span class='ocrx_word' id='word_1_533' title='bbox 2405 3314 2531 3370; x_wconf 83' lang='lat' dir='ltr'><strong>Ideo</strong></span> <span class='ocrx_word' id='word_1_534' title='bbox 2585 3316 2908 3371; x_wconf 88' lang='lat' dir='ltr'><strong>admonendi</strong></span> <span class='ocrx_word' id='word_1_535' title='bbox 2965 3323 3090 3370; x_wconf 91' lang='lat' dir='ltr'><strong>sunt</strong></span> <span class='ocrx_word' id='word_1_536' title='bbox 3135 3329 3323 3369; x_wconf 90' lang='lat' dir='ltr'><strong>omnes</strong></span> <span class='ocrx_word' id='word_1_537' title='bbox 3375 3322 3436 3367; x_wconf 92' lang='lat' dir='ltr'><strong>ut</strong></span> <span class='ocrx_word' id='word_1_538' title='bbox 3497 3313 3778 3381; x_wconf 76' lang='lat' dir='ltr'><strong>diligenter</strong></span> 
     </span>
    </p>
   </div>
   <div class='ocr_carea' id='block_1_78' title="bbox 2199 3404 3773 3474">
    <p class='ocr_par' dir='ltr' id='par_1_78' title="bbox 2199 3404 3773 3474">
     <span class='ocr_line' id='line_1_78' title="bbox 2199 3404 3773 3474; baseline -0.004 -14"><span class='ocrx_word' id='word_1_539' title='bbox 2199 3414 2425 3460; x_wconf 83' lang='lat' dir='ltr'><strong>caveant</strong></span> <span class='ocrx_word' id='word_1_540' title='bbox 2451 3405 2771 3474; x_wconf 88' lang='lat' dir='ltr'><strong>perjurium,</strong></span> <span class='ocrx_word' id='word_1_541' title='bbox 2800 3421 2907 3461; x_wconf 92' lang='lat' dir='ltr'><strong>non</strong></span> <span class='ocrx_word' id='word_1_542' title='bbox 2937 3405 3110 3461; x_wconf 83' lang='lat' dir='ltr'><strong>solum</strong></span> <span class='ocrx_word' id='word_1_543' title='bbox 3157 3405 3210 3458; x_wconf 91' lang='lat' dir='ltr'><strong>in</strong></span> <span class='ocrx_word' id='word_1_544' title='bbox 3243 3404 3401 3458; x_wconf 88' lang='lat' dir='ltr'><strong>altari</strong></span> <span class='ocrx_word' id='word_1_545' title='bbox 3443 3417 3540 3458; x_wconf 87' lang='lat' dir='ltr'><strong>seu</strong></span> <span class='ocrx_word' id='word_1_546' title='bbox 3565 3411 3773 3456; x_wconf 84' lang='lat' dir='ltr'><strong>sancto-</strong></span> 
     </span>
    </p>
   </div>
   <div class='ocr_carea' id='block_1_79' title="bbox 2198 3493 3772 3566">
    <p class='ocr_par' dir='ltr' id='par_1_79' title="bbox 2198 3493 3772 3566">
     <span class='ocr_line' id='line_1_79' title="bbox 2198 3493 3772 3566; baseline -0.004 -17"><span class='ocrx_word' id='word_1_547' title='bbox 2198 3512 2316 3550; x_wconf 86' lang='lat' dir='ltr'><strong>rum</strong></span> <span class='ocrx_word' id='word_1_548' title='bbox 2364 3496 2625 3566; x_wconf 89' lang='lat' dir='ltr'><strong>reliquiis,</strong></span> <span class='ocrx_word' id='word_1_549' title='bbox 2687 3498 2781 3552; x_wconf 91' lang='lat' dir='ltr'><strong>sed</strong></span> <span class='ocrx_word' id='word_1_550' title='bbox 2827 3505 2884 3552; x_wconf 91' lang='lat' dir='ltr'><strong>et</strong></span> <span class='ocrx_word' id='word_1_551' title='bbox 2922 3497 2976 3551; x_wconf 93' lang='lat' dir='ltr'><strong>in</strong></span> <span class='ocrx_word' id='word_1_552' title='bbox 3043 3495 3312 3551; x_wconf 89' lang='lat' dir='ltr'><strong>communi</strong></span> <span class='ocrx_word' id='word_1_553' title='bbox 3361 3495 3606 3565; x_wconf 90' lang='lat' dir='ltr'><strong>loquela.</strong></span> <span class='ocrx_word' id='word_1_554' title='bbox 3652 3493 3772 3547; x_wconf 82' lang='lat' dir='ltr'><strong>Item</strong></span> 
     </span>
    </p>
   </div>
   <div class='ocr_carea' id='block_1_80' title="bbox 2196 3587 3772 3658">
    <p class='ocr_par' dir='ltr' id='par_1_80' title="bbox 2196 3587 3772 3658">
     <span class='ocr_line' id='line_1_80' title="bbox 2196 3587 3772 3658; baseline -0.004 -16"><span class='ocrx_word' id='word_1_555' title='bbox 2196 3588 2494 3642; x_wconf 86' lang='lat' dir='ltr'><strong>cavendum</strong></span> <span class='ocrx_word' id='word_1_556' title='bbox 2524 3597 2607 3643; x_wconf 87' lang='lat' dir='ltr'><strong>est</strong></span> <span class='ocrx_word' id='word_1_557' title='bbox 2645 3603 2711 3642; x_wconf 94' lang='lat' dir='ltr'><strong>ne</strong></span> <span class='ocrx_word' id='word_1_558' title='bbox 2738 3587 2932 3658; x_wconf 89' lang='lat' dir='ltr'><strong>aliquis</strong></span> <span class='ocrx_word' id='word_1_559' title='bbox 2979 3587 3100 3657; x_wconf 91' lang='lat' dir='ltr'><strong>plus</strong></span> <span class='ocrx_word' id='word_1_560' title='bbox 3132 3603 3321 3641; x_wconf 87' lang='lat' dir='ltr'><strong>aurum</strong></span> <span class='ocrx_word' id='word_1_561' title='bbox 3362 3587 3593 3640; x_wconf 87' lang='lat' dir='ltr'><strong>honoret</strong></span> <span class='ocrx_word' id='word_1_562' title='bbox 3618 3600 3772 3654; x_wconf 83' lang='lat' dir='ltr'><strong>quam</strong></span> 
     </span>
    </p>
   </div>
   <div class='ocr_carea' id='block_1_81' title="bbox 2195 3676 3769 3745">
    <p class='ocr_par' dir='ltr' id='par_1_81' title="bbox 2195 3676 3769 3745">
     <span class='ocr_line' id='line_1_81' title="bbox 2195 3676 3769 3745; baseline -0.002 -13"><span class='ocrx_word' id='word_1_563' title='bbox 2195 3678 2380 3743; x_wconf 87' lang='lat' dir='ltr'><strong>altare,</strong></span> <span class='ocrx_word' id='word_1_564' title='bbox 2417 3695 2515 3735; x_wconf 88' lang='lat' dir='ltr'><strong>nec</strong></span> <span class='ocrx_word' id='word_1_565' title='bbox 2542 3680 2590 3734; x_wconf 87' lang='lat' dir='ltr'><strong>ei</strong></span> <span class='ocrx_word' id='word_1_566' title='bbox 2622 3680 2878 3734; x_wconf 86' lang='lat' dir='ltr'><strong>Dominus</strong></span> <span class='ocrx_word' id='word_1_567' title='bbox 2905 3679 3046 3734; x_wconf 90' lang='lat' dir='ltr'><strong>dicat</strong></span> <span class='ocrx_word' id='word_1_568' title='bbox 3071 3696 3083 3732; x_wconf 90' lang='lat'><strong>:</strong></span> <span class='ocrx_word' id='word_1_569' title='bbox 3118 3677 3302 3739; x_wconf 82' lang='lat' dir='ltr'><strong>Stulte,</strong></span> <span class='ocrx_word' id='word_1_570' title='bbox 3325 3676 3452 3745; x_wconf 85' lang='lat' dir='ltr'><strong>quid</strong></span> <span class='ocrx_word' id='word_1_571' title='bbox 3474 3686 3551 3730; x_wconf 87' lang='lat' dir='ltr'><strong>est</strong></span> <span class='ocrx_word' id='word_1_572' title='bbox 3582 3676 3769 3745; x_wconf 73' lang='lat' dir='ltr'><strong>majus.</strong></span> 
     </span>
    </p>
   </div>
   <div class='ocr_carea' id='block_1_82' title="bbox 2195 3763 3771 3838">
    <p class='ocr_par' dir='ltr' id='par_1_82' title="bbox 2195 3763 3771 3838">
     <span class='ocr_line' id='line_1_82' title="bbox 2195 3763 3771 3838; baseline -0.003 -18"><span class='ocrx_word' id='word_1_573' title='bbox 2195 3784 2426 3834; x_wconf 85' lang='lat' dir='ltr'><strong>aurum,</strong></span> <span class='ocrx_word' id='word_1_574' title='bbox 2510 3777 2600 3821; x_wconf 84' lang='lat' dir='ltr'><strong>aut</strong></span> <span class='ocrx_word' id='word_1_575' title='bbox 2684 3768 2850 3821; x_wconf 83' lang='lat' dir='ltr'><strong>altare</strong></span> <span class='ocrx_word' id='word_1_576' title='bbox 2934 3767 3071 3838; x_wconf 87' lang='lat' dir='ltr'><strong>quod</strong></span> <span class='ocrx_word' id='word_1_577' title='bbox 3149 3765 3446 3834; x_wconf 81' lang='lat' dir='ltr'><strong>sanctiﬁcat</strong></span> <span class='ocrx_word' id='word_1_578' title='bbox 3533 3763 3771 3818; x_wconf 75' lang='lat' dir='ltr'><strong>aurum?</strong></span> 
     </span>
    </p>
   </div>
   <div class='ocr_carea' id='block_1_83' title="bbox 2196 3844 3196 3931">
    <p class='ocr_par' dir='ltr' id='par_1_83' title="bbox 2196 3844 3196 3931">
     <span class='ocr_line' id='line_1_83' title="bbox 2196 3844 3196 3931; baseline 0.007 -20"><span class='ocrx_word' id='word_1_579' title='bbox 2196 3857 2431 3930; x_wconf 83' lang='lat' dir='ltr'><strong>(Matth.</strong></span> <span class='ocrx_word' id='word_1_580' title='bbox 2463 3875 2621 3915; x_wconf 66' lang='grc' dir='ltr'>χχιιι.</span> <span class='ocrx_word' id='word_1_581' title='bbox 2653 3859 2672 3931; x_wconf 97' lang='grc'>)</span> <span class='ocrx_word' id='word_1_582' title='bbox 3193 3844 3196 3848; x_wconf 41' lang='grc'><strong>’</strong></span> 
     </span>
    </p>
   </div>
   <div class='ocr_carea' id='block_1_84' title="bbox 2723 3951 3236 4021">
    <p class='ocr_par' dir='ltr' id='par_1_84' title="bbox 2723 3951 3236 4021">
     <span class='ocr_line' id='line_1_84' title="bbox 2723 3951 3236 4021; baseline 0 -17"><span class='ocrx_word' id='word_1_583' title='bbox 2723 3951 2857 4006; x_wconf 86' lang='lat' dir='ltr'><strong>Item</strong></span> <span class='ocrx_word' id='word_1_584' title='bbox 2897 3951 3033 4005; x_wconf 87' lang='lat' dir='ltr'><strong>unde</strong></span> <span class='ocrx_word' id='word_1_585' title='bbox 3057 3967 3236 4021; x_wconf 84' lang='lat' dir='ltr'><strong>supra.</strong></span> 
     </span>
    </p>
   </div>
   <div class='ocr_carea' id='block_1_85' title="bbox 2263 4039 3760 4115">
    <p class='ocr_par' dir='ltr' id='par_1_85' title="bbox 2263 4039 3760 4115">
     <span class='ocr_line' id='line_1_85' title="bbox 2263 4039 3760 4115; baseline -0.004 -15"><span class='ocrx_word' id='word_1_586' title='bbox 2263 4043 2505 4100; x_wconf 76' lang='lat' dir='ltr'><strong><em>CCCX&quot;.</em></strong></span> <span class='ocrx_word' id='word_1_587' title='bbox 2538 4043 2692 4115; x_wconf 89' lang='lat' dir='ltr'><strong>(Lib.</strong></span> <span class='ocrx_word' id='word_1_588' title='bbox 2731 4061 2748 4100; x_wconf 91' lang='grc' dir='ltr'><strong>ι</strong></span> <span class='ocrx_word' id='word_1_589' title='bbox 2799 4044 3115 4115; x_wconf 86' lang='lat' dir='ltr'><strong>Capitular.,</strong></span> <span class='ocrx_word' id='word_1_590' title='bbox 3147 4061 3193 4098; x_wconf 89' lang='lat' dir='ltr'><strong>e.</strong></span> <span class='ocrx_word' id='word_1_591' title='bbox 3235 4045 3345 4108; x_wconf 77' lang='lat'><strong>65;</strong></span> <span class='ocrx_word' id='word_1_592' title='bbox 3417 4039 3532 4098; x_wconf 72' lang='lat' dir='ltr'><strong>lib-</strong></span> <span class='ocrx_word' id='word_1_593' title='bbox 3575 4059 3613 4097; x_wconf 87' lang='grc' dir='ltr'><strong>ιι</strong></span> <span class='ocrx_word' id='word_1_594' title='bbox 3651 4041 3760 4111; x_wconf 72' lang='lat' dir='ltr'><strong>Leg.</strong></span> 
     </span>
    </p>
   </div>
   <div class='ocr_carea' id='block_1_86' title="bbox 2193 4133 3756 4206">
    <p class='ocr_par' dir='ltr' id='par_1_86' title="bbox 2193 4133 3756 4206">
     <span class='ocr_line' id='line_1_86' title="bbox 2193 4133 3756 4206; baseline -0.002 -16"><span class='ocrx_word' id='word_1_595' title='bbox 2193 4133 2449 4206; x_wconf 86' lang='lat' dir='ltr'><strong>Longob.,</strong></span> <span class='ocrx_word' id='word_1_596' title='bbox 2487 4137 2570 4190; x_wconf 90' lang='lat' dir='ltr'><strong>tit.</strong></span> <span class='ocrx_word' id='word_1_597' title='bbox 2611 4136 2701 4201; x_wconf 79' lang='grc'><strong>55,</strong></span> <span class='ocrx_word' id='word_1_598' title='bbox 2734 4153 2782 4193; x_wconf 93' lang='lat' dir='ltr'><strong>c.</strong></span> <span class='ocrx_word' id='word_1_599' title='bbox 2823 4136 2931 4203; x_wconf 67' lang='lat'><strong>22;</strong></span> <span class='ocrx_word' id='word_1_600' title='bbox 2970 4137 3274 4192; x_wconf 76' lang='lat' dir='ltr'><strong>BURCHARD.</strong></span> <span class='ocrx_word' id='word_1_601' title='bbox 3313 4135 3387 4190; x_wconf 92' lang='lat' dir='ltr'><strong>lib</strong></span> <span class='ocrx_word' id='word_1_602' title='bbox 3417 4151 3517 4199; x_wconf 83' lang='lat' dir='ltr'><strong>xu,</strong></span> <span class='ocrx_word' id='word_1_603' title='bbox 3559 4151 3607 4190; x_wconf 92' lang='lat' dir='ltr'><strong>c.</strong></span> <span class='ocrx_word' id='word_1_604' title='bbox 3643 4135 3756 4201; x_wconf 72' lang='lat' dir='ltr'><strong>I2.)</strong></span> 
     </span>
    </p>
   </div>
   <div class='ocr_carea' id='block_1_87' title="bbox 2193 4223 3756 4295">
    <p class='ocr_par' dir='ltr' id='par_1_87' title="bbox 2193 4223 3756 4295">
     <span class='ocr_line' id='line_1_87' title="bbox 2193 4223 3756 4295; baseline -0.002 -16"><span class='ocrx_word' id='word_1_605' title='bbox 2193 4223 2299 4281; x_wconf 90' lang='lat' dir='ltr'><strong>Sed</strong></span> <span class='ocrx_word' id='word_1_606' title='bbox 2355 4233 2409 4279; x_wconf 90' lang='lat' dir='ltr'><strong>et</strong></span> <span class='ocrx_word' id='word_1_607' title='bbox 2459 4227 2614 4281; x_wconf 93' lang='lat' dir='ltr'><strong>nobis</strong></span> <span class='ocrx_word' id='word_1_608' title='bbox 2665 4227 2950 4282; x_wconf 87' lang='lat' dir='ltr'><strong>honestum</strong></span> <span class='ocrx_word' id='word_1_609' title='bbox 2982 4227 3194 4281; x_wconf 88' lang='lat' dir='ltr'><strong>videtur</strong></span> <span class='ocrx_word' id='word_1_610' title='bbox 3237 4233 3298 4279; x_wconf 90' lang='lat' dir='ltr'><strong>ut</strong></span> <span class='ocrx_word' id='word_1_611' title='bbox 3341 4225 3434 4295; x_wconf 94' lang='lat' dir='ltr'><strong>qui</strong></span> <span class='ocrx_word' id='word_1_612' title='bbox 3477 4227 3530 4278; x_wconf 89' lang='lat' dir='ltr'><strong>in</strong></span> <span class='ocrx_word' id='word_1_613' title='bbox 3573 4225 3756 4280; x_wconf 83' lang='lat' dir='ltr'><strong>sanctis</strong></span> 
     </span>
    </p>
   </div>
   <div class='ocr_carea' id='block_1_88' title="bbox 2194 4313 3756 4387">
    <p class='ocr_par' dir='ltr' id='par_1_88' title="bbox 2194 4313 3756 4387">
     <span class='ocr_line' id='line_1_88' title="bbox 2194 4313 3756 4387; baseline -0.003 -16"><span class='ocrx_word' id='word_1_614' title='bbox 2194 4318 2353 4371; x_wconf 92' lang='lat' dir='ltr'><strong>audet</strong></span> <span class='ocrx_word' id='word_1_615' title='bbox 2375 4317 2583 4387; x_wconf 88' lang='lat' dir='ltr'><strong>jurare,</strong></span> <span class='ocrx_word' id='word_1_616' title='bbox 2608 4319 2708 4372; x_wconf 93' lang='lat' dir='ltr'><strong>hoc</strong></span> <span class='ocrx_word' id='word_1_617' title='bbox 2730 4315 2950 4384; x_wconf 87' lang='lat' dir='ltr'><strong>jejunus</strong></span> <span class='ocrx_word' id='word_1_618' title='bbox 2977 4316 3142 4371; x_wconf 89' lang='lat' dir='ltr'><strong>faciat</strong></span> <span class='ocrx_word' id='word_1_619' title='bbox 3169 4330 3291 4370; x_wconf 91' lang='lat' dir='ltr'><strong>eum</strong></span> <span class='ocrx_word' id='word_1_620' title='bbox 3314 4314 3463 4368; x_wconf 90' lang='lat' dir='ltr'><strong>omni</strong></span> <span class='ocrx_word' id='word_1_621' title='bbox 3490 4313 3756 4368; x_wconf 78' lang='lat' dir='ltr'><strong>honestate</strong></span> 
     </span>
    </p>
   </div>
   <div class='ocr_carea' id='block_1_89' title="bbox 2192 4407 3754 4481">
    <p class='ocr_par' dir='ltr' id='par_1_89' title="bbox 2192 4407 3754 4481">
     <span class='ocr_line' id='line_1_89' title="bbox 2192 4407 3754 4481; baseline -0.004 -16"><span class='ocrx_word' id='word_1_622' title='bbox 2192 4419 2246 4465; x_wconf 89' lang='lat' dir='ltr'><strong>et</strong></span> <span class='ocrx_word' id='word_1_623' title='bbox 2290 4412 2482 4465; x_wconf 90' lang='lat' dir='ltr'><strong>timore</strong></span> <span class='ocrx_word' id='word_1_624' title='bbox 2526 4411 2642 4465; x_wconf 91' lang='lat' dir='ltr'><strong>Dei.</strong></span> <span class='ocrx_word' id='word_1_625' title='bbox 2684 4411 2750 4464; x_wconf 85' lang='lat' dir='ltr'><strong>Et</strong></span> <span class='ocrx_word' id='word_1_626' title='bbox 2790 4420 2848 4465; x_wconf 94' lang='lat' dir='ltr'><strong>ut</strong></span> <span class='ocrx_word' id='word_1_627' title='bbox 2885 4410 3124 4481; x_wconf 72' lang='lat' dir='ltr'><strong>parvulil</strong></span> <span class='ocrx_word' id='word_1_628' title='bbox 3161 4411 3252 4480; x_wconf 92' lang='lat' dir='ltr'><strong>qui</strong></span> <span class='ocrx_word' id='word_1_629' title='bbox 3301 4411 3420 4466; x_wconf 91' lang='lat' dir='ltr'><strong>sine</strong></span> <span class='ocrx_word' id='word_1_630' title='bbox 3465 4407 3754 4464; x_wconf 84' lang='lat' dir='ltr'><strong>rationabili</strong></span> 
     </span>
    </p>
   </div>
   <div class='ocr_carea' id='block_1_90' title="bbox 2191 4497 3180 4571">
    <p class='ocr_par' dir='ltr' id='par_1_90' title="bbox 2191 4497 3180 4571">
     <span class='ocr_line' id='line_1_90' title="bbox 2191 4497 3180 4571; baseline -0.001 -17"><span class='ocrx_word' id='word_1_631' title='bbox 2191 4507 2350 4555; x_wconf 83' lang='lat' dir='ltr'><strong>aetate</strong></span> <span class='ocrx_word' id='word_1_632' title='bbox 2381 4509 2524 4565; x_wconf 90' lang='lat' dir='ltr'><strong>sunt,</strong></span> <span class='ocrx_word' id='word_1_633' title='bbox 2555 4515 2659 4555; x_wconf 93' lang='lat' dir='ltr'><strong>non</strong></span> <span class='ocrx_word' id='word_1_634' title='bbox 2687 4497 2951 4571; x_wconf 86' lang='lat' dir='ltr'><strong>cogantur</strong></span> <span class='ocrx_word' id='word_1_635' title='bbox 2973 4499 3180 4568; x_wconf 89' lang='lat' dir='ltr'><strong>jurare.</strong></span> 
     </span>
    </p>
   </div>
   <div class='ocr_carea' id='block_1_91' title="bbox 2901 4589 3056 4643">
    <p class='ocr_par' dir='ltr' id='par_1_91' title="bbox 2901 4589 3056 4643">
     <span class='ocr_line' id='line_1_91' title="bbox 2901 4589 3056 4643; baseline 0.006 -1"><span class='ocrx_word' id='word_1_636' title='bbox 2901 4589 3056 4643; x_wconf 85' lang='lat' dir='ltr'><strong>Item.</strong></span> 
     </span>
    </p>
   </div>
   <div class='ocr_carea' id='block_1_92' title="bbox 509 4633 3754 4749">
    <p class='ocr_par' dir='ltr' id='par_1_92' title="bbox 509 4633 3754 4749">
     <span class='ocr_line' id='line_1_92' title="bbox 509 4633 3754 4749; baseline 0.004 -37"><span class='ocrx_word' id='word_1_637' title='bbox 509 4667 572 4713; x_wconf 91' lang='lat' dir='ltr'><strong>ut</strong></span> <span class='ocrx_word' id='word_1_638' title='bbox 621 4633 750 4749; x_wconf 24' lang='lat' dir='ltr'><strong>nent</strong></span> <span class='ocrx_word' id='word_1_639' title='bbox 773 4673 852 4749; x_wconf 3' lang='lat' dir='ltr'><strong>ex)</strong></span> <span class='ocrx_word' id='word_1_640' title='bbox 885 4633 1048 4714; x_wconf 70' lang='lat' dir='ltr'><strong>corde</strong></span> <span class='ocrx_word' id='word_1_641' title='bbox 1072 4633 1333 4749; x_wconf 27' lang='lat' dir='ltr'><strong>inestro‘,</strong></span> <span class='ocrx_word' id='word_1_642' title='bbox 1365 4659 1457 4749; x_wconf 81' lang='lat' dir='ltr'><strong>sed</strong></span> <span class='ocrx_word' id='word_1_643' title='bbox 1489 4673 1571 4749; x_wconf 78' lang='lat' dir='ltr'><strong>ex</strong></span> <span class='ocrx_word' id='word_1_644' title='bbox 1617 4658 1836 4749; x_wconf 86' lang='lat' dir='ltr'><strong>oraculo</strong></span> <span class='ocrx_word' id='word_1_645' title='bbox 1883 4659 2086 4749; x_wconf 84' lang='lat' dir='ltr'><strong>divino,</strong></span> <span class='ocrx_word' id='word_1_646' title='bbox 2114 4633 2172 4693; x_wconf 69' lang='grc' dir='ltr'><strong>Β</strong></span> <span class='ocrx_word' id='word_1_647' title='bbox 2261 4675 2523 4734; x_wconf 81' lang='lat' dir='ltr'><strong>CCCXIII.</strong></span> <span class='ocrx_word' id='word_1_648' title='bbox 2562 4676 2718 4749; x_wconf 87' lang='lat' dir='ltr'><strong>(Lib.</strong></span> <span class='ocrx_word' id='word_1_649' title='bbox 2757 4693 2776 4731; x_wconf 82' lang='lat'>1</span> <span class='ocrx_word' id='word_1_650' title='bbox 2805 4633 3124 4748; x_wconf 47' lang='lat' dir='ltr'><strong>Cap-nidor&quot;</strong></span> <span class='ocrx_word' id='word_1_651' title='bbox 3156 4691 3204 4732; x_wconf 92' lang='lat' dir='ltr'><strong>e.</strong></span> <span class='ocrx_word' id='word_1_652' title='bbox 3238 4676 3346 4741; x_wconf 77' lang='lat'><strong>63;</strong></span> <span class='ocrx_word' id='word_1_653' title='bbox 3400 4676 3500 4732; x_wconf 90' lang='lat' dir='ltr'><strong>lib.</strong></span> <span class='ocrx_word' id='word_1_654' title='bbox 3559 4693 3598 4732; x_wconf 87' lang='grc' dir='ltr'><strong>ιι</strong></span> <span class='ocrx_word' id='word_1_655' title='bbox 3647 4674 3754 4745; x_wconf 67' lang='grc' dir='ltr'><strong>ιτς.</strong></span> 
     </span>
    </p>
   </div>
   <div class='ocr_carea' id='block_1_93' title="bbox 513 4746 2087 4818">
    <p class='ocr_par' dir='ltr' id='par_1_93' title="bbox 513 4746 2087 4818">
     <span class='ocr_line' id='line_1_93' title="bbox 513 4746 2087 4818; baseline 0.001 -16"><span class='ocrx_word' id='word_1_656' title='bbox 513 4747 979 4804; x_wconf 88' lang='lat' dir='ltr'><strong>condemnationis</strong></span> <span class='ocrx_word' id='word_1_657' title='bbox 1019 4747 1103 4803; x_wconf 90' lang='lat' dir='ltr'><strong>vel</strong></span> <span class='ocrx_word' id='word_1_658' title='bbox 1131 4746 1533 4816; x_wconf 84' lang='lat' dir='ltr'><strong>justificationis</strong></span> <span class='ocrx_word' id='word_1_659' title='bbox 1560 4747 1881 4802; x_wconf 88' lang='lat' dir='ltr'><strong>sententiam</strong></span> <span class='ocrx_word' id='word_1_660' title='bbox 1906 4747 2087 4818; x_wconf 90' lang='lat' dir='ltr'><strong>profe-</strong></span> 
     </span>
    </p>
   </div>
   <div class='ocr_carea' id='block_1_94' title="bbox 508 4854 713 4895">
    <p class='ocr_par' dir='ltr' id='par_1_94' title="bbox 508 4854 713 4895">
     <span class='ocr_line' id='line_1_94' title="bbox 508 4854 713 4895; baseline -0.005 -2"><span class='ocrx_word' id='word_1_661' title='bbox 508 4854 713 4895; x_wconf 86' lang='lat' dir='ltr'><strong>ramus.</strong></span> 
     </span>
    </p>
   </div>
   <div class='ocr_carea' id='block_1_95' title="bbox 580 4929 2088 5004">
    <p class='ocr_par' dir='ltr' id='par_1_95' title="bbox 580 4929 2088 5004">
     <span class='ocr_line' id='line_1_95' title="bbox 580 4929 2088 5004; baseline 0.001 -17"><span class='ocrx_word' id='word_1_662' title='bbox 580 4931 746 5001; x_wconf 79' lang='lat'><strong>329</strong></span> <span class='ocrx_word' id='word_1_663' title='bbox 774 4929 852 4985; x_wconf 91' lang='lat' dir='ltr'><strong>De</strong></span> <span class='ocrx_word' id='word_1_664' title='bbox 875 4931 1055 4986; x_wconf 84' lang='lat' dir='ltr'><strong>eadem</strong></span> <span class='ocrx_word' id='word_1_665' title='bbox 1098 4948 1174 4986; x_wconf 89' lang='lat' dir='ltr'><strong>re.</strong></span> <span class='ocrx_word' id='word_1_666' title='bbox 1205 4929 1289 4986; x_wconf 79' lang='lat' dir='ltr'><strong>Ea:</strong></span> <span class='ocrx_word' id='word_1_667' title='bbox 1313 4930 1447 5004; x_wconf 81' lang='lat' dir='ltr'><strong>Lege</strong></span> <span class='ocrx_word' id='word_1_668' title='bbox 1493 4931 1879 5001; x_wconf 85' lang='lat' dir='ltr'><strong>Theodosiana,</strong></span> <span class='ocrx_word' id='word_1_669' title='bbox 1905 4933 1995 4988; x_wconf 83' lang='lat' dir='ltr'><strong>lib.</strong></span> <span class='ocrx_word' id='word_1_670' title='bbox 2023 4949 2088 5002; x_wconf 86' lang='grc' dir='ltr'>ιι,</span> 
     </span>
    </p>
   </div>
   <div class='ocr_carea' id='block_1_96' title="bbox 509 5024 746 5093">
    <p class='ocr_par' dir='ltr' id='par_1_96' title="bbox 509 5024 746 5093">
     <span class='ocr_line' id='line_1_96' title="bbox 509 5024 746 5093; baseline 0 -17"><span class='ocrx_word' id='word_1_671' title='bbox 509 5039 624 5093; x_wconf 80' lang='lat' dir='ltr'><strong>cap.</strong></span> <span class='ocrx_word' id='word_1_672' title='bbox 660 5024 746 5077; x_wconf 81' lang='grc'><strong>18.</strong></span> 
     </span>
    </p>
   </div>
   <div class='ocr_carea' id='block_1_97' title="bbox 584 5111 2083 5170">
    <p class='ocr_par' dir='ltr' id='par_1_97' title="bbox 584 5111 2083 5170">
     <span class='ocr_line' id='line_1_97' title="bbox 584 5111 2083 5170; baseline -0.005 -3"><span class='ocrx_word' id='word_1_673' title='bbox 584 5111 803 5167; x_wconf 79' lang='lat' dir='ltr'><strong><em>CCCIX.</em></strong></span> <span class='ocrx_word' id='word_1_674' title='bbox 890 5114 1208 5169; x_wconf 71' lang='lat' dir='ltr'><strong>llntemret-</strong></span> <span class='ocrx_word' id='word_1_675' title='bbox 1268 5117 1362 5170; x_wconf 85' lang='lat' dir='ltr'><strong>lib.</strong></span> <span class='ocrx_word' id='word_1_676' title='bbox 1413 5135 1432 5164; x_wconf 86' lang='grc' dir='ltr'><strong>ι</strong></span> <span class='ocrx_word' id='word_1_677' title='bbox 1504 5120 1614 5162; x_wconf 62' lang='lat' dir='ltr'><strong>ﬁnd</strong></span> <span class='ocrx_word' id='word_1_678' title='bbox 1712 5120 1890 5166; x_wconf 71' lang='lat' dir='ltr'><strong>Thom!</strong></span> <span class='ocrx_word' id='word_1_679' title='bbox 2021 5121 2083 5166; x_wconf 56' lang='lat' dir='ltr'><strong>de</strong></span> 
     </span>
    </p>
   </div>
   <div class='ocr_carea' id='block_1_98' title="bbox 2197 4766 3748 4841">
    <p class='ocr_par' dir='ltr' id='par_1_98' title="bbox 2197 4766 3748 4841">
     <span class='ocr_line' id='line_1_98' title="bbox 2197 4766 3748 4841; baseline 0.002 -20"><span class='ocrx_word' id='word_1_680' title='bbox 2197 4766 2451 4839; x_wconf 87' lang='lat' dir='ltr'><strong>Longob.,</strong></span> <span class='ocrx_word' id='word_1_681' title='bbox 2490 4769 2572 4823; x_wconf 92' lang='lat' dir='ltr'><strong>tit.</strong></span> <span class='ocrx_word' id='word_1_682' title='bbox 2603 4769 2695 4834; x_wconf 74' lang='lat'><strong>51,</strong></span> <span class='ocrx_word' id='word_1_683' title='bbox 2733 4782 2781 4824; x_wconf 93' lang='lat' dir='ltr'><strong>c.</strong></span> <span class='ocrx_word' id='word_1_684' title='bbox 2810 4769 2888 4841; x_wconf 74' lang='grc'><strong>4.)</strong></span> <span class='ocrx_word' id='word_1_685' title='bbox 2933 4769 3032 4836; x_wconf 85' lang='lat' dir='ltr'><strong>Qui</strong></span> <span class='ocrx_word' id='word_1_686' title='bbox 3059 4769 3223 4825; x_wconf 90' lang='lat' dir='ltr'><strong>semel</strong></span> <span class='ocrx_word' id='word_1_687' title='bbox 3252 4769 3567 4840; x_wconf 88' lang='lat' dir='ltr'><strong>perjuratus</strong></span> <span class='ocrx_word' id='word_1_688' title='bbox 3592 4769 3748 4824; x_wconf 79' lang='lat' dir='ltr'><strong>fuerit.</strong></span> 
     </span>
    </p>
   </div>
   <div class='ocr_carea' id='block_1_99' title="bbox 2189 4861 3750 4931">
    <p class='ocr_par' dir='ltr' id='par_1_99' title="bbox 2189 4861 3750 4931">
     <span class='ocr_line' id='line_1_99' title="bbox 2189 4861 3750 4931; baseline 0.003 -15"><span class='ocrx_word' id='word_1_689' title='bbox 2189 4876 2292 4916; x_wconf 91' lang='lat' dir='ltr'><strong>nec</strong></span> <span class='ocrx_word' id='word_1_690' title='bbox 2317 4863 2466 4916; x_wconf 89' lang='lat' dir='ltr'><strong>testis</strong></span> <span class='ocrx_word' id='word_1_691' title='bbox 2493 4862 2564 4917; x_wconf 90' lang='lat' dir='ltr'><strong>sit</strong></span> <span class='ocrx_word' id='word_1_692' title='bbox 2588 4862 2843 4931; x_wconf 69' lang='lat' dir='ltr'><strong>posthaec,</strong></span> <span class='ocrx_word' id='word_1_693' title='bbox 2873 4876 2973 4917; x_wconf 92' lang='lat' dir='ltr'><strong>nec</strong></span> <span class='ocrx_word' id='word_1_694' title='bbox 2999 4863 3067 4918; x_wconf 92' lang='lat' dir='ltr'><strong>ad</strong></span> <span class='ocrx_word' id='word_1_695' title='bbox 3097 4873 3504 4917; x_wconf 88' lang='lat' dir='ltr'><strong>sacramentum</strong></span> <span class='ocrx_word' id='word_1_696' title='bbox 3531 4861 3750 4920; x_wconf 60' lang='lat' dir='ltr'><strong>accedat.</strong></span> 
     </span>
    </p>
   </div>
   <div class='ocr_carea' id='block_1_100' title="bbox 2190 4952 3554 5023">
    <p class='ocr_par' dir='ltr' id='par_1_100' title="bbox 2190 4952 3554 5023">
     <span class='ocr_line' id='line_1_100' title="bbox 2190 4952 3554 5023; baseline -0.003 -15"><span class='ocrx_word' id='word_1_697' title='bbox 2190 4965 2291 5008; x_wconf 90' lang='lat' dir='ltr'><strong>nec</strong></span> <span class='ocrx_word' id='word_1_698' title='bbox 2316 4953 2368 5006; x_wconf 94' lang='lat' dir='ltr'><strong>in</strong></span> <span class='ocrx_word' id='word_1_699' title='bbox 2401 4968 2498 5008; x_wconf 88' lang='lat' dir='ltr'><strong>sua</strong></span> <span class='ocrx_word' id='word_1_700' title='bbox 2531 4968 2692 5007; x_wconf 90' lang='lat' dir='ltr'><strong>causa</strong></span> <span class='ocrx_word' id='word_1_701' title='bbox 2720 4952 2806 5007; x_wconf 91' lang='lat' dir='ltr'><strong>vel</strong></span> <span class='ocrx_word' id='word_1_702' title='bbox 2836 4952 3058 5008; x_wconf 87' lang='lat' dir='ltr'><strong>alterius</strong></span> <span class='ocrx_word' id='word_1_703' title='bbox 3084 4953 3296 5023; x_wconf 89' lang='lat' dir='ltr'><strong>jurator</strong></span> <span class='ocrx_word' id='word_1_704' title='bbox 3326 4953 3554 5007; x_wconf 75' lang='lat' dir='ltr'><strong>existat.</strong></span> 
     </span>
    </p>
   </div>
   <div class='ocr_carea' id='block_1_101' title="bbox 2445 5043 3523 5100">
    <p class='ocr_par' dir='ltr' id='par_1_101' title="bbox 2445 5043 3523 5100">
     <span class='ocr_line' id='line_1_101' title="bbox 2445 5043 3523 5100; baseline 0.001 -3"><span class='ocrx_word' id='word_1_705' title='bbox 2445 5043 2523 5098; x_wconf 90' lang='lat' dir='ltr'><strong>De</strong></span> <span class='ocrx_word' id='word_1_706' title='bbox 2552 5046 2731 5100; x_wconf 85' lang='lat' dir='ltr'><strong>eadem</strong></span> <span class='ocrx_word' id='word_1_707' title='bbox 2756 5062 2829 5100; x_wconf 89' lang='lat' dir='ltr'><strong>re.</strong></span> <span class='ocrx_word' id='word_1_708' title='bbox 2863 5043 2950 5100; x_wconf 71' lang='lat' dir='ltr'><strong>Ex</strong></span> <span class='ocrx_word' id='word_1_709' title='bbox 2973 5044 3191 5100; x_wconf 82' lang='lat' dir='ltr'><strong>concilio</strong></span> <span class='ocrx_word' id='word_1_710' title='bbox 3219 5045 3289 5097; x_wconf 89' lang='lat' dir='ltr'><strong>ad</strong></span> <span class='ocrx_word' id='word_1_711' title='bbox 3318 5045 3523 5099; x_wconf 87' lang='lat' dir='ltr'><strong>.Pistas.</strong></span> 
     </span>
    </p>
   </div>
   <div class='ocr_carea' id='block_1_102' title="bbox 2261 5132 3745 5207">
    <p class='ocr_par' dir='ltr' id='par_1_102' title="bbox 2261 5132 3745 5207">
     <span class='ocr_line' id='line_1_102' title="bbox 2261 5132 3745 5207; baseline 0.004 -23"><span class='ocrx_word' id='word_1_712' title='bbox 2261 5133 2506 5178; x_wconf 63' lang='grc' dir='ltr'><em>ΡΓΓῩΝ</em></span> <span class='ocrx_word' id='word_1_713' title='bbox 2559 5135 2890 5188; x_wconf 70' lang='lat' dir='ltr'><strong>(Canitular.</strong></span> <span class='ocrx_word' id='word_1_714' title='bbox 2947 5137 3041 5188; x_wconf 87' lang='lat' dir='ltr'><strong>lib.</strong></span> <span class='ocrx_word' id='word_1_715' title='bbox 3092 5152 3192 5192; x_wconf 85' lang='grc'><strong>111.</strong></span> <span class='ocrx_word' id='word_1_716' title='bbox 3231 5151 3353 5198; x_wconf 84' lang='lat' dir='ltr'><strong>cap.</strong></span> <span class='ocrx_word' id='word_1_717' title='bbox 3385 5136 3468 5207; x_wconf 84' lang='lat'><strong>8.)</strong></span> <span class='ocrx_word' id='word_1_718' title='bbox 3519 5135 3588 5192; x_wconf 87' lang='lat' dir='ltr'><strong>Ut</strong></span> <span class='ocrx_word' id='word_1_719' title='bbox 3635 5132 3745 5189; x_wconf 85' lang='lat' dir='ltr'><strong>nulli</strong></span> 
     </span>
    </p>
   </div>
   <div class='ocr_carea' id='block_1_103' title="bbox 3671 5240 3750 5260">
    <p class='ocr_par' dir='ltr' id='par_1_103' title="bbox 3671 5240 3750 5260">
     <span class='ocr_line' id='line_1_103' title="bbox 3671 5240 3750 5260; baseline 0 -3"><span class='ocrx_word' id='word_1_720' title='bbox 3671 5240 3750 5260; x_wconf 56' lang='lat' dir='ltr'><strong>III“</strong></span> 
     </span>
    </p>
   </div>
  </div>
