  <div class='ocr_page' id='page_1' title='image "/cluster/home/n/w/nwhite01/storage/ocr_20150623/132/hvd.32044015471733/178.png"; bbox 0 0 3884 5724; ppageno 0'>
   <div class='ocr_carea' id='block_1_1' title="bbox 151 421 246 480">
    <p class='ocr_par' dir='ltr' id='par_1_1' title="bbox 151 421 246 480">
     <span class='ocr_line' id='line_1_1' title="bbox 151 421 246 480; baseline -0.042 0"><span class='ocrx_word' id='word_1_1' title='bbox 151 421 246 480; x_wconf 59' lang='grc'><strong>385</strong></span> 
     </span>
    </p>
   </div>
   <div class='ocr_carea' id='block_1_2' title="bbox 1045 394 1776 463">
    <p class='ocr_par' dir='ltr' id='par_1_2' title="bbox 1045 394 1776 463">
     <span class='ocr_line' id='line_1_2' title="bbox 1045 394 1776 463; baseline -0.019 1"><span class='ocrx_word' id='word_1_2' title='bbox 1045 401 1134 463; x_wconf 83' lang='lat' dir='ltr'><strong>DE</strong></span> <span class='ocrx_word' id='word_1_3' title='bbox 1175 399 1450 462; x_wconf 84' lang='lat' dir='ltr'><strong>ECCLES.</strong></span> <span class='ocrx_word' id='word_1_4' title='bbox 1493 394 1776 454; x_wconf 72' lang='lat' dir='ltr'><strong>DISCIPI..</strong></span> 
     </span>
    </p>
   </div>
   <div class='ocr_carea' id='block_1_3' title="bbox 1815 393 3382 460">
    <p class='ocr_par' dir='ltr' id='par_1_3' title="bbox 1815 393 3382 460">
     <span class='ocr_line' id='line_1_3' title="bbox 1815 393 3382 460; baseline 0.006 -10"><span class='ocrx_word' id='word_1_5' title='bbox 1815 393 1992 450; x_wconf 76' lang='lat' dir='ltr'><strong>LIBRI</strong></span> <span class='ocrx_word' id='word_1_6' title='bbox 2038 393 2194 452; x_wconf 86' lang='lat' dir='ltr'><strong>DUO.</strong></span> <span class='ocrx_word' id='word_1_7' title='bbox 2237 429 2306 438; x_wconf 91' lang='lat'><strong>——</strong></span> <span class='ocrx_word' id='word_1_8' title='bbox 2343 397 2470 455; x_wconf 87' lang='lat' dir='ltr'><strong>LIB.</strong></span> <span class='ocrx_word' id='word_1_9' title='bbox 2513 397 2580 456; x_wconf 89' lang='lat' dir='ltr'><strong>Il.</strong></span> <span class='ocrx_word' id='word_1_10' title='bbox 3277 399 3382 460; x_wconf 64' lang='grc'><strong>546</strong></span> 
     </span>
    </p>
   </div>
   <div class='ocr_carea' id='block_1_4' title="bbox 149 505 3375 594">
    <p class='ocr_par' dir='ltr' id='par_1_4' title="bbox 149 505 3375 594">
     <span class='ocr_line' id='line_1_4' title="bbox 149 505 3375 594; baseline -0.007 0"><span class='ocrx_word' id='word_1_11' title='bbox 149 553 244 594; x_wconf 87' lang='lat' dir='ltr'><strong>non</strong></span> <span class='ocrx_word' id='word_1_12' title='bbox 287 531 633 590; x_wconf 86' lang='lat' dir='ltr'><strong>admittantur</strong></span> <span class='ocrx_word' id='word_1_13' title='bbox 685 531 848 580; x_wconf 87' lang='lat' dir='ltr'><strong>testes</strong></span> <span class='ocrx_word' id='word_1_14' title='bbox 891 521 955 576; x_wconf 87' lang='lat' dir='ltr'><strong>ad</strong></span> <span class='ocrx_word' id='word_1_15' title='bbox 999 519 1366 589; x_wconf 82' lang='lat' dir='ltr'><strong>iuramentum</strong></span> <span class='ocrx_word' id='word_1_16' title='bbox 1417 521 1706 578; x_wconf 88' lang='lat' dir='ltr'><strong>antequam</strong></span> <span class='ocrx_word' id='word_1_17' title='bbox 1732 517 1780 578; x_wconf 74' lang='grc' dir='ltr'><strong>Α</strong></span> <span class='ocrx_word' id='word_1_18' title='bbox 1807 505 1966 578; x_wconf 82' lang='lat'><strong>333</strong></span> <span class='ocrx_word' id='word_1_19' title='bbox 2002 505 2073 594; x_wconf 59' lang='grc' dir='ltr'>βι</span> <span class='ocrx_word' id='word_1_20' title='bbox 2118 507 2250 590; x_wconf 69' lang='lat' dir='ltr'><strong>feria</strong></span> <span class='ocrx_word' id='word_1_21' title='bbox 2309 520 2668 594; x_wconf 62' lang='lat' dir='ltr'><strong>quartananle</strong></span> <span class='ocrx_word' id='word_1_22' title='bbox 2708 513 3160 594; x_wconf 54' lang='lat' dir='ltr'><strong>quadragesimum</strong></span> <span class='ocrx_word' id='word_1_23' title='bbox 3203 534 3375 594; x_wconf 47' lang='lat' dir='ltr'><strong>sacra.</strong></span> 
     </span>
    </p>
   </div>
   <div class='ocr_carea' id='block_1_5' title="bbox 149 611 1736 684">
    <p class='ocr_par' dir='ltr' id='par_1_5' title="bbox 149 611 1736 684">
     <span class='ocr_line' id='line_1_5' title="bbox 149 611 1736 684; baseline -0.023 0"><span class='ocrx_word' id='word_1_24' title='bbox 149 626 504 684; x_wconf 72' lang='lat' dir='ltr'><strong>discutiantur.</strong></span> <span class='ocrx_word' id='word_1_25' title='bbox 539 619 606 674; x_wconf 87' lang='lat' dir='ltr'><strong>Et</strong></span> <span class='ocrx_word' id='word_1_26' title='bbox 634 616 678 672; x_wconf 88' lang='lat' dir='ltr'><strong>si</strong></span> <span class='ocrx_word' id='word_1_27' title='bbox 716 615 874 670; x_wconf 89' lang='lat' dir='ltr'><strong>aliter</strong></span> <span class='ocrx_word' id='word_1_28' title='bbox 911 611 1106 668; x_wconf 89' lang='lat' dir='ltr'><strong>discuti</strong></span> <span class='ocrx_word' id='word_1_29' title='bbox 1135 623 1240 664; x_wconf 88' lang='lat' dir='ltr'><strong>non</strong></span> <span class='ocrx_word' id='word_1_30' title='bbox 1275 611 1520 677; x_wconf 87' lang='lat' dir='ltr'><strong>possunt,</strong></span> <span class='ocrx_word' id='word_1_31' title='bbox 1549 613 1736 668; x_wconf 87' lang='lat' dir='ltr'><strong>sepa-_</strong></span> 
     </span>
    </p>
   </div>
   <div class='ocr_carea' id='block_1_6' title="bbox 149 695 1710 772">
    <p class='ocr_par' dir='ltr' id='par_1_6' title="bbox 149 695 1710 772">
     <span class='ocr_line' id='line_1_6' title="bbox 149 695 1710 772; baseline -0.019 -1"><span class='ocrx_word' id='word_1_32' title='bbox 149 723 322 772; x_wconf 84' lang='lat' dir='ltr'><strong>rentur</strong></span> <span class='ocrx_word' id='word_1_33' title='bbox 355 711 420 766; x_wconf 91' lang='lat' dir='ltr'><strong>ab</strong></span> <span class='ocrx_word' id='word_1_34' title='bbox 463 709 716 772; x_wconf 79' lang='lat' dir='ltr'><strong>invicem,</strong></span> <span class='ocrx_word' id='word_1_35' title='bbox 753 713 810 760; x_wconf 88' lang='lat' dir='ltr'><strong>et</strong></span> <span class='ocrx_word' id='word_1_36' title='bbox 849 701 1196 772; x_wconf 83' lang='lat' dir='ltr'><strong>singulariter</strong></span> <span class='ocrx_word' id='word_1_37' title='bbox 1231 695 1612 767; x_wconf 80' lang='lat' dir='ltr'><strong>inquiruntur;</strong></span> <span class='ocrx_word' id='word_1_38' title='bbox 1655 695 1710 743; x_wconf 91' lang='lat' dir='ltr'><strong>et</strong></span> 
     </span>
    </p>
   </div>
   <div class='ocr_carea' id='block_1_7' title="bbox 147 782 1710 861">
    <p class='ocr_par' dir='ltr' id='par_1_7' title="bbox 147 782 1710 861">
     <span class='ocr_line' id='line_1_7' title="bbox 147 782 1710 861; baseline -0.018 0"><span class='ocrx_word' id='word_1_39' title='bbox 147 821 242 861; x_wconf 87' lang='lat' dir='ltr'><strong>non</strong></span> <span class='ocrx_word' id='word_1_40' title='bbox 279 801 449 858; x_wconf 87' lang='lat' dir='ltr'><strong>solum</strong></span> <span class='ocrx_word' id='word_1_41' title='bbox 491 796 794 854; x_wconf 84' lang='lat' dir='ltr'><strong>accusatori</strong></span> <span class='ocrx_word' id='word_1_42' title='bbox 831 795 992 849; x_wconf 89' lang='lat' dir='ltr'><strong>liceat</strong></span> <span class='ocrx_word' id='word_1_43' title='bbox 1033 798 1201 848; x_wconf 85' lang='lat' dir='ltr'><strong>testes</strong></span> <span class='ocrx_word' id='word_1_44' title='bbox 1247 787 1448 858; x_wconf 75' lang='lat' dir='ltr'><strong>eligere</strong></span> <span class='ocrx_word' id='word_1_45' title='bbox 1487 782 1710 837; x_wconf 86' lang='lat' dir='ltr'><strong>absente</strong></span> 
     </span>
    </p>
   </div>
   <div class='ocr_carea' id='block_1_8' title="bbox 145 871 1710 951">
    <p class='ocr_par' dir='ltr' id='par_1_8' title="bbox 145 871 1710 951">
     <span class='ocr_line' id='line_1_8' title="bbox 145 871 1710 951; baseline -0.017 0"><span class='ocrx_word' id='word_1_46' title='bbox 145 911 232 951; x_wconf 90' lang='lat' dir='ltr'><strong>suo</strong></span> <span class='ocrx_word' id='word_1_47' title='bbox 262 899 562 948; x_wconf 89' lang='lat' dir='ltr'><strong>causatore.</strong></span> <span class='ocrx_word' id='word_1_48' title='bbox 611 888 680 942; x_wconf 83' lang='lat' dir='ltr'><strong>Et</strong></span> <span class='ocrx_word' id='word_1_49' title='bbox 719 885 940 944; x_wconf 85' lang='lat' dir='ltr'><strong>omnino</strong></span> <span class='ocrx_word' id='word_1_50' title='bbox 975 883 1172 946; x_wconf 90' lang='lat' dir='ltr'><strong>nullus,</strong></span> <span class='ocrx_word' id='word_1_51' title='bbox 1221 878 1324 934; x_wconf 86' lang='lat' dir='ltr'><strong>nisi</strong></span> <span class='ocrx_word' id='word_1_52' title='bbox 1365 876 1602 948; x_wconf 81' lang='lat' dir='ltr'><strong>jejunus,</strong></span> <span class='ocrx_word' id='word_1_53' title='bbox 1641 871 1710 926; x_wconf 89' lang='lat' dir='ltr'><strong>ad</strong></span> 
     </span>
    </p>
   </div>
   <div class='ocr_carea' id='block_1_9' title="bbox 147 964 1708 1043">
    <p class='ocr_par' dir='ltr' id='par_1_9' title="bbox 147 964 1708 1043">
     <span class='ocr_line' id='line_1_9' title="bbox 147 964 1708 1043; baseline -0.016 -1"><span class='ocrx_word' id='word_1_54' title='bbox 147 992 528 1043; x_wconf 86' lang='lat' dir='ltr'><strong>sacramentum</strong></span> <span class='ocrx_word' id='word_1_55' title='bbox 549 980 636 1036; x_wconf 88' lang='lat' dir='ltr'><strong>vel</strong></span> <span class='ocrx_word' id='word_1_56' title='bbox 659 977 1022 1034; x_wconf 87' lang='lat' dir='ltr'><strong>testimonium</strong></span> <span class='ocrx_word' id='word_1_57' title='bbox 1051 973 1386 1028; x_wconf 84' lang='lat' dir='ltr'><strong>admittatur.</strong></span> <span class='ocrx_word' id='word_1_58' title='bbox 1413 968 1478 1021; x_wconf 85' lang='lat' dir='ltr'><strong>Et</strong></span> <span class='ocrx_word' id='word_1_59' title='bbox 1501 965 1568 1020; x_wconf 91' lang='lat' dir='ltr'><strong>de</strong></span> <span class='ocrx_word' id='word_1_60' title='bbox 1591 964 1708 1033; x_wconf 89' lang='lat' dir='ltr'><strong>ipso</strong></span> 
     </span>
    </p>
   </div>
   <div class='ocr_carea' id='block_1_10' title="bbox 142 1055 1708 1148">
    <p class='ocr_par' dir='ltr' id='par_1_10' title="bbox 142 1055 1708 1148">
     <span class='ocr_line' id='line_1_10' title="bbox 142 1055 1708 1148; baseline -0.015 -17"><span class='ocrx_word' id='word_1_61' title='bbox 142 1093 266 1148; x_wconf 86' lang='lat' dir='ltr'><strong>pago</strong></span> <span class='ocrx_word' id='word_1_62' title='bbox 291 1083 344 1130; x_wconf 90' lang='lat' dir='ltr'><strong>et</strong></span> <span class='ocrx_word' id='word_1_63' title='bbox 369 1075 438 1130; x_wconf 90' lang='lat' dir='ltr'><strong>de</strong></span> <span class='ocrx_word' id='word_1_64' title='bbox 463 1072 656 1128; x_wconf 84' lang='lat' dir='ltr'><strong>vicinis</strong></span> <span class='ocrx_word' id='word_1_65' title='bbox 683 1069 924 1127; x_wconf 85' lang='lat' dir='ltr'><strong>centenis</strong></span> <span class='ocrx_word' id='word_1_66' title='bbox 948 1066 1233 1135; x_wconf 85' lang='lat' dir='ltr'><strong>eligantur.</strong></span> <span class='ocrx_word' id='word_1_67' title='bbox 1263 1060 1332 1116; x_wconf 86' lang='lat' dir='ltr'><strong>Et</strong></span> <span class='ocrx_word' id='word_1_68' title='bbox 1353 1058 1396 1114; x_wconf 88' lang='lat' dir='ltr'><strong>si</strong></span> <span class='ocrx_word' id='word_1_69' title='bbox 1425 1055 1546 1127; x_wconf 84' lang='lat' dir='ltr'><strong>quis</strong></span> <span class='ocrx_word' id='word_1_70' title='bbox 1576 1069 1708 1110; x_wconf 91' lang='lat' dir='ltr'><strong>con-</strong></span> 
     </span>
    </p>
   </div>
   <div class='ocr_carea' id='block_1_11' title="bbox 143 1149 1636 1234">
    <p class='ocr_par' dir='ltr' id='par_1_11' title="bbox 143 1149 1636 1234">
     <span class='ocr_line' id='line_1_11' title="bbox 143 1149 1636 1234; baseline -0.013 -14"><span class='ocrx_word' id='word_1_71' title='bbox 143 1168 304 1222; x_wconf 90' lang='lat' dir='ltr'><strong>victus</strong></span> <span class='ocrx_word' id='word_1_72' title='bbox 323 1163 486 1220; x_wconf 80' lang='lat' dir='ltr'><strong>fuerit</strong></span> <span class='ocrx_word' id='word_1_73' title='bbox 515 1160 758 1234; x_wconf 73' lang='lat' dir='ltr'><strong>periurii,</strong></span> <span class='ocrx_word' id='word_1_74' title='bbox 787 1161 978 1230; x_wconf 86' lang='lat' dir='ltr'><strong>perdat</strong></span> <span class='ocrx_word' id='word_1_75' title='bbox 1002 1169 1240 1221; x_wconf 86' lang='lat' dir='ltr'><strong>manum,</strong></span> <span class='ocrx_word' id='word_1_76' title='bbox 1267 1161 1360 1208; x_wconf 91' lang='lat' dir='ltr'><strong>aut</strong></span> <span class='ocrx_word' id='word_1_77' title='bbox 1387 1149 1636 1206; x_wconf 87' lang='lat' dir='ltr'><strong>redimat.</strong></span> 
     </span>
    </p>
   </div>
   <div class='ocr_carea' id='block_1_12' title="bbox 420 1241 1410 1316">
    <p class='ocr_par' dir='ltr' id='par_1_12' title="bbox 420 1241 1410 1316">
     <span class='ocr_line' id='line_1_12' title="bbox 420 1241 1410 1316; baseline -0.013 -7"><span class='ocrx_word' id='word_1_78' title='bbox 420 1253 500 1309; x_wconf 86' lang='lat' dir='ltr'><strong>De</strong></span> <span class='ocrx_word' id='word_1_79' title='bbox 529 1253 707 1308; x_wconf 83' lang='lat' dir='ltr'><strong>eadem</strong></span> <span class='ocrx_word' id='word_1_80' title='bbox 733 1267 806 1305; x_wconf 86' lang='lat' dir='ltr'><strong>re.</strong></span> <span class='ocrx_word' id='word_1_81' title='bbox 835 1251 920 1304; x_wconf 76' lang='lat' dir='ltr'><strong>Ea:</strong></span> <span class='ocrx_word' id='word_1_82' title='bbox 947 1248 1150 1311; x_wconf 85' lang='lat' dir='ltr'><strong>eodem,</strong></span> <span class='ocrx_word' id='word_1_83' title='bbox 1179 1261 1296 1316; x_wconf 92' lang='lat' dir='ltr'><strong>cap.</strong></span> <span class='ocrx_word' id='word_1_84' title='bbox 1321 1241 1410 1299; x_wconf 86' lang='lat'><strong>58.</strong></span> 
     </span>
    </p>
   </div>
   <div class='ocr_carea' id='block_1_13' title="bbox 203 1327 1711 1414">
    <p class='ocr_par' dir='ltr' id='par_1_13' title="bbox 203 1327 1711 1414">
     <span class='ocr_line' id='line_1_13' title="bbox 203 1327 1711 1414; baseline -0.015 -10"><span class='ocrx_word' id='word_1_85' title='bbox 203 1343 444 1404; x_wconf 69' lang='lat' dir='ltr'><strong>CCCXV.</strong></span> <span class='ocrx_word' id='word_1_86' title='bbox 484 1343 624 1414; x_wconf 89' lang='lat' dir='ltr'><strong>(Lib.</strong></span> <span class='ocrx_word' id='word_1_87' title='bbox 666 1357 728 1398; x_wconf 83' lang='grc' dir='ltr'><strong>ιιι</strong></span> <span class='ocrx_word' id='word_1_88' title='bbox 773 1339 1087 1410; x_wconf 83' lang='lat' dir='ltr'><strong>Capitular.,</strong></span> <span class='ocrx_word' id='word_1_89' title='bbox 1133 1353 1182 1392; x_wconf 90' lang='lat' dir='ltr'><strong>c.</strong></span> <span class='ocrx_word' id='word_1_90' title='bbox 1211 1335 1314 1400; x_wconf 81' lang='lat'><strong>58;</strong></span> <span class='ocrx_word' id='word_1_91' title='bbox 1355 1332 1451 1387; x_wconf 91' lang='lat' dir='ltr'><strong>lib.</strong></span> <span class='ocrx_word' id='word_1_92' title='bbox 1501 1345 1538 1385; x_wconf 86' lang='grc' dir='ltr'><strong>ιι</strong></span> <span class='ocrx_word' id='word_1_93' title='bbox 1583 1327 1711 1400; x_wconf 85' lang='lat' dir='ltr'><strong>Leg.</strong></span> 
     </span>
    </p>
   </div>
   <div class='ocr_carea' id='block_1_14' title="bbox 140 1417 1714 1506">
    <p class='ocr_par' dir='ltr' id='par_1_14' title="bbox 140 1417 1714 1506">
     <span class='ocr_line' id='line_1_14' title="bbox 140 1417 1714 1506; baseline -0.011 -15"><span class='ocrx_word' id='word_1_94' title='bbox 140 1435 386 1506; x_wconf 84' lang='lat' dir='ltr'><strong>Longob.,</strong></span> <span class='ocrx_word' id='word_1_95' title='bbox 419 1434 506 1488; x_wconf 90' lang='lat' dir='ltr'><strong>tit.</strong></span> <span class='ocrx_word' id='word_1_96' title='bbox 532 1432 624 1498; x_wconf 82' lang='lat'><strong>55,</strong></span> <span class='ocrx_word' id='word_1_97' title='bbox 651 1447 700 1487; x_wconf 93' lang='lat' dir='ltr'><strong>c.</strong></span> <span class='ocrx_word' id='word_1_98' title='bbox 729 1430 846 1501; x_wconf 76' lang='grc'>26.)</span> <span class='ocrx_word' id='word_1_99' title='bbox 872 1430 939 1485; x_wconf 91' lang='lat' dir='ltr'><strong>Ut</strong></span> <span class='ocrx_word' id='word_1_100' title='bbox 967 1434 1306 1484; x_wconf 86' lang='lat' dir='ltr'><strong>sacramenta</strong></span> <span class='ocrx_word' id='word_1_101' title='bbox 1329 1437 1450 1493; x_wconf 67' lang='lat' dir='ltr'><strong>qua:</strong></span> <span class='ocrx_word' id='word_1_102' title='bbox 1477 1421 1542 1476; x_wconf 89' lang='lat' dir='ltr'><strong>ad</strong></span> <span class='ocrx_word' id='word_1_103' title='bbox 1565 1417 1714 1490; x_wconf 89' lang='lat' dir='ltr'><strong>pala-</strong></span> 
     </span>
    </p>
   </div>
   <div class='ocr_carea' id='block_1_15' title="bbox 140 1507 1713 1592">
    <p class='ocr_par' dir='ltr' id='par_1_15' title="bbox 140 1507 1713 1592">
     <span class='ocr_line' id='line_1_15' title="bbox 140 1507 1713 1592; baseline -0.011 -10"><span class='ocrx_word' id='word_1_104' title='bbox 140 1531 259 1584; x_wconf 90' lang='lat' dir='ltr'><strong>tium</strong></span> <span class='ocrx_word' id='word_1_105' title='bbox 287 1527 488 1582; x_wconf 77' lang='lat' dir='ltr'><strong>fuerint</strong></span> <span class='ocrx_word' id='word_1_106' title='bbox 510 1525 830 1588; x_wconf 87' lang='lat' dir='ltr'><strong>adrhamita,</strong></span> <span class='ocrx_word' id='word_1_107' title='bbox 868 1523 918 1576; x_wconf 84' lang='lat' dir='ltr'><strong>in</strong></span> <span class='ocrx_word' id='word_1_108' title='bbox 945 1520 1144 1592; x_wconf 88' lang='lat' dir='ltr'><strong>palatio</strong></span> <span class='ocrx_word' id='word_1_109' title='bbox 1163 1516 1536 1588; x_wconf 90' lang='lat' dir='ltr'><strong>perﬁciantur.</strong></span> <span class='ocrx_word' id='word_1_110' title='bbox 1566 1511 1636 1566; x_wconf 83' lang='lat' dir='ltr'><strong>Et</strong></span> <span class='ocrx_word' id='word_1_111' title='bbox 1666 1507 1713 1566; x_wconf 83' lang='lat' dir='ltr'><strong>si</strong></span> 
     </span>
    </p>
   </div>
   <div class='ocr_carea' id='block_1_16' title="bbox 138 1601 1715 1674">
    <p class='ocr_par' dir='ltr' id='par_1_16' title="bbox 138 1601 1715 1674">
     <span class='ocr_line' id='line_1_16' title="bbox 138 1601 1715 1674; baseline -0.011 -2"><span class='ocrx_word' id='word_1_112' title='bbox 138 1617 552 1673; x_wconf 88' lang='lat' dir='ltr'><strong>sacramentales</strong></span> <span class='ocrx_word' id='word_1_113' title='bbox 596 1613 844 1670; x_wconf 87' lang='lat' dir='ltr'><strong>homines</strong></span> <span class='ocrx_word' id='word_1_114' title='bbox 887 1609 1075 1666; x_wconf 90' lang='lat' dir='ltr'><strong>venire</strong></span> <span class='ocrx_word' id='word_1_115' title='bbox 1118 1606 1422 1670; x_wconf 88' lang='lat' dir='ltr'><strong>rennerint,</strong></span> <span class='ocrx_word' id='word_1_116' title='bbox 1469 1601 1715 1674; x_wconf 89' lang='lat' dir='ltr'><strong>iussione</strong></span> 
     </span>
    </p>
   </div>
   <div class='ocr_carea' id='block_1_17' title="bbox 137 1699 1642 1770">
    <p class='ocr_par' dir='ltr' id='par_1_17' title="bbox 137 1699 1642 1770">
     <span class='ocr_line' id='line_1_17' title="bbox 137 1699 1642 1770; baseline -0.01 -7"><span class='ocrx_word' id='word_1_117' title='bbox 137 1709 406 1763; x_wconf 88' lang='lat' dir='ltr'><strong>Dominica</strong></span> <span class='ocrx_word' id='word_1_118' title='bbox 439 1715 534 1761; x_wconf 86' lang='lat' dir='ltr'><strong>aut</strong></span> <span class='ocrx_word' id='word_1_119' title='bbox 559 1704 796 1760; x_wconf 90' lang='lat' dir='ltr'><strong>indiculo</strong></span> <span class='ocrx_word' id='word_1_120' title='bbox 824 1711 916 1756; x_wconf 88' lang='lat' dir='ltr'><strong>aut</strong></span> <span class='ocrx_word' id='word_1_121' title='bbox 945 1699 1118 1770; x_wconf 89' lang='lat' dir='ltr'><strong>sigillo</strong></span> <span class='ocrx_word' id='word_1_122' title='bbox 1145 1699 1333 1754; x_wconf 86' lang='lat' dir='ltr'><strong>venire</strong></span> <span class='ocrx_word' id='word_1_123' title='bbox 1359 1701 1642 1766; x_wconf 81' lang='lat' dir='ltr'><strong>cogantur.</strong></span> 
     </span>
    </p>
   </div>
   <div class='ocr_carea' id='block_1_18' title="bbox 625 1787 1215 1859">
    <p class='ocr_par' dir='ltr' id='par_1_18' title="bbox 625 1787 1215 1859">
     <span class='ocr_line' id='line_1_18' title="bbox 625 1787 1215 1859; baseline -0.01 -11"><span class='ocrx_word' id='word_1_124' title='bbox 625 1793 712 1848; x_wconf 76' lang='lat' dir='ltr'><strong>Ea:</strong></span> <span class='ocrx_word' id='word_1_125' title='bbox 737 1792 828 1846; x_wconf 85' lang='lat' dir='ltr'><strong>lib.</strong></span> <span class='ocrx_word' id='word_1_126' title='bbox 863 1806 940 1854; x_wconf 84' lang='lat' dir='ltr'><strong>tv,</strong></span> <span class='ocrx_word' id='word_1_127' title='bbox 977 1805 1094 1859; x_wconf 89' lang='lat' dir='ltr'><strong>cap.</strong></span> <span class='ocrx_word' id='word_1_128' title='bbox 1122 1787 1215 1844; x_wconf 72' lang='lat'><strong>26.</strong></span> 
     </span>
    </p>
   </div>
   <div class='ocr_carea' id='block_1_19' title="bbox 1879 578 3382 700">
    <p class='ocr_par' dir='ltr' id='par_1_19' title="bbox 1879 578 3382 700">
     <span class='ocr_line' id='line_1_19' title="bbox 1879 578 3382 700; baseline 0.011 -71"><span class='ocrx_word' id='word_1_129' title='bbox 1879 587 2050 700; x_wconf 50' lang='grc' dir='ltr'>Ζιειῧα</span> <span class='ocrx_word' id='word_1_130' title='bbox 2081 595 2182 632; x_wconf 83' lang='lat' dir='ltr'><strong>non</strong></span> <span class='ocrx_word' id='word_1_131' title='bbox 2203 578 2470 648; x_wconf 30' lang='lat' dir='ltr'><strong>jure’ntur.</strong></span> <span class='ocrx_word' id='word_1_132' title='bbox 2499 581 2583 636; x_wconf 61' lang='lat' dir='ltr'><strong>Eat</strong></span> <span class='ocrx_word' id='word_1_133' title='bbox 2604 578 2822 638; x_wconf 79' lang='lat' dir='ltr'><strong>concilio</strong></span> <span class='ocrx_word' id='word_1_134' title='bbox 2849 578 2990 656; x_wconf 56' lang='lat' dir='ltr'><strong>ap&#39;ud</strong></span> <span class='ocrx_word' id='word_1_135' title='bbox 3009 599 3248 644; x_wconf 75' lang='lat' dir='ltr'><strong>sanctum</strong></span> <span class='ocrx_word' id='word_1_136' title='bbox 3271 591 3382 646; x_wconf 83' lang='lat' dir='ltr'><strong>Mc-</strong></span> 
     </span>
     <span class='ocr_line' id='line_1_20' title="bbox 1919 663 2126 700; baseline 0 0"><span class='ocrx_word' id='word_1_137' title='bbox 1919 664 1980 700; x_wconf 89' lang='lat' dir='ltr'><strong>ar</strong></span> <span class='ocrx_word' id='word_1_138' title='bbox 2021 663 2126 700; x_wconf 89' lang='lat' dir='ltr'><strong>um.</strong></span> 
     </span>
    </p>
   </div>
   <div class='ocr_carea' id='block_1_20' title="bbox 1919 663 2126 702">
    <p class='ocr_par' dir='ltr' id='par_1_20' title="bbox 1919 663 2126 702">
     <span class='ocr_line' id='line_1_21' title="bbox 1919 663 2126 702; baseline 0.01 -2"><span class='ocrx_word' id='word_1_139' title='bbox 1919 663 2126 702; x_wconf 88' lang='lat' dir='ltr'><strong>araum.</strong></span> 
     </span>
    </p>
   </div>
   <div class='ocr_carea' id='block_1_21' title="bbox 1878 736 3388 822">
    <p class='ocr_par' dir='ltr' id='par_1_21' title="bbox 1878 736 3388 822">
     <span class='ocr_line' id='line_1_22' title="bbox 1878 736 3388 822; baseline 0.011 -29"><span class='ocrx_word' id='word_1_140' title='bbox 1878 736 2148 793; x_wconf 74' lang='lat' dir='ltr'><strong>cccxnx.</strong></span> <span class='ocrx_word' id='word_1_141' title='bbox 2172 737 2436 810; x_wconf 80' lang='lat' dir='ltr'><strong>(Capitula</strong></span> <span class='ocrx_word' id='word_1_142' title='bbox 2467 740 2665 798; x_wconf 76' lang='lat' dir='ltr'><strong>CAROL!</strong></span> <span class='ocrx_word' id='word_1_143' title='bbox 2695 743 2880 808; x_wconf 77' lang='lat' dir='ltr'><strong>CALVI,</strong></span> <span class='ocrx_word' id='word_1_144' title='bbox 2913 747 2996 802; x_wconf 85' lang='lat' dir='ltr'><strong>tit.</strong></span> <span class='ocrx_word' id='word_1_145' title='bbox 3028 749 3082 816; x_wconf 85' lang='lat'><strong>9,</strong></span> <span class='ocrx_word' id='word_1_146' title='bbox 3109 764 3160 806; x_wconf 93' lang='lat' dir='ltr'><strong>c.</strong></span> <span class='ocrx_word' id='word_1_147' title='bbox 3185 749 3239 818; x_wconf 84' lang='lat'><strong>7,</strong></span> <span class='ocrx_word' id='word_1_148' title='bbox 3267 750 3294 822; x_wconf 64' lang='grc' dir='ltr'>δ</span> <span class='ocrx_word' id='word_1_149' title='bbox 3321 752 3388 818; x_wconf 87' lang='grc'>8;</span> 
     </span>
    </p>
   </div>
   <div class='ocr_carea' id='block_1_22' title="bbox 1808 829 3394 909">
    <p class='ocr_par' dir='ltr' id='par_1_22' title="bbox 1808 829 3394 909">
     <span class='ocr_line' id='line_1_23' title="bbox 1808 829 3394 909; baseline 0 -25"><span class='ocrx_word' id='word_1_150' title='bbox 1808 839 1862 886; x_wconf 87' lang='lat' dir='ltr'><strong>et</strong></span> <span class='ocrx_word' id='word_1_151' title='bbox 1888 840 1962 886; x_wconf 85' lang='lat' dir='ltr'><strong>to.</strong></span> <span class='ocrx_word' id='word_1_152' title='bbox 1990 829 2056 886; x_wconf 91' lang='lat' dir='ltr'><strong>Ill</strong></span> <span class='ocrx_word' id='word_1_153' title='bbox 2081 829 2282 886; x_wconf 85' lang='lat' dir='ltr'><strong>Concil.</strong></span> <span class='ocrx_word' id='word_1_154' title='bbox 2322 830 2488 900; x_wconf 86' lang='lat' dir='ltr'><strong>Gall.,</strong></span> <span class='ocrx_word' id='word_1_155' title='bbox 2528 849 2650 906; x_wconf 89' lang='lat' dir='ltr'><strong>pag.</strong></span> <span class='ocrx_word' id='word_1_156' title='bbox 2681 837 2792 909; x_wconf 89' lang='lat'><strong>89.)</strong></span> <span class='ocrx_word' id='word_1_157' title='bbox 2827 839 2894 894; x_wconf 90' lang='lat' dir='ltr'><strong>Ut</strong></span> <span class='ocrx_word' id='word_1_158' title='bbox 2919 839 3066 896; x_wconf 79' lang='lat' dir='ltr'><strong>Missi</strong></span> <span class='ocrx_word' id='word_1_159' title='bbox 3095 843 3266 898; x_wconf 51' lang='lat' dir='ltr'><strong>nostri</strong></span> <span class='ocrx_word' id='word_1_160' title='bbox 3301 857 3394 899; x_wconf 76' lang='lat' dir='ltr'><strong>co-</strong></span> 
     </span>
    </p>
   </div>
   <div class='ocr_carea' id='block_1_23' title="bbox 1809 919 3389 994">
    <p class='ocr_par' dir='ltr' id='par_1_23' title="bbox 1809 919 3389 994">
     <span class='ocr_line' id='line_1_24' title="bbox 1809 919 3389 994; baseline 0.008 -18"><span class='ocrx_word' id='word_1_161' title='bbox 1809 919 2032 976; x_wconf 88' lang='lat' dir='ltr'><strong>mitibus</strong></span> <span class='ocrx_word' id='word_1_162' title='bbox 2061 927 2116 976; x_wconf 90' lang='lat' dir='ltr'><strong>et</strong></span> <span class='ocrx_word' id='word_1_163' title='bbox 2155 921 2404 978; x_wconf 88' lang='lat' dir='ltr'><strong>omnibus</strong></span> <span class='ocrx_word' id='word_1_164' title='bbox 2435 923 2740 994; x_wconf 66' lang='lat' dir='ltr'><strong>reipublicae</strong></span> <span class='ocrx_word' id='word_1_165' title='bbox 2771 929 3030 986; x_wconf 87' lang='lat' dir='ltr'><strong>ministris</strong></span> <span class='ocrx_word' id='word_1_166' title='bbox 3071 931 3299 988; x_wconf 85' lang='lat' dir='ltr'><strong>ﬁrmiter</strong></span> <span class='ocrx_word' id='word_1_167' title='bbox 3325 949 3389 989; x_wconf 81' lang='lat' dir='ltr'><strong>ex</strong></span> 
     </span>
    </p>
   </div>
   <div class='ocr_carea' id='block_1_24' title="bbox 1811 1012 3390 1088">
    <p class='ocr_par' dir='ltr' id='par_1_24' title="bbox 1811 1012 3390 1088">
     <span class='ocr_line' id='line_1_25' title="bbox 1811 1012 3390 1088; baseline 0.009 -23"><span class='ocrx_word' id='word_1_168' title='bbox 1811 1013 1976 1066; x_wconf 87' lang='lat' dir='ltr'><strong>verbo</strong></span> <span class='ocrx_word' id='word_1_169' title='bbox 2015 1020 2200 1066; x_wconf 88' lang='lat' dir='ltr'><strong>nostro</strong></span> <span class='ocrx_word' id='word_1_170' title='bbox 2233 1012 2549 1070; x_wconf 88' lang='lat' dir='ltr'><strong>denuntient</strong></span> <span class='ocrx_word' id='word_1_171' title='bbox 2579 1024 2638 1072; x_wconf 92' lang='lat' dir='ltr'><strong>ut</strong></span> <span class='ocrx_word' id='word_1_172' title='bbox 2669 1032 2700 1072; x_wconf 91' lang='lat' dir='ltr'><strong>a</strong></span> <span class='ocrx_word' id='word_1_173' title='bbox 2743 1017 2876 1072; x_wconf 78' lang='lat' dir='ltr'><strong>feria</strong></span> <span class='ocrx_word' id='word_1_174' title='bbox 2906 1028 3099 1088; x_wconf 88' lang='lat' dir='ltr'><strong>quarta</strong></span> <span class='ocrx_word' id='word_1_175' title='bbox 3133 1032 3257 1078; x_wconf 85' lang='lat' dir='ltr'><strong>ante</strong></span> <span class='ocrx_word' id='word_1_176' title='bbox 3285 1023 3390 1078; x_wconf 91' lang='lat' dir='ltr'><strong>ini-</strong></span> 
     </span>
    </p>
   </div>
   <div class='ocr_carea' id='block_1_25' title="bbox 1813 1103 3396 1177">
    <p class='ocr_par' dir='ltr' id='par_1_25' title="bbox 1813 1103 3396 1177">
     <span class='ocr_line' id='line_1_26' title="bbox 1813 1103 3396 1177; baseline 0.006 -19"><span class='ocrx_word' id='word_1_177' title='bbox 1813 1103 1944 1158; x_wconf 91' lang='lat' dir='ltr'><strong>tium</strong></span> <span class='ocrx_word' id='word_1_178' title='bbox 1975 1103 2408 1174; x_wconf 77' lang='lat' dir='ltr'><strong>Quadragesima:</strong></span> <span class='ocrx_word' id='word_1_179' title='bbox 2429 1119 2598 1176; x_wconf 90' lang='lat' dir='ltr'><strong>usque</strong></span> <span class='ocrx_word' id='word_1_180' title='bbox 2627 1115 2749 1177; x_wconf 91' lang='lat' dir='ltr'><strong>post</strong></span> <span class='ocrx_word' id='word_1_181' title='bbox 2775 1117 2994 1166; x_wconf 86' lang='lat' dir='ltr'><strong>octavas</strong></span> <span class='ocrx_word' id='word_1_182' title='bbox 3019 1111 3238 1168; x_wconf 68' lang='lat' dir='ltr'><strong>Pascha:</strong></span> <span class='ocrx_word' id='word_1_183' title='bbox 3261 1113 3396 1168; x_wconf 87' lang='lat' dir='ltr'><strong>mal-</strong></span> 
     </span>
    </p>
   </div>
   <div class='ocr_carea' id='block_1_26' title="bbox 1815 1193 3395 1273">
    <p class='ocr_par' dir='ltr' id='par_1_26' title="bbox 1815 1193 3395 1273">
     <span class='ocr_line' id='line_1_27' title="bbox 1815 1193 3395 1273; baseline 0.007 -24"><span class='ocrx_word' id='word_1_184' title='bbox 1815 1193 1922 1250; x_wconf 92' lang='lat' dir='ltr'><strong>lum</strong></span> <span class='ocrx_word' id='word_1_185' title='bbox 1963 1195 2272 1267; x_wconf 88' lang='lat' dir='ltr'><strong>publicum,</strong></span> <span class='ocrx_word' id='word_1_186' title='bbox 2318 1197 2422 1252; x_wconf 89' lang='lat' dir='ltr'><strong>nisi</strong></span> <span class='ocrx_word' id='word_1_187' title='bbox 2457 1197 2524 1254; x_wconf 89' lang='lat' dir='ltr'><strong>de</strong></span> <span class='ocrx_word' id='word_1_188' title='bbox 2563 1199 2849 1256; x_wconf 86' lang='lat' dir='ltr'><strong>concordia</strong></span> <span class='ocrx_word' id='word_1_189' title='bbox 2887 1210 2943 1256; x_wconf 91' lang='lat' dir='ltr'><strong>et</strong></span> <span class='ocrx_word' id='word_1_190' title='bbox 2983 1203 3352 1273; x_wconf 88' lang='lat' dir='ltr'><strong>paciﬁcatione</strong></span> <span class='ocrx_word' id='word_1_191' title='bbox 3379 1246 3395 1270; x_wconf 94' lang='lat'><strong>,</strong></span> 
     </span>
    </p>
   </div>
   <div class='ocr_carea' id='block_1_27' title="bbox 1813 1290 3398 1361">
    <p class='ocr_par' dir='ltr' id='par_1_27' title="bbox 1813 1290 3398 1361">
     <span class='ocr_line' id='line_1_28' title="bbox 1813 1290 3398 1361; baseline 0.006 -21"><span class='ocrx_word' id='word_1_192' title='bbox 1813 1291 2001 1342; x_wconf 76' lang='lat' dir='ltr'><strong>tenere</strong></span> <span class='ocrx_word' id='word_1_193' title='bbox 2045 1297 2413 1356; x_wconf 71' lang='lat' dir='ltr'><strong>praesumant,</strong></span> <span class='ocrx_word' id='word_1_194' title='bbox 2464 1303 2640 1360; x_wconf 85' lang='lat' dir='ltr'><strong>neque</strong></span> <span class='ocrx_word' id='word_1_195' title='bbox 2685 1291 2878 1360; x_wconf 89' lang='lat' dir='ltr'><strong>aliquis</strong></span> <span class='ocrx_word' id='word_1_196' title='bbox 2916 1290 3082 1361; x_wconf 89' lang='lat' dir='ltr'><strong>juret.</strong></span> <span class='ocrx_word' id='word_1_197' title='bbox 3136 1293 3398 1350; x_wconf 86' lang='lat' dir='ltr'><strong>Similiter</strong></span> 
     </span>
    </p>
   </div>
   <div class='ocr_carea' id='block_1_28' title="bbox 1813 1379 3398 1455">
    <p class='ocr_par' dir='ltr' id='par_1_28' title="bbox 1813 1379 3398 1455">
     <span class='ocr_line' id='line_1_29' title="bbox 1813 1379 3398 1455; baseline 0.005 -21"><span class='ocrx_word' id='word_1_198' title='bbox 1813 1379 1978 1434; x_wconf 86' lang='lat' dir='ltr'><strong>etiam</strong></span> <span class='ocrx_word' id='word_1_199' title='bbox 2005 1394 2037 1434; x_wconf 90' lang='lat' dir='ltr'><strong>a</strong></span> <span class='ocrx_word' id='word_1_200' title='bbox 2071 1389 2262 1448; x_wconf 91' lang='lat' dir='ltr'><strong>quarta</strong></span> <span class='ocrx_word' id='word_1_201' title='bbox 2293 1379 2428 1436; x_wconf 82' lang='lat' dir='ltr'><strong>feria</strong></span> <span class='ocrx_word' id='word_1_202' title='bbox 2462 1389 2586 1438; x_wconf 89' lang='lat' dir='ltr'><strong>ante</strong></span> <span class='ocrx_word' id='word_1_203' title='bbox 2629 1383 2962 1440; x_wconf 80' lang='lat' dir='ltr'><strong>nativitatem</strong></span> <span class='ocrx_word' id='word_1_204' title='bbox 2993 1384 3202 1440; x_wconf 87' lang='lat' dir='ltr'><strong>Domini</strong></span> <span class='ocrx_word' id='word_1_205' title='bbox 3227 1401 3398 1455; x_wconf 91' lang='lat' dir='ltr'><strong>usque</strong></span> 
     </span>
    </p>
   </div>
   <div class='ocr_carea' id='block_1_29' title="bbox 1813 1469 3486 1548">
    <p class='ocr_par' dir='ltr' id='par_1_29' title="bbox 1813 1469 3486 1548">
     <span class='ocr_line' id='line_1_30' title="bbox 1813 1469 3486 1548; baseline 0.005 -24"><span class='ocrx_word' id='word_1_206' title='bbox 1813 1477 1936 1539; x_wconf 84' lang='lat' dir='ltr'><strong>post</strong></span> <span class='ocrx_word' id='word_1_207' title='bbox 1979 1477 2320 1525; x_wconf 89' lang='lat' dir='ltr'><strong>consecratos</strong></span> <span class='ocrx_word' id='word_1_208' title='bbox 2346 1469 2460 1525; x_wconf 85' lang='lat' dir='ltr'><strong>dies</strong></span> <span class='ocrx_word' id='word_1_209' title='bbox 2485 1471 2792 1538; x_wconf 80' lang='lat' dir='ltr'><strong>observent,</strong></span> <span class='ocrx_word' id='word_1_210' title='bbox 2823 1488 2924 1530; x_wconf 92' lang='lat' dir='ltr'><strong>nec</strong></span> <span class='ocrx_word' id='word_1_211' title='bbox 2951 1489 3056 1530; x_wconf 91' lang='lat' dir='ltr'><strong>non</strong></span> <span class='ocrx_word' id='word_1_212' title='bbox 3092 1483 3148 1532; x_wconf 90' lang='lat' dir='ltr'><strong>et</strong></span> <span class='ocrx_word' id='word_1_213' title='bbox 3179 1473 3398 1544; x_wconf 88' lang='lat' dir='ltr'><strong>ieiuniis</strong></span> <span class='ocrx_word' id='word_1_214' title='bbox 3479 1539 3486 1548; x_wconf 40' lang='grc'><em>,</em></span> 
     </span>
    </p>
   </div>
   <div class='ocr_carea' id='block_1_30' title="bbox 1815 1559 3398 1634">
    <p class='ocr_par' dir='ltr' id='par_1_30' title="bbox 1815 1559 3398 1634">
     <span class='ocr_line' id='line_1_31' title="bbox 1815 1559 3398 1634; baseline 0.005 -22"><span class='ocrx_word' id='word_1_215' title='bbox 1815 1559 2057 1627; x_wconf 86' lang='lat' dir='ltr'><strong>Quatuor</strong></span> <span class='ocrx_word' id='word_1_216' title='bbox 2079 1559 2420 1630; x_wconf 86' lang='lat' dir='ltr'><strong>Temporum,</strong></span> <span class='ocrx_word' id='word_1_217' title='bbox 2443 1570 2498 1616; x_wconf 92' lang='lat' dir='ltr'><strong>et</strong></span> <span class='ocrx_word' id='word_1_218' title='bbox 2517 1563 2573 1618; x_wconf 91' lang='lat' dir='ltr'><strong>in</strong></span> <span class='ocrx_word' id='word_1_219' title='bbox 2597 1563 3007 1634; x_wconf 82' lang='lat' dir='ltr'><strong>Rogationibus.</strong></span> <span class='ocrx_word' id='word_1_220' title='bbox 3028 1563 3216 1622; x_wconf 89' lang='lat' dir='ltr'><strong>Nullus</strong></span> <span class='ocrx_word' id='word_1_221' title='bbox 3235 1567 3398 1624; x_wconf 86' lang='lat' dir='ltr'><strong>etiam</strong></span> 
     </span>
    </p>
   </div>
   <div class='ocr_carea' id='block_1_31' title="bbox 1817 1651 3400 1724">
    <p class='ocr_par' dir='ltr' id='par_1_31' title="bbox 1817 1651 3400 1724">
     <span class='ocr_line' id='line_1_32' title="bbox 1817 1651 3400 1724; baseline 0.006 -19"><span class='ocrx_word' id='word_1_222' title='bbox 1817 1652 1868 1706; x_wconf 92' lang='lat' dir='ltr'><strong>in</strong></span> <span class='ocrx_word' id='word_1_223' title='bbox 1900 1651 2178 1708; x_wconf 88' lang='lat' dir='ltr'><strong>Dominico</strong></span> <span class='ocrx_word' id='word_1_224' title='bbox 2224 1653 2312 1710; x_wconf 88' lang='lat' dir='ltr'><strong>die</strong></span> <span class='ocrx_word' id='word_1_225' title='bbox 2339 1653 2596 1724; x_wconf 87' lang='lat' dir='ltr'><strong>placitum</strong></span> <span class='ocrx_word' id='word_1_226' title='bbox 2637 1663 2838 1724; x_wconf 86' lang='lat' dir='ltr'><strong>teneat,</strong></span> <span class='ocrx_word' id='word_1_227' title='bbox 2881 1665 2973 1714; x_wconf 89' lang='lat' dir='ltr'><strong>aut</strong></span> <span class='ocrx_word' id='word_1_228' title='bbox 3003 1666 3400 1715; x_wconf 87' lang='lat' dir='ltr'><strong>sacramentum</strong></span> 
     </span>
    </p>
   </div>
   <div class='ocr_carea' id='block_1_32' title="bbox 1814 1741 2160 1814">
    <p class='ocr_par' dir='ltr' id='par_1_32' title="bbox 1814 1741 2160 1814">
     <span class='ocr_line' id='line_1_33' title="bbox 1814 1741 2160 1814; baseline 0.003 -19"><span class='ocrx_word' id='word_1_229' title='bbox 1814 1742 1870 1812; x_wconf 84' lang='lat' dir='ltr'><strong>iu</strong></span> <span class='ocrx_word' id='word_1_230' title='bbox 1881 1751 1958 1796; x_wconf 88' lang='lat' dir='ltr'><strong>ret</strong></span> <span class='ocrx_word' id='word_1_231' title='bbox 1988 1741 2160 1814; x_wconf 71' lang='grc'><strong>(520).</strong></span> 
     </span>
    </p>
   </div>
   <div class='ocr_carea' id='block_1_33' title="bbox 197 1854 3398 1955">
    <p class='ocr_par' dir='ltr' id='par_1_33' title="bbox 197 1854 3398 1955">
     <span class='ocr_line' id='line_1_34' title="bbox 197 1854 3398 1955; baseline 0.007 -58"><span class='ocrx_word' id='word_1_232' title='bbox 197 1887 336 1955; x_wconf 42' lang='lat' dir='ltr'><strong>(Lib.</strong></span> <span class='ocrx_word' id='word_1_233' title='bbox 383 1901 440 1940; x_wconf 59' lang='grc' dir='ltr'>Π</span> <span class='ocrx_word' id='word_1_234' title='bbox 477 1883 792 1955; x_wconf 44' lang='lat' dir='ltr'><strong>Capuam,&quot;</strong></span> <span class='ocrx_word' id='word_1_235' title='bbox 823 1897 873 1937; x_wconf 48' lang='grc' dir='ltr'><strong>ε.</strong></span> <span class='ocrx_word' id='word_1_236' title='bbox 915 1854 1173 1950; x_wconf 55' lang='lat' dir='ltr'><strong>28_)&#39;Ubi</strong></span> <span class='ocrx_word' id='word_1_237' title='bbox 1229 1875 1527 1946; x_wconf 55' lang='lat' dir='ltr'><strong>antiquitus</strong></span> <span class='ocrx_word' id='word_1_238' title='bbox 1579 1885 1710 1926; x_wconf 72' lang='lat' dir='ltr'><strong>con-</strong></span> <span class='ocrx_word' id='word_1_239' title='bbox 1737 1857 1786 1920; x_wconf 85' lang='grc' dir='ltr'><strong>Β</strong></span> <span class='ocrx_word' id='word_1_240' title='bbox 1815 1854 1893 1909; x_wconf 88' lang='lat' dir='ltr'><strong>Dc</strong></span> <span class='ocrx_word' id='word_1_241' title='bbox 1923 1854 2130 1921; x_wconf 80' lang='lat' dir='ltr'><strong>clerico,</strong></span> <span class='ocrx_word' id='word_1_242' title='bbox 2176 1856 2222 1910; x_wconf 83' lang='lat' dir='ltr'><strong>si</strong></span> <span class='ocrx_word' id='word_1_243' title='bbox 2248 1855 2614 1926; x_wconf 78' lang='lat' dir='ltr'><strong>pcrjuracerit.</strong></span> <span class='ocrx_word' id='word_1_244' title='bbox 2651 1857 2738 1914; x_wconf 76' lang='lat' dir='ltr'><strong>Ea:</strong></span> <span class='ocrx_word' id='word_1_245' title='bbox 2765 1861 2986 1916; x_wconf 83' lang='lat' dir='ltr'><strong>concilio</strong></span> <span class='ocrx_word' id='word_1_246' title='bbox 3013 1860 3398 1918; x_wconf 77' lang='lat' dir='ltr'><strong>Aurelianensi.</strong></span> 
     </span>
    </p>
   </div>
   <div class='ocr_carea' id='block_1_34' title="bbox 133 1965 1707 2043">
    <p class='ocr_par' dir='ltr' id='par_1_34' title="bbox 133 1965 1707 2043">
     <span class='ocr_line' id='line_1_35' title="bbox 133 1965 1707 2043; baseline -0.01 -13"><span class='ocrx_word' id='word_1_247' title='bbox 133 1977 354 2032; x_wconf 84' lang='lat' dir='ltr'><strong>suetudo</strong></span> <span class='ocrx_word' id='word_1_248' title='bbox 383 1977 506 2043; x_wconf 83' lang='lat' dir='ltr'><strong>fuit,</strong></span> <span class='ocrx_word' id='word_1_249' title='bbox 534 1985 590 2031; x_wconf 91' lang='lat' dir='ltr'><strong>et</strong></span> <span class='ocrx_word' id='word_1_250' title='bbox 611 1975 704 2031; x_wconf 87' lang='lat' dir='ltr'><strong>ubi</strong></span> <span class='ocrx_word' id='word_1_251' title='bbox 731 1973 952 2028; x_wconf 90' lang='lat' dir='ltr'><strong>mallum</strong></span> <span class='ocrx_word' id='word_1_252' title='bbox 983 1970 1236 2036; x_wconf 88' lang='lat' dir='ltr'><strong>habetur,</strong></span> <span class='ocrx_word' id='word_1_253' title='bbox 1264 1965 1338 2023; x_wconf 85' lang='lat' dir='ltr'><strong>ibi</strong></span> <span class='ocrx_word' id='word_1_254' title='bbox 1367 1969 1707 2022; x_wconf 85' lang='lat' dir='ltr'><strong>sacramenta</strong></span> 
     </span>
    </p>
   </div>
   <div class='ocr_carea' id='block_1_35' title="bbox 127 2075 392 2132">
    <p class='ocr_par' dir='ltr' id='par_1_35' title="bbox 127 2075 392 2132">
     <span class='ocr_line' id='line_1_36' title="bbox 127 2075 392 2132; baseline 0.011 -14"><span class='ocrx_word' id='word_1_255' title='bbox 127 2075 392 2132; x_wconf 73' lang='lat' dir='ltr'><strong>jltl&#39;ellltll&#39;.</strong></span> 
     </span>
    </p>
   </div>
   <div class='ocr_carea' id='block_1_36' title="bbox 157 2163 1672 2248">
    <p class='ocr_par' dir='ltr' id='par_1_36' title="bbox 157 2163 1672 2248">
     <span class='ocr_line' id='line_1_37' title="bbox 157 2163 1672 2248; baseline -0.009 -18"><span class='ocrx_word' id='word_1_256' title='bbox 157 2175 224 2230; x_wconf 81' lang='lat' dir='ltr'><strong>Ut</strong></span> <span class='ocrx_word' id='word_1_257' title='bbox 271 2177 544 2248; x_wconf 78' lang='lat' dir='ltr'><strong>episcOpus</strong></span> <span class='ocrx_word' id='word_1_258' title='bbox 591 2193 746 2248; x_wconf 64' lang='lat' dir='ltr'><strong>super</strong></span> <span class='ocrx_word' id='word_1_259' title='bbox 774 2191 930 2248; x_wconf 69' lang='lat' dir='ltr'><strong>sacra</strong></span> <span class='ocrx_word' id='word_1_260' title='bbox 971 2171 1275 2248; x_wconf 83' lang='lat' dir='ltr'><strong>non_j_uret.</strong></span> <span class='ocrx_word' id='word_1_261' title='bbox 1321 2165 1408 2222; x_wconf 80' lang='lat' dir='ltr'><strong>Ea:</strong></span> <span class='ocrx_word' id='word_1_262' title='bbox 1449 2163 1672 2220; x_wconf 85' lang='lat' dir='ltr'><strong>concilio</strong></span> 
     </span>
    </p>
   </div>
   <div class='ocr_carea' id='block_1_37' title="bbox 641 2243 1180 2312">
    <p class='ocr_par' dir='ltr' id='par_1_37' title="bbox 641 2243 1180 2312">
     <span class='ocr_line' id='line_1_38' title="bbox 641 2243 1180 2312; baseline -0.007 -12"><span class='ocrx_word' id='word_1_263' title='bbox 641 2245 918 2307; x_wconf 77' lang='lat' dir='ltr'><strong>Mcldensi,</strong></span> <span class='ocrx_word' id='word_1_264' title='bbox 949 2261 1064 2312; x_wconf 86' lang='lat' dir='ltr'><strong>cap.</strong></span> <span class='ocrx_word' id='word_1_265' title='bbox 1091 2243 1180 2296; x_wconf 76' lang='lat'><strong>57.</strong></span> 
     </span>
    </p>
   </div>
   <div class='ocr_carea' id='block_1_38' title="bbox 187 2325 1712 2406">
    <p class='ocr_par' dir='ltr' id='par_1_38' title="bbox 187 2325 1712 2406">
     <span class='ocr_line' id='line_1_39' title="bbox 187 2325 1712 2406; baseline -0.009 -15"><span class='ocrx_word' id='word_1_266' title='bbox 187 2335 465 2391; x_wconf 78' lang='lat' dir='ltr'><strong>CCCXVI.</strong></span> <span class='ocrx_word' id='word_1_267' title='bbox 495 2333 718 2406; x_wconf 82' lang='lat' dir='ltr'><strong>(Concil.</strong></span> <span class='ocrx_word' id='word_1_268' title='bbox 745 2333 934 2396; x_wconf 81' lang='lat' dir='ltr'><strong>Meld.,</strong></span> <span class='ocrx_word' id='word_1_269' title='bbox 959 2347 1006 2386; x_wconf 85' lang='lat' dir='ltr'><strong>c.</strong></span> <span class='ocrx_word' id='word_1_270' title='bbox 1032 2331 1144 2401; x_wconf 78' lang='lat'><strong>58.)</strong></span> <span class='ocrx_word' id='word_1_271' title='bbox 1174 2329 1243 2385; x_wconf 89' lang='lat' dir='ltr'><strong>Ut</strong></span> <span class='ocrx_word' id='word_1_272' title='bbox 1265 2327 1442 2384; x_wconf 89' lang='lat' dir='ltr'><strong>nullus</strong></span> <span class='ocrx_word' id='word_1_273' title='bbox 1462 2325 1712 2393; x_wconf 88' lang='lat' dir='ltr'><strong>deinceps</strong></span> 
     </span>
    </p>
   </div>
   <div class='ocr_carea' id='block_1_39' title="bbox 119 2419 1716 2498">
    <p class='ocr_par' dir='ltr' id='par_1_39' title="bbox 119 2419 1716 2498">
     <span class='ocr_line' id='line_1_40' title="bbox 119 2419 1716 2498; baseline -0.006 -18"><span class='ocrx_word' id='word_1_274' title='bbox 119 2430 409 2498; x_wconf 78' lang='lat' dir='ltr'><strong>episcopus</strong></span> <span class='ocrx_word' id='word_1_275' title='bbox 429 2442 595 2496; x_wconf 86' lang='lat' dir='ltr'><strong>super</strong></span> <span class='ocrx_word' id='word_1_276' title='bbox 613 2441 764 2480; x_wconf 89' lang='lat' dir='ltr'><strong>sacra</strong></span> <span class='ocrx_word' id='word_1_277' title='bbox 786 2424 970 2492; x_wconf 89' lang='lat' dir='ltr'><strong>iurare</strong></span> <span class='ocrx_word' id='word_1_278' title='bbox 993 2430 1284 2492; x_wconf 64' lang='lat' dir='ltr'><strong>praesumat</strong></span> <span class='ocrx_word' id='word_1_279' title='bbox 1309 2439 1322 2476; x_wconf 87' lang='lat'><strong>:</strong></span> <span class='ocrx_word' id='word_1_280' title='bbox 1349 2419 1492 2491; x_wconf 91' lang='lat' dir='ltr'><strong>quod</strong></span> <span class='ocrx_word' id='word_1_281' title='bbox 1515 2423 1716 2488; x_wconf 83' lang='lat' dir='ltr'><strong>myste-</strong></span> 
     </span>
    </p>
   </div>
   <div class='ocr_carea' id='block_1_40' title="bbox 119 2512 1712 2589">
    <p class='ocr_par' dir='ltr' id='par_1_40' title="bbox 119 2512 1712 2589">
     <span class='ocr_line' id='line_1_41' title="bbox 119 2512 1712 2589; baseline -0.006 -15"><span class='ocrx_word' id='word_1_282' title='bbox 119 2523 178 2574; x_wconf 82' lang='lat' dir='ltr'><strong>rii</strong></span> <span class='ocrx_word' id='word_1_283' title='bbox 209 2536 384 2576; x_wconf 90' lang='lat' dir='ltr'><strong>causa</strong></span> <span class='ocrx_word' id='word_1_284' title='bbox 423 2520 596 2575; x_wconf 85' lang='lat' dir='ltr'><strong>sancti</strong></span> <span class='ocrx_word' id='word_1_285' title='bbox 627 2519 955 2589; x_wconf 76' lang='lat' dir='ltr'><strong>quresierunt</strong></span> <span class='ocrx_word' id='word_1_286' title='bbox 986 2517 1336 2586; x_wconf 58' lang='lat' dir='ltr'><strong>patriarchas,</strong></span> <span class='ocrx_word' id='word_1_287' title='bbox 1369 2523 1424 2570; x_wconf 92' lang='lat' dir='ltr'><strong>et</strong></span> <span class='ocrx_word' id='word_1_288' title='bbox 1449 2512 1712 2568; x_wconf 82' lang='lat' dir='ltr'><strong>fecerunt.</strong></span> 
     </span>
    </p>
   </div>
   <div class='ocr_carea' id='block_1_41' title="bbox 119 2605 1714 2676">
    <p class='ocr_par' dir='ltr' id='par_1_41' title="bbox 119 2605 1714 2676">
     <span class='ocr_line' id='line_1_42' title="bbox 119 2605 1714 2676; baseline -0.006 -10"><span class='ocrx_word' id='word_1_289' title='bbox 119 2611 232 2666; x_wconf 84' lang='lat' dir='ltr'><strong>Non</strong></span> <span class='ocrx_word' id='word_1_290' title='bbox 269 2612 424 2666; x_wconf 89' lang='lat' dir='ltr'><strong>enim</strong></span> <span class='ocrx_word' id='word_1_291' title='bbox 461 2612 514 2666; x_wconf 91' lang='lat' dir='ltr'><strong>in</strong></span> <span class='ocrx_word' id='word_1_292' title='bbox 554 2611 892 2666; x_wconf 65' lang='lat' dir='ltr'><strong>haesitatione</strong></span> <span class='ocrx_word' id='word_1_293' title='bbox 915 2617 968 2664; x_wconf 89' lang='lat' dir='ltr'><strong>et</strong></span> <span class='ocrx_word' id='word_1_294' title='bbox 993 2609 1195 2664; x_wconf 87' lang='lat' dir='ltr'><strong>malitia</strong></span> <span class='ocrx_word' id='word_1_295' title='bbox 1223 2607 1506 2676; x_wconf 81' lang='lat' dir='ltr'><strong>exigentis,</strong></span> <span class='ocrx_word' id='word_1_296' title='bbox 1537 2606 1627 2661; x_wconf 82' lang='lat' dir='ltr'><strong>sed</strong></span> <span class='ocrx_word' id='word_1_297' title='bbox 1659 2605 1714 2658; x_wconf 91' lang='lat' dir='ltr'><strong>in</strong></span> 
     </span>
    </p>
   </div>
   <div class='ocr_carea' id='block_1_42' title="bbox 121 2695 1714 2770">
    <p class='ocr_par' dir='ltr' id='par_1_42' title="bbox 121 2695 1714 2770">
     <span class='ocr_line' id='line_1_43' title="bbox 121 2695 1714 2770; baseline -0.004 -14"><span class='ocrx_word' id='word_1_298' title='bbox 121 2703 392 2757; x_wconf 87' lang='lat' dir='ltr'><strong>charitate</strong></span> <span class='ocrx_word' id='word_1_299' title='bbox 437 2715 546 2756; x_wconf 91' lang='lat' dir='ltr'><strong>non</strong></span> <span class='ocrx_word' id='word_1_300' title='bbox 589 2701 714 2756; x_wconf 87' lang='lat' dir='ltr'><strong>ﬁcta</strong></span> <span class='ocrx_word' id='word_1_301' title='bbox 756 2702 886 2756; x_wconf 88' lang='lat' dir='ltr'><strong>ﬁdes</strong></span> <span class='ocrx_word' id='word_1_302' title='bbox 921 2709 1186 2756; x_wconf 90' lang='lat' dir='ltr'><strong>servatur.</strong></span> <span class='ocrx_word' id='word_1_303' title='bbox 1233 2699 1394 2770; x_wconf 73' lang='lat'><strong>332</strong></span> <span class='ocrx_word' id='word_1_304' title='bbox 1433 2697 1584 2764; x_wconf 87' lang='lat' dir='ltr'><strong>Quod</strong></span> <span class='ocrx_word' id='word_1_305' title='bbox 1624 2695 1714 2766; x_wconf 87' lang='lat' dir='ltr'><strong>qui</strong></span> 
     </span>
    </p>
   </div>
   <div class='ocr_carea' id='block_1_43' title="bbox 127 2784 1718 2860">
    <p class='ocr_par' dir='ltr' id='par_1_43' title="bbox 127 2784 1718 2860">
     <span class='ocr_line' id='line_1_44' title="bbox 127 2784 1718 2860; baseline -0.004 -18"><span class='ocrx_word' id='word_1_306' title='bbox 127 2791 434 2860; x_wconf 79' lang='lat' dir='ltr'><strong>transgredi</strong></span> <span class='ocrx_word' id='word_1_307' title='bbox 483 2806 616 2846; x_wconf 89' lang='lat' dir='ltr'><strong>ausu</strong></span> <span class='ocrx_word' id='word_1_308' title='bbox 665 2789 954 2845; x_wconf 87' lang='lat' dir='ltr'><strong>temerario</strong></span> <span class='ocrx_word' id='word_1_309' title='bbox 993 2787 1432 2858; x_wconf 72' lang='lat' dir='ltr'><strong>praesumpserit,</strong></span> <span class='ocrx_word' id='word_1_310' title='bbox 1477 2784 1718 2855; x_wconf 90' lang='lat' dir='ltr'><strong>quolibet</strong></span> 
     </span>
    </p>
   </div>
   <div class='ocr_carea' id='block_1_44' title="bbox 127 2877 1503 2954">
    <p class='ocr_par' dir='ltr' id='par_1_44' title="bbox 127 2877 1503 2954">
     <span class='ocr_line' id='line_1_45' title="bbox 127 2877 1503 2954; baseline -0.004 -18"><span class='ocrx_word' id='word_1_311' title='bbox 127 2885 282 2940; x_wconf 86' lang='lat' dir='ltr'><strong>modo</strong></span> <span class='ocrx_word' id='word_1_312' title='bbox 307 2877 546 2950; x_wconf 87' lang='lat' dir='ltr'><strong>illectus,</strong></span> <span class='ocrx_word' id='word_1_313' title='bbox 577 2882 776 2954; x_wconf 87' lang='lat' dir='ltr'><strong>gradus</strong></span> <span class='ocrx_word' id='word_1_314' title='bbox 805 2881 888 2936; x_wconf 90' lang='lat' dir='ltr'><strong>sui</strong></span> <span class='ocrx_word' id='word_1_315' title='bbox 915 2880 1155 2952; x_wconf 88' lang='lat' dir='ltr'><strong>periculo</strong></span> <span class='ocrx_word' id='word_1_316' title='bbox 1182 2877 1503 2948; x_wconf 84' lang='lat' dir='ltr'><strong>subiacebit.</strong></span> 
     </span>
    </p>
   </div>
   <div class='ocr_carea' id='block_1_45' title="bbox 366 2991 1472 3066">
    <p class='ocr_par' dir='ltr' id='par_1_45' title="bbox 366 2991 1472 3066">
     <span class='ocr_line' id='line_1_46' title="bbox 366 2991 1472 3066; baseline -0.005 -16"><span class='ocrx_word' id='word_1_317' title='bbox 366 2996 502 3051; x_wconf 84' lang='lat' dir='ltr'><strong>Item</strong></span> <span class='ocrx_word' id='word_1_318' title='bbox 532 2996 595 3050; x_wconf 82' lang='lat' dir='ltr'><strong>de</strong></span> <span class='ocrx_word' id='word_1_319' title='bbox 615 2995 866 3066; x_wconf 83' lang='lat' dir='ltr'><strong>perjurio.</strong></span> <span class='ocrx_word' id='word_1_320' title='bbox 893 2993 978 3048; x_wconf 75' lang='lat' dir='ltr'><strong>Ea:</strong></span> <span class='ocrx_word' id='word_1_321' title='bbox 1004 2994 1204 3058; x_wconf 87' lang='lat' dir='ltr'><strong>eadem,</strong></span> <span class='ocrx_word' id='word_1_322' title='bbox 1232 3009 1346 3062; x_wconf 87' lang='lat' dir='ltr'><strong>cap.</strong></span> <span class='ocrx_word' id='word_1_323' title='bbox 1381 2991 1472 3048; x_wconf 79' lang='lat'><strong>58.</strong></span> 
     </span>
    </p>
   </div>
   <div class='ocr_carea' id='block_1_46' title="bbox 193 3103 1716 3180">
    <p class='ocr_par' dir='ltr' id='par_1_46' title="bbox 193 3103 1716 3180">
     <span class='ocr_line' id='line_1_47' title="bbox 193 3103 1716 3180; baseline -0.006 -16"><span class='ocrx_word' id='word_1_324' title='bbox 193 3107 489 3164; x_wconf 81' lang='lat' dir='ltr'><strong>CCCXVII.</strong></span> <span class='ocrx_word' id='word_1_325' title='bbox 510 3106 733 3180; x_wconf 84' lang='lat' dir='ltr'><strong>(Concil.</strong></span> <span class='ocrx_word' id='word_1_326' title='bbox 758 3105 946 3172; x_wconf 55' lang='lat' dir='ltr'><strong>Metti,</strong></span> <span class='ocrx_word' id='word_1_327' title='bbox 969 3123 1018 3162; x_wconf 90' lang='lat' dir='ltr'><strong>c.</strong></span> <span class='ocrx_word' id='word_1_328' title='bbox 1041 3106 1143 3174; x_wconf 80' lang='lat'><strong>59;</strong></span> <span class='ocrx_word' id='word_1_329' title='bbox 1167 3107 1477 3162; x_wconf 77' lang='lat' dir='ltr'><strong>Buncmmb.</strong></span> <span class='ocrx_word' id='word_1_330' title='bbox 1493 3103 1589 3158; x_wconf 90' lang='lat' dir='ltr'><strong>lib.</strong></span> <span class='ocrx_word' id='word_1_331' title='bbox 1613 3117 1716 3168; x_wconf 81' lang='lat' dir='ltr'><strong>xu,</strong></span> 
     </span>
    </p>
   </div>
   <div class='ocr_carea' id='block_1_47' title="bbox 1881 1967 3404 2046">
    <p class='ocr_par' dir='ltr' id='par_1_47' title="bbox 1881 1967 3404 2046">
     <span class='ocr_line' id='line_1_48' title="bbox 1881 1967 3404 2046; baseline 0.005 -22"><span class='ocrx_word' id='word_1_332' title='bbox 1881 1967 2132 2024; x_wconf 79' lang='lat' dir='ltr'><strong>CCCXX.</strong></span> <span class='ocrx_word' id='word_1_333' title='bbox 2175 1968 2399 2040; x_wconf 82' lang='lat' dir='ltr'><strong>(Concil.</strong></span> <span class='ocrx_word' id='word_1_334' title='bbox 2449 1971 2720 2027; x_wconf 79' lang='lat' dir='ltr'><strong>Aurelian.</strong></span> <span class='ocrx_word' id='word_1_335' title='bbox 2752 1990 2838 2039; x_wconf 89' lang='grc' dir='ltr'>ιιι,</span> <span class='ocrx_word' id='word_1_336' title='bbox 2870 1990 2918 2028; x_wconf 95' lang='lat' dir='ltr'><strong>c.</strong></span> <span class='ocrx_word' id='word_1_337' title='bbox 2948 1975 3026 2046; x_wconf 93' lang='lat'><strong>8.)</strong></span> <span class='ocrx_word' id='word_1_338' title='bbox 3057 1975 3112 2029; x_wconf 88' lang='lat' dir='ltr'><strong>Si</strong></span> <span class='ocrx_word' id='word_1_339' title='bbox 3143 1975 3264 2044; x_wconf 83' lang='lat' dir='ltr'><strong>quis</strong></span> <span class='ocrx_word' id='word_1_340' title='bbox 3293 1975 3404 2031; x_wconf 89' lang='lat' dir='ltr'><strong>cle-</strong></span> 
     </span>
    </p>
   </div>
   <div class='ocr_carea' id='block_1_48' title="bbox 1809 2061 3408 2136">
    <p class='ocr_par' dir='ltr' id='par_1_48' title="bbox 1809 2061 3408 2136">
     <span class='ocr_line' id='line_1_49' title="bbox 1809 2061 3408 2136; baseline 0.001 -18"><span class='ocrx_word' id='word_1_341' title='bbox 1809 2061 1958 2118; x_wconf 91' lang='lat' dir='ltr'><strong>ricus</strong></span> <span class='ocrx_word' id='word_1_342' title='bbox 1985 2063 2277 2132; x_wconf 73' lang='lat' dir='ltr'><strong>prtebuerit</strong></span> <span class='ocrx_word' id='word_1_343' title='bbox 2306 2062 2695 2132; x_wconf 88' lang='lat' dir='ltr'><strong>iuramentum,</strong></span> <span class='ocrx_word' id='word_1_344' title='bbox 2726 2075 2780 2120; x_wconf 89' lang='lat' dir='ltr'><strong>et</strong></span> <span class='ocrx_word' id='word_1_345' title='bbox 2809 2077 2928 2136; x_wconf 86' lang='lat' dir='ltr'><strong>post</strong></span> <span class='ocrx_word' id='word_1_346' title='bbox 2961 2067 3118 2122; x_wconf 85' lang='lat' dir='ltr'><strong>rebus</strong></span> <span class='ocrx_word' id='word_1_347' title='bbox 3145 2067 3408 2121; x_wconf 87' lang='lat' dir='ltr'><strong>evidenti—</strong></span> 
     </span>
    </p>
   </div>
   <div class='ocr_carea' id='block_1_49' title="bbox 1809 2153 3408 2228">
    <p class='ocr_par' dir='ltr' id='par_1_49' title="bbox 1809 2153 3408 2228">
     <span class='ocr_line' id='line_1_50' title="bbox 1809 2153 3408 2228; baseline 0.002 -20"><span class='ocrx_word' id='word_1_348' title='bbox 1809 2153 1912 2208; x_wconf 93' lang='lat' dir='ltr'><strong>bus</strong></span> <span class='ocrx_word' id='word_1_349' title='bbox 1936 2154 2208 2224; x_wconf 81' lang='lat' dir='ltr'><strong>detegitur</strong></span> <span class='ocrx_word' id='word_1_350' title='bbox 2231 2153 2553 2222; x_wconf 87' lang='lat' dir='ltr'><strong>periurasse,</strong></span> <span class='ocrx_word' id='word_1_351' title='bbox 2585 2157 2788 2212; x_wconf 87' lang='lat' dir='ltr'><strong>biennii</strong></span> <span class='ocrx_word' id='word_1_352' title='bbox 2817 2159 3074 2228; x_wconf 89' lang='lat' dir='ltr'><strong>temporis</strong></span> <span class='ocrx_word' id='word_1_353' title='bbox 3096 2173 3408 2214; x_wconf 78' lang='lat' dir='ltr'><strong>excommu-</strong></span> 
     </span>
    </p>
   </div>
   <div class='ocr_carea' id='block_1_50' title="bbox 1811 2243 2409 2314">
    <p class='ocr_par' dir='ltr' id='par_1_50' title="bbox 1811 2243 2409 2314">
     <span class='ocr_line' id='line_1_51' title="bbox 1811 2243 2409 2314; baseline 0.007 -18"><span class='ocrx_word' id='word_1_354' title='bbox 1811 2243 2086 2300; x_wconf 88' lang='lat' dir='ltr'><strong>nicatione</strong></span> <span class='ocrx_word' id='word_1_355' title='bbox 2123 2244 2409 2314; x_wconf 86' lang='lat' dir='ltr'><strong>plectatur.</strong></span> 
     </span>
    </p>
   </div>
   <div class='ocr_carea' id='block_1_51' title="bbox 1813 2333 3410 2410">
    <p class='ocr_par' dir='ltr' id='par_1_51' title="bbox 1813 2333 3410 2410">
     <span class='ocr_line' id='line_1_52' title="bbox 1813 2333 3410 2410; baseline 0.004 -22"><span class='ocrx_word' id='word_1_356' title='bbox 1813 2333 1893 2390; x_wconf 78' lang='lat' dir='ltr'><strong>De</strong></span> <span class='ocrx_word' id='word_1_357' title='bbox 1929 2336 2010 2390; x_wconf 79' lang='lat' dir='ltr'><strong>his</strong></span> <span class='ocrx_word' id='word_1_358' title='bbox 2048 2336 2136 2407; x_wconf 85' lang='lat' dir='ltr'><strong>qui</strong></span> <span class='ocrx_word' id='word_1_359' title='bbox 2168 2345 2494 2410; x_wconf 69' lang='lat' dir='ltr'><strong>sacramento</strong></span> <span class='ocrx_word' id='word_1_360' title='bbox 2529 2353 2584 2391; x_wconf 81' lang='lat' dir='ltr'><strong>se</strong></span> <span class='ocrx_word' id='word_1_361' title='bbox 2607 2337 2833 2410; x_wconf 71' lang='lat' dir='ltr'><strong>obligant</strong></span> <span class='ocrx_word' id='word_1_362' title='bbox 2863 2355 2926 2392; x_wconf 82' lang='lat' dir='ltr'><strong>ne</strong></span> <span class='ocrx_word' id='word_1_363' title='bbox 2961 2340 3036 2394; x_wconf 82' lang='lat' dir='ltr'><strong>ad</strong></span> <span class='ocrx_word' id='word_1_364' title='bbox 3067 2355 3246 2410; x_wconf 81' lang='lat' dir='ltr'><strong>pacem</strong></span> <span class='ocrx_word' id='word_1_365' title='bbox 3290 2339 3410 2394; x_wconf 83' lang='lat' dir='ltr'><strong>red-</strong></span> 
     </span>
    </p>
   </div>
   <div class='ocr_carea' id='block_1_52' title="bbox 2206 2406 3018 2468">
    <p class='ocr_par' dir='ltr' id='par_1_52' title="bbox 2206 2406 3018 2468">
     <span class='ocr_line' id='line_1_53' title="bbox 2206 2406 3018 2468; baseline 0.002 -8"><span class='ocrx_word' id='word_1_366' title='bbox 2206 2416 2346 2460; x_wconf 84' lang='lat' dir='ltr'><strong>eant.</strong></span> <span class='ocrx_word' id='word_1_367' title='bbox 2381 2406 2464 2460; x_wconf 79' lang='lat' dir='ltr'><strong>Ea:</strong></span> <span class='ocrx_word' id='word_1_368' title='bbox 2490 2406 3018 2468; x_wconf 42' lang='lat' dir='ltr'><strong>concilio—Ilerdcnsi.</strong></span> 
     </span>
    </p>
   </div>
   <div class='ocr_carea' id='block_1_53' title="bbox 1889 2497 3408 2570">
    <p class='ocr_par' dir='ltr' id='par_1_53' title="bbox 1889 2497 3408 2570">
     <span class='ocr_line' id='line_1_54' title="bbox 1889 2497 3408 2570; baseline -0.001 -16"><span class='ocrx_word' id='word_1_369' title='bbox 1889 2497 2157 2554; x_wconf 82' lang='lat' dir='ltr'><strong>CCCXXI.</strong></span> <span class='ocrx_word' id='word_1_370' title='bbox 2193 2497 2416 2570; x_wconf 84' lang='lat' dir='ltr'><strong>(Concil.</strong></span> <span class='ocrx_word' id='word_1_371' title='bbox 2449 2497 2643 2565; x_wconf 67' lang='grc' dir='ltr'><strong>Μαι-(1.,</strong></span> <span class='ocrx_word' id='word_1_372' title='bbox 2673 2515 2724 2554; x_wconf 94' lang='lat' dir='ltr'><strong>c.</strong></span> <span class='ocrx_word' id='word_1_373' title='bbox 2756 2499 2816 2565; x_wconf 89' lang='lat'><strong>7;</strong></span> <span class='ocrx_word' id='word_1_374' title='bbox 2850 2499 3153 2556; x_wconf 67' lang='lat' dir='ltr'><strong>Hannon.</strong></span> <span class='ocrx_word' id='word_1_375' title='bbox 3201 2499 3294 2555; x_wconf 89' lang='lat' dir='ltr'><strong>ub.</strong></span> <span class='ocrx_word' id='word_1_376' title='bbox 3331 2515 3408 2564; x_wconf 83' lang='lat' dir='ltr'><strong>iv,</strong></span> 
     </span>
    </p>
   </div>
   <div class='ocr_carea' id='block_1_54' title="bbox 1818 2589 3410 2663">
    <p class='ocr_par' dir='ltr' id='par_1_54' title="bbox 1818 2589 3410 2663">
     <span class='ocr_line' id='line_1_55' title="bbox 1818 2589 3410 2663; baseline 0 -17"><span class='ocrx_word' id='word_1_377' title='bbox 1818 2605 1868 2646; x_wconf 94' lang='lat' dir='ltr'><strong>c.</strong></span> <span class='ocrx_word' id='word_1_378' title='bbox 1899 2589 1999 2656; x_wconf 77' lang='lat'><strong>55;</strong></span> <span class='ocrx_word' id='word_1_379' title='bbox 2031 2590 2340 2645; x_wconf 70' lang='lat' dir='ltr'><strong>Buacnsnn.</strong></span> <span class='ocrx_word' id='word_1_380' title='bbox 2375 2589 2468 2644; x_wconf 90' lang='lat' dir='ltr'><strong>lib.</strong></span> <span class='ocrx_word' id='word_1_381' title='bbox 2506 2606 2604 2657; x_wconf 81' lang='lat' dir='ltr'><strong>xu,</strong></span> <span class='ocrx_word' id='word_1_382' title='bbox 2633 2605 2682 2646; x_wconf 92' lang='lat' dir='ltr'><strong>c.</strong></span> <span class='ocrx_word' id='word_1_383' title='bbox 2711 2591 2823 2663; x_wconf 79' lang='lat' dir='ltr'><strong>l7.)</strong></span> <span class='ocrx_word' id='word_1_384' title='bbox 2855 2592 2955 2660; x_wconf 88' lang='lat' dir='ltr'><strong>Qui</strong></span> <span class='ocrx_word' id='word_1_385' title='bbox 2984 2601 3324 2648; x_wconf 88' lang='lat' dir='ltr'><strong>sacramento</strong></span> <span class='ocrx_word' id='word_1_386' title='bbox 3351 2607 3410 2646; x_wconf 90' lang='lat' dir='ltr'><strong>se</strong></span> 
     </span>
    </p>
   </div>
   <div class='ocr_carea' id='block_1_55' title="bbox 1819 2681 3408 2755">
    <p class='ocr_par' dir='ltr' id='par_1_55' title="bbox 1819 2681 3408 2755">
     <span class='ocr_line' id='line_1_56' title="bbox 1819 2681 3408 2755; baseline 0 -18"><span class='ocrx_word' id='word_1_387' title='bbox 1819 2681 2134 2752; x_wconf 78' lang='lat' dir='ltr'><strong>obligaverit</strong></span> <span class='ocrx_word' id='word_1_388' title='bbox 2163 2691 2220 2738; x_wconf 90' lang='lat' dir='ltr'><strong>ut</strong></span> <span class='ocrx_word' id='word_1_389' title='bbox 2249 2684 2315 2736; x_wconf 87' lang='lat' dir='ltr'><strong>ad</strong></span> <span class='ocrx_word' id='word_1_390' title='bbox 2348 2697 2534 2752; x_wconf 92' lang='lat' dir='ltr'><strong>pacem</strong></span> <span class='ocrx_word' id='word_1_391' title='bbox 2567 2681 2714 2738; x_wconf 90' lang='lat' dir='ltr'><strong>nullo</strong></span> <span class='ocrx_word' id='word_1_392' title='bbox 2739 2684 2898 2739; x_wconf 90' lang='lat' dir='ltr'><strong>modo</strong></span> <span class='ocrx_word' id='word_1_393' title='bbox 2927 2685 3132 2750; x_wconf 87' lang='lat' dir='ltr'><strong>redeat,</strong></span> <span class='ocrx_word' id='word_1_394' title='bbox 3163 2697 3262 2754; x_wconf 88' lang='lat' dir='ltr'><strong>pro</strong></span> <span class='ocrx_word' id='word_1_395' title='bbox 3285 2699 3408 2755; x_wconf 84' lang='lat' dir='ltr'><strong>pcr-</strong></span> 
     </span>
    </p>
   </div>
   <div class='ocr_carea' id='block_1_56' title="bbox 1815 2771 3408 2845">
    <p class='ocr_par' dir='ltr' id='par_1_56' title="bbox 1815 2771 3408 2845">
     <span class='ocr_line' id='line_1_57' title="bbox 1815 2771 3408 2845; baseline 0.001 -19"><span class='ocrx_word' id='word_1_396' title='bbox 1815 2771 1960 2841; x_wconf 89' lang='lat' dir='ltr'><strong>jurio</strong></span> <span class='ocrx_word' id='word_1_397' title='bbox 1985 2771 2148 2844; x_wconf 58' lang='lat'><strong>335</strong></span> <span class='ocrx_word' id='word_1_398' title='bbox 2184 2786 2292 2826; x_wconf 90' lang='lat' dir='ltr'><strong>uno</strong></span> <span class='ocrx_word' id='word_1_399' title='bbox 2316 2788 2458 2826; x_wconf 89' lang='lat' dir='ltr'><strong>anno</strong></span> <span class='ocrx_word' id='word_1_400' title='bbox 2498 2787 2529 2826; x_wconf 87' lang='lat' dir='ltr'><strong>a</strong></span> <span class='ocrx_word' id='word_1_401' title='bbox 2564 2787 2788 2843; x_wconf 88' lang='lat' dir='ltr'><strong>corpore</strong></span> <span class='ocrx_word' id='word_1_402' title='bbox 2815 2783 2870 2829; x_wconf 86' lang='lat' dir='ltr'><strong>et</strong></span> <span class='ocrx_word' id='word_1_403' title='bbox 2915 2777 3173 2845; x_wconf 78' lang='lat' dir='ltr'><strong>sanguine</strong></span> <span class='ocrx_word' id='word_1_404' title='bbox 3201 2773 3408 2828; x_wconf 86' lang='lat' dir='ltr'><strong>Domini</strong></span> 
     </span>
    </p>
   </div>
   <div class='ocr_carea' id='block_1_57' title="bbox 1821 2862 3409 2932">
    <p class='ocr_par' dir='ltr' id='par_1_57' title="bbox 1821 2862 3409 2932">
     <span class='ocr_line' id='line_1_58' title="bbox 1821 2862 3409 2932; baseline 0.002 -17"><span class='ocrx_word' id='word_1_405' title='bbox 1821 2870 2155 2932; x_wconf 88' lang='lat' dir='ltr'><strong>segregetur,</strong></span> <span class='ocrx_word' id='word_1_406' title='bbox 2183 2869 2238 2915; x_wconf 91' lang='lat' dir='ltr'><strong>et</strong></span> <span class='ocrx_word' id='word_1_407' title='bbox 2280 2869 2488 2915; x_wconf 87' lang='lat' dir='ltr'><strong>reatum</strong></span> <span class='ocrx_word' id='word_1_408' title='bbox 2533 2876 2686 2916; x_wconf 90' lang='lat' dir='ltr'><strong>suum</strong></span> <span class='ocrx_word' id='word_1_409' title='bbox 2710 2862 2929 2932; x_wconf 90' lang='lat' dir='ltr'><strong>ieiuniis</strong></span> <span class='ocrx_word' id='word_1_410' title='bbox 2969 2862 3409 2931; x_wconf 78' lang='lat' dir='ltr'><strong>et‘eleemosynis</strong></span> 
     </span>
    </p>
   </div>
   <div class='ocr_carea' id='block_1_58' title="bbox 1823 2950 3404 3021">
    <p class='ocr_par' dir='ltr' id='par_1_58' title="bbox 1823 2950 3404 3021">
     <span class='ocr_line' id='line_1_59' title="bbox 1823 2950 3404 3021; baseline 0.001 -17"><span class='ocrx_word' id='word_1_411' title='bbox 1823 2950 2064 3006; x_wconf 86' lang='lat' dir='ltr'><strong>absolvat</strong></span> <span class='ocrx_word' id='word_1_412' title='bbox 2091 2967 2107 3008; x_wconf 88' lang='lat'><strong>:</strong></span> <span class='ocrx_word' id='word_1_413' title='bbox 2135 2951 2199 3004; x_wconf 92' lang='lat' dir='ltr'><strong>ad</strong></span> <span class='ocrx_word' id='word_1_414' title='bbox 2243 2951 2564 3005; x_wconf 88' lang='lat' dir='ltr'><strong>charitatem</strong></span> <span class='ocrx_word' id='word_1_415' title='bbox 2605 2967 2752 3015; x_wconf 85' lang='lat' dir='ltr'><strong>vero,</strong></span> <span class='ocrx_word' id='word_1_416' title='bbox 2794 2967 2914 3021; x_wconf 71' lang='lat' dir='ltr'><strong>qua:</strong></span> <span class='ocrx_word' id='word_1_417' title='bbox 2951 2953 3126 3021; x_wconf 89' lang='lat' dir='ltr'><strong>operit</strong></span> <span class='ocrx_word' id='word_1_418' title='bbox 3161 2952 3404 3008; x_wconf 83' lang='lat' dir='ltr'><strong>multitu-</strong></span> 
     </span>
    </p>
   </div>
   <div class='ocr_carea' id='block_1_59' title="bbox 1823 3043 2909 3114">
    <p class='ocr_par' dir='ltr' id='par_1_59' title="bbox 1823 3043 2909 3114">
     <span class='ocr_line' id='line_1_60' title="bbox 1823 3043 2909 3114; baseline 0.002 -16"><span class='ocrx_word' id='word_1_419' title='bbox 1823 3043 2004 3099; x_wconf 89' lang='lat' dir='ltr'><strong>dinem</strong></span> <span class='ocrx_word' id='word_1_420' title='bbox 2035 3051 2401 3114; x_wconf 88' lang='lat' dir='ltr'><strong>peccatorum,</strong></span> <span class='ocrx_word' id='word_1_421' title='bbox 2433 3043 2685 3099; x_wconf 85' lang='lat' dir='ltr'><strong>celeriter</strong></span> <span class='ocrx_word' id='word_1_422' title='bbox 2711 3045 2909 3100; x_wconf 87' lang='lat' dir='ltr'><strong>veniat.</strong></span> 
     </span>
    </p>
   </div>
   <div class='ocr_carea' id='block_1_60' title="bbox 2033 3122 3184 3208">
    <p class='ocr_par' dir='ltr' id='par_1_60' title="bbox 2033 3122 3184 3208">
     <span class='ocr_line' id='line_1_61' title="bbox 2033 3122 3184 3208; baseline 0 -18"><span class='ocrx_word' id='word_1_423' title='bbox 2033 3137 2170 3190; x_wconf 85' lang='lat' dir='ltr'><strong>Item</strong></span> <span class='ocrx_word' id='word_1_424' title='bbox 2195 3123 2538 3205; x_wconf 66' lang='lat' dir='ltr'><strong>dc‘perjurio.</strong></span> <span class='ocrx_word' id='word_1_425' title='bbox 2567 3134 2652 3190; x_wconf 82' lang='lat' dir='ltr'><strong>Ea:</strong></span> <span class='ocrx_word' id='word_1_426' title='bbox 2676 3122 3184 3208; x_wconf 58' lang='lat' dir='ltr'><strong>dictis&#39;llieronymi.</strong></span> 
     </span>
    </p>
   </div>
   <div class='ocr_carea' id='block_1_61' title="bbox 131 3187 3411 3300">
    <p class='ocr_par' dir='ltr' id='par_1_61' title="bbox 131 3187 3411 3300">
     <span class='ocr_line' id='line_1_62' title="bbox 131 3187 3411 3300; baseline 0.01 -50"><span class='ocrx_word' id='word_1_427' title='bbox 131 3217 177 3258; x_wconf 90' lang='lat' dir='ltr'><strong>c.</strong></span> <span class='ocrx_word' id='word_1_428' title='bbox 223 3200 414 3300; x_wconf 42' lang='lat' dir='ltr'><strong>1-.).Ut</strong></span> <span class='ocrx_word' id='word_1_429' title='bbox 462 3187 742 3270; x_wconf 77' lang='lat' dir='ltr'><strong>multiplex</strong></span> <span class='ocrx_word' id='word_1_430' title='bbox 779 3199 1212 3300; x_wconf 68' lang='lat' dir='ltr'><strong>iuramentorum</strong></span> <span class='ocrx_word' id='word_1_431' title='bbox 1253 3205 1306 3252; x_wconf 89' lang='lat' dir='ltr'><strong>et</strong></span> <span class='ocrx_word' id='word_1_432' title='bbox 1344 3194 1712 3300; x_wconf 50' lang='grc' dir='ltr'><strong>⁸ι)εξι·ἱιιξ“ίθξί¹ξ¹¹</strong></span> <span class='ocrx_word' id='word_1_433' title='bbox 1741 3230 1790 3294; x_wconf 77' lang='lat' dir='ltr'>c</span> <span class='ocrx_word' id='word_1_434' title='bbox 1890 3187 2823 3297; x_wconf 21' lang='lat' dir='ltr'><strong>CCCl—IVX—Il.v(‘8bnenaan.libitu,</strong></span> <span class='ocrx_word' id='word_1_435' title='bbox 3259 3227 3411 3297; x_wconf 85' lang='lat' dir='ltr'><strong>iura-</strong></span> 
     </span>
    </p>
   </div>
   <div class='ocr_carea' id='block_1_62' title="bbox 131 3289 1716 3362">
    <p class='ocr_par' dir='ltr' id='par_1_62' title="bbox 131 3289 1716 3362">
     <span class='ocr_line' id='line_1_63' title="bbox 131 3289 1716 3362; baseline -0.003 -16"><span class='ocrx_word' id='word_1_436' title='bbox 131 3293 398 3358; x_wconf 83' lang='lat' dir='ltr'><strong>eunl&#39;usio,</strong></span> <span class='ocrx_word' id='word_1_437' title='bbox 441 3307 538 3362; x_wconf 90' lang='lat' dir='ltr'><strong>per</strong></span> <span class='ocrx_word' id='word_1_438' title='bbox 572 3307 732 3362; x_wconf 90' lang='lat' dir='ltr'><strong>quam</strong></span> <span class='ocrx_word' id='word_1_439' title='bbox 763 3291 944 3346; x_wconf 78' lang='lat' dir='ltr'><strong>multa:</strong></span> <span class='ocrx_word' id='word_1_440' title='bbox 993 3291 1228 3346; x_wconf 89' lang='lat' dir='ltr'><strong>ﬁdelium</strong></span> <span class='ocrx_word' id='word_1_441' title='bbox 1268 3291 1464 3346; x_wconf 84' lang='lat' dir='ltr'><strong>animae</strong></span> <span class='ocrx_word' id='word_1_442' title='bbox 1509 3289 1562 3342; x_wconf 91' lang='lat' dir='ltr'><strong>in</strong></span> <span class='ocrx_word' id='word_1_443' title='bbox 1603 3295 1716 3360; x_wconf 83' lang='lat' dir='ltr'><strong>toto</strong></span> 
     </span>
    </p>
   </div>
   <div class='ocr_carea' id='block_1_63' title="bbox 131 3379 1720 3454">
    <p class='ocr_par' dir='ltr' id='par_1_63' title="bbox 131 3379 1720 3454">
     <span class='ocr_line' id='line_1_64' title="bbox 131 3379 1720 3454; baseline -0.004 -16"><span class='ocrx_word' id='word_1_444' title='bbox 131 3385 229 3438; x_wconf 88' lang='lat' dir='ltr'><strong>hoc</strong></span> <span class='ocrx_word' id='word_1_445' title='bbox 271 3399 444 3454; x_wconf 86' lang='lat' dir='ltr'><strong>regno</strong></span> <span class='ocrx_word' id='word_1_446' title='bbox 483 3384 707 3454; x_wconf 62' lang='lat' dir='ltr'><strong>perdita;</strong></span> <span class='ocrx_word' id='word_1_447' title='bbox 746 3397 866 3438; x_wconf 89' lang='lat' dir='ltr'><strong>esse</strong></span> <span class='ocrx_word' id='word_1_448' title='bbox 896 3390 1214 3446; x_wconf 89' lang='lat' dir='ltr'><strong>noscuntur,</strong></span> <span class='ocrx_word' id='word_1_449' title='bbox 1255 3396 1414 3450; x_wconf 90' lang='lat' dir='ltr'><strong>quam</strong></span> <span class='ocrx_word' id='word_1_450' title='bbox 1455 3379 1527 3434; x_wconf 92' lang='lat' dir='ltr'><strong>sit</strong></span> <span class='ocrx_word' id='word_1_451' title='bbox 1569 3379 1720 3433; x_wconf 86' lang='lat' dir='ltr'><strong>dete-</strong></span> 
     </span>
    </p>
   </div>
   <div class='ocr_carea' id='block_1_64' title="bbox 131 3465 1718 3538">
    <p class='ocr_par' dir='ltr' id='par_1_64' title="bbox 131 3465 1718 3538">
     <span class='ocr_line' id='line_1_65' title="bbox 131 3465 1718 3538; baseline -0.005 -10"><span class='ocrx_word' id='word_1_452' title='bbox 131 3475 314 3530; x_wconf 89' lang='lat' dir='ltr'><strong>standa</strong></span> <span class='ocrx_word' id='word_1_453' title='bbox 343 3465 402 3528; x_wconf 83' lang='lat' dir='ltr'><strong>et</strong></span> <span class='ocrx_word' id='word_1_454' title='bbox 429 3473 542 3528; x_wconf 90' lang='lat' dir='ltr'><strong>Deo</strong></span> <span class='ocrx_word' id='word_1_455' title='bbox 585 3473 820 3538; x_wconf 90' lang='lat' dir='ltr'><strong>odibilis,</strong></span> <span class='ocrx_word' id='word_1_456' title='bbox 852 3473 1110 3526; x_wconf 86' lang='lat' dir='ltr'><strong>attentius</strong></span> <span class='ocrx_word' id='word_1_457' title='bbox 1150 3471 1398 3526; x_wconf 88' lang='lat' dir='ltr'><strong>omnibus</strong></span> <span class='ocrx_word' id='word_1_458' title='bbox 1436 3467 1718 3523; x_wconf 52' lang='lat' dir='ltr'><strong>animalia.</strong></span> 
     </span>
    </p>
   </div>
   <div class='ocr_carea' id='block_1_65' title="bbox 135 3560 1720 3634">
    <p class='ocr_par' dir='ltr' id='par_1_65' title="bbox 135 3560 1720 3634">
     <span class='ocr_line' id='line_1_66' title="bbox 135 3560 1720 3634; baseline -0.003 -16"><span class='ocrx_word' id='word_1_459' title='bbox 135 3574 234 3618; x_wconf 89' lang='lat' dir='ltr'><strong>tur.</strong></span> <span class='ocrx_word' id='word_1_460' title='bbox 261 3565 504 3620; x_wconf 87' lang='lat' dir='ltr'><strong>Tantum</strong></span> <span class='ocrx_word' id='word_1_461' title='bbox 531 3579 760 3634; x_wconf 89' lang='lat' dir='ltr'><strong>namque</strong></span> <span class='ocrx_word' id='word_1_462' title='bbox 783 3565 886 3619; x_wconf 87' lang='lat' dir='ltr'><strong>hoc</strong></span> <span class='ocrx_word' id='word_1_463' title='bbox 911 3563 1108 3618; x_wconf 90' lang='lat' dir='ltr'><strong>malum</strong></span> <span class='ocrx_word' id='word_1_464' title='bbox 1135 3571 1220 3618; x_wconf 89' lang='lat' dir='ltr'><strong>est</strong></span> <span class='ocrx_word' id='word_1_465' title='bbox 1241 3571 1300 3616; x_wconf 90' lang='lat' dir='ltr'><strong>ut</strong></span> <span class='ocrx_word' id='word_1_466' title='bbox 1324 3561 1390 3616; x_wconf 92' lang='lat' dir='ltr'><strong>ad</strong></span> <span class='ocrx_word' id='word_1_467' title='bbox 1413 3560 1720 3616; x_wconf 86' lang='lat' dir='ltr'><strong>sanctuaria</strong></span> 
     </span>
    </p>
   </div>
   <div class='ocr_carea' id='block_1_66' title="bbox 133 3641 1720 3728">
    <p class='ocr_par' dir='ltr' id='par_1_66' title="bbox 133 3641 1720 3728">
     <span class='ocr_line' id='line_1_67' title="bbox 133 3641 1720 3728; baseline -0.004 -17"><span class='ocrx_word' id='word_1_468' title='bbox 133 3641 465 3728; x_wconf 82' lang='lat' dir='ltr'><strong>martyrum,</strong></span> <span class='ocrx_word' id='word_1_469' title='bbox 492 3656 584 3710; x_wconf 87' lang='lat' dir='ltr'><strong>ubi</strong></span> <span class='ocrx_word' id='word_1_470' title='bbox 611 3655 948 3710; x_wconf 89' lang='lat' dir='ltr'><strong>diversorum</strong></span> <span class='ocrx_word' id='word_1_471' title='bbox 974 3653 1318 3725; x_wconf 84' lang='lat' dir='ltr'><strong>aegritudines</strong></span> <span class='ocrx_word' id='word_1_472' title='bbox 1341 3661 1621 3716; x_wconf 89' lang='lat' dir='ltr'><strong>sanantur,</strong></span> <span class='ocrx_word' id='word_1_473' title='bbox 1646 3650 1720 3704; x_wconf 88' lang='lat' dir='ltr'><strong>ibi</strong></span> 
     </span>
    </p>
   </div>
   <div class='ocr_carea' id='block_1_67' title="bbox 131 3743 1722 3816">
    <p class='ocr_par' dir='ltr' id='par_1_67' title="bbox 131 3743 1722 3816">
     <span class='ocr_line' id='line_1_68' title="bbox 131 3743 1722 3816; baseline -0.002 -17"><span class='ocrx_word' id='word_1_474' title='bbox 131 3747 355 3816; x_wconf 85' lang='lat' dir='ltr'><strong>periuri,</strong></span> <span class='ocrx_word' id='word_1_475' title='bbox 387 3745 519 3810; x_wconf 81' lang='lat' dir='ltr'><strong>licet</strong></span> <span class='ocrx_word' id='word_1_476' title='bbox 545 3744 830 3799; x_wconf 81' lang='lat' dir='ltr'><strong>manifeste</strong></span> <span class='ocrx_word' id='word_1_477' title='bbox 860 3745 1130 3799; x_wconf 87' lang='lat' dir='ltr'><strong>interdum</strong></span> <span class='ocrx_word' id='word_1_478' title='bbox 1152 3744 1336 3799; x_wconf 78' lang='lat' dir='ltr'><strong>vexari</strong></span> <span class='ocrx_word' id='word_1_479' title='bbox 1363 3759 1469 3799; x_wconf 91' lang='lat' dir='ltr'><strong>non</strong></span> <span class='ocrx_word' id='word_1_480' title='bbox 1501 3743 1722 3798; x_wconf 89' lang='lat' dir='ltr'><strong>videan-</strong></span> 
     </span>
    </p>
   </div>
   <div class='ocr_carea' id='block_1_68' title="bbox 133 3835 1725 3908">
    <p class='ocr_par' dir='ltr' id='par_1_68' title="bbox 133 3835 1725 3908">
     <span class='ocr_line' id='line_1_69' title="bbox 133 3835 1725 3908; baseline -0.001 -18"><span class='ocrx_word' id='word_1_481' title='bbox 133 3847 239 3904; x_wconf 89' lang='lat' dir='ltr'><strong>tur,</strong></span> <span class='ocrx_word' id='word_1_482' title='bbox 275 3837 431 3908; x_wconf 90' lang='lat' dir='ltr'><strong>iusto</strong></span> <span class='ocrx_word' id='word_1_483' title='bbox 457 3837 552 3891; x_wconf 89' lang='lat' dir='ltr'><strong>Dei</strong></span> <span class='ocrx_word' id='word_1_484' title='bbox 579 3837 782 3908; x_wconf 90' lang='lat' dir='ltr'><strong>iudicio</strong></span> <span class='ocrx_word' id='word_1_485' title='bbox 825 3853 854 3891; x_wconf 90' lang='lat' dir='ltr'><strong>a</strong></span> <span class='ocrx_word' id='word_1_486' title='bbox 898 3837 1231 3892; x_wconf 74' lang='lat' dir='ltr'><strong>dzemonibus</strong></span> <span class='ocrx_word' id='word_1_487' title='bbox 1267 3835 1626 3906; x_wconf 88' lang='lat' dir='ltr'><strong>arripiantur;</strong></span> <span class='ocrx_word' id='word_1_488' title='bbox 1669 3841 1725 3890; x_wconf 87' lang='lat' dir='ltr'><strong>et</strong></span> 
     </span>
    </p>
   </div>
   <div class='ocr_carea' id='block_1_69' title="bbox 135 3923 1720 3997">
    <p class='ocr_par' dir='ltr' id='par_1_69' title="bbox 135 3923 1720 3997">
     <span class='ocr_line' id='line_1_70' title="bbox 135 3923 1720 3997; baseline -0.003 -14"><span class='ocrx_word' id='word_1_489' title='bbox 135 3929 270 3983; x_wconf 86' lang='lat' dir='ltr'><strong>sicut</strong></span> <span class='ocrx_word' id='word_1_490' title='bbox 296 3935 526 3984; x_wconf 90' lang='lat' dir='ltr'><strong>sanctus</strong></span> <span class='ocrx_word' id='word_1_491' title='bbox 553 3927 682 3982; x_wconf 90' lang='lat' dir='ltr'><strong>dicit</strong></span> <span class='ocrx_word' id='word_1_492' title='bbox 705 3927 995 3997; x_wconf 82' lang='lat' dir='ltr'><strong>Gregorius</strong></span> <span class='ocrx_word' id='word_1_493' title='bbox 1023 3925 1245 3997; x_wconf 83' lang='lat' dir='ltr'><strong>(Homil.</strong></span> <span class='ocrx_word' id='word_1_494' title='bbox 1277 3925 1347 3980; x_wconf 77' lang='lat'><strong>&#39;52</strong></span> <span class='ocrx_word' id='word_1_495' title='bbox 1371 3925 1426 3980; x_wconf 84' lang='lat' dir='ltr'><strong>in</strong></span> <span class='ocrx_word' id='word_1_496' title='bbox 1453 3923 1680 3995; x_wconf 82' lang='lat' dir='ltr'><strong>Evang.)</strong></span> <span class='ocrx_word' id='word_1_497' title='bbox 1705 3941 1720 3978; x_wconf 90' lang='lat'><strong>:</strong></span> 
     </span>
    </p>
   </div>
   <div class='ocr_carea' id='block_1_70' title="bbox 139 4015 1726 4090">
    <p class='ocr_par' dir='ltr' id='par_1_70' title="bbox 139 4015 1726 4090">
     <span class='ocr_line' id='line_1_71' title="bbox 139 4015 1726 4090; baseline -0.003 -16"><span class='ocrx_word' id='word_1_498' title='bbox 139 4039 156 4070; x_wconf 78' lang='grc' dir='ltr'><strong>ι</strong></span> <span class='ocrx_word' id='word_1_499' title='bbox 186 4022 264 4076; x_wconf 82' lang='lat' dir='ltr'><strong>Ad</strong></span> <span class='ocrx_word' id='word_1_500' title='bbox 303 4015 504 4077; x_wconf 85' lang='lat' dir='ltr'><strong>horum</strong></span> <span class='ocrx_word' id='word_1_501' title='bbox 544 4035 770 4090; x_wconf 88' lang='lat' dir='ltr'><strong>corpora</strong></span> <span class='ocrx_word' id='word_1_502' title='bbox 817 4019 945 4088; x_wconf 77' lang='lat' dir='ltr'><strong>:egri</strong></span> <span class='ocrx_word' id='word_1_503' title='bbox 988 4019 1210 4072; x_wconf 89' lang='lat' dir='ltr'><strong>veniunt</strong></span> <span class='ocrx_word' id='word_1_504' title='bbox 1251 4026 1305 4073; x_wconf 92' lang='lat' dir='ltr'><strong>et</strong></span> <span class='ocrx_word' id='word_1_505' title='bbox 1346 4026 1624 4084; x_wconf 89' lang='lat' dir='ltr'><strong>curantur,</strong></span> <span class='ocrx_word' id='word_1_506' title='bbox 1671 4022 1726 4071; x_wconf 90' lang='lat' dir='ltr'><strong>et</strong></span> 
     </span>
    </p>
   </div>
   <div class='ocr_carea' id='block_1_71' title="bbox 133 4112 1062 4186">
    <p class='ocr_par' dir='ltr' id='par_1_71' title="bbox 133 4112 1062 4186">
     <span class='ocr_line' id='line_1_72' title="bbox 133 4112 1062 4186; baseline -0.004 -20"><span class='ocrx_word' id='word_1_507' title='bbox 133 4112 330 4186; x_wconf 86' lang='lat' dir='ltr'><strong>periuri</strong></span> <span class='ocrx_word' id='word_1_508' title='bbox 365 4129 398 4168; x_wconf 89' lang='lat' dir='ltr'><strong>a</strong></span> <span class='ocrx_word' id='word_1_509' title='bbox 432 4113 698 4168; x_wconf 75' lang='lat' dir='ltr'><strong>daemonio</strong></span> <span class='ocrx_word' id='word_1_510' title='bbox 733 4119 1014 4166; x_wconf 83' lang='lat' dir='ltr'><strong>vexantur.</strong></span> <span class='ocrx_word' id='word_1_511' title='bbox 1042 4129 1062 4162; x_wconf 75' lang='grc' dir='ltr'><strong>ι</strong></span> 
     </span>
    </p>
   </div>
   <div class='ocr_carea' id='block_1_72' title="bbox 171 4221 1696 4292">
    <p class='ocr_par' dir='ltr' id='par_1_72' title="bbox 171 4221 1696 4292">
     <span class='ocr_line' id='line_1_73' title="bbox 171 4221 1696 4292; baseline -0.004 -11"><span class='ocrx_word' id='word_1_512' title='bbox 171 4227 284 4292; x_wconf 83' lang='lat' dir='ltr'><strong>Quo</strong></span> <span class='ocrx_word' id='word_1_513' title='bbox 321 4236 558 4284; x_wconf 67' lang='lat' dir='ltr'><strong>tempore</strong></span> <span class='ocrx_word' id='word_1_514' title='bbox 584 4232 912 4280; x_wconf 74' lang='lat' dir='ltr'><strong>sacramenta</strong></span> <span class='ocrx_word' id='word_1_515' title='bbox 943 4225 1214 4292; x_wconf 81' lang='lat' dir='ltr'><strong>jureutur.</strong></span> <span class='ocrx_word' id='word_1_516' title='bbox 1255 4222 1345 4277; x_wconf 80' lang='lat' dir='ltr'><strong>Ea:</strong></span> <span class='ocrx_word' id='word_1_517' title='bbox 1375 4221 1596 4276; x_wconf 83' lang='lat' dir='ltr'><strong>concilio</strong></span> <span class='ocrx_word' id='word_1_518' title='bbox 1623 4221 1696 4276; x_wconf 76' lang='lat' dir='ltr'><strong>ad</strong></span> 
     </span>
    </p>
   </div>
   <div class='ocr_carea' id='block_1_73' title="bbox 393 4293 1037 4372">
    <p class='ocr_par' dir='ltr' id='par_1_73' title="bbox 393 4293 1037 4372">
     <span class='ocr_line' id='line_1_74' title="bbox 393 4293 1037 4372; baseline -0.008 -21"><span class='ocrx_word' id='word_1_519' title='bbox 393 4369 396 4372; x_wconf 17' lang='grc' dir='ltr'><strong>Α</strong></span> <span class='ocrx_word' id='word_1_520' title='bbox 837 4293 1037 4348; x_wconf 71' lang='lat' dir='ltr'><strong>Pisias.</strong></span> 
     </span>
    </p>
   </div>
   <div class='ocr_carea' id='block_1_74' title="bbox 201 4405 1728 4482">
    <p class='ocr_par' dir='ltr' id='par_1_74' title="bbox 201 4405 1728 4482">
     <span class='ocr_line' id='line_1_75' title="bbox 201 4405 1728 4482; baseline -0.005 -16"><span class='ocrx_word' id='word_1_521' title='bbox 201 4410 522 4468; x_wconf 76' lang='lat' dir='ltr'><strong>CCCXVIII.</strong></span> <span class='ocrx_word' id='word_1_522' title='bbox 565 4409 1059 4482; x_wconf 74' lang='lat' dir='ltr'><strong>(CapitulaCAnou</strong></span> <span class='ocrx_word' id='word_1_523' title='bbox 1088 4405 1274 4475; x_wconf 73' lang='lat' dir='ltr'><strong>CALV&#39;I,</strong></span> <span class='ocrx_word' id='word_1_524' title='bbox 1304 4408 1388 4463; x_wconf 86' lang='lat' dir='ltr'><strong>tit.</strong></span> <span class='ocrx_word' id='word_1_525' title='bbox 1419 4407 1508 4472; x_wconf 78' lang='grc'><strong>51,</strong></span> <span class='ocrx_word' id='word_1_526' title='bbox 1530 4422 1580 4462; x_wconf 93' lang='lat' dir='ltr'><strong>c.</strong></span> <span class='ocrx_word' id='word_1_527' title='bbox 1609 4405 1728 4477; x_wconf 80' lang='grc'>5⁸5.)</span> 
     </span>
    </p>
   </div>
   <div class='ocr_carea' id='block_1_75' title="bbox 138 4497 1728 4558">
    <p class='ocr_par' dir='ltr' id='par_1_75' title="bbox 138 4497 1728 4558">
     <span class='ocr_line' id='line_1_76' title="bbox 138 4497 1728 4558; baseline -0.003 -2"><span class='ocrx_word' id='word_1_528' title='bbox 138 4499 536 4558; x_wconf 88' lang='lat' dir='ltr'><strong>Constituimus</strong></span> <span class='ocrx_word' id='word_1_529' title='bbox 577 4517 680 4556; x_wconf 89' lang='lat' dir='ltr'><strong>una</strong></span> <span class='ocrx_word' id='word_1_530' title='bbox 721 4517 842 4557; x_wconf 89' lang='lat' dir='ltr'><strong>cum</strong></span> <span class='ocrx_word' id='word_1_531' title='bbox 863 4514 1124 4556; x_wconf 87' lang='lat' dir='ltr'><strong>consensu</strong></span> <span class='ocrx_word' id='word_1_532' title='bbox 1158 4507 1212 4553; x_wconf 91' lang='lat' dir='ltr'><strong>et</strong></span> <span class='ocrx_word' id='word_1_533' title='bbox 1237 4499 1462 4554; x_wconf 90' lang='lat' dir='ltr'><strong>consilio</strong></span> <span class='ocrx_word' id='word_1_534' title='bbox 1495 4497 1728 4554; x_wconf 88' lang='lat' dir='ltr'><strong>ﬁdelium</strong></span> 
     </span>
    </p>
   </div>
   <div class='ocr_carea' id='block_1_76' title="bbox 137 4590 1806 4663">
    <p class='ocr_par' dir='ltr' id='par_1_76' title="bbox 137 4590 1806 4663">
     <span class='ocr_line' id='line_1_77' title="bbox 137 4590 1806 4663; baseline 0.002 -17"><span class='ocrx_word' id='word_1_535' title='bbox 137 4603 450 4650; x_wconf 88' lang='lat' dir='ltr'><strong>nostrorum</strong></span> <span class='ocrx_word' id='word_1_536' title='bbox 485 4601 544 4648; x_wconf 86' lang='lat' dir='ltr'><strong>ut</strong></span> <span class='ocrx_word' id='word_1_537' title='bbox 574 4593 642 4647; x_wconf 86' lang='lat' dir='ltr'><strong>ab</strong></span> <span class='ocrx_word' id='word_1_538' title='bbox 670 4593 789 4663; x_wconf 89' lang='lat' dir='ltr'><strong>ipso</strong></span> <span class='ocrx_word' id='word_1_539' title='bbox 815 4593 942 4658; x_wconf 90' lang='lat' dir='ltr'><strong>.die,</strong></span> <span class='ocrx_word' id='word_1_540' title='bbox 972 4606 1080 4662; x_wconf 92' lang='lat' dir='ltr'><strong>quo</strong></span> <span class='ocrx_word' id='word_1_541' title='bbox 1107 4599 1504 4646; x_wconf 88' lang='lat' dir='ltr'><strong>sacramentum</strong></span> <span class='ocrx_word' id='word_1_542' title='bbox 1530 4590 1728 4660; x_wconf 81' lang='lat' dir='ltr'><strong>accipi-</strong></span> <span class='ocrx_word' id='word_1_543' title='bbox 1754 4590 1806 4650; x_wconf 88' lang='lat' dir='ltr'><strong>D</strong></span> 
     </span>
    </p>
   </div>
   <div class='ocr_carea' id='block_1_77' title="bbox 139 4681 1726 4756">
    <p class='ocr_par' dir='ltr' id='par_1_77' title="bbox 139 4681 1726 4756">
     <span class='ocr_line' id='line_1_78' title="bbox 139 4681 1726 4756; baseline 0.001 -22"><span class='ocrx_word' id='word_1_544' title='bbox 139 4690 244 4750; x_wconf 86' lang='lat' dir='ltr'><strong>tur,</strong></span> <span class='ocrx_word' id='word_1_545' title='bbox 269 4693 402 4756; x_wconf 88' lang='lat' dir='ltr'><strong>post</strong></span> <span class='ocrx_word' id='word_1_546' title='bbox 437 4685 792 4756; x_wconf 88' lang='lat' dir='ltr'><strong>quadraginta</strong></span> <span class='ocrx_word' id='word_1_547' title='bbox 827 4684 942 4739; x_wconf 90' lang='lat' dir='ltr'><strong>dies</strong></span> <span class='ocrx_word' id='word_1_548' title='bbox 969 4693 1024 4737; x_wconf 87' lang='lat' dir='ltr'><strong>et</strong></span> <span class='ocrx_word' id='word_1_549' title='bbox 1055 4683 1410 4754; x_wconf 88' lang='lat' dir='ltr'><strong>quadraginta</strong></span> <span class='ocrx_word' id='word_1_550' title='bbox 1437 4691 1645 4746; x_wconf 84' lang='lat' dir='ltr'><strong>noctes,</strong></span> <span class='ocrx_word' id='word_1_551' title='bbox 1675 4681 1726 4736; x_wconf 92' lang='lat' dir='ltr'><strong>id</strong></span> 
     </span>
    </p>
   </div>
   <div class='ocr_carea' id='block_1_78' title="bbox 140 4761 1726 4845">
    <p class='ocr_par' dir='ltr' id='par_1_78' title="bbox 140 4761 1726 4845">
     <span class='ocr_line' id='line_1_79' title="bbox 140 4761 1726 4845; baseline 0.003 -21"><span class='ocrx_word' id='word_1_552' title='bbox 140 4779 219 4825; x_wconf 86' lang='lat' dir='ltr'><strong>est</strong></span> <span class='ocrx_word' id='word_1_553' title='bbox 241 4813 256 4839; x_wconf 91' lang='lat'><strong>,</strong></span> <span class='ocrx_word' id='word_1_554' title='bbox 287 4774 706 4845; x_wconf 88' lang='lat' dir='ltr'><strong>quadragesimo</strong></span> <span class='ocrx_word' id='word_1_555' title='bbox 747 4775 982 4830; x_wconf 90' lang='lat' dir='ltr'><strong>secundo</strong></span> <span class='ocrx_word' id='word_1_556' title='bbox 1025 4761 1110 4828; x_wconf 86' lang='lat' dir='ltr'><strong>die</strong></span> <span class='ocrx_word' id='word_1_557' title='bbox 1141 4774 1206 4828; x_wconf 90' lang='lat' dir='ltr'><strong>de</strong></span> <span class='ocrx_word' id='word_1_558' title='bbox 1236 4789 1331 4828; x_wconf 81' lang='lat' dir='ltr'><strong>sex</strong></span> <span class='ocrx_word' id='word_1_559' title='bbox 1373 4773 1686 4844; x_wconf 87' lang='lat' dir='ltr'><strong>septimanis</strong></span> <span class='ocrx_word' id='word_1_560' title='bbox 1711 4812 1726 4838; x_wconf 92' lang='lat'><strong>,</strong></span> 
     </span>
    </p>
   </div>
   <div class='ocr_carea' id='block_1_79' title="bbox 143 4851 1728 4934">
    <p class='ocr_par' dir='ltr' id='par_1_79' title="bbox 143 4851 1728 4934">
     <span class='ocr_line' id='line_1_80' title="bbox 143 4851 1728 4934; baseline 0.002 -20"><span class='ocrx_word' id='word_1_561' title='bbox 143 4863 253 4930; x_wconf 91' lang='lat' dir='ltr'><strong>ipsa</strong></span> <span class='ocrx_word' id='word_1_562' title='bbox 297 4862 436 4922; x_wconf 85' lang='lat' dir='ltr'><strong>feria</strong></span> <span class='ocrx_word' id='word_1_563' title='bbox 465 4851 727 4934; x_wconf 39' lang='lat' dir='ltr'><strong>qtti&#39;illud</strong></span> <span class='ocrx_word' id='word_1_564' title='bbox 768 4873 1164 4919; x_wconf 86' lang='lat' dir='ltr'><strong>sacramentum</strong></span> <span class='ocrx_word' id='word_1_565' title='bbox 1204 4865 1438 4934; x_wconf 89' lang='lat' dir='ltr'><strong>accepit,</strong></span> <span class='ocrx_word' id='word_1_566' title='bbox 1487 4864 1728 4934; x_wconf 84' lang='lat' dir='ltr'><strong>legaliter</strong></span> 
     </span>
    </p>
   </div>
   <div class='ocr_carea' id='block_1_80' title="bbox 143 4941 1730 5024">
    <p class='ocr_par' dir='ltr' id='par_1_80' title="bbox 143 4941 1730 5024">
     <span class='ocr_line' id='line_1_81' title="bbox 143 4941 1730 5024; baseline -0.003 -14"><span class='ocrx_word' id='word_1_567' title='bbox 143 4951 194 5010; x_wconf 88' lang='lat' dir='ltr'><strong>in</strong></span> <span class='ocrx_word' id='word_1_568' title='bbox 223 4953 362 5009; x_wconf 90' lang='lat' dir='ltr'><strong>locis</strong></span> <span class='ocrx_word' id='word_1_569' title='bbox 392 4941 700 5010; x_wconf 82' lang='lat' dir='ltr'><strong>constitutis</strong></span> <span class='ocrx_word' id='word_1_570' title='bbox 729 4953 892 5024; x_wconf 89' lang='lat' dir='ltr'><strong>iuret.</strong></span> <span class='ocrx_word' id='word_1_571' title='bbox 918 4953 985 5008; x_wconf 88' lang='lat' dir='ltr'><strong>Et</strong></span> <span class='ocrx_word' id='word_1_572' title='bbox 1028 4954 1072 5008; x_wconf 92' lang='lat' dir='ltr'><strong>si</strong></span> <span class='ocrx_word' id='word_1_573' title='bbox 1114 4954 1228 5022; x_wconf 90' lang='lat' dir='ltr'><strong>ipsa</strong></span> <span class='ocrx_word' id='word_1_574' title='bbox 1259 4953 1373 5008; x_wconf 88' lang='lat' dir='ltr'><strong>dies</strong></span> <span class='ocrx_word' id='word_1_575' title='bbox 1413 4955 1550 5008; x_wconf 88' lang='lat' dir='ltr'><strong>intra</strong></span> <span class='ocrx_word' id='word_1_576' title='bbox 1595 4967 1730 5022; x_wconf 89' lang='lat' dir='ltr'><strong>qua-</strong></span> 
     </span>
    </p>
   </div>
   <div class='ocr_carea' id='block_1_81' title="bbox 143 5042 1728 5115">
    <p class='ocr_par' dir='ltr' id='par_1_81' title="bbox 143 5042 1728 5115">
     <span class='ocr_line' id='line_1_82' title="bbox 143 5042 1728 5115; baseline 0.001 -19"><span class='ocrx_word' id='word_1_577' title='bbox 143 5043 500 5115; x_wconf 86' lang='lat' dir='ltr'><strong>dragesimam</strong></span> <span class='ocrx_word' id='word_1_578' title='bbox 532 5046 792 5110; x_wconf 87' lang='lat' dir='ltr'><strong>evenerit,</strong></span> <span class='ocrx_word' id='word_1_579' title='bbox 823 5059 981 5100; x_wconf 88' lang='lat' dir='ltr'><strong>nemo</strong></span> <span class='ocrx_word' id='word_1_580' title='bbox 1002 5042 1188 5112; x_wconf 81' lang='lat' dir='ltr'><strong>iurare</strong></span> <span class='ocrx_word' id='word_1_581' title='bbox 1227 5055 1532 5114; x_wconf 71' lang='lat' dir='ltr'><strong>praesumat.</strong></span> <span class='ocrx_word' id='word_1_582' title='bbox 1578 5045 1644 5100; x_wconf 88' lang='lat' dir='ltr'><strong>Et</strong></span> <span class='ocrx_word' id='word_1_583' title='bbox 1683 5043 1728 5099; x_wconf 89' lang='lat' dir='ltr'><strong>si</strong></span> 
     </span>
    </p>
   </div>
   <div class='ocr_carea' id='block_1_82' title="bbox 145 5136 1733 5208">
    <p class='ocr_par' dir='ltr' id='par_1_82' title="bbox 145 5136 1733 5208">
     <span class='ocr_line' id='line_1_83' title="bbox 145 5136 1733 5208; baseline 0.001 -21"><span class='ocrx_word' id='word_1_584' title='bbox 145 5136 262 5202; x_wconf 86' lang='lat' dir='ltr'><strong>quis</strong></span> <span class='ocrx_word' id='word_1_585' title='bbox 293 5138 731 5208; x_wconf 86' lang='lat' dir='ltr'><strong>praesumpserit,</strong></span> <span class='ocrx_word' id='word_1_586' title='bbox 773 5138 1002 5192; x_wconf 90' lang='lat' dir='ltr'><strong>bannum</strong></span> <span class='ocrx_word' id='word_1_587' title='bbox 1043 5143 1284 5190; x_wconf 87' lang='lat' dir='ltr'><strong>nostrum</strong></span> <span class='ocrx_word' id='word_1_588' title='bbox 1317 5145 1634 5208; x_wconf 87' lang='lat' dir='ltr'><strong>componat,</strong></span> <span class='ocrx_word' id='word_1_589' title='bbox 1676 5141 1733 5190; x_wconf 87' lang='lat' dir='ltr'><strong>et</strong></span> 
     </span>
    </p>
   </div>
   <div class='ocr_carea' id='block_1_83' title="bbox 145 5223 1730 5299">
    <p class='ocr_par' dir='ltr' id='par_1_83' title="bbox 145 5223 1730 5299">
     <span class='ocr_line' id='line_1_84' title="bbox 145 5223 1730 5299; baseline 0.002 -23"><span class='ocrx_word' id='word_1_590' title='bbox 145 5224 264 5280; x_wconf 87' lang='lat' dir='ltr'><strong>inde</strong></span> <span class='ocrx_word' id='word_1_591' title='bbox 307 5229 678 5296; x_wconf 81' lang='lat' dir='ltr'><strong>paenitentiam</strong></span> <span class='ocrx_word' id='word_1_592' title='bbox 721 5225 1008 5296; x_wconf 86' lang='lat' dir='ltr'><strong>episcopali</strong></span> <span class='ocrx_word' id='word_1_593' title='bbox 1035 5223 1238 5294; x_wconf 86' lang='lat' dir='ltr'><strong>iudicio</strong></span> <span class='ocrx_word' id='word_1_594' title='bbox 1265 5223 1446 5282; x_wconf 83' lang='lat' dir='ltr'><strong>faciat.</strong></span> <span class='ocrx_word' id='word_1_595' title='bbox 1480 5229 1596 5299; x_wconf 90' lang='lat' dir='ltr'><strong>Ipsa</strong></span> <span class='ocrx_word' id='word_1_596' title='bbox 1629 5241 1730 5280; x_wconf 82' lang='lat' dir='ltr'><strong>au-</strong></span> 
     </span>
    </p>
   </div>
   <div class='ocr_carea' id='block_1_84' title="bbox 148 5315 1731 5390">
    <p class='ocr_par' dir='ltr' id='par_1_84' title="bbox 148 5315 1731 5390">
     <span class='ocr_line' id='line_1_85' title="bbox 148 5315 1731 5390; baseline 0.001 -22"><span class='ocrx_word' id='word_1_597' title='bbox 148 5323 250 5369; x_wconf 89' lang='lat' dir='ltr'><strong>tem</strong></span> <span class='ocrx_word' id='word_1_598' title='bbox 297 5318 715 5388; x_wconf 89' lang='lat' dir='ltr'><strong>quadragesima</strong></span> <span class='ocrx_word' id='word_1_599' title='bbox 755 5334 784 5372; x_wconf 93' lang='lat' dir='ltr'><strong>a</strong></span> <span class='ocrx_word' id='word_1_600' title='bbox 828 5319 1004 5388; x_wconf 87' lang='lat' dir='ltr'><strong>capite</strong></span> <span class='ocrx_word' id='word_1_601' title='bbox 1041 5315 1233 5387; x_wconf 82' lang='lat' dir='ltr'><strong>ieiunii</strong></span> <span class='ocrx_word' id='word_1_602' title='bbox 1279 5333 1398 5372; x_wconf 87' lang='lat' dir='ltr'><strong>cum</strong></span> <span class='ocrx_word' id='word_1_603' title='bbox 1441 5322 1554 5390; x_wconf 90' lang='lat' dir='ltr'><strong>ipsa</strong></span> <span class='ocrx_word' id='word_1_604' title='bbox 1597 5317 1731 5372; x_wconf 77' lang='lat' dir='ltr'><strong>feria</strong></span> 
     </span>
    </p>
   </div>
   <div class='ocr_carea' id='block_1_85' title="bbox 144 5411 1732 5484">
    <p class='ocr_par' dir='ltr' id='par_1_85' title="bbox 144 5411 1732 5484">
     <span class='ocr_line' id='line_1_86' title="bbox 144 5411 1732 5484; baseline 0.003 -23"><span class='ocrx_word' id='word_1_605' title='bbox 144 5419 338 5478; x_wconf 85' lang='lat' dir='ltr'><strong>quarta</strong></span> <span class='ocrx_word' id='word_1_606' title='bbox 365 5428 532 5484; x_wconf 89' lang='lat' dir='ltr'><strong>usque</strong></span> <span class='ocrx_word' id='word_1_607' title='bbox 555 5417 624 5470; x_wconf 88' lang='lat' dir='ltr'><strong>ad</strong></span> <span class='ocrx_word' id='word_1_608' title='bbox 659 5413 790 5468; x_wconf 91' lang='lat' dir='ltr'><strong>illud</strong></span> <span class='ocrx_word' id='word_1_609' title='bbox 818 5415 904 5469; x_wconf 90' lang='lat' dir='ltr'><strong>die</strong></span> <span class='ocrx_word' id='word_1_610' title='bbox 927 5412 1090 5469; x_wconf 89' lang='lat' dir='ltr'><strong>Lunis</strong></span> <span class='ocrx_word' id='word_1_611' title='bbox 1117 5417 1240 5483; x_wconf 88' lang='lat' dir='ltr'><strong>post</strong></span> <span class='ocrx_word' id='word_1_612' title='bbox 1267 5421 1484 5470; x_wconf 87' lang='lat' dir='ltr'><strong>octavas</strong></span> <span class='ocrx_word' id='word_1_613' title='bbox 1505 5411 1732 5470; x_wconf 66' lang='lat' dir='ltr'><strong>Pascha:</strong></span> 
     </span>
    </p>
   </div>
   <div class='ocr_carea' id='block_1_86' title="bbox 144 5501 812 5576">
    <p class='ocr_par' dir='ltr' id='par_1_86' title="bbox 144 5501 812 5576">
     <span class='ocr_line' id='line_1_87' title="bbox 144 5501 812 5576; baseline 0.004 -22"><span class='ocrx_word' id='word_1_614' title='bbox 144 5501 420 5558; x_wconf 78' lang='lat' dir='ltr'><strong>observari</strong></span> <span class='ocrx_word' id='word_1_615' title='bbox 455 5505 812 5576; x_wconf 66' lang='lat' dir='ltr'><strong>praecipimus.</strong></span> 
     </span>
    </p>
   </div>
   <div class='ocr_carea' id='block_1_87' title="bbox 211 5658 1726 5724">
    <p class='ocr_par' dir='ltr' id='par_1_87' title="bbox 211 5658 1726 5724">
     <span class='ocr_line' id='line_1_88' title="bbox 211 5658 1726 5724; baseline 0.004 -13"><span class='ocrx_word' id='word_1_616' title='bbox 211 5658 362 5724; x_wconf 77' lang='lat'><strong>(320)</strong></span> <span class='ocrx_word' id='word_1_617' title='bbox 407 5659 750 5720; x_wconf 85' lang='lat' dir='ltr'><strong>Postremum</strong></span> <span class='ocrx_word' id='word_1_618' title='bbox 788 5661 928 5720; x_wconf 91' lang='lat' dir='ltr'><strong>istud</strong></span> <span class='ocrx_word' id='word_1_619' title='bbox 966 5667 1297 5724; x_wconf 86' lang='lat' dir='ltr'><strong>membrum,</strong></span> <span class='ocrx_word' id='word_1_620' title='bbox 1335 5669 1475 5724; x_wconf 78' lang='lat' dir='ltr'><strong>quod</strong></span> <span class='ocrx_word' id='word_1_621' title='bbox 1510 5676 1562 5724; x_wconf 90' lang='lat' dir='ltr'><strong>et</strong></span> <span class='ocrx_word' id='word_1_622' title='bbox 1595 5663 1726 5721; x_wconf 79' lang='lat' dir='ltr'><strong>Hel—</strong></span> 
     </span>
    </p>
   </div>
   <div class='ocr_carea' id='block_1_88' title="bbox 1820 3319 3408 3392">
    <p class='ocr_par' dir='ltr' id='par_1_88' title="bbox 1820 3319 3408 3392">
     <span class='ocr_line' id='line_1_89' title="bbox 1820 3319 3408 3392; baseline 0 -16"><span class='ocrx_word' id='word_1_623' title='bbox 1820 3331 2004 3376; x_wconf 90' lang='lat' dir='ltr'><strong>meuto</strong></span> <span class='ocrx_word' id='word_1_624' title='bbox 2027 3321 2298 3392; x_wconf 88' lang='lat' dir='ltr'><strong>pollicitus</strong></span> <span class='ocrx_word' id='word_1_625' title='bbox 2323 3330 2408 3375; x_wconf 86' lang='lat' dir='ltr'><strong>est</strong></span> <span class='ocrx_word' id='word_1_626' title='bbox 2427 3319 2668 3375; x_wconf 89' lang='lat' dir='ltr'><strong>Ilerodes</strong></span> <span class='ocrx_word' id='word_1_627' title='bbox 2693 3321 2951 3377; x_wconf 87' lang='lat' dir='ltr'><strong>saltatrici</strong></span> <span class='ocrx_word' id='word_1_628' title='bbox 2977 3323 3106 3378; x_wconf 89' lang='lat' dir='ltr'><strong>dare</strong></span> <span class='ocrx_word' id='word_1_629' title='bbox 3127 3323 3408 3392; x_wconf 84' lang='lat' dir='ltr'><strong>quodcun-</strong></span> 
     </span>
    </p>
   </div>
   <div class='ocr_carea' id='block_1_89' title="bbox 1820 3408 3410 3480">
    <p class='ocr_par' dir='ltr' id='par_1_89' title="bbox 1820 3408 3410 3480">
     <span class='ocr_line' id='line_1_90' title="bbox 1820 3408 3410 3480; baseline 0 -16"><span class='ocrx_word' id='word_1_630' title='bbox 1820 3425 1925 3480; x_wconf 89' lang='lat' dir='ltr'><strong>que</strong></span> <span class='ocrx_word' id='word_1_631' title='bbox 1957 3410 2280 3480; x_wconf 85' lang='lat' dir='ltr'><strong>postulasset</strong></span> <span class='ocrx_word' id='word_1_632' title='bbox 2309 3410 2374 3463; x_wconf 89' lang='lat' dir='ltr'><strong>ab</strong></span> <span class='ocrx_word' id='word_1_633' title='bbox 2406 3425 2490 3464; x_wconf 89' lang='lat' dir='ltr'><strong>eo.</strong></span> <span class='ocrx_word' id='word_1_634' title='bbox 2537 3408 2592 3464; x_wconf 92' lang='lat' dir='ltr'><strong>Si</strong></span> <span class='ocrx_word' id='word_1_635' title='bbox 2624 3411 2692 3465; x_wconf 88' lang='lat' dir='ltr'><strong>ob</strong></span> <span class='ocrx_word' id='word_1_636' title='bbox 2715 3410 3086 3480; x_wconf 83' lang='lat' dir='ltr'><strong>iusiurandum</strong></span> <span class='ocrx_word' id='word_1_637' title='bbox 3119 3411 3316 3466; x_wconf 81' lang='lat' dir='ltr'><strong>fecisse</strong></span> <span class='ocrx_word' id='word_1_638' title='bbox 3351 3426 3410 3464; x_wconf 90' lang='lat' dir='ltr'><strong>se</strong></span> 
     </span>
    </p>
   </div>
   <div class='ocr_carea' id='block_1_90' title="bbox 1821 3499 3406 3571">
    <p class='ocr_par' dir='ltr' id='par_1_90' title="bbox 1821 3499 3406 3571">
     <span class='ocr_line' id='line_1_91' title="bbox 1821 3499 3406 3571; baseline 0 -17"><span class='ocrx_word' id='word_1_639' title='bbox 1821 3499 1970 3562; x_wconf 89' lang='lat' dir='ltr'><strong>dicit,</strong></span> <span class='ocrx_word' id='word_1_640' title='bbox 2003 3499 2130 3568; x_wconf 88' lang='lat' dir='ltr'><strong>quid</strong></span> <span class='ocrx_word' id='word_1_641' title='bbox 2161 3499 2203 3553; x_wconf 94' lang='lat' dir='ltr'><strong>si</strong></span> <span class='ocrx_word' id='word_1_642' title='bbox 2230 3499 2398 3568; x_wconf 90' lang='lat' dir='ltr'><strong>patris</strong></span> <span class='ocrx_word' id='word_1_643' title='bbox 2427 3500 2723 3569; x_wconf 85' lang='lat' dir='ltr'><strong>matrisque</strong></span> <span class='ocrx_word' id='word_1_644' title='bbox 2749 3501 3074 3571; x_wconf 86' lang='lat' dir='ltr'><strong>postulasset</strong></span> <span class='ocrx_word' id='word_1_645' title='bbox 3105 3501 3406 3566; x_wconf 88' lang='lat' dir='ltr'><strong>interitum,</strong></span> 
     </span>
    </p>
   </div>
   <div class='ocr_carea' id='block_1_91' title="bbox 1822 3590 3412 3666">
    <p class='ocr_par' dir='ltr' id='par_1_91' title="bbox 1822 3590 3412 3666">
     <span class='ocr_line' id='line_1_92' title="bbox 1822 3590 3412 3666; baseline 0.002 -22"><span class='ocrx_word' id='word_1_646' title='bbox 1822 3590 2062 3646; x_wconf 79' lang='lat' dir='ltr'><strong>facturus</strong></span> <span class='ocrx_word' id='word_1_647' title='bbox 2090 3602 2254 3657; x_wconf 90' lang='lat' dir='ltr'><strong>esset,</strong></span> <span class='ocrx_word' id='word_1_648' title='bbox 2287 3607 2354 3645; x_wconf 90' lang='lat' dir='ltr'><strong>an</strong></span> <span class='ocrx_word' id='word_1_649' title='bbox 2385 3593 2530 3646; x_wconf 87' lang='lat' dir='ltr'><strong>non?</strong></span> <span class='ocrx_word' id='word_1_650' title='bbox 2567 3592 2719 3658; x_wconf 84' lang='lat' dir='ltr'><strong>Quod</strong></span> <span class='ocrx_word' id='word_1_651' title='bbox 2751 3594 2803 3647; x_wconf 92' lang='lat' dir='ltr'><strong>iu</strong></span> <span class='ocrx_word' id='word_1_652' title='bbox 2845 3595 2959 3649; x_wconf 90' lang='lat' dir='ltr'><strong>suis</strong></span> <span class='ocrx_word' id='word_1_653' title='bbox 2991 3607 3121 3666; x_wconf 85' lang='lat' dir='ltr'><strong>ergo</strong></span> <span class='ocrx_word' id='word_1_654' title='bbox 3161 3591 3412 3664; x_wconf 86' lang='lat' dir='ltr'><strong>repudia-</strong></span> 
     </span>
    </p>
   </div>
   <div class='ocr_carea' id='block_1_92' title="bbox 1824 3679 3297 3754">
    <p class='ocr_par' dir='ltr' id='par_1_92' title="bbox 1824 3679 3297 3754">
     <span class='ocr_line' id='line_1_93' title="bbox 1824 3679 3297 3754; baseline 0.001 -20"><span class='ocrx_word' id='word_1_655' title='bbox 1824 3689 1979 3736; x_wconf 90' lang='lat' dir='ltr'><strong>turus</strong></span> <span class='ocrx_word' id='word_1_656' title='bbox 2009 3679 2128 3744; x_wconf 81' lang='lat' dir='ltr'><strong>fuit,</strong></span> <span class='ocrx_word' id='word_1_657' title='bbox 2158 3689 2502 3736; x_wconf 90' lang='lat' dir='ltr'><strong>contemnere</strong></span> <span class='ocrx_word' id='word_1_658' title='bbox 2531 3681 2714 3736; x_wconf 90' lang='lat' dir='ltr'><strong>debuit</strong></span> <span class='ocrx_word' id='word_1_659' title='bbox 2739 3682 2904 3736; x_wconf 89' lang='lat' dir='ltr'><strong>etiam</strong></span> <span class='ocrx_word' id='word_1_660' title='bbox 2937 3683 2988 3736; x_wconf 91' lang='lat' dir='ltr'><strong>in</strong></span> <span class='ocrx_word' id='word_1_661' title='bbox 3015 3683 3297 3754; x_wconf 89' lang='lat' dir='ltr'><strong>propheta.</strong></span> 
     </span>
    </p>
   </div>
   <div class='ocr_carea' id='block_1_93' title="bbox 2016 3771 3210 3847">
    <p class='ocr_par' dir='ltr' id='par_1_93' title="bbox 2016 3771 3210 3847">
     <span class='ocr_line' id='line_1_94' title="bbox 2016 3771 3210 3847; baseline 0.002 -21"><span class='ocrx_word' id='word_1_662' title='bbox 2016 3773 2094 3826; x_wconf 89' lang='lat' dir='ltr'><strong>De</strong></span> <span class='ocrx_word' id='word_1_663' title='bbox 2119 3773 2300 3827; x_wconf 83' lang='lat' dir='ltr'><strong>eadem</strong></span> <span class='ocrx_word' id='word_1_664' title='bbox 2327 3790 2401 3828; x_wconf 87' lang='lat' dir='ltr'><strong>re.</strong></span> <span class='ocrx_word' id='word_1_665' title='bbox 2434 3773 2518 3828; x_wconf 80' lang='lat' dir='ltr'><strong>Ea:</strong></span> <span class='ocrx_word' id='word_1_666' title='bbox 2541 3774 2693 3830; x_wconf 84' lang='lat' dir='ltr'><strong>dictis</strong></span> <span class='ocrx_word' id='word_1_667' title='bbox 2723 3771 2880 3829; x_wconf 72' lang='lat' dir='ltr'><strong>Beda:</strong></span> <span class='ocrx_word' id='word_1_668' title='bbox 2908 3776 3210 3847; x_wconf 80' lang='lat' dir='ltr'><strong>presbyteri.</strong></span> 
     </span>
    </p>
   </div>
   <div class='ocr_carea' id='block_1_94' title="bbox 1896 3861 3412 3933">
    <p class='ocr_par' dir='ltr' id='par_1_94' title="bbox 1896 3861 3412 3933">
     <span class='ocr_line' id='line_1_95' title="bbox 1896 3861 3412 3933; baseline -0.001 -15"><span class='ocrx_word' id='word_1_669' title='bbox 1896 3861 2208 3918; x_wconf 74' lang='lat' dir='ltr'><strong>CCCXXIII.</strong></span> <span class='ocrx_word' id='word_1_670' title='bbox 2233 3863 2420 3933; x_wconf 77' lang='lat' dir='ltr'><strong>(BEDA,</strong></span> <span class='ocrx_word' id='word_1_671' title='bbox 2449 3863 2628 3918; x_wconf 85' lang='lat' dir='ltr'><strong>homil.</strong></span> <span class='ocrx_word' id='word_1_672' title='bbox 2651 3863 2743 3931; x_wconf 75' lang='grc'><strong>44,</strong></span> <span class='ocrx_word' id='word_1_673' title='bbox 2773 3866 2828 3919; x_wconf 86' lang='lat' dir='ltr'><strong>in</strong></span> <span class='ocrx_word' id='word_1_674' title='bbox 2849 3864 3094 3919; x_wconf 87' lang='lat' dir='ltr'><strong>decollat.</strong></span> <span class='ocrx_word' id='word_1_675' title='bbox 3135 3863 3192 3919; x_wconf 91' lang='lat' dir='ltr'><strong>S.</strong></span> <span class='ocrx_word' id='word_1_676' title='bbox 3221 3863 3412 3931; x_wconf 71' lang='lat' dir='ltr'><strong>10am;</strong></span> 
     </span>
    </p>
   </div>
   <div class='ocr_carea' id='block_1_95' title="bbox 1825 3954 3410 4026">
    <p class='ocr_par' dir='ltr' id='par_1_95' title="bbox 1825 3954 3410 4026">
     <span class='ocr_line' id='line_1_96' title="bbox 1825 3954 3410 4026; baseline -0.001 -16"><span class='ocrx_word' id='word_1_677' title='bbox 1825 3957 2136 4014; x_wconf 74' lang='lat' dir='ltr'><strong>Buncman.</strong></span> <span class='ocrx_word' id='word_1_678' title='bbox 2171 3955 2264 4011; x_wconf 90' lang='lat' dir='ltr'><strong>lib.</strong></span> <span class='ocrx_word' id='word_1_679' title='bbox 2305 3971 2402 4020; x_wconf 84' lang='lat' dir='ltr'><strong>xu,</strong></span> <span class='ocrx_word' id='word_1_680' title='bbox 2441 3971 2490 4010; x_wconf 93' lang='lat' dir='ltr'><strong>c.</strong></span> <span class='ocrx_word' id='word_1_681' title='bbox 2530 3954 2643 4026; x_wconf 80' lang='grc'>18.)</span> <span class='ocrx_word' id='word_1_682' title='bbox 2679 3955 2736 4012; x_wconf 91' lang='lat' dir='ltr'><strong>Si</strong></span> <span class='ocrx_word' id='word_1_683' title='bbox 2774 3956 2976 4026; x_wconf 87' lang='lat' dir='ltr'><strong>aliquid</strong></span> <span class='ocrx_word' id='word_1_684' title='bbox 3023 3955 3161 4010; x_wconf 81' lang='lat' dir='ltr'><strong>forte</strong></span> <span class='ocrx_word' id='word_1_685' title='bbox 3197 3971 3296 4009; x_wconf 89' lang='lat' dir='ltr'><strong>nos</strong></span> <span class='ocrx_word' id='word_1_686' title='bbox 3326 3955 3410 4008; x_wconf 89' lang='lat' dir='ltr'><strong>in-</strong></span> 
     </span>
    </p>
   </div>
   <div class='ocr_carea' id='block_1_96' title="bbox 1829 4042 3410 4113">
    <p class='ocr_par' dir='ltr' id='par_1_96' title="bbox 1829 4042 3410 4113">
     <span class='ocr_line' id='line_1_97' title="bbox 1829 4042 3410 4113; baseline -0.001 -15"><span class='ocrx_word' id='word_1_687' title='bbox 1829 4045 2043 4099; x_wconf 88' lang='lat' dir='ltr'><strong>cautius</strong></span> <span class='ocrx_word' id='word_1_688' title='bbox 2061 4044 2276 4113; x_wconf 88' lang='lat' dir='ltr'><strong>jurasse</strong></span> <span class='ocrx_word' id='word_1_689' title='bbox 2305 4043 2608 4113; x_wconf 85' lang='lat' dir='ltr'><strong>contigerit,</strong></span> <span class='ocrx_word' id='word_1_690' title='bbox 2639 4045 2778 4112; x_wconf 89' lang='lat' dir='ltr'><strong>quod</strong></span> <span class='ocrx_word' id='word_1_691' title='bbox 2805 4042 3148 4098; x_wconf 88' lang='lat' dir='ltr'><strong>observatum</strong></span> <span class='ocrx_word' id='word_1_692' title='bbox 3173 4043 3410 4111; x_wconf 80' lang='lat' dir='ltr'><strong>peiorem</strong></span> 
     </span>
    </p>
   </div>
   <div class='ocr_carea' id='block_1_97' title="bbox 1827 4134 3410 4205">
    <p class='ocr_par' dir='ltr' id='par_1_97' title="bbox 1827 4134 3410 4205">
     <span class='ocr_line' id='line_1_98' title="bbox 1827 4134 3410 4205; baseline -0.004 -13"><span class='ocrx_word' id='word_1_693' title='bbox 1827 4145 2018 4205; x_wconf 85' lang='lat' dir='ltr'><strong>vergat</strong></span> <span class='ocrx_word' id='word_1_694' title='bbox 2047 4137 2102 4190; x_wconf 92' lang='lat' dir='ltr'><strong>in</strong></span> <span class='ocrx_word' id='word_1_695' title='bbox 2128 4137 2356 4202; x_wconf 86' lang='lat' dir='ltr'><strong>exitum,</strong></span> <span class='ocrx_word' id='word_1_696' title='bbox 2379 4135 2506 4188; x_wconf 89' lang='lat' dir='ltr'><strong>illud</strong></span> <span class='ocrx_word' id='word_1_697' title='bbox 2533 4135 2758 4189; x_wconf 89' lang='lat' dir='ltr'><strong>consilio</strong></span> <span class='ocrx_word' id='word_1_698' title='bbox 2789 4134 3070 4189; x_wconf 89' lang='lat' dir='ltr'><strong>salubriori</strong></span> <span class='ocrx_word' id='word_1_699' title='bbox 3095 4134 3410 4188; x_wconf 89' lang='lat' dir='ltr'><strong>mutandum</strong></span> 
     </span>
    </p>
   </div>
   <div class='ocr_carea' id='block_1_98' title="bbox 1830 4215 3411 4294">
    <p class='ocr_par' dir='ltr' id='par_1_98' title="bbox 1830 4215 3411 4294">
     <span class='ocr_line' id='line_1_99' title="bbox 1830 4215 3411 4294; baseline -0.002 -14"><span class='ocrx_word' id='word_1_700' title='bbox 1830 4225 2133 4280; x_wconf 89' lang='lat' dir='ltr'><strong>noverimus</strong></span> <span class='ocrx_word' id='word_1_701' title='bbox 2154 4265 2168 4290; x_wconf 94' lang='lat'><strong>,</strong></span> <span class='ocrx_word' id='word_1_702' title='bbox 2201 4239 2263 4279; x_wconf 87' lang='lat' dir='ltr'><strong>ac</strong></span> <span class='ocrx_word' id='word_1_703' title='bbox 2301 4215 2470 4294; x_wconf 86' lang='lat' dir='ltr'><strong>magis</strong></span> <span class='ocrx_word' id='word_1_704' title='bbox 2500 4224 2736 4278; x_wconf 86' lang='lat' dir='ltr'><strong>instante</strong></span> <span class='ocrx_word' id='word_1_705' title='bbox 2774 4221 3411 4294; x_wconf 34' lang='lat' dir='ltr'><strong>necessitate‘periuran-</strong></span> 
     </span>
    </p>
   </div>
   <div class='ocr_carea' id='block_1_99' title="bbox 1831 4313 3412 4386">
    <p class='ocr_par' dir='ltr' id='par_1_99' title="bbox 1831 4313 3412 4386">
     <span class='ocr_line' id='line_1_100' title="bbox 1831 4313 3412 4386; baseline -0.003 -13"><span class='ocrx_word' id='word_1_706' title='bbox 1831 4317 1954 4373; x_wconf 89' lang='lat' dir='ltr'><strong>dum</strong></span> <span class='ocrx_word' id='word_1_707' title='bbox 1985 4316 2138 4370; x_wconf 88' lang='lat' dir='ltr'><strong>nobis</strong></span> <span class='ocrx_word' id='word_1_708' title='bbox 2161 4331 2320 4385; x_wconf 90' lang='lat' dir='ltr'><strong>quam</strong></span> <span class='ocrx_word' id='word_1_709' title='bbox 2350 4313 2588 4386; x_wconf 81' lang='lat' dir='ltr'><strong>perfecto</strong></span> <span class='ocrx_word' id='word_1_710' title='bbox 2609 4313 2919 4382; x_wconf 85' lang='lat' dir='ltr'><strong>iuramento</strong></span> <span class='ocrx_word' id='word_1_711' title='bbox 2949 4314 3003 4368; x_wconf 90' lang='lat' dir='ltr'><strong>in</strong></span> <span class='ocrx_word' id='word_1_712' title='bbox 3033 4313 3177 4369; x_wconf 91' lang='lat' dir='ltr'><strong>aliud</strong></span> <span class='ocrx_word' id='word_1_713' title='bbox 3206 4313 3412 4369; x_wconf 88' lang='lat' dir='ltr'><strong>crimen</strong></span> 
     </span>
    </p>
   </div>
   <div class='ocr_carea' id='block_1_100' title="bbox 1832 4407 3078 4478">
    <p class='ocr_par' dir='ltr' id='par_1_100' title="bbox 1832 4407 3078 4478">
     <span class='ocr_line' id='line_1_101' title="bbox 1832 4407 3078 4478; baseline -0.007 -12"><span class='ocrx_word' id='word_1_714' title='bbox 1832 4409 2004 4478; x_wconf 88' lang='lat' dir='ltr'><strong>majus</strong></span> <span class='ocrx_word' id='word_1_715' title='bbox 2032 4421 2152 4464; x_wconf 88' lang='lat' dir='ltr'><strong>esse</strong></span> <span class='ocrx_word' id='word_1_716' title='bbox 2179 4407 2571 4464; x_wconf 87' lang='lat' dir='ltr'><strong>divertendum.</strong></span> <span class='ocrx_word' id='word_1_717' title='bbox 3075 4415 3078 4418; x_wconf 74' lang='lat'><strong><em>&#39;</em></strong></span> 
     </span>
    </p>
   </div>
   <div class='ocr_carea' id='block_1_101' title="bbox 2172 4518 3071 4576">
    <p class='ocr_par' dir='ltr' id='par_1_101' title="bbox 2172 4518 3071 4576">
     <span class='ocr_line' id='line_1_102' title="bbox 2172 4518 3071 4576; baseline 0.001 -1"><span class='ocrx_word' id='word_1_718' title='bbox 2172 4521 2245 4576; x_wconf 84' lang='lat' dir='ltr'><strong>De</strong></span> <span class='ocrx_word' id='word_1_719' title='bbox 2275 4521 2454 4576; x_wconf 82' lang='lat' dir='ltr'><strong>eadem</strong></span> <span class='ocrx_word' id='word_1_720' title='bbox 2485 4537 2557 4576; x_wconf 83' lang='lat' dir='ltr'><strong>re.</strong></span> <span class='ocrx_word' id='word_1_721' title='bbox 2587 4519 2671 4576; x_wconf 81' lang='lat' dir='ltr'><strong>Ea:</strong></span> <span class='ocrx_word' id='word_1_722' title='bbox 2698 4518 3071 4576; x_wconf 72' lang='lat' dir='ltr'><strong>Pmnitcntiali.</strong></span> 
     </span>
    </p>
   </div>
   <div class='ocr_carea' id='block_1_102' title="bbox 1903 4630 3414 4702">
    <p class='ocr_par' dir='ltr' id='par_1_102' title="bbox 1903 4630 3414 4702">
     <span class='ocr_line' id='line_1_103' title="bbox 1903 4630 3414 4702; baseline -0.003 -15"><span class='ocrx_word' id='word_1_723' title='bbox 1903 4631 2218 4689; x_wconf 74' lang='lat' dir='ltr'><strong>CCCXXIV.</strong></span> <span class='ocrx_word' id='word_1_724' title='bbox 2257 4632 2577 4702; x_wconf 63' lang='lat' dir='ltr'><strong>(Haurcan.</strong></span> <span class='ocrx_word' id='word_1_725' title='bbox 2626 4631 2719 4686; x_wconf 89' lang='lat' dir='ltr'><strong>lib.</strong></span> <span class='ocrx_word' id='word_1_726' title='bbox 2751 4648 2822 4694; x_wconf 85' lang='lat' dir='ltr'><strong>Iv,</strong></span> <span class='ocrx_word' id='word_1_727' title='bbox 2876 4647 2925 4686; x_wconf 82' lang='lat' dir='ltr'><strong>c.</strong></span> <span class='ocrx_word' id='word_1_728' title='bbox 2957 4631 3060 4698; x_wconf 72' lang='lat'><strong>28;</strong></span> <span class='ocrx_word' id='word_1_729' title='bbox 3105 4630 3414 4684; x_wconf 65' lang='lat' dir='ltr'><strong>Buacusao.</strong></span> 
     </span>
    </p>
   </div>
   <div class='ocr_carea' id='block_1_103' title="bbox 1833 4721 3419 4794">
    <p class='ocr_par' dir='ltr' id='par_1_103' title="bbox 1833 4721 3419 4794">
     <span class='ocr_line' id='line_1_104' title="bbox 1833 4721 3419 4794; baseline -0.003 -17"><span class='ocrx_word' id='word_1_730' title='bbox 1833 4722 1928 4778; x_wconf 88' lang='lat' dir='ltr'><strong>lib.</strong></span> <span class='ocrx_word' id='word_1_731' title='bbox 1969 4740 2070 4789; x_wconf 83' lang='lat' dir='ltr'><strong>xu,</strong></span> <span class='ocrx_word' id='word_1_732' title='bbox 2110 4741 2160 4780; x_wconf 92' lang='lat' dir='ltr'><strong>c.</strong></span> <span class='ocrx_word' id='word_1_733' title='bbox 2191 4723 2268 4794; x_wconf 90' lang='lat'><strong>8.)</strong></span> <span class='ocrx_word' id='word_1_734' title='bbox 2309 4723 2630 4793; x_wconf 90' lang='lat' dir='ltr'><strong>Quicunque</strong></span> <span class='ocrx_word' id='word_1_735' title='bbox 2671 4723 2846 4777; x_wconf 89' lang='lat' dir='ltr'><strong>sciens</strong></span> <span class='ocrx_word' id='word_1_736' title='bbox 2889 4721 3244 4792; x_wconf 82' lang='lat' dir='ltr'><strong>periuraverit</strong></span> <span class='ocrx_word' id='word_1_737' title='bbox 3271 4760 3284 4784; x_wconf 89' lang='lat'><strong>,</strong></span> <span class='ocrx_word' id='word_1_738' title='bbox 3333 4734 3419 4773; x_wconf 90' lang='lat' dir='ltr'><strong>se-</strong></span> 
     </span>
    </p>
   </div>
   <div class='ocr_carea' id='block_1_104' title="bbox 1835 4811 3420 4886">
    <p class='ocr_par' dir='ltr' id='par_1_104' title="bbox 1835 4811 3420 4886">
     <span class='ocr_line' id='line_1_105' title="bbox 1835 4811 3420 4886; baseline -0.006 -16"><span class='ocrx_word' id='word_1_739' title='bbox 1835 4825 1980 4886; x_wconf 90' lang='lat' dir='ltr'><strong>ptem</strong></span> <span class='ocrx_word' id='word_1_740' title='bbox 2024 4832 2194 4872; x_wconf 87' lang='lat' dir='ltr'><strong>annos</strong></span> <span class='ocrx_word' id='word_1_741' title='bbox 2231 4817 2512 4885; x_wconf 74' lang='lat' dir='ltr'><strong>poeniteat,</strong></span> <span class='ocrx_word' id='word_1_742' title='bbox 2547 4823 2616 4882; x_wconf 41' lang='lat' dir='ltr'><strong>.et</strong></span> <span class='ocrx_word' id='word_1_743' title='bbox 2653 4821 2776 4883; x_wconf 87' lang='lat' dir='ltr'><strong>post</strong></span> <span class='ocrx_word' id='word_1_744' title='bbox 2825 4814 2941 4868; x_wconf 61' lang='lat' dir='ltr'><strong>haec</strong></span> <span class='ocrx_word' id='word_1_745' title='bbox 2979 4811 3420 4882; x_wconf 82' lang='lat' dir='ltr'><strong>communionem</strong></span> 
     </span>
    </p>
   </div>
   <div class='ocr_carea' id='block_1_105' title="bbox 1838 4897 2926 4984">
    <p class='ocr_par' dir='ltr' id='par_1_105' title="bbox 1838 4897 2926 4984">
     <span class='ocr_line' id='line_1_106' title="bbox 1838 4897 2926 4984; baseline -0.001 -21"><span class='ocrx_word' id='word_1_746' title='bbox 1838 4910 2066 4982; x_wconf 84' lang='lat' dir='ltr'><strong>accipiat</strong></span> <span class='ocrx_word' id='word_1_747' title='bbox 2101 4909 2273 4984; x_wconf 71' lang='grc'><strong>(521).</strong></span> <span class='ocrx_word' id='word_1_748' title='bbox 2923 4897 2926 4901; x_wconf 60' lang='grc'><em>’</em></span> 
     </span>
    </p>
   </div>
   <div class='ocr_carea' id='block_1_106' title="bbox 2253 4998 3016 5070">
    <p class='ocr_par' dir='ltr' id='par_1_106' title="bbox 2253 4998 3016 5070">
     <span class='ocr_line' id='line_1_107' title="bbox 2253 4998 3016 5070; baseline 0 -16"><span class='ocrx_word' id='word_1_749' title='bbox 2253 4999 2338 5056; x_wconf 73' lang='lat' dir='ltr'><strong>Ea:</strong></span> <span class='ocrx_word' id='word_1_750' title='bbox 2372 4998 2720 5066; x_wconf 69' lang='lat' dir='ltr'><strong>Paenitentiali</strong></span> <span class='ocrx_word' id='word_1_751' title='bbox 2749 5007 2812 5052; x_wconf 85' lang='lat' dir='ltr'><strong>ut-</strong></span> <span class='ocrx_word' id='word_1_752' title='bbox 2835 5016 3016 5070; x_wconf 85' lang='lat' dir='ltr'><strong>supra.</strong></span> 
     </span>
    </p>
   </div>
   <div class='ocr_carea' id='block_1_107' title="bbox 1906 5083 3434 5165">
    <p class='ocr_par' dir='ltr' id='par_1_107' title="bbox 1906 5083 3434 5165">
     <span class='ocr_line' id='line_1_108' title="bbox 1906 5083 3434 5165; baseline -0.011 -15"><span class='ocrx_word' id='word_1_753' title='bbox 1906 5094 2202 5156; x_wconf 73' lang='lat' dir='ltr'><strong>CCCXXV.</strong></span> <span class='ocrx_word' id='word_1_754' title='bbox 2249 5093 2310 5148; x_wconf 86' lang='lat' dir='ltr'><strong>Si</strong></span> <span class='ocrx_word' id='word_1_755' title='bbox 2360 5098 2487 5164; x_wconf 88' lang='lat' dir='ltr'><strong>quis</strong></span> <span class='ocrx_word' id='word_1_756' title='bbox 2533 5091 2922 5165; x_wconf 85' lang='lat' dir='ltr'><strong>periuraverit,</strong></span> <span class='ocrx_word' id='word_1_757' title='bbox 2959 5090 3100 5146; x_wconf 90' lang='lat' dir='ltr'><strong>ultra</strong></span> <span class='ocrx_word' id='word_1_758' title='bbox 3139 5083 3208 5137; x_wconf 88' lang='lat' dir='ltr'><strong>ad</strong></span> <span class='ocrx_word' id='word_1_759' title='bbox 3245 5093 3434 5134; x_wconf 88' lang='lat' dir='ltr'><strong>sacra-</strong></span> 
     </span>
    </p>
   </div>
   <div class='ocr_carea' id='block_1_108' title="bbox 1835 5173 2594 5248">
    <p class='ocr_par' dir='ltr' id='par_1_108' title="bbox 1835 5173 2594 5248">
     <span class='ocr_line' id='line_1_109' title="bbox 1835 5173 2594 5248; baseline 0 -10"><span class='ocrx_word' id='word_1_760' title='bbox 1835 5173 2076 5243; x_wconf 85' lang='lat' dir='ltr'><strong>mentum</strong></span> <span class='ocrx_word' id='word_1_761' title='bbox 2107 5207 2214 5248; x_wconf 91' lang='lat' dir='ltr'><strong>non</strong></span> <span class='ocrx_word' id='word_1_762' title='bbox 2251 5183 2594 5242; x_wconf 88' lang='lat' dir='ltr'><strong>admittatur.</strong></span> 
     </span>
    </p>
   </div>
   <div class='ocr_carea' id='block_1_109' title="bbox 2155 5285 3112 5375">
    <p class='ocr_par' dir='ltr' id='par_1_109' title="bbox 2155 5285 3112 5375">
     <span class='ocr_line' id='line_1_110' title="bbox 2155 5285 3112 5375; baseline -0.051 1"><span class='ocrx_word' id='word_1_763' title='bbox 2155 5293 2327 5375; x_wconf 79' lang='lat'><strong>335</strong></span> <span class='ocrx_word' id='word_1_764' title='bbox 2367 5295 2449 5352; x_wconf 84' lang='lat' dir='ltr'><strong>De</strong></span> <span class='ocrx_word' id='word_1_765' title='bbox 2477 5292 2658 5352; x_wconf 85' lang='lat' dir='ltr'><strong>eadem</strong></span> <span class='ocrx_word' id='word_1_766' title='bbox 2696 5303 2768 5339; x_wconf 86' lang='lat' dir='ltr'><strong>rc.</strong></span> <span class='ocrx_word' id='word_1_767' title='bbox 2801 5285 2889 5340; x_wconf 74' lang='lat' dir='ltr'><strong>Ex</strong></span> <span class='ocrx_word' id='word_1_768' title='bbox 2916 5289 3112 5344; x_wconf 66' lang='lat' dir='ltr'><strong>eodem,</strong></span> 
     </span>
    </p>
   </div>
   <div class='ocr_carea' id='block_1_110' title="bbox 1905 5387 3454 5480">
    <p class='ocr_par' dir='ltr' id='par_1_110' title="bbox 1905 5387 3454 5480">
     <span class='ocr_line' id='line_1_111' title="bbox 1905 5387 3454 5480; baseline -0.014 -15"><span class='ocrx_word' id='word_1_769' title='bbox 1905 5411 2238 5477; x_wconf 71' lang='lat' dir='ltr'><strong>CCCXXVI.</strong></span> <span class='ocrx_word' id='word_1_770' title='bbox 2278 5407 2438 5480; x_wconf 63' lang='lat' dir='ltr'><strong>(Rau.</strong></span> <span class='ocrx_word' id='word_1_771' title='bbox 2481 5407 2632 5479; x_wconf 84' lang='lat' dir='ltr'><strong>epist.</strong></span> <span class='ocrx_word' id='word_1_772' title='bbox 2667 5397 2734 5452; x_wconf 85' lang='lat' dir='ltr'><strong>ad</strong></span> <span class='ocrx_word' id='word_1_773' title='bbox 2768 5396 3067 5464; x_wconf 83' lang='lat' dir='ltr'><strong>Heribald.,</strong></span> <span class='ocrx_word' id='word_1_774' title='bbox 3098 5410 3150 5452; x_wconf 94' lang='lat' dir='ltr'><strong>c.</strong></span> <span class='ocrx_word' id='word_1_775' title='bbox 3177 5389 3274 5455; x_wconf 81' lang='lat' dir='ltr'><strong>IS;</strong></span> <span class='ocrx_word' id='word_1_776' title='bbox 3305 5387 3454 5445; x_wconf 72' lang='lat' dir='ltr'><strong>Bun-</strong></span> 
     </span>
    </p>
   </div>
   <div class='ocr_carea' id='block_1_111' title="bbox 1838 5480 3457 5570">
    <p class='ocr_par' dir='ltr' id='par_1_111' title="bbox 1838 5480 3457 5570">
     <span class='ocr_line' id='line_1_112' title="bbox 1838 5480 3457 5570; baseline -0.012 -13"><span class='ocrx_word' id='word_1_777' title='bbox 1838 5517 2036 5562; x_wconf 66' lang='lat' dir='ltr'><strong>cnaao.</strong></span> <span class='ocrx_word' id='word_1_778' title='bbox 2071 5511 2162 5570; x_wconf 81' lang='lat' dir='ltr'><strong>lib.</strong></span> <span class='ocrx_word' id='word_1_779' title='bbox 2195 5518 2320 5568; x_wconf 80' lang='lat' dir='ltr'><strong>xu,</strong></span> <span class='ocrx_word' id='word_1_780' title='bbox 2353 5515 2405 5556; x_wconf 91' lang='lat' dir='ltr'><strong>c.</strong></span> <span class='ocrx_word' id='word_1_781' title='bbox 2445 5499 2554 5570; x_wconf 82' lang='lat' dir='ltr'><strong>tt.)</strong></span> <span class='ocrx_word' id='word_1_782' title='bbox 2601 5493 2660 5548; x_wconf 91' lang='lat' dir='ltr'><strong>Si</strong></span> <span class='ocrx_word' id='word_1_783' title='bbox 2699 5489 2819 5557; x_wconf 89' lang='lat' dir='ltr'><strong>quis</strong></span> <span class='ocrx_word' id='word_1_784' title='bbox 2861 5493 3171 5562; x_wconf 89' lang='lat' dir='ltr'><strong>suspicatur</strong></span> <span class='ocrx_word' id='word_1_785' title='bbox 3209 5480 3352 5552; x_wconf 83' lang='lat' dir='ltr'><strong>quod</strong></span> <span class='ocrx_word' id='word_1_786' title='bbox 3385 5483 3457 5536; x_wconf 85' lang='lat' dir='ltr'><strong>ad</strong></span> 
     </span>
    </p>
   </div>
   <div class='ocr_carea' id='block_1_112' title="bbox 2625 5649 2656 5659">
    <p class='ocr_par' dir='ltr' id='par_1_112' title="bbox 2625 5649 2656 5659">
     <span class='ocr_line' id='line_1_113' title="bbox 2625 5649 2656 5659; baseline 0 0"><span class='ocrx_word' id='word_1_787' title='bbox 2625 5649 2656 5659; x_wconf 67' lang='grc' dir='ltr'>ιο</span> 
     </span>
    </p>
   </div>
   <div class='ocr_carea' id='block_1_113' title="bbox 1835 5659 2539 5724">
    <p class='ocr_par' dir='ltr' id='par_1_113' title="bbox 1835 5659 2539 5724">
     <span class='ocr_line' id='line_1_114' title="bbox 1835 5659 2539 5724; baseline -0.004 -9"><span class='ocrx_word' id='word_1_788' title='bbox 1835 5659 2258 5724; x_wconf 63' lang='grc' dir='ltr'><strong>διιοεείοηθηείρ</strong></span> <span class='ocrx_word' id='word_1_789' title='bbox 2317 5673 2492 5696; x_wconf 62' lang='grc' dir='ltr'><strong>’πλη-’τ</strong></span> <span class='ocrx_word' id='word_1_790' title='bbox 2526 5659 2539 5668; x_wconf 84' lang='grc'><strong>’</strong></span> 
     </span>
    </p>
   </div>
  </div>
