3884 5438
147 346 240 403 353

145 462 214 531 fui
251 461 302 514 in
344 458 524 530 spiritu
569 457 749 529 (Apoc.
779 459 873 529 tv).
901 460 966 516 Et
990 459 1183 516 Paulus
1205 477 1311 516 non
1343 463 1502 518 audet
1535 477 1592 518 se
1617 462 1695 517 di-
1725 469 1772 524 Α

143 569 256 609 cere
283 563 487 621 raptum
514 553 564 606 in
594 566 838 622 corpore.
863 553 1122 609 Omnibus
1151 553 1331 623 itaque
1361 553 1570 623 publice
1592 569 1688 607 an-

143 645 479 701 nuntiandum
505 652 585 699 est
609 645 748 713 quod
775 645 864 714 qui
894 645 1017 700 talia
1042 653 1096 700 ct
1133 646 1218 701 his
1261 645 1458 700 similia
1489 646 1691 712 credit,

141 737 285 792 ﬁdem
311 735 560 806 perdidit,
581 743 635 790 et
653 735 743 806 qui
767 735 923 790 ﬁdem
948 745 1151 791 rectam
1172 736 1224 791 in
1246 736 1356 791 Deo
1380 751 1486 791 non
1507 736 1690 800 habet,

138 827 218 881 hic
243 841 344 881 non
367 833 454 880 est
484 825 630 896 ejus,
673 825 766 880 sed
811 825 952 880 illius
995 826 1046 879 in
1076 840 1236 895 quem
1265 825 1468 892 credit,
1513 825 1566 880 id
1611 835 1696 880 est

137 916 338 974 diaboli.
366 915 501 970 Nam
525 915 590 972 de
612 917 834 971 Domino
855 925 1039 971 nostro
1065 916 1323 984 scriptum
1352 924 1470 970 est:
1502 914 1693 968 Omnia

135 1020 218 1074 per
234 1004 399 1074 ipsum
419 1003 559 1074 facta
582 1013 702 1058 sunt
732 1002 922 1074 (Joan.
954 1003 1025 1073 ι).
1051 1002 1304 1074 Quisquis
1337 1018 1465 1074 ergo
1493 1002 1694 1072 aliquid

134 1095 294 1151 credit
319 1109 476 1165 posse
510 1093 658 1160 ﬁeri,
703 1104 794 1149 aut
822 1095 1056 1166 aliquam
1091 1101 1394 1150 creaturam
1424 1093 1477 1148 in
1504 1092 1695 1149 melius

134 1198 221 1244 aut
244 1188 477 1245 deterius
503 1188 773 1243 immutari
793 1197 884 1244 aut
913 1185 1287 1244 transformari
1313 1186 1366 1241 in
1395 1185 1554 1241 aliam
1574 1200 1695 1255 spe-

133 1282 259 1336 ciem
286 1279 371 1336 vel
399 1278 800 1335 similitudinem
822 1320 836 1345 ,
877 1279 982 1334 nisi
1023 1280 1092 1334 ab
1127 1277 1243 1348 ipso
1269 1277 1560 1342 Creatore,
1603 1275 1694 1345 qui

131 1371 300 1427 omnia
330 1369 476 1434 fecit,
515 1379 568 1424 et
609 1386 702 1440 per
727 1384 885 1440 quem
916 1370 1098 1426 omnia
1141 1366 1285 1425 facta
1323 1376 1481 1433 sunt,
1508 1365 1695 1437 procul

132 1454 280 1516 dubio
300 1459 529 1515 infidelis
550 1469 649 1515 est.

127 1547 276 1621 347
327 1547 396 1604 Ut
446 1547 750 1621 Christiani
779 1549 1083 1621 traditiones
1136 1547 1404 1621 gentilium
1453 1564 1556 1602 non
1605 1547 1696 1602 ob-

469 1629 684 1683 servent.
726 1618 809 1673 lz'x
861 1620 1013 1673 dictis
1055 1618 1332 1673 Ambrosii.

189 1708 475 1765 CCCLXV.
517 1709 598 1782 (S.
627 1709 863 1764 AMBROS.
895 1711 950 1764 in
996 1727 1043 1764 c.
1075 1727 1126 1764 tv
1153 1707 1324 1780 Epist.
1363 1709 1432 1763 ad
1477 1705 1690 1773 Galat.;

125 1800 423 1857 BURCBARD.
455 1803 547 1858 lib.
577 1819 630 1867 ι,
666 1818 714 1858 c.
767 1803 877 1873 ll.)
933 1802 1221 1873 Apostolus
1262 1801 1429 1856 dicit:
1461 1799 1584 1854 Dies
1608 1801 1694 1854 ob-

123 1895 331 1947 servatis
359 1901 406 1947 et
434 1909 630 1948 menses
658 1903 704 1947 et
735 1903 962 1964 tempora
994 1903 1041 1948 et
1070 1909 1255 1946 annos.
1308 1891 1453 1945 Time
1485 1907 1546 1944 ne
1583 1891 1693 1944 sine

123 1996 274 2036 causa
302 1981 642 2037 laboraverim
674 1983 728 2036 in
765 1983 926 2036 vobis.
985 1981 1109 2036 Dies
1163 1981 1490 2044 observant,
1539 1988 1689 2050 puta,

122 2072 209 2141 qui
235 2071 734 2128 dicunt:Crastino
779 2071 1232 2142 proﬁciscendum
1262 2087 1365 2124 non
1415 2067 1516 2134 es’t,
1571 2077 1694 2140 post

121 2165 410 2219 crastinum
434 2165 580 2220 enim
627 2179 732 2220 non
766 2164 926 2219 debet
965 2163 1166 2233 aliquid
1205 2163 1484 2227 inchoari;
1533 2173 1588 2215 et
1612 2162 1690 2217 sic

118 2253 288 2308 solent
320 2254 488 2325 magis
518 2254 710 2322 decipi.
759 2253 821 2308 lli
873 2263 1052 2308 autem
1103 2253 1286 2307 colunt
1337 2267 1546 2307 menses
1598 2251 1690 2321 qui

117 2359 331 2400 cursum
363 2346 502 2400 luna:
529 2354 938 2416 perscrutantur
966 2345 1211 2400 dicentes
1240 2359 1256 2397 :
1287 2344 1529 2414 Septima
1564 2345 1689 2398 luna

113 2444 415 2490 strumenta
443 2434 633 2490 conﬁci
675 2449 781 2490 non
824 2434 1021 2490 debent
1067 2433 1238 2505 (524).
1289 2433 1436 2487 Nona
1495 2435 1689 2488 iterum

113 2521 238 2576 luna
299 2531 536 2592 emptum
573 2537 784 2577 servum
812 2523 1028 2577 domum
1060 2523 1180 2578 duci
1215 2538 1320 2576 non
1352 2532 1584 2592 oportet.
1625 2523 1691 2577 Et

111 2627 209 2681 per
253 2611 371 2667 haec
420 2612 626 2668 facilius
673 2611 846 2668 solent
887 2613 1115 2668 adversa
1163 2613 1468 2683 provenire.
1525 2613 1684 2666 Tem-

113 2721 241 2776 pora
269 2719 400 2761 vero
442 2706 763 2772 observant,
797 2721 918 2760 cum
966 2705 1154 2761 dicunt
1180 2723 1191 2760 :
1220 2705 1391 2760 Hodie
1418 2705 1559 2759 veris
1587 2705 1690 2759 ini-

117 2795 244 2850 tium
290 2805 392 2862 est,
420 2803 473 2850 et
501 2796 620 2852 ideo
647 2795 912 2851 festivitas
945 2808 1048 2851 est.
1080 2797 1208 2851 Post
1253 2809 1374 2850 cras
1423 2794 1687 2850 Vulcanao

1137 346 1222 401 DE
1262 343 1536 400 ECCLES.
1575 343 1833 400 DISCIPI.
1897 344 2071 400 LIBRI
2113 347 2272 406 DUO.
2313 383 2380 392 —
2417 350 2544 408 LIB.
2587 349 2649 406 II.

3249 353 3353 411 551

2116 463 2190 518 De
2222 466 2530 520 morticinis.
2565 464 2649 518 Ex
2679 462 3049 518 Paruitentiali.

1863 551 2178 608 CCCLXIX.
2222 554 2550 625 (BUBCHABD.
2585 555 2677 610 lib.
2720 571 2833 621 χιιι,
2862 570 2911 609 c.
2944 554 3058 626 88.)
3087 555 3185 622 Qui
3216 573 3368 613 man-

1794 644 1956 698 ducat
1993 659 2215 700 carnem
2251 645 2607 711 immundam,
2639 654 2731 699 aut
2777 645 3144 712 morticinum,
3174 658 3266 703 aut
3290 650 3369 704 di-

1794 734 2085 790 laceratum
2115 750 2145 789 a
2178 735 2372 800 bestia,
2418 735 2776 806 quadraginta
2832 736 2945 791 dies
2973 737 3253 806 paeniteat.
3309 737 3366 792 Si

1792 825 1914 896 quis
1952 827 2276 881 necessitate
2314 825 2472 881 famis
2518 835 2743 896 cogente
2795 826 3156 894 manducavit,
3201 828 3371 884 multo

1792 916 1962 972 levius
1991 918 2269 986 paeniteat.

1864 1007 2156 1064 CCCLXX.
2198 1007 2298 1076 Qui
2352 1007 2679 1073 fraudatum,
2732 1016 2965 1077 raptum,
3005 1010 3090 1064 vel
3133 1008 3369 1062 furatum

1797 1099 1975 1156 sciens
2012 1099 2336 1166 manducat;
2391 1099 2438 1154 si
2482 1113 2686 1169 pauper
2735 1105 2842 1163 est,
2890 1107 3095 1167 septem
3139 1100 3284 1162 dies;
3323 1097 3369 1152 si

1795 1200 2010 1262 potens,
2061 1190 2412 1260 quadraginta
2444 1189 2560 1244 dies
2589 1188 2870 1258 poeniteat.
2900 1187 3103 1244 Inﬁrmi
3141 1203 3294 1254 vero,
3323 1188 3368 1242 si

1796 1281 1997 1346 sciunt,
2029 1279 2334 1350 quindecim
2359 1279 2474 1334 dies
2499 1279 2818 1350 paeniteant.

1865 1371 2176 1429 CCCLXXI.
2207 1371 2535 1443 (BUBCBARD.
2565 1371 2658 1426 lib.
2685 1387 2800 1435 xu,
2832 1384 2880 1426 c.
2919 1368 3066 1440 106.)
3097 1368 3196 1435 Qui
3224 1383 3372 1424 com-

1794 1463 1903 1519 edit
1929 1471 1985 1518 et
2027 1462 2162 1518 bibit
2207 1464 2633 1518 contaminatum
2682 1477 2711 1516 a
2747 1461 2918 1518 bestia
2949 1459 3263 1525 domestica,
3319 1458 3371 1512 id

1795 1564 1878 1611 est
1905 1570 1937 1610 a
1969 1571 2104 1611 cane
2130 1555 2214 1611 vel
2239 1563 2380 1621 cato,
2413 1556 2545 1610 duos
2570 1555 2684 1610 dies
2711 1555 2992 1625 poeniteat.

2209 1665 2287 1720 De
2332 1665 2549 1738 liquore.
2595 1665 2680 1720 Ex
2707 1665 2906 1720 eodem.

1867 1777 2202 1834 CCCLXXII.
2245 1777 2574 1848 (Buncntnn.
2612 1777 2704 1832 lib.
2751 1793 2866 1842 XIX,
2908 1792 2957 1831 c.
2988 1774 3134 1848 106.)
3165 1775 3221 1830 Si
3249 1775 3371 1846 quis

1796 1872 2004 1928 dederit
2027 1870 2185 1925 alicui
2215 1870 2476 1940 liquorem
2511 1869 2744 1939 aliquem
2780 1869 2832 1922 in
2862 1884 2968 1938 quo
2998 1883 3114 1923 mus
3143 1867 3227 1922 vel
3255 1883 3370 1921 mu-

1792 1963 1923 2018 stela
1950 1961 2144 2016 mortui
2175 1972 2319 2026 sunt,
2335 1960 2378 2015 si
2404 1961 2571 2015 laicus
2596 1971 2696 2026 est,
2717 1969 2919 2030 septem
2947 1959 3060 2014 dies
3086 1959 3365 2028 pwniteat.

1789 2052 1954 2124 359
1983 2051 2041 2106 Si
2070 2059 2249 2106 autem
2287 2050 2340 2104 in
2371 2050 2616 2106 coenobio
2657 2059 2802 2115 sunt,
2852 2051 3108 2105 ducentos
3135 2047 3370 2119 psalmos

1791 2152 2035 2198 cantent.
2067 2142 2168 2210 Qui
2195 2150 2382 2213 postea
2426 2143 2640 2197 noverit
2665 2143 2808 2212 quod
2837 2141 2940 2197 tale
2986 2151 3170 2212 potum
3208 2137 3366 2204 bibit,

1791 2249 1956 2288 unum
2004 2231 2320 2303 psalterium
2349 2239 2552 2286 cantet.

2373 2343 2453 2397 De
2504 2343 2774 2412 sanguine.

1859 2451 2217 2508 CCCLXXIII.
2252 2450 2310 2506 Si
2341 2451 2462 2521 quis
2507 2451 2825 2519 sanguinem
2863 2449 3088 2520 alicujus
3117 2450 3368 2506 animalis

1789 2543 2213 2607 manducaverit,
2237 2542 2589 2612 quadraginta
2616 2542 2732 2596 dies
2753 2542 3028 2611 pmnitcat.

2033 2657 2168 2712 Item
2195 2667 2252 2712 ut
2295 2656 2470 2711 nullus
2507 2657 2814 2728 sanguinem
2865 2656 3120 2710 comedat.

1856 2769 2218 2826 CCCLXXIV.
2257 2769 2596 2824 Admonendi
2660 2775 2785 2823 sunt
2834 2766 3018 2821 ﬁdeles
3067 2776 3126 2821 ut
3189 2768 3366 2824 nullus

115 2883 180 2939 lia
213 2893 360 2941 sunt.
378 2855 456 2942 Ἐι
508 2901 759 2942 rursum:
789 2885 1069 2941 Posterum
1105 2896 1210 2950 est,
1255 2888 1470 2942 domum
1501 2886 1684 2958 egredi
1783 2865 2074 2958 pmsufnaf
2115 2857 2430 2958 δέξηξυίρθῐη
2457 2855 2804 2958 ξ¹¹³¹ξά¹¹⁰πθ⁸
2839 2855 3053 2958 Namj"
3079 2857 3364 2926 ν”ίθείυῖθο

117 2992 218 3030 non
265 2975 412 3031 licet.
454 2976 640 3034 Annos
666 2978 744 3032 sic
774 2974 987 3043 colunt,
1027 2992 1148 3032 cum
1178 2978 1398 3032 dicunt:
1433 2947 1685 3033 Kalendis
1785 2949 2000 3043 quando
2040 2948 2246 3043 minim
2299 2947 2515 3043 “ocima
2555 2947 2680 3043 df‘la
2728 2955 2812 3043 θξί
2879 2961 2908 3000 ³
2979 2949 3087 3043 Pe?
3146 2962 3365 3043 ⁰³Γ¹¹⁴Ῐ¹Ϊ¹

115 3067 350 3122 Januarii
383 3082 550 3124 novus
577 3077 662 3122 est
705 3085 897 3132 annus,
928 3069 1079 3138 quasi
1133 3085 1237 3123 non
1273 3069 1512 3139 quotidie
1555 3069 1681 3129 anni
1785 3041 2180 3139 m‘fndufanqir
2227 3041 2545 3139 sanguine"!
2591 3040 2936 3139 inierdiCl-um
2983 3039 3227 3139 legimus.
3275 3038 3366 3139 Ait

117 3157 454 3228 impleantur.
486 3158 610 3214 Haec
639 3131 960 3230 superstitio
977 3158 1131 3230 longe
1167 3131 1324 3214 debet
1367 3173 1487 3214 esse
1513 3174 1540 3213 a
1569 3174 1681 3216 ser-
1709 3166 1755 3229 ο
1786 3135 1928 3189 “mm
1976 3134 2242 3230 Do"‘im_‘s_
2274 3134 2340 3188 ad
2386 3133 2498 3230 ῌΟθ
2543 3142 2597 3230 f3}
2632 3131 2929 3230 [Iliosjfjus
2963 3149 2977 3188 ³
3011 3132 3174 3187 om”
3226 3131 3364 3230 (Ιτίοίξ

115 3250 190 3304 vis
216 3250 308 3306 Dci
343 3250 508 3322 (325).

330 3365 411 3419 De
440 3365 618 3422 eadem
648 3383 720 3421 re.
754 3365 838 3421 Ex
865 3367 1084 3422 concilio
1117 3366 1449 3422 Bracarensi.

178 3478 493 3535 CCCLXVI.
535 3481 554 3551 (
580 3481 778 3536 Concil.
804 3480 1028 3536 Bracar.
1057 3496 1129 3544 ιι,
1170 3496 1220 3536 ε.
1251 3480 1351 3545 72;
1381 3481 1678 3537 IIALI‘I'GAB.

116 3568 206 3625 lib.
232 3586 302 3636 tv,
331 3589 383 3628 ε.
405 3570 506 3637 26,
537 3570 799 3626 Htucnn.
845 3572 908 3626 de
943 3572 1164 3626 divortio
1197 3572 1510 3637 Lothar.,in
1544 3588 1677 3642 resp.

112 3662 177 3715 ad
225 3663 413 3718 interr.
460 3662 553 3728 l7;
583 3662 890 3718 Buncnsnn.
920 3663 1014 3718 lib.
1045 3681 1102 3730 x,
1133 3680 1199 3721 ‘c.
1249 3664 1359 3736 l3.)
1395 3663 1512 3719 Non
1555 3664 1683 3718 licet

112 3752 430 3810 Christianis
459 3754 800 3810 traditionem
826 3756 1102 3826 gentilium
1143 3757 1453 3822 observare,
1481 3755 1565 3810 vel
1590 3769 1684 3810 co-

115 3842 222 3900 lere
243 3845 538 3912 elementa,
552 3855 644 3899 aut
667 3845 848 3900 lunam
869 3847 1247 3903 autstellarum
1264 3863 1480 3903 cursum
1503 3847 1683 3900 etina-

112 3950 226 3990 nem
257 3937 534 4007 signorum
581 3935 847 3991 fallaciam
887 3938 1230 3994 considerare
1273 3954 1370 4008 pro
1412 3938 1570 3992 domo
1601 3935 1683 3990 fa-

113 4023 316 4091 cienda,
347 4023 433 4079 vel
461 4033 670 4094 segetes
695 4025 781 4080 vel
821 4026 1042 4082 arbores
1072 4027 1406 4096 plantandas,
1437 4035 1528 4080 aut
1552 4041 1681 4081 con-

109 4111 251 4185 jugia
275 4116 554 4172 socianda.
583 4115 856 4186 Scriptum
883 4117 1026 4171 enim
1054 4125 1138 4172 est
1167 4135 1180 4170 :
1213 4115 1403 4171 Omnia
1437 4133 1683 4185 qua’cun-

113 4222 204 4273 que
227 4207 404 4276 facitis
425 4208 480 4261 in
501 4206 652 4262 verba
676 4217 766 4261 aut
782 4208 836 4262 in
864 4223 1034 4276 apere,
1049 4208 1104 4261 in
1128 4209 1330 4261 nomine
1355 4207 1566 4260 Domini
1588 4221 1682 4260 no-

116 4297 206 4352 stri
230 4295 266 4351 J
268 4315 361 4352 esu
383 4295 575 4352 Christi
589 4297 764 4367 facite,
780 4297 974 4367 gratias
988 4306 1193 4368 agentes
1211 4296 1320 4350 Deo
1335 4295 1558 4368 (Coloss.
1574 4295 1678 4366 ιιι).

246 4387 415 4461 348
450 4387 528 4444 De
559 4375 860 4443 collectione
893 4387 1193 4443 herbarum.
1227 4388 1312 4443 Ex
1337 4388 1538 4442 eodem.

180 4478 513 4536 CCCLXV“.
553 4478 774 4550 (Concil.
802 4479 1024 4534 Bracar.
1057 4496 1128 4546 ιι,
1160 4495 1209 4536 c.
1244 4480 1340 4547 74;
1379 4479 1676 4535 HALITGAB.

115 4567 276 4636 ibid.;
304 4571 570 4627 lltttcutt.
601 4570 761 4637 ibid.;
795 4569 1104 4626 BURCﬂABD.
1134 4571 1227 4626 lib.
1253 4587 1310 4637 ιι,
1340 4585 1389 4627 c.
1419 4571 1536 4641 20.)
1561 4571 1678 4627 Non

118 4659 238 4716 licet
273 4661 326 4726 in
359 4660 676 4717 collectione
705 4661 997 4717 herbarum
1025 4661 1421 4718 medicinalium
1471 4661 1681 4733 aliquas

118 4749 513 4809 observationes
541 4751 626 4807 vel
653 4752 1048 4809 incantationes
1074 4755 1374 4819 attendere,
1406 4753 1507 4809 nisi
1556 4763 1676 4812 tan-

122 4853 226 4900 tum
286 4862 410 4904 cum
459 4844 703 4916 symbolo
748 4845 929 4902 divino
977 4854 1034 4903 et
1077 4847 1320 4903 oratione
1366 4846 1678 4916 Dominica,

119 4943 174 4988 ut
216 4934 355 4994 Deus
394 4944 450 4993 et
494 4935 754 4992 Dominus
792 4945 974 4992 noster
1018 4934 1175 4992 Jesus
1213 4935 1460 4993 Christus
1508 4935 1681 4996 bono.

122 5037 283 5084 retur.

353 5119 424 5174 De
465 5116 708 5186 laniﬁciis
748 5118 1081 5187 feminarum.
1119 5115 1204 5172 Ex
1229 5118 1425 5172 eodem.

185 5206 529 5264 CCCLXVIII.
555 5205 778 5278 (Concil.
805 5206 1024 5264 Bracar.
1049 5225 1110 5275 ιι,
1143 5222 1193 5262 c.
1222 5207 1320 5274 75;
1346 5205 1676 5275 I‘IALI‘I'GAB.,

123 5299 274 5344 διεμι-
315 5299 602 5361 ηικσκλιιη
658 5295 814 5365 ibid.;
853 5297 1158 5357 Boncntnn.
1211 5297 1303 5353 lib.
1350 5314 1406 5365 ι,
1461 5313 1510 5354 c.
1560 5298 1675 5367 19.)

586 5388 734 5422 ἀα-πο
767 5389 1017 5438 m-tIierpg
1044 5390 1334 5436 vmritnlnm
1365 5391 1416 5432 in
1447 5391 1559 5438 cuiq
1591 5393 1672 5438 In-

1787 3234 2022 3280 moretur
2049 3233 2096 3278 et
2142 3224 2284 3290 vivit,
2335 3223 2429 3278 erit
2473 3224 2612 3277 vobis
2638 3225 2691 3278 in
2730 3223 2920 3288 cibum,
2971 3235 3178 3292 excepto
3226 3223 3364 3293 quod

1786 3333 1997 3371 carnem
2063 3333 2180 3370 cum
2231 3315 2482 3386 sanguine
2528 3332 2630 3369 non
2689 3315 2981 3369 comedetis.
3041 3314 3362 3385 Sanguinem

1784 3407 1920 3462 enim
1960 3406 2256 3460 animarum
2306 3416 2594 3460 vestrarum
2647 3405 2903 3476 requiram
2949 3404 3013 3459 de
3041 3421 3198 3458 manu
3233 3421 3364 3458 cun-

1785 3509 1989 3551 ctarum
2044 3496 2327 3550 bestiarum
2365 3507 2414 3549 et
2474 3495 2538 3549 de
2589 3511 2749 3549 manu
2787 3494 3011 3549 hominis
3056 3491 3207 3564 (Gen.
3261 3493 3360 3563 ιχ).

1785 3588 1939 3656 Quod
1971 3602 2078 3642 non
2114 3586 2286 3642 solum
2334 3585 2388 3640 in
2435 3585 2551 3657 lege
2595 3585 2764 3640 veteri
2813 3584 3108 3654 schissime
3155 3584 3364 3638 inhibe-

1787 3688 1911 3745 tur,
1969 3693 2156 3733 verum
2220 3677 2384 3732 etiam
2433 3677 2490 3733 in
2538 3675 2686 3732 Novo
2734 3676 3081 3731 Testamento
3135 3673 3360 3744 apostoli

1783 3771 2070 3841 primitivae
2116 3769 2370 3826 Ecclesiae
2412 3783 2478 3824 ex
2517 3768 2763 3840 gentibus
2811 3767 2912 3822 sub
2941 3781 3130 3838 magna
3162 3764 3361 3821 delibe-

1786 3863 1994 3917 ratione
2041 3862 2286 3918 scribunt
2318 3869 2378 3916 ut
2420 3861 2724 3916 abstineant
2759 3875 2819 3916 se
2859 3875 2890 3914 a
2944 3859 3360 3916 contaminatio—

1782 3952 1941 4007 nibus
1969 3951 2380 4007 simulacrorum
2422 3961 2477 4006 et
2509 3951 2864 4006 fornicatione
2913 3959 2971 4004 et
2999 3948 3274 4004 suffocatis
3303 3956 3359 4002 et

1783 4044 2061 4114 sanguine.
2094 4043 2246 4110 Quod
2293 4043 2568 4110 exponens
2613 4043 2971 4112 Hieronymus
2999 4041 3165 4096 dicit:
3197 4058 3216 4092 ι
3255 4038 3356 4094 Ju-

1783 4142 1875 4185 xta
1922 4131 2177 4196 litteram,
2211 4131 2403 4200 inquit,
2429 4131 2545 4186 ltzec
2568 4139 2831 4200 praecepta
2860 4129 3186 4184 conveniunt
3209 4127 3356 4182 omni

1782 4223 2110 4288 Christiano,
2153 4231 2212 4276 ut
2253 4222 2596 4276 morticinum
2644 4236 2750 4275 non
2809 4219 3086 4282 comedat,
3126 4226 3236 4271 tam
3289 4217 3356 4272 de

1781 4313 1970 4368 avibus
1994 4327 2153 4381 quam
2181 4313 2246 4368 de
2273 4312 2577 4382 pecoribus,
2603 4325 2831 4382 quorum
2861 4323 3198 4380 nequaquam
3231 4323 3356 4363 san-

1782 4401 1900 4472 guis
1964 4401 2164 4457 effusus
2237 4408 2340 4456 est.
2389 4420 2408 4452 ι
2481 4399 2610 4467 Quae
2667 4399 2972 4456 necessario
3019 4398 3355 4454 observanda

1785 4493 2146 4564 apostolorum
2209 4493 2277 4549 de
2331 4491 2630 4553 Jerusalem
2691 4492 2852 4548 missa
2905 4490 3128 4561 epistola
3174 4499 3356 4547 monet

1783 4585 1918 4656 (Act.
1949 4584 2061 4651 xv).
2087 4584 2155 4639 Et
2191 4594 2405 4654 captum
2435 4599 2466 4638 a
2502 4583 2689 4647 bestia,
2718 4582 2843 4653 quia
2881 4593 2936 4638 et
2970 4582 3143 4652 ipsum
3169 4581 3360 4636 simili-

1783 4686 1865 4732 ter
1911 4675 2227 4733 sull‘ocatum
2275 4685 2376 4731 est.
2421 4675 2487 4730 Et
2519 4675 2802 4748 sanguine,
2836 4675 2887 4730 id
2937 4682 3020 4730 est
3074 4689 3180 4728 non
3208 4689 3358 4727 man-

1782 4767 2027 4822 ducando
2066 4765 2231 4838 350
2266 4780 2390 4822 cum
2449 4767 2725 4837 sanguine.
2779 4765 2837 4821 Si
2880 4779 3008 4834 ergo
3053 4763 3120 4818 de
3173 4763 3356 4832 gentili

1780 4856 1893 4912 vita
1937 4855 2277 4911 venientibus
2327 4872 2424 4926 pro
2453 4855 2584 4926 ipsis
2635 4855 2756 4909 ﬁdei
2815 4852 3130 4909 rudimentis
3173 4857 3228 4903 et
3279 4851 3362 4903 in-

1782 4955 2026 5003 veterata
2079 4946 2472 5002 consuetudine
2525 4944 2842 5017 gentilitatis
2880 4945 3016 5006 haec,
3064 4935 3220 5008 quasi
3258 4937 3362 4991 sibi

1783 5039 1849 5091 ad
1899 5037 2127 5092 salutem
2157 5033 2504 5098 sulliccrent,
2553 5035 2754 5101 scripta
2814 5039 2971 5093 sunt,
3020 5027 3140 5096 quis
3183 5032 3369 5077 trans-

1781 5142 1997 5198 gressor
2041 5127 2156 5184 haec
2226 5125 2597 5198 parvipendat.
2655 5121 2836 5180 Simul
2889 5126 2942 5174 et
2976 5117 3081 5170 hoc
3125 5110 3380 5198 conside-

1782 5195 2048 5282 randum,
2096 5195 2244 5288 quod
2295 5195 2614 5274 idololatriae
2658 5219 2715 5265 et
2767 5195 3391 5288 fornicationijsuffoca-

1782 5317 1896 5365 tum
1950 5320 2004 5364 et
2053 5285 2276 5378 sanguis
2332 5306 2715 5379 mquiparatur.
2782 5296 2941 5358 Unde
2985 5285 3232 5391 omnibus
3304 5301 3399 5343 an-

1784 5399 2060 5438 nuntiat-ir
2095 5403 2366 5438 nisatnlnm
2397 5390 2678 5438 aninmtlnm
2721 5387 2810 5436 sit
2859 5387 3169 5422 "’"M‘I'mm
3197 5387 3392 5411 ⁸⁸³⁷⁷³⁸³·
