3884 5592
414 320 520 379 5‘55

1476 304 1845 365 llECINONIS
1884 299 2300 359 PRUMIENSIS
2325 298 2620 358 ABBA'I‘IS

3556 304 3673 368 32$

416 439 509 504 rit.
559 449 590 490 a
626 429 1004 489 communione
1049 422 1819 494 ecclesiastica'suspendatur
1899 418 2058 480 ns-A
2093 417 2239 482 dum,
2281 417 2426 473 velut
2488 427 2768 475 necatores
2821 433 3151 491 pauperum.
3220 436 3498 496 quousque
3542 428 3673 481 ται-

410 543 522 601 que
568 525 727 596 digne
769 520 1046 593 pmuiteat.

520 616 600 673 De
641 610 1079 682 discprdantibus.
1115 607 1201 662 Ea:
1226 605 1444 662 concilio
1468 602 1894 675 Carthaginensi.
1920 686 1933 692 ‘

486 701 828 763 CCCLXXV.
867 698 1086 763 (Coucii.
1117 697 1368 769 Carthag.
1420 710 1497 763 tv,
1532 710 1585 751 c.
1634 694 1741 761 95;
1795 692 1997 749 Haur-

415 810 539 853 (ιλιι.
571 794 668 850 lib.
700 808 776 859 tv,
802 806 853 846 c.
900 791 1001 857 ὄις
1033 790 1343 846 Buacnaan.
1390 787 1483 845 lib.
1530 786 1584 853 v,
1612 801 1661 842 c.
1691 784 1804 856 58.)
1836 783 1997 840 Obla-

411 887 594 944 tiones
638 881 1016 941 dissidentium
1065 879 1296 935 fratrum
1323 894 1498 950 neque
1530 878 1584 934 in
1623 876 1864 934 sacrario
1904 889 1996 931 ne-

404 992 521 1051 que
548 977 603 1034 in
628 972 1015 1048 gazophylacio
1044 972 1394 1042 recipiantur.

636 1069 713 1124 De
762 1068 945 1123 eadem
992 1083 1068 1122 re.
1098 1065 1183 1120 Ea:
1219 1065 1439 1121 concilia
1467 1063 1771 1135 Agathensi.

482 1162 851 1222 CCCLXXVI.
874 1161 1058 1234 (Cone.
1086 1160 1279 1232 Agam,
1309 1160 1435 1216 c.3l
1461 1176 1475 1225 ;
1505 1157 1833 1223 Ιίιιιινιθιιιιη
1866 1155 1995 1211 ibid.

408 1272 459 1310 c.
518 1256 618 1323 32;
668 1255 983 1311 Buacnaan.
1011 1251 1106 1308 lib.
1156 1269 1215 1319 x,
1244 1268 1295 1308 c.
1324 1251 1437 1325 61.)
1463 1251 1674 1307 Placuit
1699 1250 1888 1316 etiam,
1916 1257 1997 1315 ut,

417 1350 562 1405 sicut
591 1349 910 1419 plerumque
934 1347 1019 1413 fit,
1050 1355 1109 1402 ut
1150 1346 1455 1416 quicunque
1480 1344 1603 1400 odio
1650 1352 1744 1399 aut
1791 1341 2002 1415 longin-

418 1455 525 1509 qua
577 1439 720 1494 inter
769 1436 954 1493 se-lite
999 1436 1388 1503 discesserunt,
1418 1445 1475 1492 et
1515 1434 1581 1490 ad
1607 1448 1797 1506 pacem
1848 1447 2001 1488 revo-

413 1529 529 1584 cari
558 1529 806 1585 diuturna
838 1528 1143 1587 intentione
1179 1528 1536 1598 nequiverunt
1558 1567 1574 1592 ,
1618 1526 1686 1582 de
1746 1523 2001 1580 Ecclesiae

418 1630 565 1675 cmtu
624 1618 922 1689 justissima
952 1619 1515 1676 excommunicationc
1538 1617 1807 1691 pellantur
1830 1615 2000 1688 (526).

606 1760 613 1765 .
701 1711 780 1765 De
822 1710 1001 1765 eadem
1055 1727 1129 1765 re.
1176 1708 1262 1764 Ex
1305 1710 1457 1765 dictis
1500 1708 1719 1764 lsidori.

2097 507 2248 572 dant,
2279 507 2347 562 ab
2392 507 2636 565 ecclesiis
2680 508 3048 565 excludantur.

2159 595 2163 599 ’
2734 597 2820 652 Ex
2848 600 3045 654 eodem.
3546 655 3552 658 .

2165 682 2557 742 CCCLXXXV.
2600 685 2782 760 (Cone.
2819 689 3034 761 Agath.,
3065 705 3113 745 c.
3149 688 3265 763 26.)
3307 691 3364 747 Si
3397 693 3521 764 quis
3570 694 3680 752 cle-

2101 778 2248 835 ricus
2284 781 2540 835 damnum
2592 781 2837 837 ecclesiae
2877 782 3176 839 voluntarie
3207 786 3414 852 fecerit,
3463 788 3534 843 de
3554 804 3681 858 pro-

2097 869 2231 939 priis
2286 869 2634 930 facultatibus
2671 874 2881 940 reddat,
2911 883 2964 930 et
3005 876 3377 932 communione
3405 878 3676 948 privetur.

2716 967 2795 1023 De
2824 970 3061 1024 mortuis.

2168 1053 2584 1112 CCCLXXXVI.
2627 1056 2685 1115 Si
2732 1060 2854 1130 quis
2904 1075 3066 1131 super
3097 1070 3362 1118 mortuum
3397 1065 3683 1122 nocturnis

2099 1144 2247 1201 boris
2275 1146 2517 1203 carmina
2545 1146 2805 1207 diabolica
2836 1150 3155 1219 cantavcrit,
3201 1160 3308 1209 etc.
3348 1151 3594 1227 Require
3630 1155 3683 1210 ia

2098 1239 2275 1309 primo
2313 1238 2512 1308 libello,
2543 1256 2662 1313 cap.
2696 1242 2819 1298 583.

2656 1371 2725 1413 nr:
2762 1371 3127 1425 consumens.

2103 1442 2173 1501 Ut
2198 1447 2475 1518 prtrcipuw
2501 1446 2802 1518 festivitates
2830 1449 2883 1503 in
2906 1449 3197 1505 civitatibus
3226 1450 3576 1506 celebrentur.
3602 1450 3688 1506 £1:

2615 1518 2837 1573 concilio
2870 1521 3169 1590 Agathensi.

2172 1606 2609 1664 CCCLXXXVII.
2670 1608 2853 1681 (Cone.
2894 1609 3110 1682 Agath.,
3148 1626 3196 1667 c.
3229 1611 3325 1678 l8;
3363 1610 3684 1669 Buttmann.

2103 1700 2196 1754 lib.
2235 1716 2296 1765 .v,
2348 1714 2398 1755 c.
2445 1699 2562 1772 25.)
2609 1699 2907 1758 S:eculares
2938 1716 3065 1757 vero
3096 1702 3189 1774 qui
3218 1701 3407 1757 Natale
3442 1704 3686 1765 Domini,

485 1800 881 1863 CCCLXXVII.
929 1802 1262 1873 (Βυιιειιλιιι).
1292 1800 1389 1855 lib.
1441 1815 1577 1867 .v,c.
1620 1798 1734 1872 57.)
1774 1796 1829 1855 Si
1878 1798 2000 1870 quis
2029 1774 2075 1838 Β
2104 1790 2332 1856 Pascha,
2377 1799 2432 1847 et
2471 1790 2827 1847 Pentecosten
2877 1807 2983 1847 non
3034 1791 3193 1863 353
3248 1794 3690 1850 communicave-

419 1894 628 1949 discors
658 1901 716 1948 ct
736 1892 955 1964 litigans
975 1900 1029 1947 et
1059 1906 1157 1963 per
1189 1893 1371 1947 odium
1411 1891 1684 1947 dissidens
1709 1891 2001 1980 exstiterit,

412 1999 702 2055 quousque
741 1985 810 2040 ad
843 1986 1188 2040 concordiam
1224 1985 1439 2050 redeat,
1461 1999 1492 2039 a
1523 1993 1790 2040 conventu
1829 1998 1885 2040 et
1918 2000 2008 2039 su-

412 2077 617 2133 cietate
634 2074 914 2142 Ecclesiae,
946 2084 1004 2131 ut
1041 2076 1507 2147 canonesjubent,
1533 2076 1742 2134 alienus
1784 2078 2002 2133 cxistat.

816 2190 821 2193 ’
907 2185 1065 2259 351
1106 2187 1184 2242 De
1218 2188 1399 2243 eadem
1440 2204 1519 2243 re.

493 2276 901 2335 CCCLXXVIII.
937 2280 1269 2348 (Buncnann.
1302 2278 1397 2334 lib.
1444 2295 1502 2344 ι,
1533 2293 1585 2335 c.
1616 2276 1728 2350 58.)
1782 2277 1840 2334 Si
1882 2279 2005 2349 quis

422 2369 548 2424 odio
578 2369 783 2425 habens
811 2368 1067 2439 aliquem,
1099 2369 1167 2424 ad
1192 2383 1381 2440 pacem
1413 2385 1520 2424 non
1555 2370 1864 2436 revertitur,
1899 2370 2006 2426 sic-

415 2470 482 2517 ut
527 2461 702 2516 sancti
748 2459 938 2517 Patres
977 2469 1301 2528 statuerunt,
1346 2462 1402 2517 in
1449 2478 1589 2533 pane
1632 2472 1691 2518 et
1732 2478 1870 2534 aqua
1912 2478 2006 2517 ex-

412 2551 873 2618 eommunieetur,
918 2560 975 2607 et
1006 2550 1075 2606 ab
1100 2551 1344 2608 Ecclesia
1386 2562 1687 2624 separetur.

598 2643 678 2699 De
701 2643 887 2703 eadem
929 2660 1005 2699 re.
1032 2643 1120 2699 Ea:
1146 2645 1371 2700 concilio
1396 2644 1825 2714 Cartltagiuensi.

492 2734 859 2793 CCCLXXIX.
918 2736 1145 2809 (Concil.
1196 2738 1448 2811 Carthag.
1505 2755 1581 2806 tv,
1636 2754 1685 2793 e.
1734 2739 1837 2806 25;
1868 2739 2005 2796 Bun-

415 2842 618 2883 cman.
653 2828 749 2885 lib.
781 2844 824 2897 ι,
867 2844 917 2886 c.
949 2828 1064 2901 62.)
1102 2830 1435 2889 Dissidentes
1478 2832 1783 2904 episcopos,
1815 2832 1862 2887 si
1898 2847 2009 2891 non

425 2921 587 2976 timor
618 2919 742 2987 Dei,
769 2921 1008 2993 synodus
1030 2922 1365 2979 reconciliet.

828 3012 909 3069 De
952 3015 1137 3070 eadem
1169 3030 1246 3069 re.
1293 3013 1383 3074 Ec
1415 3014 1614 3070 eodem.
1715 3002 1722 3009 ’

492 3106 841 3167 CCCLXXX.
882 3105 1109 3180 (ϐοηθεῖ.
1158 3105 1409 3179 Cartltag.
1457 3123 1551 3175 tv,
1596 3123 1645 3164 c.
1713 3107 1819 3177 26;
1866 3109 2010 3168 Bun-

423 3215 622 3258 cuaan.
671 3200 765 3256 lib.
815 3215 856 3266 ι,
883 3214 933 3256 c.
967 3197 1114 3271 101.)
1142 3198 1481 3257 Studendum
1528 3209 1613 3257 est
1654 3202 1906 3273 episcopo
1951 3211 2011 3259 ut

426 3286 752 3349 dissidentes
784 3289 1003 3357 fratres,
1033 3290 1149 3346 sive
1177 3290 1426 3354 clericos.
1455 3291 1571 3349 sive
1598 3292 1788 3361 laicos,
1820 3294 1889 3351 ad
1911 3309 2012 3365 pa-

324 3440 330 3447 ,
423 3399 546 3441 cem
569 3382 743 3454 magis
769 3396 933 3453 quam
963 3382 1032 3439 ad
1050 3382 1317 3455 judicium
1353 3384 1625 3440 hortetur.

818 3492 899 3548 De
922 3492 1022 3548 Dei
1038 3492 1244 3563 judicio
1262 3493 1625 3550 subvertenda.

491 3580 866 3642 CCCLXXXI.
904 3582 1235 3657 (Bnacnaan.
1270 3585 1363 3642 lib.
1394 3602 1450 3654 ι,
1476 3601 1526 3644 c.
1561 3585 1679 3659 25.)
1727 3587 1785 3645 Si
1818 3589 2014 3662 aliquis

428 3677 721 3734 mandueat
737 3685 793 3733 et
817 3677 958 3733 bibit
986 3685 1079 3732 aut
1101 3685 1277 3748 portat
1295 3693 1457 3750 super
1484 3694 1544 3735 se
1584 3680 2016 3738 undeexistimat

432 3769 528 3825 Dei
539 3769 801 3839 judicium
824 3779 1136 3839 pervertere
1132 3782 1325 3841 posse,
1339 3780 1395 3827 et
1416 3773 1610 3829 exinde
1637 3775 2016 3844 comprobatus

430 3857 615 3923 fuerit,
657 3858 849 3914 eadem
898 3859 1169 3914 sententia
1216 3859 1445 3917 feriatur
1489 3879 1593 3933 qua
1631 3865 1772 3937 magi
1817 3874 1874 3920 et
1921 3867 2019 3921 ha-

434 3947 557 4004 rloli
590 3957 648 4006 et
687 3949 1055 4006 incantatores
1093 3949 1384 4021 feriuntur,
1428 3954 1639 4011 scilicet
1689 3964 1893 4027 septem
1923 3967 2018 4014 aut

430 4032 676 4113 quinque
729 4032 994 4098 annorum
1031 4043 1347 4114 paenitentia
1378 4037 1651 4117 plectatur
1666 4049 1839 4122 (527).

432 4132 513 4189 De
554 4133 902 4190 oblationibus
935 4135 1323 4206 defunctorum.
1371 4140 1459 4195 Ea:
1491 4142 1719 4198 concilio
1778 4144 2014 4202 Varensi.

504 4225 891 4284 CCCLXXXII.
933 4225 1159 4301 (Concil.
1196 4230 1345 4299 Vas.,
1374 4247 1427 4289 c.
1454 4232 1536 4304 4.)
1568 4233 1631 4290 Hi
1656 4237 1749 4306 qui
1784 4236 2017 4294 oblatio-

432 4329 531 4371 nes
579 4314 956 4373 defunctorum
987 4319 1241 4388 retinent,
1268 4329 1324 4378 et
1361 4323 1610 4381 ecclesiis
1662 4328 1874 4384 tradere
1906 4344 2021 4386 mo-

433 4415 645 4474 rantur,
675 4415 737 4462 ut
765 4407 1009 4466 infideles
1044 4411 1121 4467 ab
1146 4414 1375 4469 ecclesia
1404 4413 1711 4485 ejiciantur.

1072 4501 1157 4556 Ea:
1184 4503 1382 4560 eodem.

502 4589 923 4648 CCCLXXXI“.
991 4592 1051 4649 Si
1094 4596 1189 4667 qui
1241 4596 1543 4656 oblationes
1592 4599 1755 4673 352
1791 4603 2021 4661 aliorum

438 4679 712 4749 fraudant,
750 4683 1074 4741 admonendi
1113 4698 1240 4742 sunt
1265 4695 1326 4743 ut
1372 4689 1604 4746 reddant
1629 4693 1773 4763 quod
1802 4693 2024 4753 fraudu-

436 4770 616 4826 tenter
655 4770 1014 4831 abstulerunt.
1059 4774 1116 4833 Si
1169 4793 1297 4836 vero
1326 4778 1556 4838 reddere
1585 4783 1880 4854 noluerint,
1932 4804 2022 4847 us-

438 4878 655 4935 quequo
686 4868 935 4937 reddant,
958 4870 1101 4929 sicut
1131 4886 1319 4932 sancta
1349 4875 1588 4949 synodus
1619 4880 1921 4950 constituit,
1953 4884 2022 4942 ab

439 4950 698 5013 Ecclesiae
726 4969 1046 5029 separentur
1073 4966 1366 5023 consortio.

869 5049 956 5106 Ea:
990 5055 1217 5139 concilia
1254 5057 1558 5130 Agathensi.

511 5138 927 5200 CCCLXXXIV.
959 5138 1143 5218 (Cone.
1168 5150 1384 5221 Agatlt.,
1419 5168 1468 5209 c.
1497 5154 1560 5222 4,;
1595 5155 1904 5216 Buncnsun.
1930 5160 2025 5219 lib.

442 5247 532 5322 ιιι,
563 5246 613 5288 c.
649 5232 798 5307 140.)
847 5234 1044 5295 Clerici
1073 5241 1238 5297 etiam
1286 5244 1373 5299 vel
1408 5247 1714 5318 saeculares,
1760 5253 1854 5322 qui
1880 5253 2027 5309 obla-

446 5321 623 5378 tiones
643 5336 933 5397 parentum
957 5339 1054 5388 aut
1082 5332 1309 5391 donatas
1333 5345 1430 5392 aut
1457 5321 1791 5400 testamento
1808 5345 2026 5406 relictas

451 5413 687 5471 retinere
716 5424 1157 5486 prmsumnserir‘
1254 5442 1273 5448 -
1389 5428 1399 5432 ”
1665 5436 1675 5446 '
1749 5435 1763 5456 ³
1794 5436 2029 5488 donave-

2044 4491 2098 4554 D

2106 1885 2234 1951 rint,
2272 1883 2527 1941 catholici
2576 1900 2683 1940 non
2717 1883 3023 1950 credantur,
3075 1901 3176 1941 nec
3207 1884 3349 1942 inter
3392 1885 3690 1945 catholicos

2105 1976 2424 2033 habeantur.
2454 1975 2691 2047 Require
2718 1977 2770 2032 in
2802 1978 2978 2048 primo
3008 1976 3205 2045 libello,
3238 1994 3361 2049 cap.
3390 1978 3484 2034 95.

2283 2065 2360 2121 De
2388 2067 2568 2123 cadent
2617 2085 2691 2123 re.
2738 2067 2825 2123 Ea:
2855 2068 3074 2123 concilio
3117 2068 3510 2126 Anrelianensi.

2173 2155 2633 2215 CCCLXXXVlll.
2673 2157 2897 2231 (Concil.
2958 2157 3227 2214 Aurelian.
3269 2176 3308 2227 ι,
3360 2146 3414 2216 c.
3456 2160 3581 2233 es.)
3627 2160 3690 2218 Ut

2103 2248 2236 2305 nulli
2266 2249 2467 2305 civium
2494 2248 2741 2317 Paschte,
2772 2249 2983 2315 Natalis
3014 2250 3244 2317 Domini,
3296 2251 3384 2307 vel
3426 2251 3691 2309 Penteco-

2104 2350 2222 2397 sten
2255 2339 2626 2397 solemnitates
2653 2341 2815 2398 liceat
2840 2342 2895 2396 in
2918 2341 3043 2396 villa
3071 2341 3367 2410 celebrare,
3396 2342 3506 2399 nisi
3534 2359 3689 2414 quem

2107 2431 2398 2488 infirmitas
2424 2432 2746 2504 probabitur
2774 2434 3029 2491 tenuisse.

2325 2522 2403 2577 De
2455 2523 2640 2579 eadem
2684 2542 2759 2579 re.
2792 2525 2878 2581 Ea:
2902 2524 3121 2581 concilio
3155 2524 3473 2598 Agathensi.

2176 2609 2598 2669 CCCLXXXIX.
2626 2613 2811 2684 (Cano.
2848 2615 3063 2687 Agath.,
3091 2631 3141 2673 c.
3170 2615 3282 2688 65.)
3327 2617 3398 2674 Ut
3425 2619 3579 2675 cives
3604 2620 3690 2690 qui

2107 2702 2350 2770 Paschaa,
2374 2702 2583 2762 Natalis
2619 2706 2850 2772 Domini,
2895 2707 2980 2764 vel
3029 2706 3383 2765 Pentecosten
3434 2708 3692 2765 festivita-

2111 2796 2254 2852 tibus
2281 2795 2551 2867 episcopis
2598 2796 2863 2854 interesse
2910 2797 3244 2870 neglexerint
3286 2799 3341 2854 in
3379 2799 3690 2855 civitatibus

2109 2887 2224 2946 suis
2265 2887 2592 2959 accipiendae
2619 2889 3013 2945 communionis
3039 2889 3123 2945 vel
3151 2888 3553 2947 benedictionis
3574 2906 3693 2962 gra-

2112 2981 2210 3048 tia,
2264 2981 2359 3051 qui
2384 2981 2488 3039 lt‘oc
2515 2980 2873 3054 neglexerint,
2904 2982 3133 3039 triennio
3177 2984 3563 3040 communione
3582 2984 3693 3055 pti-

2110 3081 2273 3130 ventu
2282 3086 2324 3127 I’.

2036 3146 2082 3208 Ο
2144 3161 2225 3219 De
2261 3161 2474 3220 decumis
2520 3179 2613 3226 per
2646 3166 2938 3235 pqrazchias
2979 3165 3263 3222 mittendis.
3301 3166 3392 3223 Ea:
3441 3169 3685 3229 concilio.

2688 3233 3116 3308 Rothomageusi.

2178 3328 2422 3386 CCCXC.
2473 3328 2807 3403 (Buacmnn.
2840 3332 2935 3388 lib.
2976 3349 3035 3399 ιι,
3079 3348 3128 3389 e.
3161 3333 3313 3408 239.)
3363 3335 3439 3392 Ut
3471 3335 3695 3408 populus

2111 3421 2467 3477 admoneatur
2511 3432 2572 3477 nt
2621 3422 2674 3477 in
2730 3422 3026 3480 Dominicis
3065 3433 3119 3481 et
3162 3424 3317 3482 festis
3359 3427 3556 3483 diebus
3588 3443 3696 3483 onl-

2112 3526 2210 3569 nes
2238 3513 2307 3568 ad
2348 3527 2604 3584 vesperae
2638 3524 2698 3570 et
2728 3524 3023 3573 nocturnas
3053 3518 3258 3589 vigilias
3285 3527 3341 3573 et
3367 3518 3438 3576 ad
3472 3520 3695 3577 missam

2112 3605 2439 3661 omnimodis
2481 3615 2793 3663 occurrant.
2840 3608 2904 3662 Et
2952 3617 3011 3663 ut
3046 3609 3233 3666 decani
3281 3612 3337 3665 in
3383 3612 3696 3668 civitatibus

2113 3704 2168 3754 et
2206 3696 2266 3752 in
2295 3696 2433 3753 vicis
2458 3698 2692 3768 publicis
2722 3699 2826 3755 viri
2858 3714 3081 3773 veraces
3124 3710 3179 3757 et
3226 3702 3399 3760 Deum
3443 3704 3696 3760 timentes

2113 3788 2534 3856 constituantur,
2587 3791 2679 3861 qui
2717 3791 2932 3848 desides
2981 3800 3035 3848 et
3072 3791 3411 3866 negligentes
3459 3811 3697 3852 comma»

2116 3889 2280 3937 neant
2308 3888 2368 3937 ut
2408 3883 2476 3938 ad
2530 3882 2629 3939 Dei
2673 3884 2955 3941 servitium
3005 3886 3208 3956 absque
3243 3889 3535 3946 occasione
3582 3905 3697 3962 pro-

2116 3980 2324 4043 perent.
2374 3972 2463 4049 Et.
2490 3981 2551 4029 ut
2597 3975 2697 4046 ipsi
2736 3977 2927 4032 decani
2958 3986 3299 4036 sacramento
3323 3981 3697 4053 astringantur

2117 4071 2178 4118 ut
2219 4062 2365 4119 nulla
2403 4063 2802 4122 interveniente
2850 4083 3048 4135 causa,
3087 4069 3295 4127 scilicet
3337 4078 3432 4127 aut
3473 4076 3695 4139 amoris,

2120 4161 2216 4210 aut
2250 4153 2484 4222 timoris,
2522 4160 2617 4211 aut
2642 4156 3204 4229 propinquitatis,'aut
3230 4164 3493 4235 muneris,
3526 4167 3695 4238 negli-

2121 4252 2309 4315 gentes
2337 4252 2394 4299 et
2439 4253 2869 4317 transgressores
2918 4251 3200 4319 reticeant,
3231 4253 3361 4324 quin
3405 4258 3697 4315 sacerdoti-

2121 4334 2222 4390 bus
2258 4336 2506 4406 proprias
2545 4352 2735 4395 eorum
2782 4340 2970 4411 culpas
3018 4332 3381 4400 manifestent.
3435 4346 3697 4405 Sacerdo-

2125 4434 2236 4480 tum
2265 4437 2446 4484 autem
2475 4429 2582 4486 erit
2623 4431 2697 4486 ita
2736 4446 2924 4488 eorum
2962 4434 3092 4489 vitia
3123 4436 3239 4492 zelo
3267 4447 3325 4494 et
3359 4454 3545 4498 amore
3571 4443 3697 4497 divi-

2125 4534 2194 4575 no
2238 4518 2402 4594 354
2433 4538 2557 4579 cum
2586 4524 2767 4581 debita
2793 4526 3073 4598 disciplina
3114 4529 3390 4601 corrigere
3433 4534 3574 4589 sicut
3602 4536 3695 4606 ipsi

2118 4611 2308 4667 nolunt
2365 4629 2463 4684 pro
2524 4615 2753 4672 aliorum
2810 4620 3078 4675 erratibus
3150 4624 3479 4680 sententiam
3546 4626 3696 4698 iusta:

2116 4700 2484 4761 damnationis
2529 4706 2824 4777 suscipere.
2870 4707 2938 4763 Et
2973 4715 3031 4764 nt
3057 4709 3172 4766 dies
3214 4710 3341 4768 festi
3397 4728 3427 4768 a
3475 4730 3695 4786 vespera

2119 4812 2292 4868 usque
2322 4800 2391 4854 ad
2419 4813 2700 4869 vesperam
2727 4803 2933 4875 absque
2961 4817 3126 4875 Opere
3156 4805 3343 4862 servili
3366 4821 3494 4864 cum
3525 4809 3692 4866 debito

2116 4890 2323 4948 honore
2351 4892 2714 4950 celebrentur.

2300 5001 2380 5058 De
2408 5001 2892 5063 ex'communicatis.
2947 5006 3031 5064 Ea:
3066 5010 3221 5066 dictis
3260 5011 3528 5070 Cassiani.

2196 5091 2461 5150 CCCXCI.
2520 5093 2576 5150 Si
2609 5095 2732 5167 quis
2760 5104 2940 5153 autem
2990 5100 3276 5171 proculpa
3303 5083 3407 5160 sua
3436 5105 3595 5162 fuerit
3631 5108 3694 5162 ab

2125 5185 2375 5244 oratione
2403 5201 2719 5258 suspensus,
2762 5190 2943 5246 nullus
2990 5204 3112 5247 cum
3144 5208 3212 5250 eo
3240 5198 3443 5255 orandi
3490 5210 3582 5256 aut
3624 5199 3694 5254 lo-

2126 5276 2326 5347 quendi
2382 5275 2577 5333 habeat
2640 5277 2915 5337 licentiam
2962 5292 3256 5354 antequam
3306 5291 3691 5348 reconcilietur.

2127 5366 2264 5423 Nam
2311 5367 2491 5439 quise
2527 5370 2761 5427 orationi
2794 5374 2875 5430 vel
2904 5373 3332 5436 confabulationi
3361 5381 3503 5452 ejus,
3553 5394 3689 5438 ante.

2128 5472 2288 5514 (luam
2318 5477 2347 5508 ιι
2386 5462 2567 5517 nriore
2595 5464 2915 5514 reciniatnr-
2952 5467 3356 5531 inconsiderata
3384 5477 3581 5534 pietate
3617 5491 3693 5532 ςο»
