3944 6412
176 343 277 396 δεη
1106 339 1192 394 DE
1234 337 1514 395 soccus.
1555 336 1838 394 DISCIPL.
1878 318 2059 390 Lami
2098 332 2256 395 Duo.
2290 373 2354 383 —
2397 343 2525 400 un.
2567 346 2630 400 H.

494 454 569 509 De
593 457 768 508 eadem
801 471 872 508 re.
906 453 1147 508 Isidorus
1177 465 1231 509 ut
1255 472 1437 526 supra.

240 544 531 603 CCCXC".
587 544 807 616 (Regula
858 545 920 602 S.
957 545 1178 611 Isidori,
1227 561 1276 601 c.
1313 547 1407 613 i7;
1449 547 1757 603 BURCIIABD.

169 637 264 692 lib.
305 645 385 701 xi,
417 651 466 692 c.
499 636 612 706 51.)
665 635 800 691 Cum
853 638 1320 692 excommunicato
1365 653 1540 710 neque
1581 654 1760 706 orare,

166 739 348 796 neque
393 723 561 796 loqui,
609 740 785 796 neque
809 727 954 781 vesci
985 725 1239 796 cuiquam
1288 725 1434 782 licet.

776 813 926 870 Unde
962 833 1147 886 supra.

236 908 556 966 CCCXClll.
600 908 930 981 (BURCHARD.
970 909 1064 965 lib.
1097 927 1140 976 ι,
1171 925 1221 965 c.
1255 909 1370 982 '52.)
1419 909 1476 965 Si
1511 910 1632 980 quis
1657 910 1763 964 fra-

166 1009 252 1055 ter
282 1011 379 1056 aut
427 1002 604 1072 palam
652 1012 746 1057 aut
799 1002 1064 1058 absconse
1105 1018 1229 1057 cum
1292 1002 1762 1057 excommunicato

161 1092 332 1148 fuerit
370 1095 600 1161 locutus,
639 1111 984 1150 communem
1016 1097 1201 1150 statim
1247 1111 1369 1150 cum
1409 1110 1486 1176 .eo
1542 1110 1759 1150 excom-

162 1188 558 1243 municationis
587 1188 864 1244 contrahit
891 1201 1130 1258 patuam.

311 1279 392 1333 De
428 1281 610 1334 cadent
644 1297 718 1335 re.
749 1277 836 1334 Ex
861 1281 1014 1334 dictis
1056 1278 1338 1334 Fructuosi
1367 1279 1615 1349 episcopi.

226 1369 552 1426 παρεχειν.
577 1369 799 1442 (Regula
823 1371 884 1426 S.
913 1369 1218 1434 Fructuosi,
1247 1387 1297 1424 c.
1323 1369 1421 1436 M;
1447 1369 1756 1425 BURCBARD.

159 1461 260 1516 lib.
304 1477 388 1526 ιι,
437 1477 487 1516 c.
533 1459 651 1530 33.)
677 1461 809 1516 Cum
859 1460 1324 1516 excommunicato
1364 1459 1542 1515 nullus
1582 1464 1760 1531 loqua-

162 1562 272 1615 tur,
306 1568 484 1623 neque
529 1551 765 1622 qualibet
812 1566 934 1607 eum
975 1551 1353 1621 compassione
1397 1551 1482 1607 vel
1530 1552 1761 1608 misera-

161 1643 315 1696 tione
363 1640 624 1708 refoveat,
677 1655 853 1713 neque
888 1643 956 1696 ad
1001 1641 1493 1697 contradictionem
1533 1642 1618 1698 vel
1665 1659 1760 1698 su-

156 1735 409 1805 perbiam
446 1733 752 1791 confortare
794 1743 1105 1805 prresumat.

231 1825 399 1897 355
440 1825 516 1880 De
545 1825 726 1880 eadem
768 1831 842 1880 re.
878 1825 960 1880 Ex
991 1825 1170 1896 regula
1199 1825 1366 1880 sancti
1391 1823 1681 1880 Benedicti.

234 1917 530 1974 CCCXCV.
578 1918 798 1989 (Regula
849 1917 910 1974 S.
955 1918 1196 1985 Bened.,
1250 1933 1300 1974 c.
1352 1917 1485 1990 26.)
1525 1917 1583 1974 Si
1638 1919 1761 1990 quis

157 2009 321 2064 fratri
350 2009 818 2066 excommunicato
844 2009 1086 2080 quolibet
1115 2011 1273 2065 modo
1299 2025 1359 2066 se
1379 2008 1643 2079 junxerit,
1666 2021 1760 2068 aut

157 2100 478 2154 mandatum
514 2099 562 2154 ei
585 2099 863 2166 direxerit,
891 2099 1121 2154 similem
1149 2099 1410 2156 sortiatur
1439 2116 1758 2158 excommu-

155 2190 458 2246 nicationis
479 2189 790 2246 vindictam.

883 2279 1039 2337 Item.

230 2370 546 2429 CCCXCVI.
576 2372 823 2446 (Regula.
877 2372 936 2429 S.
984 2373 1283 2442 Bened.,c.
1329 2374 1444 2448 25.)
1490 2374 1542 2432 Is
1578 2384 1760 2432 autem

154 2465 336 2520 frater
361 2465 454 2535 qui
475 2466 740 2538 gravioris
773 2465 942 2536 culpa:
971 2481 1109 2520 noxa
1141 2473 1374 2533 tenetur,
1405 2468 1762 2538 suspendatur

155 2573 195 2612 a
215 2572 404 2612 mensa
432 2557 593 2613 simul
635 2566 691 2613 et
716 2558 784 2612 ab
815 2557 1076 2614 oratorio.
1119 2556 1307 2612 Nullus
1330 2558 1380 2613 ei
1403 2557 1664 2630 jungatur
1703 2559 1759 2614 in

155 2649 460 2715 consortio,
483 2663 659 2720 neque
686 2649 740 2704 in
769 2649 1059 2718 colloquio.

399 2743 475 2797 De
499 2748 680 2798 eadem
706 2760 780 2798 re.
811 2743 897 2798 Ea:
922 2743 1146 2798 concilio
1183 2744 1524 2800 Antiocheno.

231 2832 571 2889 CCCXCV'II.
611 2832 854 2904 (Concil.
906 2835 1186 2899 Antioch.,
1233 2850 1283 2890 c.
1333 2835 1400 2901 2;
1449 2835 1760 2891 BUBCBARD.

155 2927 256 2982 lib.
317 2941 398 2991 χι,
447 2941 495 2981 c.
549 2925 662 2996 54.)
717 2925 852 2981 Cum
907 2929 1391 2984 excommunicatis
1437 2943 1545 2984 non
1600 2929 1763 2986 licere

153 3014 596 3079 communicare;
622 3031 722 3071 nec
743 3031 861 3071 cum
885 3018 969 3072 bis
985 3018 1074 3087 qui
1093 3033 1188 3088 per
1210 3019 1396 3074 domos
1412 3020 1758 3087 conveniunt,

155 3105 468 3160 devitantes
493 3107 767 3160 orationes
797 3106 1060 3172 ecclesiae,
1090 3108 1252 3162 simul
1280 3111 1556 3178 orandum
1572 3120 1674 3167 est.
1701 3110 1756 3166 Si

3348 352 3453 409 558

1782 461 1828 521 Α
1856 452 1956 518 eis,
1989 469 2086 508 nec
2117 456 2169 508 in
2202 457 2302 511 alia
2340 459 2566 528 synodo,
2596 457 2952 518 restitutionis
2979 478 3127 532 spem
3155 473 3245 520 aut
3275 465 3454 525 locum

1865 547 2066 602 habere
2091 547 2490 605 satisfactionis.

1860 659 1940 718 De
1988 663 2439 743 excommunicato
2483 667 2573 743 qui
2615 667 3000 743 communicare
3032 673 3455 743 pra’sumpserit.

2279 732 2363 786 Ex
2388 732 2606 788 concilio
2645 732 3060 808 Cari/taginensi'.

1930 817 2192 875 CCCCIII.
2237 820 2375 892 (Lib.
2416 838 2448 875 v
2494 822 2813 894 Capitular.,
2843 843 2892 882 c.
2931 829 3020 894 28,
3057 839 3113 886 et
3152 833 3331 887 Addit.
3376 851 3454 901 tv,

1859 922 1911 964 c.
1943 907 2048 975 55;
2081 909 2389 964 BURCHARD.
2420 911 2514 966 lib.
2552 929 2591 978 t,
2639 929 2694 969 ε.
2728 915 2876 988 200.)
2926 918 3057 974 Item
3093 921 3295 992 placuit
3332 926 3451 978 uni-

1860 1012 2018 1052 verso
2045 998 2276 1054 concilio
2302 1012 2359 1054 ut
2385 1002 2478 1071 qui
2509 1005 3010 1063 excommunicatus
3035 1008 3196 1065 fuerit
3232 1028 3330 1081 pro
3359 1030 3458 1068 suo

1860 1086 2106 1157 neglectu
2133 1129 2147 1153 ,
2177 1089 2292 1144 sive
2335 1090 2650 1162 episcopus,
2693 1095 2807 1149 sive
2836 1097 3058 1166 quilibet
3092 1100 3322 1158 clericus
3347 1145 3360 1168 ,
3402 1112 3460 1160 et

1862 1185 2101 1246 tempore
2151 1182 2732 1238 excommunicationis
2791 1201 2902 1240 sua:
2955 1199 3080 1244 ante
3131 1192 3455 1247 audientiam

1860 1270 2298 1326 communionem
2330 1275 2756 1343 praesumpserit,
2798 1276 2910 1347 ipse
2937 1279 2988 1332 in
3012 1295 3070 1335 se
3092 1281 3455 1338 damnationis

1853 1357 2126 1426 judieetur
2152 1361 2438 1431 protulisse
2467 1366 2810 1420 sententiam.

1857 1468 2019 1541 357
2061 1469 2118 1526 Si
2159 1473 2429 1554 episcopus
2471 1475 3076 1554 ppluerit_eaterntinare
3114 1482 3341 1554 aliquem
3385 1486 3450 1540 de

2156 1542 2418 1598 Ecclesia.
2460 1543 2547 1600 Ex
2576 1547 2798 1602 concilio
2827 1548 3151 1607 Sardicensi.

1927 1629 2186 1688 CCCClV.
2229 1633 2471 1705 (Concil.
2512 1635 2742 1705 Sardic.,
2775 1655 2825 1696 c.
2881 1642 3010 1714 17.)
3070 1644 3128 1700 Si
3173 1661 3460 1718 episcopus

1856 1725 2223 1781 exterminare
2269 1727 2498 1784 voluerit
2551 1729 2806 1787 clericum
2857 1750 3015 1789 suum
3070 1738 3134 1792 de
3175 1739 3454 1806 Ecclesia,

1781 1817 1830 1877 Β
1859 1816 2248 1886 providendum
2294 1829 2377 1875 est
2426 1835 2494 1876 ne
2540 1823 2800 1881 innocens
2845 1826 3183 1885 damnetur:
3236 1841 3290 1886 et
3337 1833 3458 1891 ideo

1862 1910 2063 1966 habeat
2088 1921 2412 1984 potestatem
2440 1926 2497 1971 ut
2526 1918 2807 1989 episcopos
2835 1920 3090 1979 ﬁnitimos
3130 1926 3454 1997 interpellet,

1859 2007 1915 2054 et
1939 2015 2099 2056 causa
2128 2002 2243 2071 ejus
2272 2005 2543 2073 audiatur,
2573 2024 2637 2062 ac
2676 2010 2984 2081 diligentius
3015 2023 3296 2082 tractetur,
3328 2019 3456 2088 quia

1861 2106 1966 2146 non
1995 2102 2208 2163 oportet
2240 2097 2421 2166 negari
2455 2099 2782 2156 audientiam
2817 2106 3060 2174 roganti;
3087 2115 3140 2162 et
3171 2108 3456 2180 episcopus

1860 2185 2127 2256 patienter
2150 2189 2380 2259 accipiat
2405 2199 2464 2246 ut
2491 2200 2582 2248 aut
2609 2197 2868 2266 probetur
2908 2208 3176 2256 sententia
3197 2200 3336 2272 ejus,
3363 2213 3458 2260 aut

1867 2275 2178 2332 emendetur

1860 2386 2244 2464 De__depost°tis,
2289 2392 2334 2445 si
2383 2393 2504 2464 ausi
2549 2393 2745 2463 fuerint
2793 2409 3072 2458 attrectare
3106 2406 3454 2464 ministerium

1900 2458 1999 2512 sibi
2024 2460 2223 2513 dudum
2244 2458 2600 2519 commissum.
2628 2465 2695 2520 In
2721 2473 3010 2528 canonibus
3039 2458 3417 2544 apostolorum.

1933 2543 2173 2639 CCCCV.
2215 2548 2372 2620 (Can.
2405 2563 2596 2622 apost.,
2625 2571 2675 2610 c.
2721 2557 2839 2628 29.)
2879 2559 2935 2614 Si
2985 2564 3106 2633 quis
3147 2567 3454 2639 episc0pus,

1861 2637 2144 2710 presbyter
2167 2649 2262 2695 aut
2288 2642 2566 2704 diaconus.
2585 2644 2733 2714 justc
2761 2665 2924 2719 super
2945 2655 3110 2709 certis
3135 2637 3456 2715 criminibus

1775 2725 1778 2729 ’
1863 2728 2158 2796 depositus,
2203 2745 2368 2787 ausus
2409 2733 2570 2788 fuerit
2611 2745 2906 2794 attrectare
2949 2744 3308 2802 ministerium
3352 2750 3456 2806 sibi

1862 2816 2061 2872 dudum
2092 2821 2478 2892 commissum,
2523 2825 2612 2881 hic
2649 2827 2718 2882 ab
2759 2828 2998 2886 Ecclesia
3039 2837 3253 2904 penitus
3281 2839 3457 2896 absci-

1863 2907 2042 2962 datur.

1899 2999 1976 3054 De
2000 3004 2295 3075 presbytero
2335 3019 2600 3063 accusata.
2632 3009 2718 3065 Ex
2740 3015 2961 3070 concilio
2997 3016 3418 3094 Rothomagensi.

1935 3094 2194 3152 CCCCVI.
2242 3099 2308 3154 Ut
2351 3100 2528 3157 nullus
2563 3103 2846 3176 episcopus
2874 3111 3248 3182 presbyterum
3297 3132 3459 3174 accu-

155 3195 391 3267 ρηίιηιει
415 3204 593 3251 autem
637 3212 704 3252 ex
744 3197 889 3254 clero
920 3198 1291 3268 deprehensus
1319 3198 1483 3254 {nem
1511 3216 1634 3255 cum
1666 3217 1760 3256 ex-
1786 3173 1830 3235 C
1863 3197 2039 3242 satum
2086 3189 2155 3245 ab
2180 3189 2352 3246 olIicio
2404 3192 2579 3249 missa:
2626 3208 2940 3267 removeat,
2975 3203 3077 3258 nisi
3122 3209 3186 3262 ad
3235 3223 3457 3267 causam

155 3286 573 3342 communicatis
597 3287 1019 3353 communicare,
1044 3287 1208 3343 etiam
1235 3288 1323 3343 illc
1350 3291 1594 3360 privetur
1615 3305 1762 3346 cont-

155 3377 439 3432 munione.

374 3465 454 3520 De
485 3467 766 3522 eadem're.
797 3466 894 3524 Ea:
925 3469 1144 3523 concilio
1170 3471 1546 3540 apostolorum.

229 3557 596 3615 CCCXCVIII.
641 3559 795 3631 (Can.
831 3570 1026 3630 apost.,
1061 3577 1112 3616 c.
1168 3562 1273 3628 H;
1320 3562 1628 3618 Buncuann.
1668 3563 1788 3617 lib.

155 3666 238 3713 ιι,
270 3665 322 3704 c.
372 3649 486 3721 35.)
533 3649 591 3706 Si
637 3651 758 3721 quis
799 3666 922 3706 cum
967 3653 1438 3710 excommunicato
1483 3655 1660 3710 saltim
1707 3657 1762 3710 in

157 3742 324 3797 domo
352 3741 608 3809 oraverit,
638 3742 736 3798 iste
765 3744 1146 3799 communione
1173 3746 1431 3814 privetur.

448 3833 527 3888 De
555 3835 738 3888 eadem
761 3851 834 3889 re.
864 3833 952 3889 Ex
979 3837 1202 3891 concilio
1238 3838 1478 3894 Nicwno.

229 3923 552 3982 CCCXCIX.
585 3925 806 3998 (Concil.
845 3925 993 3994 Nic.,
1021 3942 1070 3984 c.
1108 3929 1173 3996 5;
1215 3929 1524 3987 Buncuano.
1561 3933 1652 3988 lib.
1685 3951 1758 4000 χι,

156 4035 211 4076 e.
239 4017 362 4088 36.)
408 4017 484 4072 De
521 4017 605 4072 his
637 4019 728 4086 qui
773 4019 1154 4075 communione
1197 4020 1499 4090 privantur,
1549 4040 1643 4079 seu
1692 4043 1760 4081 ex

156 4111 338 4175 clero,
369 4109 481 4165 sive
509 4125 576 4165 ex
621 4109 759 4165 laico
797 4111 1018 4176 ordine,
1051 4113 1117 4166 ab
1145 4113 1413 4183 episc0pis
1438 4154 1452 4179 ,
1494 4117 1761 4172 sententia

155 4200 429 4272 regularis
453 4200 715 4266 obtineat,
739 4211 797 4254 ut
821 4200 872 4254 bi
899 4201 988 4270 qui
1021 4201 1368 4271 abjiciuntur,
1402 4203 1469 4257 ab
1496 4203 1616 4259 aliis
1654 4221 1761 4260 non

157 4295 516 4366 recipiantur.
563 4295 890 4364 Requiratur
938 4305 1156 4361 autem,
1201 4311 1268 4350 ne
1299 4296 1758 4367 pusillanimitate,

156 4396 257 4444 aut
283 4387 651 4453 contentione,
679 4385 843 4458 356
864 4387 946 4441 vel
985 4387 1090 4441 alio
1138 4387 1271 4441 vitio
1305 4389 1544 4459 episcopi
1575 4391 1758 4445 videa-

157 4491 252 4536 tur
275 4495 306 4533 a
334 4477 710 4533 communione
737 4477 998 4532 seclusus.

383 4565 458 4620 De
491 4565 675 4620 eadem
712 4583 787 4619 re.
825 4565 910 4619 Ea:
939 4566 1158 4619 concilio
1196 4567 1540 4622 Antiocltcno.

231 4656 429 4716 CCCC.
463 4656 686 4727 (Concil.
717 4656 987 4722 Antioch.,
1016 4672 1067 4713 c.
1102 4658 1175 4724 6;
1205 4657 1515 4714 BURCBABD.
1554 4659 1650 4718 lib.
1678 4677 1756 4727 ιι,

157 4767 211 4808 c.
241 4751 361 4820 57.)
393 4748 451 4803 Si
479 4747 600 4819 quis
640 4763 671 4801 a
700 4747 918 4818 proprio
946 4747 1197 4819 episcOpo
1237 4751 1615 4807 communione
1650 4753 1761 4821 pri-

154 4853 322 4896 vatus
368 4846 476 4905 est,
520 4853 626 4894 non
671 4847 796 4894 ante
839 4839 1166 4908 suscipiatur
1214 4839 1282 4894 ab
1332 4840 1452 4898 aliis
1493 4843 1760 4914 episcopis

159 4947 328 5005 quam
356 4945 454 4987 suo
483 4930 858 4986 reconcilietur
885 4929 1172 5001 Episcopo.
1449 4998 1456 5004 l

383 5021 461 5076 De
481 5021 662 5077 eadem
695 5037 768 5076 re.
799 5020 888 5076 Ea:
915 5021 1132 5077 concilio
1167 5025 1537 5094 apostolorum.

232 5111 454 5169 CCCC].
497 5111 650 5184 (Can.
684 5121 850 5182 apost.
879 5127 930 5167 c.
966 5112 1078 5172 12.)
1119 5112 1176 5169 Si
1203 5115 1324 5184 quis
1353 5132 1474 5172 cum
1502 5118 1756 5176 damnato

159 5206 390 5270 clerico,
417 5203 578 5258 veluti
601 5219 724 5258 cum
751 5203 966 5267 clerico,
1001 5205 1159 5260 simul
1187 5209 1448 5274 oraverit,
1476 5209 1577 5266 iste
1607 5210 1758 5266 dam-

160 5308 347 5354 netur.

270 5389 352 5443 De
371 5390 633 5444 damnatis
653 5407 684 5444 a
709 5389 928 5460 synodo.
959 5389 1045 5446 Ea:
1072 5391 1293 5446 concilio
1314 5391 1653 5449 Antiocheno.

233 5481 472 5538 CCCCll.
502 5482 724 5553 (Concil.
761 5482 1030 5551 Antioclt.,
1059 5501 1108 5539 c.
1154 5486 1218 5549 4;
1250 5486 1556 5541 BUBCHABD.
1589 5486 1684 5543 lib.
1719 5502 1758 5552 t,

166 5594 215 5633 c.
247 5576 398 5646 199.)
429 5575 485 5630 Si
514 5577 635 5646 quis
670 5576 952 5647 episcopus
991 5578 1278 5634 damnatus
1311 5595 1342 5633 a
1388 5581 1591 5650 synodo
1613 5620 1628 5646 ,
1675 5582 1761 5638 vel

163 5673 450 5743 presbyter
479 5680 572 5726 aut
605 5670 868 5727 diaconus
897 5688 926 5726 a
961 5687 1059 5728 suo
1095 5676 1370 5746 episcopo,
1414 5675 1530 5731 ausi
1559 5674 1762 5731 fuerint

172 5761 374 5832 aliquid
403 5759 467 5815 de
498 5760 798 5818 ministerio
837 5762 1146 5834 contingere
1173 5805 1187 5832 ,
1230 5764 1372 5821 nullo
1403 5765 1563 5822 modo
1598 5764 1758 5822 liccat

1865 3297 2017 3337 suam
2047 3283 2448 3352 dicendamdie
2483 3297 2681 3344 statuta
2714 3291 3192 3353 litterisevocatus
3234 3301 3457 3358 minime

1862 3374 2184 3439 occurrerit,
2231 3375 2282 3430 id
2331 3384 2413 3430 est
2441 3376 2577 3432 infra
2608 3381 2838 3449 spatium
2881 3387 3104 3442 mensis.
3149 3389 3215 3443 Et
3243 3390 3287 3444 si
3334 3401 3461 3461 post

1865 3476 2105 3518 mensem
2151 3466 2444 3520 secundum
2484 3484 2589 3524 non
2634 3474 2954 3541 occurrerit,
3002 3485 3127 3534 tunc
3167 3481 3236 3536 ab
3275 3483 3458 3540 ofﬁcio

1865 3556 2248 3625 suspendatur,
2272 3574 2555 3630 quousque
2602 3577 2702 3632 pro
2750 3579 2809 3619 se
2858 3567 3122 3623 rationem
3153 3571 3360 3627 reddat.
3395 3574 3455 3630 Si

1863 3647 2007 3701 enim
2035 3646 2156 3702 laici
2188 3663 2293 3702 non
2325 3651 2584 3706 canonice
2623 3658 3163 3716 excommunicantur
3211 3663 3314 3719 nisi
3347 3675 3456 3720 ter-

1863 3738 1939 3793 tio
1969 3737 2169 3794 fuerint
2220 3742 2396 3796 vocati
2427 3750 2588 3812 atque
2611 3747 2925 3803 commoniti
2951 3790 2967 3816 ,
2998 3750 3276 3823 indignum
3306 3755 3456 3813 vide-

1863 3835 1953 3882 tur
1979 3836 2036 3881 ut
2064 3830 2435 3886 sacerdotibus
2462 3832 2780 3906 denegetur,
2807 3839 2895 3908 qui
2921 3841 3143 3911 majoris
3171 3845 3376 3902 ordinis
3401 3857 3458 3903 et

1863 3915 2139 3986 dignitatis
2167 3929 2311 3985 sunt,
2345 3921 2485 3990 quod
2518 3922 2667 3980 laicis
2704 3928 2883 3997 regula
2919 3929 3084 4003 358
3112 3934 3456 3993 ecclesiatica

1861 4007 2200 4078 indulgenter
2228 4011 2510 4079 permittit.
2538 4013 2642 4070 Pro
2670 4024 2816 4072 tanto
2841 4020 2987 4074 enim
3017 4023 3249 4079 habetur
3275 4042 3456 4083 sacer-

1862 4098 2040 4153 dotem
2065 4099 2134 4155 ab
2161 4101 2341 4157 ofﬁcio
2373 4119 2652 4161 removere
2677 4123 2775 4177 pro
2801 4121 3003 4179 quanto
3029 4113 3226 4171 laicum
3249 4134 3280 4173 a
3307 4134 3456 4175 com-

1862 4191 2118 4247 munione
2161 4193 2406 4248 ecclesia:
2436 4210 2672 4252 cessare.
2718 4198 2852 4254 Nam
2881 4203 3024 4258 unde
3071 4204 3194 4262 laici
3237 4222 3456 4266 excom-

1861 4279 2226 4346 municantur,
2257 4282 2379 4337 inde
2411 4285 2710 4356 presbyteri
2735 4289 2802 4343 ab
2824 4289 3002 4348 ofﬁcio
3027 4291 3212 4351 altaris
3236 4298 3454 4354 subtuoo

1859 4382 2072 4427 ventur.
2102 4372 2337 4443 Require
2360 4391 2479 4448 cap.
2498 4377 2631 4447 289.

1784 4528 1836 4586 Β
1865 4482 2106 4550 Qualiter
2149 4489 2421 4556 episcopus
2466 4505 2918 4586 egcqmmuntcare
2965 4498 3200 4568 inﬁdeles
3245 4505 3448 4563 debeat.

2479 4558 2630 4616 Unde
2667 4580 2848 4634 supra.

1913 4647 2197 4706 CCCCVII.
2217 4650 2550 4722 (BURCHABD.
2567 4654 2663 4710 lib.
2692 4672 2838 4725 st,c.
2856 4661 2910 4726 2,
2937 4667 3235 4720 exconcilio
3255 4667 3454 4724 Rat/io-

1857 4740 2022 4809 mag.)
2056 4739 2385 4812 Episcopus,
2413 4747 2560 4799 cum
2586 4751 3060 4820 excommunicare
3101 4755 3186 4810 vel
3221 4759 3452 4814 anathe-

1857 4833 2118 4888 matizare
2163 4835 2398 4904 aliquem
2430 4836 2700 4894 inﬁdelem
2735 4858 2833 4912 pro
2862 4847 3026 4902 certis
3054 4857 3108 4903 et
3150 4852 3455 4908 manifestis

1857 4923 2150 4979 sceleribus
2169 4924 2482 4995 dispositum
2510 4928 2690 4996 liabet,
2717 4946 2839 5002 post
2862 4935 3146 4994 lectionem
3173 4939 3451 5012 Evangelii

1858 5013 2064 5070 clerum
2093 5024 2148 5070 et
2171 5016 2379 5087 plebem
2403 5019 2476 5072 ita
2500 5021 2659 5076 debet
2687 5023 2909 5096 alloqui.

2506 5109 2792 5172 Allocutio.

1935 5194 2242 5251 CCCCVII].
2283 5196 2613 5268 (Buncuano.
2647 5204 2740 5260 lib.
2775 5223 2851 5273 ιι,
2884 5224 2934 5263 c.
2963 5211 3029 5275 2,
3063 5221 3116 5266 et
3145 5215 3284 5283 apud
3309 5215 3450 5272 CEN-

1869 5302 2224 5353 Tunttroncs,
2271 5301 2471 5345 centur.
2521 5294 2609 5363 10,
2656 5311 2775 5368 cap.
2825 5298 2902 5371 6.)
2941 5300 3162 5359 Noverit
3211 5307 3446 5368 charitas

1867 5392 2069 5450 vestra,
2100 5384 2296 5442 fratres
2335 5387 2464 5452 mei,
2496 5390 2636 5457 quod
2681 5391 2896 5460 quidam
2938 5395 3019 5448 vir
3064 5399 3280 5455 nomine
3324 5402 3444 5470 ille,

1866 5476 2080 5533 diabolo
2107 5479 2366 5534 suadente
2392 5519 2407 5545 ,
2449 5490 2776 5550 postponens
2817 5482 3178 5542 Christianam
3219 5494 3447 5560 promis.

1865 5572 2071 5628 sionem
2106 5588 2267 5642 quam
2297 5573 2348 5627 in
2381 5574 2647 5644 baptismo
2673 5575 2948 5644 professus
2975 5587 3076 5641 est,
3111 5596 3205 5650 per
3231 5593 3445 5652 aposta-

1864 5664 2000 5719 siam
2029 5680 2321 5720 conversus
2345 5673 2464 5735 post
2493 5664 2680 5731 Satan,
2709 5667 2794 5721 cui
2822 5667 3220 5728 abrenuntiavit
3247 5683 3302 5728 et
3330 5690 3445 5730 om-

1866 5758 2025 5817 nibus
2055 5759 2308 5830 operibus
2335 5758 2488 5829 ejus,
2523 5759 2733 5815 vincam
2765 5759 2965 5817 Christi
2991 5803 3003 5826 ,
3037 5763 3086 5819 id
3138 5774 3216 5819 est
3259 5765 3443 5820 Eccle-
