3944 6424
419 296 571 353 ί559

1535 280 1902 339 REGINONIS
1940 276 2354 333 PRUMiENSIS
2393 277 2684 336 ABBATIS

3635 272 3732 332 560

455 411 593 466 siam
619 407 754 478 ejus,
783 406 1064 462 devastare
1105 410 1161 460 et
1199 401 1509 472 dcprtedare
1549 414 1656 454 non
1688 393 2043 467 pertimescit,
2073 398 2120 456 Α
2149 393 2389 464 aperibus
2422 394 2537 465 ejus
2577 392 2822 464 malignis
2856 388 2943 463 (11
2964 390 3122 447 Joan.
3146 388 3226 463 ι).
3251 386 3534 445 Dominica
3561 385 3738 458 itaque

457 513 723 570 pauperes
742 497 1120 565 Christi,’quos
1138 493 1374 564 pretioso
1397 491 1656 562 sanguine
1672 502 1770 543 suo
1795 485 2042 549 redemit,

453 589 722 645 violenter
745 586 1052 658 opprimcns
1096 593 1152 639 et
1186 583 1520 639 interficiens
1543 621 1557 647 ,
1584 589 1640 637 et
1683 578 1827 634 bona
1858 590 2046 631 eorum

456 678 741 749 diripiens.
783 676 933 732 Unde
980 675 1106 746 quia
1150 674 1292 730 ﬁlius
1332 672 1492 744 hujus
1535 681 1734 728 nostrae
1771 669 2046 734 Ecclesiae,

461 768 549 824 cui
577 769 687 823 Deo
711 776 934 822 auctore
963 765 1330 836 praasidemus,
1359 767 1618 821 debuerat
1653 777 1792 828 esse,
1836 763 1961 831 quia
1993 761 2048 814 in

456 873 523 913 ea
553 871 650 927 per
688 871 884 927 aquam
917 865 972 912 et
1002 854 1265 927 Spiritum
1305 863 1551 912 sanctum
1595 863 1817 910 renatus
1842 860 1925 907 est
1950 892 1965 919 ,
1995 861 2051 907 et

459 947 604 1002 inter
659 947 940 1017 adoptivos
994 946 1134 1002 filios
1183 946 1279 1002 Dei
1327 954 1751 1010 annumeratus,
1805 942 2052 1014 quamvis

458 1037 618 1093 modo
650 1037 791 1092 filius
826 1037 1025 1093 diaboli
1071 1037 1144 1092 sit
1184 1037 1441 1092 imitando
1471 1036 1740 1092 diabolum
1767 1075 1783 1102 ,
1833 1033 2048 1090 solliciti
2117 1085 2134 1103 ,

459 1136 528 1176 ne
570 1137 666 1192 per
712 1123 1094 1194 negligentiam
1140 1123 1466 1194 pastoralem
1515 1124 1694 1194 aliqua
1748 1123 1813 1178 de
1859 1122 2053 1178 ovibus

460 1211 620 1266 nobis
661 1213 882 1267 creditis
931 1213 1235 1283 deperiret,
1278 1228 1378 1283 pro
1424 1227 1530 1282 qua
1557 1213 1611 1266 in
1651 1210 1930 1267 tremendo
1962 1207 2052 1278 ju-

459 1303 604 1358 dicio
631 1303 795 1374 359
835 1311 963 1358 ante
997 1304 1295 1374 principem
1325 1315 1601 1374 pastorum
1639 1303 1922 1356 Dominum
1952 1317 2052 1356 no-

460 1404 637 1451 strum
665 1396 846 1452 Jesum
894 1395 1170 1451 Christum
1217 1397 1482 1450 rationem
1514 1395 1739 1450 reddere
1770 1392 2056 1464 compelle-

460 1500 667 1551 remur,
694 1485 846 1557 juxta
870 1486 1012 1555 quod
1037 1486 1151 1556 ipse
1179 1485 1493 1540 terribiliter
1519 1485 1670 1539 nobis
1695 1484 2056 1539 comminatur

459 1579 694 1634 dicens:
758 1578 819 1633 Si
867 1594 974 1632 non
1037 1579 1429 1633 annuntiaveris
1484 1578 1662 1648 iniquo
1727 1576 2056 1647 iniquitatem

460 1684 636 1734 suam,
681 1668 984 1738 sanguinem
1017 1668 1131 1738 ejus
1155 1667 1221 1721 de
1243 1685 1404 1722 manu
1430 1676 1521 1721 tua
1546 1668 1810 1739 requiram
1839 1666 2053 1737 (Ezech.

2148 490 2309 553 atque
2357 483 2653 565 apostolica
2695 489 2964 554 praecepta
3005 481 3388 553 adimplentes,
3436 479 3735 534 membrum

2146 576 2418 648 putridum
2448 583 2502 631 et
2529 575 2846 642 insanabile,
2873 575 3017 646 quod
3043 573 3366 629 medicinam
3394 586 3503 625 non
3534 570 3738 639 recipit,

2148 665 2295 722 ferro
2338 666 2913 723 excommunicationis
2949 680 2983 720 tt
3009 677 3239 735 corpore
3280 661 3540 717 Ecclesia:
3567 660 3740 714 absci-

2150 757 2376 825 damus,
2431 773 2500 814 ne
2541 766 2651 813 tam
2702 758 2963 829 pestifero
3011 757 3200 814 morbo
3243 757 3452 826 reliqua
3499 753 3743 809 membra

2149 849 2414 919 corporis,
2451 849 2621 906 veluti
2664 864 2900 920 veneno,
2946 849 3259 907 inﬁciantur
3285 848 3535 920 (Decreta
3571 844 3737 902 Snuc.

2151 952 2202 994 c.
2241 938 2323 1012 7).
3302 946 3304 949 '

2653 1029 3126 1081 Excommunicatio.

2224 1119 2491 1178 CCCCIX.
2528 1119 2860 1194 (Buncuaan.
2892 1121 2988 1178 lib.
3018 1138 3095 1188 ιι,
3125 1137 3175 1177 c.
3206 1120 3260 1186 5,
3287 1132 3343 1176 et
3365 1118 3507 1189 apud
3535 1117 3745 1174 Camn.

2154 1227 2443 1278 annonas,
2471 1212 2625 1284 ibid.)
2651 1212 2819 1282 lgitur
2842 1212 2969 1283 quia
2996 1212 3203 1268 monita
3227 1220 3416 1267 nostra
3442 1219 3497 1266 et
3527 1211 3747 1265 crebras

2155 1303 2562 1359 exhortationes
2597 1303 2932 1372 contemnit,
2967 1303 3096 1375 quia
3129 1302 3617 1363 tertiosecundum
3645 1302 3746 1356 Do-

2156 1394 2413 1449 minicum
2462 1402 2788 1465 praeceptum
2831 1403 3057 1450 vocatus
3097 1395 3166 1450 ad
3207 1393 3650 1450 emendationem
3693 1401 3747 1447 et

2155 1483 2530 1554 paenitentiam
2553 1483 2739 1539 venire
2768 1483 3031 1554 despexit,
3059 1483 3187 1553 quia
3206 1483 3419 1554 culpam
3439 1497 3597 1538 suam
3624 1497 3750 1537 nec-

2159 1575 2284 1630 dum
2317 1575 2567 1646 cognovit
2611 1589 2712 1630 nec
2736 1575 2895 1647 361
2935 1574 3216 1631 confessus
3257 1583 3382 1641 est,
3431 1588 3534 1628 nec
3583 1573 3749 1628 missa

2161 1668 2316 1724 nobis
2335 1667 2627 1738 legatione,
2649 1668 2740 1738 qui
2769 1682 2993 1724 causam
3019 1667 3187 1738 ipsius
3221 1666 3589 1736 exsequimur,
3621 1663 3750 1735 quia

460 1757 571 1826 III),
610 1757 855 1812 misimus
894 1758 962 1812 ad
994 1773 1116 1811 eum
1143 1756 1517 1828 presbyterum
1549 1765 1794 1812 nostrum
1819 1764 1874 1812 et
1909 1756 2056 1810 litte-
2081 1751 2129 1812 B
2157 1767 2342 1813 noster
2368 1758 2752 1828 partechianus
2782 1765 2886 1824 est,
2922 1758 3138 1814 veniam
3166 1757 3478 1828 postulavit,
3513 1756 3644 1826 quia
3693 1755 3749 1809 in

459 1861 551 1901 ras
595 1848 1032 1903 commonitorias
1082 1849 1247 1903 semel
1291 1857 1344 1903 et
1391 1849 1588 1902 iterum
1634 1857 1795 1918 atque
1850 1847 2050 1908 tertio,

459 1937 753 1994 invitantes
772 1953 893 1993 eum
919 1938 1176 1993 canonice
1205 1939 1272 1993 ad
1296 1939 1728 1994 emendationem
1755 1947 1812 1994 et
1839 1939 2055 1994 satisla-

461 2028 696 2083 ctionem
727 2037 780 2083 et
820 2028 1190 2098 paenitentiam
1213 2069 1228 2092 ,
1275 2029 1629 2099 corripientes
1662 2043 1784 2083 eum
1826 2039 2054 2099 paterno

459 2115 676 2172 affectu.
714 2115 820 2171 Sed
850 2118 982 2187 ipse,
1006 2117 1141 2187 proh
1167 2117 1350 2172 dolor!
1384 2118 1597 2173 diabolo
1628 2134 1724 2174 cor
1750 2120 1866 2190 ejus
1895 2119 2055 2174 indu-

461 2220 650 2274 raute,
695 2210 901 2264 monita
944 2209 1200 2264 salutaria
1230 2208 1453 2280 sprevit,
1484 2221 1539 2266 et
1569 2211 1621 2266 in
1651 2222 1824 2283 empta
1851 2211 2054 2266 malitia

456 2314 855 2370 perseverans,
905 2299 1160 2355 Ecclesia:
1208 2300 1324 2367 Dei,
1372 2317 1532 2372 quam
1568 2303 1742 2368 laesit,
1790 2305 2054 2374 superbiae

457 2388 650 2460 Spiritu
680 2388 933 2456 inflatus,
981 2389 1296 2446 satisfacere
1343 2392 1683 2464 dedignatur.
1738 2395 1813 2447 De
1851 2394 2051 2450 talibus

460 2480 644 2550 itaque
659 2481 1170 2552 transgressoribus,
1183 2490 1237 2537 et
1254 2491 1454 2538 sancta:
1476 2483 1749 2554 religionis
1773 2485 2049 2554 pacisque,

456 2586 619 2641 quam
648 2571 897 2627 Christus
940 2572 1056 2643 ipse
1082 2572 1197 2627 suis
1240 2572 1517 2644 discipulis
1547 2575 1695 2630 dedit
1731 2584 1893 2644 atque
1929 2575 2052 2629 reli-

457 2663 596 2732 quit,
627 2663 979 2718 violatoribus
1005 2704 1020 2728 ,
1052 2673 1322 2733 praecepta
1360 2664 1637 2721 Dominica
1665 2675 1721 2720 et
1759 2667 2052 2734 apostolica

458 2752 742 2819 habemus,
768 2755 965 2824 quibus
1011 2752 1367 2808 informamur
1399 2755 1528 2824 quid
1572 2756 1638 2810 de
1682 2755 2053 2824 hujuscemodi

456 2845 962 2914 praevaricatoribus
991 2860 1148 2916 agere
1190 2860 1289 2900 nos
1325 2854 1591 2916 oporteat.
1637 2845 1728 2900 Ait
1757 2847 1900 2901 enim
1950 2847 2052 2902 Do-

457 2935 634 2990 minus
664 2935 720 2988 in
743 2934 1065 3004 Evangelio:
1110 2933 1168 2990 Si
1211 2936 1497 3006 peccaverit
1527 2937 1582 2990 in
1621 2947 1671 2991 te
1698 2937 1868 3006 frater
1907 2947 2047 3014 tuus,

456 3030 654 3100 corripe
685 3046 802 3085 eum
843 3028 1056 3101 (Matth.
1107 3030 1286 3100 XVIII).
1336 3028 1554 3085 Fratres
1587 3071 1601 3097 ,
1634 3031 1686 3085 in
1727 3046 2050 3102 unoquoque

455 3131 700 3178 nostrum
728 3131 913 3194 peccat
932 3124 1023 3193 qui
1055 3123 1107 3176 in
1137 3131 1380 3178 sanctam
1417 3123 1711 3181 Ecclesium
1739 3136 1945 3194 peccat.
1992 3126 2049 3181 Si

454 3213 596 3268 enim
625 3221 811 3267 sanata
835 3212 1073 3266 Ecclesia
1097 3227 1260 3265 unum
1283 3227 1480 3281 corpus
1501 3222 1604 3279 est,
1632 3212 1785 3282 cujus
1810 3216 2052 3285 corporis

454 3303 878 3375 caputChristus
899 3312 1001 3368 est,
1029 3303 1225 3374 singuli
1256 3311 1434 3357 autem
1462 3319 1648 3359 sumus
1674 3305 1809 3359 alter
1831 3305 2051 3362 alterius

455 3396 720 3460 membra,
751 3403 956 3450 etcum
1005 3393 1208 3463 patitur
1247 3408 1410 3447 unum
1464 3395 1786 3460 membrum,
1830 3409 2050 3464 compa-

455 3491 661 3544 tiuntur
688 3489 868 3544 omnia
901 3487 1138 3541 membra
1169 3485 1219 3556 (Ι
1254 3485 1377 3539 Cor.
1412 3485 1536 3556 XII),
1576 3485 1762 3556 procul
1792 3486 1953 3542 dubio
1991 3487 2045 3541 in

455 3596 554 3636 nos
597 3588 787 3650 peccat
831 3579 921 3648 qui
969 3579 1212 3632 membra
1266 3585 1450 3631 nostra
1498 3577 1662 3631 laedit.
1715 3575 1875 3633 lubet
1923 3593 2052 3650 ergo

457 3673 715 3727 Dominus
762 3683 822 3725 ut
863 3671 1053 3735 frater,
1086 3670 1137 3724 id
1169 3679 1253 3724 est
1281 3669 1642 3735 Christianus,
1686 3669 1739 3724 in
1785 3684 1884 3725 nos
1927 3685 2054 3739 pec-

457 3776 608 3824 cans,
641 3761 814 3830 primo
843 3768 1051 3815 secrete
1077 3759 1422 3828 corripiatur,
1457 3759 1648 3814 deinde
1673 3775 1794 3814 cum
1824 3760 2051 3817 testibus

457 3851 834 3920 redarguatur,
868 3850 1158 3905 novissime
1184 3851 1237 3904 in
1265 3859 1527 3905 conventu
1557 3850 1811 3906 Ecclesia:
1837 3851 2052 3921 publice

457 3940 830 3996 conveniatur.
863 3939 1014 4006 Quod
1043 3939 1088 3994 si
1122 3939 1220 3995 has
1261 3949 1372 3995 tres
1411 3939 1808 3998 admonitiones
1849 3951 1903 3996 et
1932 3943 2050 4013 pias

457 4031 827 4101 correptiones
847 4030 1008 4102 360
1034 4031 1350 4096 contemnit,
1373 4041 1427 4085 et
1457 4032 1773 4088 satisfacere
1800 4033 2046 4103 despicit,

455 4130 571 4191 post
599 4121 710 4174 hinc
735 4121 800 4174 sit
824 4122 938 4187 tibi,
971 4121 1166 4192 inquit,
1194 4125 1326 4175 sicut
1354 4122 1590 4177 ethnicus
1618 4123 1835 4193 (Matth.
1870 4124 2044 4197 vaII),

456 4211 509 4266 id
536 4220 619 4266 est
642 4212 857 4282 gentilis
883 4223 1044 4282 atque
1090 4227 1368 4283 paganus;
1405 4223 1463 4267 ut
1489 4229 1592 4268 non
1619 4213 1732 4284 jam
1761 4231 1858 4285 pro
1888 4217 2047 4270 Chri-

456 4303 654 4366 stiano,
693 4303 786 4357 sed
825 4317 922 4372 pro
966 4318 1196 4373 pagano,
1241 4303 1520 4360 habeatur.
1568 4306 1635 4359 Et
1679 4307 1732 4360 in
1778 4307 1884 4361 alio
1930 4306 2048 4362 loco

2158 1861 2336 1920 empta
2365 1851 2593 1916 malitia,
2625 1849 2838 1906 diabolo
2863 1865 2958 1906 cor
2979 1850 3096 1922 ejus
3136 1849 3452 1910 indurante,
3494 1861 3733 1919 perseve

2160 1952 2264 2008 rat,
2293 1951 2366 2011 et,
2393 1943 2544 2014 juxta
2567 1942 2712 2012 quod
2735 1940 3028 2012 Apostolus
3047 1941 3207 2007 dicit,
3249 1939 3546 1996 secundum
3593 1940 3747 1993 duri-

2158 2034 2288 2089 tiam
2317 2049 2468 2090 suam
2494 2042 2550 2090 et
2576 2049 2670 2089 cor
2695 2033 3041 2104 impmnitens
3086 2032 3418 2088 thesaurizat
3454 2029 3557 2085 sibi
3605 2029 3746 2083 iram

2156 2126 2210 2181 in
2241 2126 2328 2182 die
2353 2127 2471 2192 irae,
2494 2126 2695 2181 idcirco
2714 2139 2813 2180 nos
2841 2139 2965 2179 eum
2996 2139 3118 2179 cum
3150 2123 3418 2178 universis
3465 2120 3749 2190 complici-

2155 2216 2257 2271 bus
2281 2225 2336 2271 et
2363 2213 2912 2271 communicatoribus
2951 2212 3360 2283 fautoribusque
3398 2212 3511 2266 suis
3539 2210 3749 2279 judicio

2156 2307 2251 2362 Dei
2275 2306 2684 2376 omnipotentis,
2715 2305 2914 2371 Patris,
2944 2303 3089 2371 Filii,
3119 2312 3176 2358 et
3211 2301 3445 2373 Spiritus
3471 2301 3669 2366 sancti,
3693 2310 3751 2356 et

2155 2395 2298 2450 beati
2325 2393 2469 2451 Petri
2506 2395 2763 2466 principis
2785 2394 3186 2464 apostolorum,
3237 2400 3293 2448 et
3331 2391 3575 2446 omnium
3616 2405 3750 2445 san-

2154 2496 2386 2554 ctorum,
2402 2501 2610 2541 necnon
2635 2493 2689 2540 et
2706 2492 2905 2541 nostrae
2925 2482 3312 2540 mediocritatis
3335 2481 3659 2537 auctoritate
3693 2490 3752 2534 et

2155 2586 2424 2648 potestate
2455 2577 2608 2632 nobis
2635 2576 2894 2630 divinitus
2923 2574 3118 2630 collata
3149 2573 3348 2646 ligandi
3397 2582 3454 2628 et
3495 2571 3750 2627 solvendi

2155 2668 2210 2724 in
2243 2667 2381 2723 coelo
2412 2675 2465 2722 et
2495 2667 2548 2721 in
2576 2674 2740 2731 terra,
2766 2681 2794 2719 a
2823 2666 3042 2737 pretiosi
3094 2666 3338 2736 corporis
3376 2671 3431 2720 et
3466 2663 3751 2734 sanguinis

2155 2759 2368 2814 Domini
2399 2758 2745 2830 perceptione
2774 2767 2876 2814 eta
2911 2758 3166 2813 societate
3202 2758 3442 2812 omnium
3470 2754 3746 2810 Christia-

2155 2864 2348 2904 norum
2402 2847 2837 2918 separamus,'et
2880 2863 2910 2901 a
2965 2847 3243 2902 liminibus
3290 2854 3486 2901 sancta:
3544 2844 3750 2898 matris

2156 2940 2408 2997 Ecclesiae
2427 2942 2480 2995 in
2521 2939 2658 2996 coelo
2686 2948 2741 2995 et
2765 2939 2818 2994 in
2852 2947 2996 2994 terra
3021 2938 3379 3003 excludimus,
3427 2945 3479 2992 ct
3517 2951 3750 2991 excom-

2155 3031 2486 3086 municatum
2517 3038 2573 3084 et
2589 3029 3106 3084 anathematizatum
3145 3042 3265 3083 esse
3297 3025 3661 3088 decernimus,
3694 3035 3752 3080 et

2155 3121 2469 3179 damnatum
2495 3133 2615 3174 cum
2643 3117 2858 3174 diabolo
2896 3124 2952 3173 et
2999 3116 3204 3187 angelis
3237 3115 3354 3185 ejus
3385 3123 3441 3171 et
3486 3115 3752 3170 omnibus

2155 3215 2400 3286 reprobis
2443 3213 2498 3268 in
2542 3214 2664 3284 igne
2692 3221 2895 3268 aeterno
2915 3211 3240 3282 judicamus,
3275 3211 3376 3265 nisi
3402 3209 3538 3264 forte
3566 3224 3600 3262 a
3623 3208 3752 3263 dia-

2152 3306 2261 3362 boli
2287 3306 2497 3377 laqueis
2517 3303 2831 3374 resipiscat,
2853 3312 2910 3358 et
2933 3304 3001 3358 ad
3028 3303 3452 3358 emendationem
3480 3310 3534 3355 et
3557 3301 3752 3369 paeni-

2154 3397 2377 3452 tentiam
2402 3397 2605 3462 redeat,
2639 3404 2696 3451 et
2719 3394 2973 3450 Ecclesiae
2999 3393 3115 3460 Dei,
3139 3409 3300 3464 quam
3331 3392 3485 3456 lazsit,
3516 3391 3750 3446 satisfa.

2153 3488 2283 3543 ciat.
2338 3487 2406 3541 Et
2462 3489 2824 3556 respondeant
2865 3500 3054 3541 omnes
3104 3486 3309 3540 tertio:
3339 3485 3544 3548 Amen;
3597 3495 3746 3538 aut:

2153 3575 2300 3644 Fiat,
2335 3575 2492 3643 Fiat;
2525 3585 2656 3632 aut:
2687 3575 2979 3631 Anathema
3004 3576 3090 3630 sit.
3133 3574 3350 3629 Debent
3381 3583 3558 3628 autem
3603 3573 3750 3628 duo-

2153 3671 2325 3726 decim
2356 3671 2662 3726 sacerdotes
2688 3670 3000 3740 episcopum
3030 3668 3382 3724 circumstare
3407 3673 3461 3720 et
3488 3665 3750 3722 lucernas

2152 3763 2404 3819 ardentes
2451 3762 2505 3817 in
2553 3761 2802 3816 manibus
2851 3769 3070 3827 tenere,
3109 3773 3242 3828 quas
3282 3760 3336 3813 in
3390 3756 3749 3814 conclusione

2153 3855 2521 3909 anathematis
2540 3852 2625 3907 vel
2651 3847 3227 3908 excommunicationis
3252 3849 3516 3920 projicere
3537 3850 3749 3906 debent

2153 3944 2206 3999 in
2243 3953 2443 4000 terram
2470 3953 2526 4000 et
2547 3944 2772 4015 pedibus
2792 3942 3126 3998 conculcare.
3158 3941 3287 3997 Post
3314 3942 3425 3996 haec
3447 3942 3745 4012 episcopus

2150 4033 2291 4105 plebi
2330 4034 2502 4104 ipsam
2546 4032 3158 4089 excommunicationem
3207 4031 3588 4086 communibus
3617 4048 3743 4086 ver-

2151 4123 2234 4179 bis
2255 4124 2414 4180 debet
2437 4122 2748 4193 cxplanare,
2773 4132 2834 4176 ut
2851 4125 3040 4178 omnes
3072 4113 3370 4192 intelligant
3394 4135 3554 4190 quam
3585 4121 3744 4176 terri-

2150 4212 2331 4268 biliter
2380 4213 2665 4269 damnatus
2705 4213 2806 4278 sit,
2843 4221 2900 4267 et
2951 4221 3012 4266 ut
3058 4211 3305 4266 noverint
3335 4209 3476 4279 quod
3526 4210 3600 4265 ab
3652 4211 3741 4264 illa

2152 4305 2287 4361 hora
2317 4305 2371 4360 in
2403 4303 2666 4375 reliquum
2695 4303 2856 4374 362
2885 4317 2990 4359 non
3021 4319 3117 4374 pro
3141 4302 3472 4366 Christiano,
3513 4302 3609 4356 sed
3640 4318 3741 4371 pro

459 4394 760 4448 membrum
794 4394 934 4462 quod
961 4409 990 4446 a
1018 4409 1112 4448 sua
1145 4410 1400 4465 compage
1423 4396 1727 4462 resolvitur,
1757 4405 1811 4452 et
1853 4412 1881 4451 a
1917 4397 2045 4467 jnn-
2075 4430 2124 4489 υ
2154 4409 2381 4464 pagano,
2404 4393 2683 4449 habendus
2715 4394 2813 4459 sit,
2852 4401 2908 4447 et
2946 4393 3037 4462 qui
3089 4392 3161 4447 illi
3211 4392 3364 4461 quasi
3419 4391 3740 4448 Christiano

459 4490 613 4536 ctura
647 4483 925 4538 charitatis
954 4482 1282 4537 dissociatur
1306 4524 1320 4549 ,
1369 4494 1425 4537 et
1461 4500 1621 4539 omne
1661 4501 1861 4556 corpus
1901 4488 2044 4556 quod

458 4573 810 4637 scandalizat,
834 4573 1094 4628 Dominus
1115 4575 1318 4629 abscidi
1341 4583 1396 4630 et
1417 4575 1602 4645 projici
1625 4577 1795 4648 jubet,
1823 4578 2040 4634 dicens:

461 4663 520 4718 Si
549 4662 731 4718 oculus
757 4663 834 4716 vel
872 4680 1058 4717 manus
1099 4663 1174 4717 vel
1196 4681 1281 4733 pes
1312 4675 1433 4719 tuus
1463 4667 1785 4722 scandalizat
1818 4679 1888 4734 te,
1923 4687 2045 4726 erue

459 4771 598 4820 eum,
613 4764 660 4807 et
673 4753 868 4824 proﬁce
881 4771 911 4806 a
929 4762 974 4807 te
991 4751 1177 4824 (Ibid.)
1195 4755 1260 4808 Et
1275 4753 1561 4824 Apostolus
1578 4775 1591 4810 :
1607 4758 2041 4829 Auferte,inquit,

461 4844 657 4899 malum
680 4861 712 4897 a
734 4843 874 4898 vobis
901 4842 950 4906 (Ι
973 4841 1097 4896 Cor.
1133 4843 1209 4913 v.)
1243 4844 1308 4898 Et
1337 4847 1463 4899 item
1491 4864 1502 4899 :
1531 4846 1770 4915 Inﬁdelis
1797 4851 1842 4903 si
1873 4851 2042 4905 disce-

458 4938 558 5002 dit,
583 4936 816 4990 discedat
851 4935 898 5004 (Ι
936 4934 1060 4989 Cor.
1096 4935 1215 5007 VII.)
1247 4936 1315 4992 Et
1363 4938 1416 4991 in
1446 4938 1550 4994 alio
1593 4940 1712 4994 loco
1753 4956 1976 5011 rapaces
2011 4960 2041 4998 a

461 5042 626 5098 regno
661 5026 752 5082 Dei
782 5026 1045 5092 excludit,
1088 5026 1274 5082 dicens
1304 5047 1318 5081 :
1362 5027 1543 5098 Neque
1573 5047 1785 5100 rapaces
1829 5050 2043 5103 regnum

461 5116 557 5171 Dei
581 5116 911 5187 possidebunt
939 5116 990 5187 (I
1020 5114 1143 5171 Cor.
1188 5117 1266 5189 6.)
1314 5117 1380 5171 Et
1419 5118 1546 5174 alibi
1578 5137 1591 5171 :
1631 5119 1691 5174 Si
1725 5121 1839 5190 quis
1879 5122 2045 5191 frater

459 5210 782 5276 nominatur,
814 5220 863 5265 et
903 5219 977 5264 est
1016 5210 1324 5280 fornicator,
1365 5220 1455 5264 aut
1489 5211 1715 5277 adulter,
1749 5222 1840 5266 aut
1879 5213 2046 5267 homi-

457 5300 600 5366 cida,
627 5311 716 5354 aut
764 5318 953 5372 rapax,
1001 5318 1119 5355 cum
1157 5302 1458 5372 hujusmodi
1501 5319 1592 5357 nec
1633 5305 1801 5359 cibum
1843 5322 2046 5360 sumere

459 5391 578 5446 licet
603 5392 654 5464 (ι
705 5392 827 5447 Cor.
868 5394 947 5464 v.)
997 5394 1062 5448 Et
1104 5393 1360 5460 Joannes,
1417 5394 1644 5452 dilectus
1682 5412 1795 5467 prie
1839 5397 2053 5454 caeteris

463 5483 662 5538 Christi
702 5483 1005 5552 discipulis,
1031 5485 1191 5541 talem
1221 5483 1488 5540 nefarium
1515 5487 1786 5542 hominem
1813 5487 2051 5542 salutare

464 5574 799 5645 prohibebat,
824 5577 1007 5633 dicens
1033 5597 1045 5632 :
1079 5578 1190 5633 Nec
1227 5579 1275 5634 ei
1295 5597 1400 5636 ave
1420 5580 1636 5646 dixeris,
1668 5597 1830 5650 neque
1860 5598 1974 5635 eum
1997 5582 2050 5634 in

465 5667 676 5722 domum
705 5669 970 5737 receperis.
1011 5670 1113 5737 Qui
1138 5672 1274 5727 enim
1318 5672 1365 5726 ei
1390 5688 1484 5727 ave
1512 5673 1658 5740 dicit,
1702 5674 2047 5728 communicat

2151 4485 2648 4548 communicaverit,
2674 4494 2768 4540 aut
2787 4501 2908 4540 cum
2931 4500 2994 4540 eo
3021 4483 3422 4539 manducaverit
3450 4494 3549 4539 aut
3581 4487 3735 4541 bibe-

2152 4575 2241 4640 rit,
2271 4584 2365 4630 aut
2385 4589 2507 4630 eum
2525 4575 2800 4655 o/sculatus
2830 4575 3015 4641 fuerit,
3045 4575 3127 4630 vel
3155 4591 3278 4631 cum
3308 4590 3374 4631 eo
3402 4576 3736 4647 colloquium

2150 4667 2417 4724 familiare
2447 4669 2718 4735 habuerit,
2765 4670 2866 4724 nisi
2909 4669 3050 4725 forte
3089 4670 3156 4723 ad
3203 4667 3635 4726 satisfactionem
3677 4682 3737 4725 et

2151 4761 2523 4829 ptenitentiam
2563 4776 2686 4817 eum
2720 4776 3010 4832 provocare
3033 4761 3331 4826 studuerit,
3361 4769 3456 4816 aut
3487 4761 3544 4816 in
3576 4763 3738 4817 domo

2151 4866 2248 4906 sua
2272 4865 2394 4906 eum
2423 4852 2716 4922 receperit,
2752 4861 2843 4906 aut
2869 4851 3028 4908 simul
3048 4867 3171 4906 cum
3203 4866 3268 4907 eo
3304 4852 3567 4916 oraverit,
3608 4868 3735 4923 pro-

2149 4941 2399 4996 culdubio
2432 4943 2680 4997 similiter
2701 4942 2772 4997 sit
2811 4943 3329 4998 excommunicatus.
3376 4942 3587 4998 Deinde
3623 4944 3735 5012 epi-

2147 5035 2298 5092 stolae
2321 5035 2648 5109 presbyteris
2667 5051 2764 5107 per
2777 5036 3107 5107 parmchiam
3125 5036 3431 5102 mittantur,
3451 5035 3734 5091 continen-

2148 5133 2230 5181 tes
2262 5125 2478 5181 modum
2512 5126 3115 5190 excommunicationis,
3157 5126 3211 5180 in
3245 5125 3446 5196 quibus
3475 5125 3732 5194 jubeatur

2149 5225 2211 5271 ut
2246 5216 2540 5272 Dominicis
2569 5216 2759 5273 diebus
2781 5225 2904 5286 post
2943 5215 3230 5272 lectionem
3253 5214 3532 5287 Evangelii
3555 5213 3732 5284 plebi-

2147 5306 2249 5362 bus
2276 5307 2379 5363 sibi
2399 5307 2700 5362 commissis
2727 5307 2939 5376 publice
2963 5307 3280 5362 annuntient
3310 5308 3484 5376 ipsam
3513 5321 3734 5362 excom-

2149 5396 2590 5463 municationem,
2633 5404 2692 5451 ut
2713 5412 2782 5452 ne
2809 5398 2930 5466 quis
2959 5413 3055 5467 per
3083 5397 3441 5468 ignorantiam
3489 5410 3730 5451 commu-

2149 5489 2294 5545 nicet
2326 5490 2812 5546 excommunicato.
2845 5489 3068 5561 Oportet
3093 5491 3257 5545 etiam
3285 5498 3348 5543 ut
3372 5489 3495 5544 aliis
3525 5489 3731 5558 episco-

2149 5580 2230 5649 pis
2280 5581 2394 5650 ipsa
2465 5581 2949 5637 excommunicatio
3013 5581 3410 5637 manifestatur.
3482 5579 3730 5647 Praecipit

2149 5673 2294 5732 enim
2317 5673 2631 5732 Toletanum
2683 5674 2971 5734 concilium
3019 5673 3237 5747 (Concil.
3274 5673 3437 5730 Tolet.
3469 5691 3508 5736 ι.
3543 5690 3590 5730 c.
3616 5672 3726 5736 Η.)
