3944 6414
159 319 262 376 361

1087 323 1176 380 es
1215 323 1504 382 soccus.
1547 323 1834 382 DlSClPL.
1870 321 2250 382 mammae.
2291 307 2363 368 '—
2399 325 2530 382 LIB.
2579 324 2642 380 ιι.

3344 325 3454 384 362

157 446 221 492 ut
259 437 494 492 invicem
519 449 646 491 mox
675 434 875 506 scripta
903 448 1223 504 percurram
1261 453 1360 509 per
1387 453 1578 494 omnes
1623 454 1749 510 ιιι-ου
1775 443 1826 502 Α
1847 449 2028 508 neque
2070 439 2124 494 in
2161 438 2342 510 aliquo
2389 441 2624 512 negotio.
2660 438 2728 496 Et
2753 439 2800 497 si
2831 441 2952 512 quis
2973 441 3022 497 ei
3049 457 3108 500 se
3135 443 3448 514 sociaverit,

155 529 354 585 vincite
391 528 695 600 episcopos,
739 543 1090 600 quoscunque
1141 530 1292 586 adire
1338 532 1653 602 potuerint,
1695 539 1754 586 ut

155 619 668 675 excommunicatus
700 619 974 675 audiatur.
1018 617 1231 677 Seniori
1270 623 1434 678 etiam
1471 623 1588 680 eius
1635 625 1752 694 ipsa

151 712 652 772 excommunicatio
687 712 849 769 debet
875 721 1003 770 nota
1042 715 1158 770 ﬁeri
1187 715 1358 788 (328).

406 823 534 876 Item
555 823 650 875 alia
670 825 1185 878 excommunicationis
1206 827 1450 880 allocutio.

223 927 476 985 CCCCX.
509 927 844 1001 (Buacuan.
869 931 963 989 lib.
993 949 1074 1000 XI,
1100 949 1150 989 c.
1173 933 1228 1000 4,
1273 944 1328 990 et
1369 935 1509 1004 apud
1532 933 1748 991 CENTU-

147 1035 446 1088 ms'ronss,
484 1022 640 1094 ibid.)
689 1023 965 1092 Audistis,
1006 1025 1342 1083 dilectissimi
1370 1069 1394 1094 ,_
1435 1036 1638 1098 quanta
1693 1037 1750 1084 et

147 1126 316 1181 quam
367 1113 641 1170 horrenda
665 1116 953 1186 pravitatis
981 1133 1046 1174 ac
1067 1118 1374 1190 iniquitatis
1402 1135 1564 1192 opera
1597 1119 1685 1178 ille
1715 1135 1748 1176 a

144 1204 374 1262 diabolo
417 1208 705 1280 instigatus
728 1219 1046 1282 perpetrare
1086 1229 1194 1269 non
1224 1215 1484 1283 timuerit,
1511 1223 1566 1272 et
1609 1230 1747 1286 quo-

143 1297 314 1352 modo
343 1314 444 1370 per
473 1301 803 1370 apostasiam
829 1317 860 1358 a
897 1303 1059 1360 totius
1103 1303 1428 1360 Christiana:
1473 1305 1746 1378 religionis

143 1393 296 1450 cultu
325 1393 556 1465 profana
584 1407 767 1454 mente
788 1399 1096 1456 recesserit.
1125 1399 1370 1454 Audistis
1391 1401 1745 1471 quemadmo-

141 1487 276 1542 dum
325 1488 593 1544 canonice
632 1489 700 1544 ad
733 1489 1174 1546 satisfaciendum
1204 1500 1458 1546 evocatus
1509 1493 1598 1558 sit,
1649 1491 1744 1548 sed

141 1582 342 1638 venire
369 1582 664 1650 distulerit,
690 1583 962 1652 quomodo
1003 1583 1318 1654 frequenter
1349 1583 1656 1640 admonitus
1683 1593 1743 1640 ut

137 1675 500 1744 resipisceret
525 1674 785 1746 alaqueis
819 1675 1038 1744 diaboli,
1080 1675 1275 1746 quibus
1323 1684 1539 1732 tenetur
1579 1678 1739 1734 astri-

136 1774 286 1830 ctus,
303 1764 468 1836 363
497 1765 884 1822 saluberrimas
910 1765 1308 1822 admonitiones
1345 1767 1612 1823 obturatis
1636 1784 1738 1824 au-

137 1859 301 1914 ribus
331 1859 513 1914 cordis
550 1858 741 1916 audire
770 1860 1176 1930 contempserit.
1207 1860 1466 1916 Dominus
1503 1861 1635 1916 dicit
1679 1861 1734 1916 in

135 1950 440 2022 Evangelia
467 1950 536 2006 de
565 1951 654 2006 tali
681 1952 986 2006 contumaci
1039 1950 1226 2018 fratre,
1268 1952 1360 2023 qui
1404 1953 1736 2010 ecclesiasti-

135 2058 265 2098 cam
317 2043 496 2100 renuit
550 2043 828 2112 suscipere
869 2044 1289 2114 corr-optionem,
1340 2044 1402 2100 Si
1443 2045 1736 2102 Ecclesium

136 2151 246 2189 non
269 2135 526 2196 audierit,
551 2135 617 2190 sit
641 2134 752 2200 tibi,
781 2135 974 2206 inquit,
1003 2137 1136 2190 sicut
1163 2137 1400 2191 ethnicus
1425 2146 1473 2192 et
1501 2139 1738 2208 publica;

135 2245 238 2282 nus
272 2227 490 2297 (Matth.
525 2227 714 2299 xvm);
747 2228 800 2283 id
832 2237 937 2295 est,
959 2227 1072 2298 jam
1099 2245 1204 2284 non
1236 2239 1322 2284 est
1349 2233 1736 2302 computandas

135 2321 284 2376 inter
307 2320 682 2388 Christianos,
726 2322 820 2376 sed
863 2322 1006 2378 inter
1033 2339 1292 2395 paganos.
1337 2324 1474 2378 lline
1517 2323 1714 2382 Paulus

133 2413 358 2470 Domini
382 2423 440 2468 et
485 2413 724 2486 Magistri
777 2416 1080 2470 doctrinam
1131 2431 1380 2487 sequens,
1427 2417 1738 2476 Corinthios

131 2507 420 2577 redarguit
441 2523 608 2577 quare
632 2523 754 2562 cum
778 2509 1086 2564 criminosis
1111 2525 1174 2564 ac
1199 2511 1477 2566 sceleratis
1497 2527 1738 2567 eorumn-

131 2597 360 2652 nionem
391 2598 676 2663 haberent,
707 2599 894 2654 dicens
935 2641 947 2654 .
991 2599 1095 2656 Vos
1133 2601 1306 2671 inﬂati
1333 2603 1453 2656 estis
1479 2643 1492 2666 ,
1537 2613 1584 2657 et
1634 2621 1738 2658 non

131 2690 312 2760 magis
336 2689 534 2744 (uetant
561 2690 838 2758 habuistis,
863 2701 917 2746 ut
946 2691 1166 2746 tollatur
1201 2694 1266 2748 de
1311 2694 1480 2748 medio
1513 2705 1734 2749 aestuum

133 2785 190 2855 (Ι
217 2783 345 2840 Cor.
379 2785 468 2856 v);
511 2786 562 2841 id
597 2795 702 2852 est,
739 2795 1020 2857 separetur
1057 2805 1088 2842 a
1123 2797 1302 2844 vestro
1339 2789 1610 2844 consortio
1646 2789 1734 2858 qui

135 2877 250 2933 tale
281 2878 465 2934 scelus
506 2889 764 2949 operatus
787 2889 890 2936 est.
949 2880 1015 2934 Et
1059 2881 1342 2952 adjungit:
1377 2881 1488 2952 Ego
1530 2883 1737 2952 quidem

133 2971 330 3027 absens
381 2989 616 3042 corpore,
647 2989 877 3042 praesens
909 2983 1086 3028 autem
1117 2973 1327 3044 spiritu,
1361 2973 1469 3041 iam
1499 2973 1738 3042 juriicari

133 3075 190 3118 ut
224 3080 461 3134 prteseus
494 3080 612 3118 eum
637 3065 726 3136 qui
767 3067 842 3120 sic
889 3073 1132 3134 operatus
1159 3074 1234 3118 est
1255 3105 1270 3128 ,
1312 3065 1366 3117 in
1401 3065 1608 3118 nomine
1631 3062 1738 3116 Do-

1765 1813 1812 1872 B

131 3158 268 3211 mini
321 3155 491 3210 nostri
535 3156 662 3210 Jesu
714 3156 908 3212 Christi
955 3157 1280 3227 congregatis
1332 3156 1471 3210 vobis
1529 3164 1576 3209 et
1625 3171 1733 3208 meo
1761 3187 1806 3249 Ο

130 3249 352 3318 spiritu,
385 3264 500 3300 cum
527 3248 717 3302 virtute
755 3247 968 3301 Domini
1008 3247 1111 3301 mei
1156 3247 1282 3301 Jesu
1314 3251 1519 3300 tradere
1545 3246 1732 3316 hujus-

131 3343 284 3396 modi
329 3339 552 3396 Satanae
601 3343 658 3395 in
711 3341 982 3396 interitum
1042 3341 1218 3394 carnis
1271 3339 1467 3411 (ibid)
1503 3339 1567 3392 Et
1611 3347 1736 3409 post

131 3450 310 3506 pauca
343 3451 358 3487 :
395 3433 596 3504 Scripsi
635 3433 775 3488 vobis
838 3449 900 3488 ne
941 3433 1383 3487 commiscemnini
1429 3429 1734 3500 fornicariis

131 3525 340 3596 (ibid.).
373 3523 440 3578 Et
491 3523 672 3579 statim
718 3521 928 3580 infert:
963 3522 1164 3593 Siquis
1205 3521 1370 3591 frater
1417 3518 1732 3590 appellatur,

129 3615 184 3670 id
215 3622 304 3669 est
350 3612 717 3676 Christianus.
751 3623 800 3668 et
831 3612 1118 3683 fornicator
1155 3622 1230 3666 est
1276 3621 1366 3664 aut
1393 3627 1577 3678 rapax,
1615 3625 1734 3663 cum

129 3702 444 3774 hujusmodi
485 3719 576 3758 nec
611 3703 784 3756 cibum
835 3719 1039 3756 sumere
1080 3701 1278 3774 (ibid.).
1309 3701 1376 3757 Et
1415 3701 1543 3756 alibi
1577 3718 1590 3756 :
1625 3701 1736 3755 Au-

131 3795 266 3866 ferte
295 3793 499 3849 malum
537 3812 602 3850 ea:
635 3795 776 3850 vobis
822 3795 878 3867 (Ι
901 3794 1022 3851 Cor.
1077 3797 1195 3866 vtt).
1251 3795 1318 3850 Et
1347 3813 1360 3850 ε
1390 3793 1648 3864 Inﬁdelis,
1689 3796 1736 3850 si

129 3886 380 3952 discedit,
417 3886 652 3941 discedat
681 3885 734 3958 (I
758 3885 880 3948 Cor.
926 3887 1006 3960 v).
1036 3885 1156 3943 Una
1179 3888 1323 3944 enim
1346 3887 1462 3943 ovis
1489 3888 1730 3945 morbida

131 3995 356 4036 onlnem
396 3995 614 4050 gregem
641 3980 995 4048 contaminat,
1018 3989 1078 4036 et
1104 3980 1373 4036 modicum
1405 3980 1732 4038 fermentum

129 4081 304 4126 totam
341 4086 576 4126 massam
599 4071 919 4141 corrumpit,
943 4080 998 4126 et
1018 4071 1333 4142 plerumque
1360 4087 1524 4126 unum
1557 4089 1730 4129 mem-

132 4161 296 4216 brum
323 4161 600 4230 putridam
629 4171 796 4217 totum
821 4177 1018 4232 corpus
1047 4162 1233 4217 inficit.
1251 4162 1316 4216 Et
1339 4163 1460 4218 ideo
1484 4173 1592 4217 tam
1609 4179 1733 4233 per-

133 4253 351 4310 niciosa
383 4253 552 4322 pestis
579 4269 610 4308 a
638 4270 862 4325 corpore
892 4255 1144 4310 Ecclesiae
1167 4255 1426 4311 radicitus
1448 4255 1726 4312 cvellatur.

669 4346 1135 4396 Excommunicatio.

200 4443 476 4502 CCCCXI.
507 4445 835 4519 (Buncusan.
889 4447 986 4506 lib;
1031 4464 1108 4514 ιιι,
1151 4463 1200 4504 e.
1237 4447 1288 4512 5,
1319 4456 1376 4505 et
1408 4449 1548 4520 apud
1593 4449 1730 4506 CEN-

133 4553 501 4602 rumaromzs,
547 4540 700 4611 ibid.)
727 4540 1021 4596 Dominicis
1041 4541 1203 4612 igitur
1229 4549 1390 4613 atque
1420 4543 1730 4613 apostolicis
1755 4552 1808 4613 ι)

133 4629 418 4684 informati
455 4631 764 4701 prmeeptis,
788 4630 991 4702 judicio
1025 4631 1222 4698 Patris,
1247 4641 1300 4688 et
1327 4633 1445 4688 Filii
1473 4633 1592 4705 ejus
1621 4635 1728 4692 Do-

133 4724 266 4777 mini
293 4723 464 4778 nostri
486 4722 612 4780 Jesu
634 4724 853 4790 Christi,
874 4734 930 4780 et
962 4723 1196 4795 Spiritus
1215 4725 1379 4800 364
1407 4729 1601 4795 sancti,
1637 4745 1733 4784 au-

132 4815 270 4870 ctori
281 4827 333 4868 ta
343 4823 394 4870 te
409 4824 461 4870 et
475 4825 740 4884 potestate
753 4817 1008 4888 apostolis
1019 4819 1490 4891 apostolorumque
1517 4837 1731 4878 succes-

133 4907 357 4964 soribus
403 4923 434 4962 a
471 4909 582 4964 Deo
625 4925 906 4974 concessa,
955 4926 1060 4966 una
1107 4911 1384 4967 vobiscum
1413 4912 1728 4981 prmdictum

133 5005 438 5076 pessimum
457 5006 632 5062 virum
662 5023 692 5062 a
721 5006 997 5063 liminibus
1025 5017 1226 5064 sanctae
1255 5007 1446 5063 matris
1479 5006 1733 5062 Ecclesia:

135 5094 480 5151 excludimus
527 5103 583 5152 et
627 5097 696 5152 ab
749 5097 898 5152 omni
923 5098 1180 5154 societate
1245 5105 1299 5154 et
1353 5099 1734 5156 communione

137 5186 452 5241 Christiana
509 5202 842 5258 separamus,
897 5199 1312 5260 separatumque
1355 5194 1550 5247 essein
1579 5201 1735 5249 acter-

139 5293 272 5331 num
326 5279 686 5344 decernimus,
736 5281 788 5336 id
839 5289 925 5336 est
959 5281 1012 5336 in
1035 5285 1287 5351 praesenti
1339 5285 1534 5340 saeculo
1565 5295 1620 5340 et
1677 5286 1734 5340 in

139 5367 348 5424 futuro.
382 5369 568 5427 Nullus
591 5371 931 5428 Christianus
957 5375 1004 5428 ei
1047 5389 1146 5430 ave
1172 5375 1331 5437 dicat,
1381 5385 1475 5431 aut
1493 5391 1616 5432 eum
1644 5391 1738 5434 os-

139 5462 316 5518 culari
363 5475 670 5533 praesumat.
713 5465 902 5522 Nullus
948 5467 1228 5540 presbyter
1265 5483 1386 5524 cum
1428 5485 1493 5525 eo
1515 5472 1734 5528 missam

143 5557 427 5611 celebrare
460 5567 656 5614 auocat
679 5560 764 5615 vel
795 5569 1198 5617 sacrosanctum
1223 5577 1419 5633 corpus
1445 5573 1496 5619 et
1521 5567 1747 5636 sangui-t

143 5661 274 5704 nem
311 5647 522 5704 Domini
555 5649 784 5707 tradere.
809 5650 977 5706 Nemo
1003 5651 1050 5707 ei
1081 5653 1338 5725 jungatur
1363 5654 1418 5711 in
1463 5656 1738 5716 consortio

219 5776 376 5850 (328)
403 5779 534 5838 Vide
563 5797 720 5850 supra
758 5797 880 5851 cap.
908 5782 1013 5839 289
1037 5783 1196 5852 hujus
1223 5784 1366 5848 libri.

550 5876 825 5954 Parnm...
860 5874 1190 5946 CXXXII.

1853 538 1909 586 et
1929 531 2408 587 communicaverit
2435 531 2552 600 ejus
2575 534 2829 602 operibus
2851 535 3119 606 malignis,
3153 538 3365 593 noverit
3385 555 3448 596 se

1853 621 2014 678 simili
2065 639 2381 694 percussum
2404 627 2788 693 anathemate;
2839 627 2924 682 his
2967 630 3209 700 exceptis
3241 632 3332 702 qui
3373 633 3446 689 ob

1853 713 1994 770 hanc
2016 731 2238 770 causam
2261 717 2307 770 ei
2329 714 2628 789 junguntur
2655 727 2707 773 ut
2723 735 2845 774 eum
2869 731 3118 776 revocent
3141 723 3207 776 ab
3227 739 3438 792 errore,

1851 813 1906 862 et
1933 815 2226 877 provocent
2249 809 2316 863 ad
2345 806 2806 876 satisfactionem;
2834 811 2934 866 nisi
2959 809 3098 866 forte
3131 814 3434 884 resipuerit,

1849 904 1905 951 et
1952 897 2044 952 Dei
2088 898 2259 968 gratia
2301 897 2598 968 inspirante
2643 900 2712 954 ad
2755 901 3089 970 paenitentiae
3141 906 3444 962 remedium

1848 1001 2144 1044 conversus
2195 987 2380 1054 fuerit,
2430 997 2486 1046 et
2531 990 2691 1062 digna
2749 992 3126 1050 emendatione
3177 995 3434 1052 Ecclesiae

1849 1069 1981 1148 Dei,
2007 1095 2168 1152 quam
2195 1081 2354 1148 laesit,
2376 1081 2648 1138 humiliter
2675 1083 3018 1140 satisfecerit.

2140 1195 2267 1246 Item
2288 1194 2379 1246 alia
2403 1195 2674 1246 terribilior
2697 1201 3152 1251 excommunicatio.

1915 1277 2202 1336 CCCCXII.
2229 1279 2566 1352 (Buacnann.
2617 1282 2705 1336 lib.
2761 1299 2834 1348 xl,
2868 1299 2916 1338 c.
2949 1285 3000 1351 6,
3035 1295 3090 1340 et
3113 1287 3252 1356 apud
3297 1287 3438 1344 Cea.

1848 1387 2202 1438 TUBIATORES,
2227 1373 2381 1448 ibid.)
2433 1375 2706 1430 Canonica
2740 1375 2982 1431 instituta
3012 1389 3065 1432 et
3113 1389 3424 1436 sanctorum

1842 1461 2068 1518 Patrum
2105 1465 2352 1534 exempla
2403 1477 2714 1536 sequentes,
2758 1467 3110 1524 ecclesiarum
3145 1472 3235 1526 Dei
3273 1473 3435 1528 viola-

1844 1555 2282 1623 tores,videlicet
2312 1567 2578 1628 raptores,
2612 1559 3034 1628 depraedatores,
3060 1573 3113 1617 ct
3140 1564 3440 1622 homicidas

1842 1646 1964 1702 illos
1993 1647 2045 1702 in
2073 1649 2288 1704 nomine
2317 1649 2516 1716 Patris,
2539 1659 2592 1704 et
2619 1651 2764 1718 Filii,
2799 1663 2853 1707 et
2881 1655 2933 1709 in
2975 1656 3170 1713 virtute
3208 1657 3442 1728 Spiritus

1841 1739 2032 1806 sancti,
2087 1756 2188 1796 nec
2243 1756 2350 1796 non
2389 1741 2710 1798 auctoritate
2755 1745 3021 1817 cpisc0pis
3079 1763 3176 1818 per
3221 1747 3416 1804 Petra:

1841 1828 2142 1912 principem
2195 1835 2560 1908 apostolorum
2609 1836 2866 1892 divinitus
2917 1837 3129 1902 collata,
3163 1857 3192 1894 a
3236 1852 3440 1898 sancta:

1841 1925 2031 1982 matris
2061 1926 2315 1982 Ecclesia)
2339 1928 2542 1999 gremio
2569 1943 2914 2000 segregaturus
2933 1946 2995 1985 ac
3022 1943 3296 2003 perpetuac
3321 1925 3448 1990 ma:

1840 2015 2143 2072 ledictionis
2172 2019 2518 2074 anathemate
2554 2021 2998 2080 condeu'manms.
3053 2023 3278 2095 Sintquc
3323 2045 3441 2084 ma-
3487 2091 3490 2094 ί

1841 2107 2024 2164 ledicti
2079 2109 2134 2163 in
2184 2110 2423 2186 civitate,
2481 2111 2747 2168 maledicti
2797 2114 2849 2167 in
2893 2130 3042 2186 agro,
3095 2117 3440 2176 maledictum

1840 2197 2096 2264 horreum
2119 2185 2327 2266 eorum,
2346 2211 2400 2256 et
2433 2203 2732 2260 maledicta)
2752 2204 2913 2278 365
2941 2208 3178 2278 reliquia:
3199 2210 3437 2278 illorum,

1841 2281 2158 2348 maledictus
2183 2293 2390 2349 fructus
2417 2297 2622 2350 ventris
2643 2313 2848 2364 eorum,
2879 2309 2933 2353 et
2960 2300 3167 2356 fructus
3191 2313 3350 2358 terrae
3377 2305 3441 2360 il-

1839 2381 2034 2437 lorum.
2085 2383 2350 2439 Maledicti
2384 2387 2492 2441 sint
2523 2389 2904 2458 ingredientes,
2939 2399 2994 2445 et
3035 2392 3302 2448 maledicti
3330 2396 3440 2450 sint

1840 2475 2210 2546 egredientes;
2263 2478 2479 2548 sintque
2545 2480 2596 2532 in
2663 2480 2822 2534 domo
2877 2483 3170 2548 maledicti,
3200 2485 3254 2538 in
3307 2501 3440 2556 agro

1839 2566 2080 2639 profugi;
2133 2570 2458 2640 veniantque
2499 2585 2662 2640 super
2705 2587 2797 2628 eos
2838 2588 3026 2630 omnes
3073 2576 3176 2632 illa:
3217 2579 3438 2634 maledi-

1841 2659 2049 2714 ctioucs
2072 2675 2206 2730 quas
2241 2661 2499 2716 Dominus
2519 2677 2614 2732 per
2635 2663 2852 2734 Moysen
2885 2666 2935 2719 in
2960 2667 3215 2738 populum
3242 2669 3438 2726 divina:

1841 2750 1976 2823 legis
2002 2754 2476 2823 praevaricatorem
2507 2771 2565 2812 se
2607 2771 2726 2812 esse
2773 2759 3062 2816 missurum
3107 2763 3432 2832 intentavit;

1841 2847 2058 2915 sintque
2109 2848 2396 2902 anathema
2439 2850 2778 2916 maranatha,
2811 2851 2864 2906 id
2893 2861 2994 2914 est,
3021 2864 3248 2923 pereant
3275 2856 3328 2912 in
3351 2870 3438 2912 se-

1840 2939 2015 2993 cundo
2041 2939 2274 2994 adventu
2326 2941 2558 2996 Domini.
2604 2942 2788 2999 Nullus
2823 2946 2902 3000 eis
2946 2945 3288 3004 Christianus
3334 2965 3438 3005 ave

1840 3028 2006 3084 dicat.
2033 3029 2222 3087 Nullus
2243 3033 2526 3105 presbyter
2567 3036 2787 3090 missam
2811 3037 3089 3094 celebrare
3119 3052 3434 3110 praesumat,

1843 3121 1922 3176 vel
1947 3131 2188 3177 sanctam
2217 3127 2652 3182 communionem
2677 3129 2823 3184 dare.
2864 3129 3152 3200 Sepultura
3181 3134 3317 3188 asini
3349 3149 3440 3190 se-

1837 3213 2110 3283 peliantur
2129 3223 2183 3269 et
2204 3215 2257 3270 in
2283 3219 2683 3287 Sterquilinium
2717 3221 2824 3274 sint
2847 3237 3008 3292 super
3032 3223 3226 3278 faciem
3253 3232 3436 3281 terrae.

1837 3305 1904 3359 Et
1931 3307 2072 3362 sicut
2125 3309 2208 3363 ha:
2245 3309 2477 3366 lucerna:
2535 3313 2602 3367 de
2651 3315 2900 3370 manibus
2943 3317 3144 3372 nostris
3173 3317 3432 3388 projects:

1837 3395 1996 3452 hodie
2025 3401 2459 3470 exstinguuntur,
2495 3403 2574 3458 sic
2614 3419 2798 3459 eorum
2829 3407 3046 3463 lucerna
3088 3410 3140 3463 in
3167 3419 3430 3466 aeternum

1836 3489 2209 3560 exstinguatur
2233 3508 2246 3555 ;
2280 3492 2384 3547 nisi
2410 3493 2549 3548 forte
2579 3495 2920 3564 resipuerint,
2948 3507 3003 3552 et
3027 3499 3280 3555 Ecclesiae
3307 3499 3426 3568 Dei,

1837 3595 2000 3650 quam
2048 3581 2315 3646 laeserunt,
2359 3599 2456 3654 per
2521 3587 2954 3643 emendationem
3003 3600 3059 3644 et
3105 3591 3428 3667 condignam

1837 3673 2211 3741 paenitentiam
2241 3675 2622 3732 satisfecerint.

1851 3779 1856 3784 ·
2303 3765 2758 3824 Excommunicatio
2785 3774 2966 3825 brevis.
3403 3813 3416 3820 ι

1909 3845 2217 3905 CCCCXlll.
2259 3850 2592 3922 (Buucuano.
2635 3855 2710 3912 lib
2764 3873 2840 3923 vr,
2873 3875 2924 3914 e.
2950 3861 3002 3926 7,
3029 3867 3085 3916 et
3113 3861 3252 3932 apud
3288 3863 3432 3918 Ceu-

1840 3957 2196 4009 rumnoucs,
2231 3945 2386 4016 ibid.)
2415 3947 2690 4004 Canonica
2735 3949 3002 4018 instituta,
3036 3963 3090 4008 et
3113 3963 3428 4010 sanctorum

1835 4029 2052 4086 Patrum
2077 4036 2322 4105 exempla
2356 4049 2668 4108 sequentes,
2709 4042 3062 4097 ecclesiarum
3121 4045 3216 4100 Dei
3257 4047 3430 4101 viola—

1837 4129 1981 4175 tores
2017 4121 2136 4176 illos
2181 4133 2506 4181 auctori-ate
2537 4127 2630 4182 Dci
2666 4139 2720 4182 et
2744 4128 2946 4196 judicio
2979 4133 3152 4186 sancti
3192 4133 3430 4202 Spiritus

1835 4227 1864 4265 a
1886 4213 2092 4282 gremio
2125 4223 2324 4270 sanctae
2367 4218 2560 4272 matris
2585 4219 2838 4274 Ecclesiae
2867 4231 2922 4275 et
2956 4223 3230 4278 consortio
3259 4225 3426 4282 totius

1833 4301 2256 4360 Christianitatis
2283 4305 2644 4374 eliminamus,
2705 4325 2984 4381 quousque
3021 4313 3342 4383 resipiscant
3369 4325 3426 4372 et

1835 4391 2088 4448 Ecclesia:
2113 4395 2209 4450 Dei
2237 4397 2590 4454 satisfaciant.

1837 4483 2077 4552 Qualiter
2113 4489 2382 4562 episcopus
2429 4492 2722 4575 reconciliet
2755 4491 2832 4548 uel
2867 4496 3084 4561 recipiat
3125 4513 3429 4556 excommu-

2501 4573 2754 4620 nicatum.

1905 4651 2216 4708 CCCCXIV.
2252 4653 2583 4725 tBuacnttan.
2627 4655 2720 4712 lib.
2748 4673 2822 4721 χι,
2859 4673 2909 4714 c.
2938 4659 3014 4730 8.)
3045 4659 3179 4717 Cum
3231 4664 3426 4733 aliquis

1833 4747 2334 4802 escommunicatus
2397 4748 2482 4804 vel
2539 4750 3050 4818 anathematizatus,
3105 4753 3424 4824 poenitentia

1837 4838 2052 4902 ductus,
2079 4841 2294 4896 veniam
2315 4840 2571 4911 postulat,
2589 4851 2644 4896 et
2671 4845 3104 4900 emendationem
3131 4848 3420 4916 promittit,

1835 4929 2292 5003 366episcopus
2311 4934 2400 5003 qui
2423 4949 2544 4989 eum
2564 4937 3073 5004 excommunieavit,
3090 4949 3216 4994 ante
3229 4940 3428 5009 januas

1834 5023 2078 5078 ecclesiae
2103 5024 2288 5079 venire
2304 5024 2480 5090 debet,
2497 5037 2552 5081 et
2581 5027 2860 5082 duodecim
2877 5028 3175 5099 presbyteri
3197 5044 3318 5084 cum
3339 5044 3422 5093 eo,

1837 5114 1928 5184 qui
1978 5129 2100 5170 cum
2148 5115 2278 5171 hinc
2327 5115 2452 5170 inde
2499 5117 2854 5175 circumstare
2885 5119 3110 5184 debent;
3145 5119 3234 5173 ubi
3261 5119 3426 5173 etiam

1839 5205 2029 5260 adesse
2069 5206 2269 5262 debent
2315 5207 2389 5262 illi
2435 5209 2632 5279 quibus
2680 5210 2872 5279 injuria
2905 5213 2988 5266 vel
3020 5211 3276 5266 damnum
3311 5210 3428 5266 illa-

1841 5305 1954 5351 tum
1984 5305 2068 5352 est
2102 5315 2114 5352 :
2147 5305 2202 5352 et
2223 5299 2298 5353 ibi
2341 5300 2634 5355 secundum
2681 5299 2826 5372 leges
2855 5301 3063 5356 divinas
3082 5310 3137 5355 et
3163 5301 3428 5358 humanas

1841 5397 2055 5458 oportet
2081 5389 2339 5446 damnum
2371 5394 2720 5448 commissum
2747 5393 3041 5456 emendari,
3083 5401 3197 5458 aut,
3245 5393 3290 5448 si
3311 5393 3427 5463 jam

1843 5481 2188 5536 emendatum
2245 5493 2327 5538 est
2354 5524 2368 5549 ,
2444 5499 2632 5539 eorum
2691 5484 2995 5540 testimonio
3055 5484 3424 5555 comprobari.

1843 5574 2049 5629 Deinde
2087 5575 2383 5648 interroget
2423 5579 2706 5647 episcopus
2745 5578 2790 5632 si
2834 5577 3229 5647 ptenitentiam,
3270 5577 3427 5648 juxta

1841 5668 1984 5738 quod
2016 5683 2253 5725 canones
2274 5669 2611 5740 praecipiunt,
2643 5685 2740 5740 pro
2775 5671 3100 5741 perpetratis
3131 5669 3431 5732 sceleribus

2837 5888 2908 5948 l2
