3944 6442
501 321 610 378 365

1657 371 1674 382 .
1711 317 2084 380 BEGINONIS
2121 322 2537 386 PRUMIENSIS
2572 327 2868 390 ABBATIS

3683 333 3792 394 δα

503 437 782 509 suscipere
805 431 952 492 velit.
1000 431 1068 490 Et
1095 430 1142 488 si
1187 429 1279 487 Ille
1318 436 1478 487 terra
1519 437 1824 503 prostratus
1873 436 2087 492 veniam
2117 445 2168 502 Α
2194 437 2273 494 De
2300 459 2359 496 eo
2386 443 2479 514 qui
2507 443 2734 500 bannum
2764 446 2987 521 episcopi
3012 446 3087 500 vel
3115 446 3400 517 presbyteri
3431 449 3788 521 paraipendit.

499 529 760 604 postulat,
791 527 1001 599 culpam
1041 523 1770 595 conlitetur,’ptenitentiam
1813 527 2087 598 implorat,

501 627 570 683 de
597 625 792 681 futuris
814 619 1074 678 cautelam
1117 619 1364 690 spondet,
1412 627 1539 674 tunc
1558 620 1864 690 episcopus,
1893 637 2089 692 appre-

498 716 670 772 hensa
697 729 857 770 manu
881 711 1000 784 ejus
1023 711 1266 776 dextera,
1291 724 1416 765 eum
1445 709 1497 765 in
1525 709 1810 766 ecclesiam
1842 711 2088 767 introdu-

499 819 609 876 cat,
640 817 694 863 et
742 808 791 864 ei
835 805 1270 863 communionem
1302 814 1356 860 et
1382 805 1695 860 societatem
1723 803 2088 861 Christianam

499 903 713 958 reddat.
741 899 872 956 Post
901 902 1012 955 haec
1047 899 1341 954 secundum
1375 897 1594 953 modum
1621 897 1791 967 culpm
1817 899 2085 968 peniten-

498 994 630 1050 tiam
654 992 705 1048 ei
733 990 992 1062 injungat,
1013 999 1068 1045 et
1111 989 1322 1044 litteras
1362 1003 1459 1060 per
1507 989 1816 1060 parochiam
1867 989 2083 1060 dirigat,

494 1095 557 1142 ut
582 1101 771 1143 omnes
813 1084 1062 1139 noverint
1103 1097 1225 1138 eum
1281 1083 1334 1138 in
1377 1081 1637 1138 societate
1667 1081 1972 1138 Christiana
2002 1097 2090 1138 re-

497 1187 731 1248 ceptum.
784 1175 917 1230 Aliis
976 1174 1138 1231 etiam
1198 1173 1465 1243 episcopis
1510 1174 1613 1229 hoc
1661 1183 1848 1230 uotum
1900 1173 2082 1228 faciat.

494 1269 684 1327 Nullus
769 1278 948 1324 autem
1029 1269 1315 1339 episcopus
1389 1265 1612 1323 alterius
1696 1265 2084 1336 parochianum

495 1360 971 1418 excommunicare
995 1359 1081 1414 vel
1109 1356 1458 1414 reconciliare
1481 1365 1772 1428 praesumat
1811 1357 1928 1414 sine
1957 1371 2087 1414 con—

493 1455 721 1512 scientia
759 1453 840 1511 vel
862 1468 1131 1510 consensu
1151 1451 1358 1525 preprii
1388 1452 1645 1523 episcOpi.

489 1589 571 1646 De
603 1607 663 1646 eo
701 1589 790 1662 qui
819 1597 1021 1661 patrem
1058 1587 1135 1662 uel
1158 1595 1377 1662 matrem
1420 1585 1719 1662 intrauerat.
1745 1583 1832 1639 Ea;
1864 1583 2084 1640 concilio

1088 1657 1508 1728 Rothomagensi.

559 1776 857 1837 CCCCXV.
913 1775 971 1832 Si
1017 1776 1138 1847 quis
1178 1785 1387 1847 patrem
1433 1786 1526 1830 aut
1565 1782 1793 1828 matrem
1822 1755 2076 1843 percutit,

2817 515 2964 572 Unde
2992 515 3171 589 supra.

2267 603 2580 662 CCCCXIX.
2618 607 2872 680 Quisquis
2894 610 3130 666 bannum
3158 610 3240 665 vel
3270 613 3792 671 excommunicatio-

2193 714 2315 763 nem
2353 700 2587 770 episcopi
2625 701 2705 756 vel
2743 702 3042 774 presbyteri
3087 703 3168 762 sui
3213 705 3580 775 superbiendo
3611 709 3791 778 parvi-

2192 792 2461 861 penderit,
2499 793 2586 848 hic
2618 793 2738 849 talis
2768 794 2835 850 ab
2871 795 3107 849 Ecclesia
3141 797 3356 868 penitus
3387 798 3675 852 cvellatur.
3705 800 3796 856 Ait

2193 885 2336 939 enim
2379 887 2636 942 Dominus
2665 888 2730 942 ad
2763 887 2978 959 Moysen
3009 907 3023 942 :
3056 889 3267 956 Anima,
3291 908 3406 960 qua:
3442 893 3795 962 superbiendo

2191 977 2498 1031 mandatum
2542 978 2752 1034 Domini
2785 990 3110 1053 transgressa
3141 982 3323 1052 fuerit,
3365 985 3550 1054 peribit
3590 985 3656 1038 de
3696 1003 3791 1054 po-

2189 1066 2314 1139 pulo
2352 1085 2448 1123 suo
2497 1070 2686 1142 (Nunt.
2713 1071 2824 1144 xv).
2878 1071 3015 1128 Hinc
3065 1073 3321 1129 Dominus
3361 1075 3414 1128 in
3444 1074 3790 1147 Evangelia:

2193 1156 2298 1225 Qui
2333 1176 2419 1214 vos
2445 1163 2662 1232 spernit,
2708 1179 2786 1216 me
2818 1164 3011 1232 spernit
3033 1161 3184 1235 (Luc.
3214 1165 3292 1234 χ).
3326 1164 3399 1226 Et,
3421 1164 3639 1235 Moyses
3664 1183 3794 1221 cort-

2189 1254 2496 1310 tumacibus
2522 1255 2652 1310 dicit
2681 1271 2692 1309 :
2725 1255 2847 1310 Non
2873 1266 3054 1311 contra
3075 1273 3158 1311 me
3176 1268 3250 1311 est
3274 1274 3516 1311 murmur
3537 1269 3791 1323 matrum,

2189 1344 2279 1398 sed
2307 1354 2486 1400 contra
2513 1345 2796 1401 Dominum
2829 1345 3026 1419 (Exod.
3059 1350 3195 1418 χιιι).
3231 1349 3298 1403 Et
3325 1349 3533 1404 Dathan
3563 1359 3620 1404 et
3658 1352 3790 1406 Abi-

2188 1453 2288 1495 ron
2317 1438 2424 1493 vivi
2463 1439 2702 1510 absorpti
2746 1449 2902 1506 sunt,
2935 1441 3060 1510 quia
3087 1441 3496 1497 insurrexerunt
3525 1444 3792 1500 adversus

2188 1529 2440 1586 eumdem
2484 1529 2724 1603 Moysen,
2751 1539 2804 1585 et
2833 1531 2949 1601 ejus
2978 1533 3290 1586 mandatum
3334 1543 3679 1603 spreverunt.
3728 1535 3790 1590 Et

2189 1621 2310 1678 ideo
2341 1622 2446 1678 tale
2479 1622 2655 1679 scelus
2682 1623 3000 1694 gravissime
3027 1623 3404 1680 vindicandum
3429 1633 3513 1680 est

2189 1735 2354 1810 369
2380 1735 2458 1792 De
2476 1739 2778 1813 presbytero
2792 1741 2882 1812 qui
2901 1740 3059 1813 fuerit
3089 1741 3429 1813 degradatus.
3460 1743 3547 1800 Ea:
3567 1744 3787 1800 concilio

2685 1811 2932 1866 Toletano
2962 1827 3060 1877 xu,
3092 1811 3208 1883 cap.
3239 1814 3292 1868 6.

415 1891 418 1894 .
625 1873 918 1976 maledicit,
950 1871 1076 1976 quia
1105 1869 1355 1976 capitalia
1379 1869 1632 1976 erimina
1654 1867 2077 1976 cornutisit,upu—
2106 1881 2155 1943 Β
2253 1897 2543 1956 CCCCXX
2565 1899 2788 1972 (Cana-1.
2819 1901 2971 1958 per".
3105 1867 3547 1976 ρξρρἿοιθςιη)⁶
3577 1921 3607 1960 ν
3629 1905 3788 1976 σφε,

483 1971 681 2026 blicam
722 1967 846 2022 inde
868 1966 1239 2037 paenitentiam
1273 1973 1414 2034 agat,
1461 1962 1616 2017 sicuti
1649 1962 1712 2016 de
1734 1961 2071 2034 gravioribus

487 2061 741 2134 peccatis.
758 2059 1006 2114 Aiteuim
1031 2058 1291 2113 Dominus
1314 2075 1326 2110 :
1355 2055 1456 2121 Qui
1482 2054 1805 2110 maledixerit
1829 2054 1968 2124 patri
1995 2054 2073 2108 rel

485 2158 664 2223 matri,
704 2165 868 2210 morte
908 2153 1168 2208 moriatur
1204 2149 1400 2222 (Exod.
1431 2149 1512 2219 ιι).
1557 2148 1725 2216 Quem
1769 2147 1910 2202 enim
1970 2146 2074 2202 Do-

483 2247 897 2319 minusdignum
924 2252 1099 2300 morte
1117 2243 1340 2312 judicat,
1372 2241 1555 2308 procul
1592 2240 1753 2295 dubio
1783 2257 1878 2311 pro
1902 2240 2072 2295 homi-

483 2342 603 2398 cida
630 2347 862 2404 tenetur,
882 2337 1043 2410 367
1060 2342 1115 2391 et
1141 2335 1281 2390 sicut
1307 2332 1575 2389 homicida
1604 2332 1762 2388 debet
1787 2333 2068 2403 pmnitere.

484 2458 560 2514 De
587 2456 821 2513 bubulcis
846 2465 892 2510 et
918 2455 1196 2525 porcariis,
1228 2464 1280 2508 ut
1312 2453 1379 2506 ad
1410 2453 1623 2525 missam
1650 2451 1854 2506 veniant
1886 2446 2072 2502 saltem

506 2582 508 2585 .
777 2528 834 2584 in
863 2521 1152 2581 Dominicis
1184 2526 1380 2580 diebus.
1417 2521 1565 2578 Unde
1591 2539 1769 2595 supra.

550 2641 861 2699 CCCCXVI.
891 2639 1236 2713 ¹(Βυιιιιιιλιιιιι.
1273 2638 1362 2692 lib.
1407 2653 1470 2702 ιι,
1515 2653 1567 2691 e.
1608 2634 1718 2704 71.)
1762 2631 2071 2689 Admonere

480 2737 676 2794 debent
703 2735 1016 2792 sacerdotes
1059 2733 1242 2803 plebes
1286 2729 1386 2786 sibi
1418 2728 1660 2792 subditas
1705 2734 1766 2780 ut
1810 2721 2068 2778 bubulcus

479 2839 642 2900 atque
679 2827 957 2900 porcarios
984 2825 1070 2880 vel
1103 2824 1236 2880 alios
1265 2830 1510 2893 pastores
1547 2818 1633 2873 vel
1676 2825 1939 2879 aratores,
1975 2813 2067 2883 qui

479 2922 534 2975 in
581 2919 727 2990 agris
768 2918 982 2973 assidue
1018 2921 1422 2974 commorantur
1451 2910 1533 2966 vel
1564 2911 1615 2964 in
1647 2908 1813 2971 silvis,
1849 2915 1903 2959 et
1946 2905 2068 2960 ideo

478 3027 628 3067 more
655 3010 917 3081 pecudum
945 3009 1150 3074 vivunt,
1179 3007 1233 3061 in
1278 3003 1568 3060 Dominicis
1596 3012 1649 3056 et
1680 3001 1733 3054 in
1765 2999 1883 3052 aliis
1915 2995 2067 3052 festis

476 3101 666 3158 diebus
697 3100 878 3156 saltim
907 3101 975 3155 ad
1015 3100 1230 3154 missam
1268 3097 1470 3152 faciant
1502 3093 1585 3149 vel
1624 3092 1937 3164 permittant
1975 3104 2066 3144 ve-

476 3194 613 3248 nire.
641 3191 774 3248 Nam
812 3201 870 3247 et
905 3192 1004 3246 hos
1029 3192 1274 3250 Christus
1301 3187 1537 3258 pretioso
1565 3184 1824 3256 sanguine
1851 3198 1947 3238 suo
1979 3196 2062 3235 re-

475 3283 662 3339 demit.
710 3281 862 3352 Quod
909 3281 955 3336 si
1004 3281 1355 3350 neglexerint,
1402 3294 1500 3350 pro
1547 3277 1829 3332 animabus
1876 3290 2065 3330 eorum

476 3373 680 3443 absque
720 3373 885 3429 dubio
910 3373 1175 3428 rationem
1212 3386 1271 3427 se
1313 3370 1618 3426 reddituros
1643 3369 1836 3424 sciant.
1885 3366 2068 3438 Siqui-

475 3467 596 3523 dem
639 3465 897 3521 Dominus
926 3463 1149 3520 veniens
1187 3463 1242 3518 in
1285 3463 1428 3517 hunc
1458 3462 1738 3527 mundum,
1767 3474 1874 3514 non
1904 3459 2067 3530 elegit

473 3568 718 3614 oratores
763 3565 925 3628 atque
972 3556 1264 3612 nobiliores
1311 3567 1582 3624 quosque,
1631 3553 1725 3607 sed
1769 3552 2066 3622 piscatores

474 3659 635 3724 atque
662 3649 858 3708 idiotas
883 3647 985 3704 sibi
1015 3645 1303 3718 discipulos
1327 3645 1548 3710 ascivit;
1585 3653 1642 3698 ut
1669 3643 1977 3698 ostenderet
2007 3642 2065 3696 in

471 3746 616 3802 facto
641 3745 782 3816 quod
812 3745 926 3810 ipse
966 3744 1124 3799 verba
1157 3740 1212 3797 in
1252 3737 1543 3811 Evangelio
1568 3736 1803 3790 allirmat
1829 3735 2016 3790 dicens
2045 3752 2060 3790 :

475 3840 629 3907 Quod
676 3839 972 3894 hominibus
1022 3838 1188 3892 altum
1240 3845 1347 3901 est,
1400 3829 1748 3888 abominabile
1794 3838 1870 3884 est
1921 3828 2063 3900 apud

471 3931 662 3988 Deum.
693 3931 760 3987 Et
788 3932 938 3988 salva
970 3931 1163 3986 altiore
1191 3928 1562 3998 intelligentia,
1608 3925 1862 3980 uativitas
1889 3925 2061 3979 nostri

475 4022 852 4093 Redemptoris
894 4021 1069 4093 primo
1116 4019 1358 4074 omnium
1409 4015 1714 4071 pastoribus
1761 4015 1827 4069 ab
1872 4013 2063 4085 angelo

473 4116 770 4171 nuntiatur.

543 4211 620 4266 De
648 4208 1003 4274 confessione,
1042 4207 1108 4263 de
1138 4203 1484 4278 poenitentia,
1525 4203 1592 4259 de
1627 4202 1872 4267 decimis,
1902 4209 1956 4256 et
1996 4201 2062 4257 de

469 4302 748 4366 ebrietate,
786 4310 842 4357 et
871 4302 934 4357 de
963 4301 1166 4356 vomitu
1195 4308 1315 4370 post
1339 4296 1744 4361 eucharistiam,
1787 4295 1841 4350 in
1885 4294 2062 4366 primo

469 4395 649 4450 libello
675 4409 833 4464 supra
859 4394 1157 4463 expositum
1189 4401 1290 4446 est.

472 4483 549 4540 De
568 4485 899 4556 pauperibus,
913 4485 1138 4556 qualiter
1152 4484 1384 4536 alantur.
1406 4482 1487 4535 Ea:
1509 4480 1727 4537 concilio
1745 4480 2055 4536 Turonensi.

543 4577 875 4634 CCCCXV’II.
919 4577 1141 4648 (Concil.
1176 4575 1370 4628 'I'uron.
1407 4591 1442 4627 ιι
1465 4614 1478 4638 ,
1516 4591 1563 4626 c.
1713 4572 2056 4643 Unaquthue
2082 4603 2138 4665 Β

470 4671 659 4725 civitas
696 4685 953 4741 pauperes
997 4678 1050 4724 et
1091 4683 1286 4740 egenos
1329 4667 1596 4721 alimentis
1637 4667 2056 4734 congruentibus

472 4771 658 4832 pascat
710 4762 1002 4818 secundum
1053 4761 1227 4824 vires,
1278 4768 1332 4814 et
1382 4769 1486 4812 Iam
1539 4758 1698 4813 vicini
1755 4758 2050 4829 presbyteri

468 4856 635 4928 368
665 4872 825 4926 quam
853 4856 996 4911 cives
1027 4854 1393 4923 unusquisque
1435 4868 1589 4908 suum
1633 4867 1922 4922 pauperem
1955 4869 2054 4907 nu-

472 4951 600 5004 triat
637 4963 651 5003 :
691 4964 798 5020 quo
830 4948 922 5003 llat
962 4957 1018 5002 ut
1064 4947 1162 5017 ipsi
1204 4959 1466 5017 pauperes
1496 4959 1596 5016 per
1634 4945 1769 5001 alias
1807 4944 2052 5000 civitates

470 5056 575 5094 non
607 5047 889 5112 vagentur.

565 5157 640 5212 De
663 5157 843 5212 cadent
872 5172 944 5212 re.
979 5155 1064 5209 Ea:
1088 5153 1470 5225 Capitularium
1498 5152 1587 5208 lib.
1617 5169 1656 5220 ι,
1685 5170 1800 5224 cap.
1829 5152 1950 5209 118.

535 5270 896 5328 CCCCXVIII.
927 5269 1067 5340 (Lib.
1093 5285 1111 5324 ι
1131 5267 1444 5340 Capitular.,
1461 5268 1673 5340 c.124.)
1694 5268 1768 5323 De
1791 5267 2052 5325 mendicis

465 5363 557 5434 qui
602 5377 699 5431 per
742 5361 946 5431 patrias
971 5361 1298 5427 discurrunt,
1328 5361 1572 5418 volumus
1598 5369 1658 5416 ut
1684 5361 2051 5432 unusquisque

467 5454 703 5510 ﬁdelium
727 5463 1034 5511 nostrorum
1060 5469 1214 5510 suum
1246 5469 1534 5524 pauperem
1562 5455 1628 5511 de
1665 5453 1927 5510 beneﬁcio
1953 5464 2046 5512 aut

465 5551 534 5606 de
572 5549 788 5621 propria
821 5548 1025 5604 familia
1067 5549 1287 5613 nutriat,
1324 5557 1377 5606 et
1402 5564 1506 5604 non
1542 5550 1821 5620 permittat
1847 5549 2043 5606 alicubi

464 5644 544 5698 ire
569 5642 940 5701 mendicando.
985 5642 1050 5696 Et
1077 5643 1164 5698 ubi
1214 5641 1348 5697 tales
1390 5642 1590 5698 inventi
1620 5642 1818 5698 fuerint
1847 5642 1935 5712 qui
1966 5641 2045 5699 la-

469 5735 659 5787 borare
707 5731 953 5787 manibus
997 5741 1222 5801 possunt
1263 5742 1315 5787 et
1347 5747 1452 5787 non
1487 5731 1708 5800 faciunt,
1752 5732 1928 5788 nullus
1967 5731 2047 5790 eis

469 5821 758 5895 quidquam
791 5824 1026 5880 tribucre
1050 5833 1355 5896 praesumat.

2186 1992 2374 2059 tutata,
2397 2008 2445 2048 c.
2474 1993 2574 2060 42;
2607 1993 2917 2050 Buncuttnn.
2949 1996 3042 2052 lib.
3080 2013 3140 2063 ιι,
3169 2013 3219 2053 c.
3252 1997 3400 2069 I79.)
3424 1997 3483 2054 Si
3513 1999 3638 2070 quis
3663 2015 3788 2070 pre-

2179 2083 2364 2154 sbyter
2403 2083 2472 2138 ab
2519 2085 2772 2158 episcopo
2822 2102 2920 2142 suo
2965 2086 3127 2142 fuerit
3180 2089 3528 2160 degradatus,
3577 2101 3673 2145 aut
3720 2091 3788 2144 ab

2179 2173 2356 2229 ollicio
2392 2190 2492 2245 pro
2522 2177 2691 2232 certis
2731 2179 3050 2236 criminibus
3085 2190 3397 2254 suspensus,
3437 2193 3494 2238 et
3533 2183 3648 2254 ipse
3690 2199 3788 2254 per

2179 2274 2548 2336 contemptum
2579 2277 2633 2322 et
2673 2270 2978 2339 superbiam
3016 2249 3311 2341 aliquidde
3341 2273 3645 2330 ministerio
3683 2276 3786 2331 sibi

2179 2360 2467 2415 interdicto
2490 2375 2649 2432 agere
2682 2363 3112 2432 praesumpserit,
3140 2375 3194 2418 et
3217 2363 3402 2434 pbstea
3433 2367 3501 2421 ab
3525 2367 3786 2437 episcopo

2177 2468 2275 2507 suo
2309 2464 2591 2522 correptus
2620 2455 2674 2508 iu
2705 2466 2878 2526 empta
2919 2458 3340 2527 praesumptione
3372 2458 3784 2529 perduravcrit,

2175 2543 2264 2598 hic
2309 2545 2633 2600 omnimodis
2666 2549 3166 2602 excommunicelur
3197 2557 3252 2602 et
3295 2547 3363 2603 ab
3396 2549 3652 2605 Ecclesia
3693 2567 3788 2606 εις

2175 2634 2426 2704 pellatur.
2492 2635 2558 2689 Et
2614 2639 2923 2708 quicunque
2986 2655 3106 2694 cum
3171 2655 3235 2694 eo
3292 2643 3788 2697 communicaverit

2175 2726 2432 2793 scienter,
2479 2728 2728 2784 similiter
2771 2746 2828 2786 se
2873 2731 3011 2786 sciat
3057 2747 3179 2788 esse
3223 2735 3783 2789 excommunicatum.

2175 2819 2437 2874 Similiter
2465 2821 2530 2874 de
2554 2819 2786 2892 clericis,
2827 2822 2999 2886 laicis,
3032 2823 3113 2877 vel
3158 2823 3372 2877 feminis
3399 2825 3786 2879 excommuni-

2172 2912 2310 2965 catis
2354 2912 2749 2967 observandum
2778 2922 2880 2968 est.
2927 2913 3082 2982 Quod
3125 2914 3168 2969 si
3200 2914 3396 2984 aliquis
3443 2917 3545 2969 ista
3590 2917 3785 2970 omnia

2172 3005 2577 3072 contempserit,
2629 3013 2683 3058 et
2729 3005 3015 3077 episcOpus
3065 3008 3360 3062 emendare
3403 3008 3628 3064 minime
3683 3024 3786 3078 por

2175 3097 2360 3162 tuerit,
2395 3097 2536 3167 regis
2560 3097 2765 3168 judicio
2795 3099 2985 3154 exsilio
3015 3100 3321 3155 damnetur.

2093 3243 2140 3308 C
2171 3207 2241 3263 Ut
2283 3209 2458 3264 nullus
2491 3211 3287 3308 Itospitittnrriterqttti.
3332 3212 3417 3268 Ex
3446 3215 3676 3269 concilio
3711 3216 3783 3269 ad

2721 3283 2975 3353 palatium
3012 3283 3216 3339 Vernis.

2238 3370 2553 3427 CCCCXXI.
2608 3371 2817 3430 Placuit
2869 3375 3026 3431 nobis
3069 3385 3125 3431 et
3170 3375 3374 3432 nostris
3421 3377 3678 3434 ﬁdelibus
3721 3388 3783 3434 ut

2167 3466 2469 3538 presbyteri
2515 3483 2640 3523 suos
2683 3470 3044 3539 parochianos
3092 3471 3419 3528 admoneant
3460 3482 3519 3527 ut
3559 3482 3615 3528 et
3669 3475 3780 3544 ipsi

2168 3556 2483 3628 hospitales,
2530 3569 2588 3615 ut
2633 3561 2765 3615 nulli
2813 3562 2917 3616 iter
2955 3560 3175 3619 facienti
3218 3564 3552 3619 mansionem
3595 3566 3778 3622 dene-

2167 3657 2312 3720 gent,
2359 3658 2493 3705 etut
2516 3653 2693 3707 omnis
2725 3653 2939 3708 occasio
2969 3654 3173 3724 rapinae
3203 3655 3442 3720 tollatur,
3468 3655 3598 3709 nihil
3638 3656 3777 3711 cha-

2167 3740 2282 3795 rius
2310 3742 2546 3797 vendant
2587 3745 2992 3801 transeuntibus
3037 3747 3137 3801 nisi
3178 3756 3382 3817 quanto
3422 3747 3474 3801 iu
3518 3757 3773 3804 mercatu

2163 3838 2402 3894 vendere
2424 3849 2668 3910 possunt.
2702 3841 2853 3907 Quod
2883 3840 2927 3896 si
2959 3841 3176 3896 cliarius
3211 3840 3445 3897 vendere
3466 3841 3772 3908 voluerint,

2165 3931 2230 3985 ad
2275 3934 2650 4004 presbyterum
2696 3942 3037 3989 transeuntes
3079 3934 3183 3989 hoc
3225 3936 3476 3996 relerant,
3523 3942 3575 3988 et
3619 3934 3776 3990 illius

2157 4019 2312 4090 jussu
2343 4038 2465 4076 cum
2497 4024 2832 4078 humanitate
2857 4024 2937 4079 eis
2965 4025 3220 4081 vendant.

2261 4111 2340 4166 De
2365 4130 2422 4166 eo
2449 4113 2538 4184 qui
2566 4114 2920 4184 presbyterum
2951 4115 3252 4169 inhonorat.
3286 4113 3437 4170 Unde
3464 4131 3660 4186 supra.

2233 4203 2569 4261 CCCCXXII.
2617 4207 2950 4277 (Buscnsnn.
2994 4207 3088 4262 lib.
3133 4223 3194 4274 ιι,
3233 4223 3282 4262 c.
3323 4207 3474 4279 229.)
3525 4207 3579 4262 Si
3639 4209 3775 4279 quis

2161 4299 2534 4371 presbyterum
2574 4301 2850 4370 proprium
2893 4300 3057 4372 370
3100 4302 3409 4366 inhonorat,
3451 4311 3542 4355 aut
3585 4304 3774 4360 verbo

2162 4400 2256 4446 aut
2283 4390 2426 4446 facto
2456 4392 2837 4447 contumeliam
2879 4391 3041 4456 facit,
3073 4394 3254 4447 [audin
3291 4409 3320 4446 a
3358 4391 3643 4448 liminibus
3674 4410 3773 4452 ec-

2162 4484 2340 4541 clesia:
2369 4497 2621 4542 arceatur
2663 4501 2944 4556 quousque
2990 4501 3084 4554 per
3117 4485 3438 4556 condignam
3481 4487 3773 4555 pceniteu-

2163 4576 2293 4631 tiam
2321 4574 2638 4632 satisfaciat.
2671 4576 2764 4631 Ait
2789 4576 2932 4631 enim
2966 4575 3290 4646 Apostolus:
3326 4575 3632 4646 Presbyteri
3672 4581 3771 4649 qui

2159 4676 2424 4737 praesunt,
2462 4667 2658 4738 duplici
2688 4666 2884 4721 honore
2913 4667 3058 4737 digni
3096 4668 3387 4721 habeantur
3425 4666 3477 4738 (Ι
3506 4666 3654 4722 Tim.
3687 4671 3770 4742 v).

2157 4760 2290 4815 Item
2322 4759 2449 4814 alibi
2495 4759 2662 4813 dicit:
2697 4758 2914 4814 O‘bedite
2951 4760 3246 4830 propositis
3290 4761 3492 4822 uestris,
3531 4769 3576 4813 et
3635 4763 3772 4817 sub-

2148 4852 2277 4922 jerti
2301 4852 2374 4907 eis
2399 4859 2578 4916 estote,
2603 4859 2660 4905 et
2687 4858 2902 4906 caetera.
2934 4849 3118 4920 (Hebr.
3148 4848 3295 4922 xm.)

2158 4943 2218 5001 Si
2249 4947 2365 5017 quis
2402 4943 2712 5017 contradicit

2226 5016 2385 5087 virgis
2415 5016 2718 5071 credantur;

2226 5089 2374 5143 dum.

2225 5178 2581 5237 CCCCXXIII.
2614 5177 2840 5253 (Concil.
2865 5176 3131 5234 Suession.
3163 5193 3226 5245 ll,
3255 5184 3361 5232 act.
3395 5176 3449 5243 8,
3477 5191 3526 5232 c.
3557 5175 3655 5232 9.)
3696 5179 3765 5236 Ut

2153 5273 2306 5330 missi
2327 5273 2497 5329 nostri
2525 5273 2776 5330 omnibus
2810 5287 2908 5344 per
2944 5269 3181 5342 singulas
3224 5270 3507 5341 parochias
3533 5269 3764 5328 denun-

2154 5365 2289 5422 tient
2314 5366 2439 5437 quia
2472 5366 2518 5422 si
2551 5366 2834 5437 episcopus
2858 5373 2951 5419 aut
2984 5362 3218 5418 ministri
3243 5364 3619 5434 episcoporum
3655 5380 3758 5435 pro

2153 5458 2468 5515 criminibus
2497 5458 2717 5516 colonos
2739 5455 3127 5528 ﬂagellaverint
3156 5471 3278 5512 cum
3305 5455 3483 5526 virgis,
3519 5467 3758 5527 propter

2153 5561 2354 5610 metum
2391 5552 2642 5617 aliorum,
2668 5561 2728 5607 ut
2768 5551 2870 5621 ipsi
2909 5549 3185 5606 criminosi
3213 5550 3567 5621 corrigantur,
3616 5567 3749 5606 cum

2154 5643 2246 5699 tali
2290 5643 2633 5708 discretione,
2665 5642 2780 5697 sine
2811 5641 2915 5697 ulla
2959 5640 3246 5696 occasione
3289 5639 3547 5704 indebita,
3599 5640 3750 5698 sicut

2153 5736 2208 5790 in
2248 5735 2454 5806 synodo
2481 5734 2800 5790 collocutum
2828 5744 2937 5802 est,
2968 5745 3025 5790 ut
3049 5735 3131 5790 vel
3172 5735 3322 5789 inviti
3361 5733 3745 5802 pmoitentiam

2155 5836 2430 5898 agant,,ne
2459 5827 2783 5883 mternaliter
2823 5837 3060 5899 pereant.
3110 5828 3164 5882 Si
3211 5829 3451 5884 seniores
3497 5828 3746 5898 ipsorum

2809 4945 2986 5013 iacopo
3022 4959 3085 4997 ne
3119 4944 3252 4998 cervi
3291 4952 3498 5012 propter
3522 4944 3768 5013 crimina

2799 5031 2836 5070 at
2875 5010 3094 5069 concilio
3137 5014 3206 5068 ad
3247 5010 3483 5070 sanctum
3523 5010 3765 5070 Medor-
