3944 6408
199 305 326 365 385

1104 305 1193 360 DE
1232 303 1516 362 ECCLES.
1559 303 1846 360 DISCIPL.
1887 302 2070 360 LIBRI
2109 305 2273 362 DUO.
2313 337 2382 347 —
2421 306 2551 362 LIB.
2584 307 2652 363 II.

3378 311 3480 367 566

196 419 533 478 colonorum
576 416 791 487 indigne
836 415 1086 485 tulerint,
1133 427 1190 474 et
1229 418 1462 489 aliquam
1507 418 1797 472 vindictam
1829 423 1879 482 Α
1905 425 2008 483 est,
2037 419 2141 474 hoc
2177 399 2319 475 unde
2357 434 2668 475 mensuram
2698 419 3028 478 adulteratus
3052 433 3157 490 est,
3189 422 3409 494 insuper
3428 435 3482 480 et

197 513 411 568 exinde
435 525 690 570 exercere
711 511 995 575 voluerint,
1011 519 1101 564 aut
1130 513 1342 566 eosdem
1367 511 1692 567 colonos.ne
1717 510 1804 565 di—

198 603 571 672 stringantur,
605 603 933 657 contendere
963 602 1432 672 presumpserint,
1463 609 1639 656 sciant
1677 599 1806 669 quia

195 700 270 747 es
311 692 550 746 bannum
595 703 836 748 nostrum
879 701 1240 762 componant,
1280 700 1336 746 et
1377 690 1536 748 simul
1565 705 1686 750 cum
1714 703 1808 743 ox-

196 783 709 845 communicatione
736 783 1104 844 ecclesiastica
1144 791 1383 838 nostram
1414 782 1806 840 liarmiscaram

199 875 565 934 dmissimam
594 875 955 931 sustinebunt.

285 963 368 1019 De
410 964 641 1024 advenis.
695 965 778 1020 Ea:
819 965 1036 1022 concilio
1081 963 1258 1019 Caroli
1295 973 1343 1026 et
1384 961 1621 1017 Lotltarii
1667 961 1735 1016 ad

716 1035 1069 1102 Valentianas,
1098 1053 1216 1106 cap.
1248 1033 1335 1088 IO.

286 1117 653 1183 CCCCXXIV.
685 1125 951 1196 (Capitula
973 1123 1177 1180 Canou
1205 1125 1392 1189 CALVI,
1423 1123 1503 1178 tit.
1536 1122 1624 1188 I2,
1649 1138 1698 1178 c.
1726 1119 1807 1191 9.)

201 1219 293 1276 De
318 1220 544 1276 advenis
569 1222 658 1291 qui
686 1222 1035 1292 oppressione
1075 1221 1530 1275 Nortmannorum
1569 1217 1651 1272 vel
1687 1216 1809 1272 Bri-

203 1322 505 1368 tannorum
547 1315 598 1368 in
641 1326 824 1384 partes
854 1314 1082 1369 istorum
1123 1327 1410 1384 regnorum
1432 1310 1808 1378 confugerunt,

199 1413 526 1458 statuerunt
562 1405 804 1463 seniores
837 1403 1011 1460 nostri
1051 1411 1166 1464 uta
1204 1402 1350 1456 nullo
1379 1401 1683 1472 reipublicae
1711 1399 1810 1454 mi-

202 1498 393 1562 nistro
431 1491 588 1574 371
637 1513 1017 1568 quamcunque
1053 1496 1365 1558 violentiam
1397 1495 1478 1550 vel
1506 1483 1813 1565 oppressio-

202 1605 341 1643 nem
380 1573 470 1644 aut
495 1573 832 1646 exactionem
877 1591 1186 1664 patiantur;
1235 1589 1330 1646 sed
1373 1588 1533 1644 liceat
1571 1589 1650 1644 eis
1682 1603 1813 1646 con-

204 1680 438 1736 ductum
473 1698 629 1738 suum
658 1697 922 1751 quaerere,
967 1679 1139 1738 donec
1167 1697 1299 1752 pace
1342 1680 1550 1736 reddita
1588 1689 1676 1735 aut
1707 1679 1808 1750 ipsi

1909 513 2051 567 nudo
2071 513 2221 567 corio
2245 513 2412 584 virgis
2436 513 2692 569 curuatur.
2726 514 2792 567 Et
2812 514 2925 568 sive
2945 525 3156 580 servus,
3179 516 3296 571 sive
3323 515 3482 581 liber,

1908 620 2029 680 post
2051 609 2280 682 legalem
2301 613 2728 668 emendationem
2753 614 3055 684 episcopale
3074 612 3333 682 judicium
3357 629 3484 670 suae

1908 703 2091 772 cipiat,
2129 705 2255 773 quia
2289 714 2478 759 eontra
2505 705 2850 760 interdictum
2878 705 2971 760 Dei
2994 706 3142 760 fecit.
3174 706 3262 759 Ait
3293 706 3437 761 enim
3468 723 3486 762 :

1908 789 2118 862 Equus
2137 794 2230 848 tibi
2251 796 2314 848 sit
2339 795 2562 860 mox/ius,
2585 805 2632 849 et
2653 797 2911 850 sextarius
2939 812 3119 867 (equus
3138 795 3326 864 (Lerit.
3346 796 3484 867 nx).

1913 883 1978 940 Et
2023 885 2188 941 alibi:
2244 885 2549 942 Mansuram
2612 898 2658 944 et
2705 903 3008 943 mensuram
3067 890 3182 941 odit.
3225 887 3488 942 Dominus

1909 976 2092 1048 (Prov.
2119 978 2233 1049 Ix).
2269 979 2337 1033 Et
2381 980 2540 1033 item:
2570 978 2674 1044 Qui
2696 981 2972 1049 pecuniam
3001 992 3154 1034 suam
3197 997 3301 1044 non
3335 981 3482 1046 dedit

1912 1070 1981 1124 ad
2005 1085 2222 1126 usuram
2247 1069 2422 1140 (Prol.
2455 1071 2591 1142 liv).
2623 1071 2776 1138 Quod
2802 1081 3082 1140 peccatum
3107 1072 3250 1126 inter
3275 1071 3366 1126 illa
3395 1088 3486 1126 ea»

1910 1161 2095 1231 pitalia
2120 1170 2338 1230 peccata
2365 1170 2710 1231 computatur
2741 1159 2807 1215 de
2826 1161 3020 1230 quibus
3037 1161 3324 1231 Apostolus
3359 1160 3495 1216 dicit

1913 1248 1963 1319 (Ι
1990 1247 2113 1304 Cor.
2142 1248 2218 1322 v.),
2251 1250 2394 1319 quod
2428 1251 2518 1319 qui
2563 1266 2623 1304 ea
2657 1249 2870 1314 fecerit,
2909 1265 3029 1304 cum
3058 1251 3361 1318 huiusmodi
3391 1266 3494 1306 nec

1913 1337 2092 1394 cibum
2118 1351 2334 1395 sumere
2355 1338 2822 1408 Christiauolieet.
2849 1339 3112 1394 Similiter
3134 1353 3229 1410 per
3245 1340 3492 1396 civitates

1913 1434 1968 1486 et
1997 1427 2148 1484 vicos
2193 1438 2356 1497 atque
2389 1438 2630 1489 mercata
2673 1431 2905 1486 ministri
2958 1431 3263 1500 reipublicae
3307 1433 3491 1500 provi-

1914 1519 2078 1580 deant
2118 1533 2184 1574 ne
2205 1519 2279 1576 illi
2309 1521 2404 1591 qui
2437 1536 2631 1590 panem
2659 1531 2713 1576 et
2745 1535 2966 1580 carnem
2999 1536 3096 1591 per
3119 1523 3420 1582 deneradas
3440 1530 3498 1578 et

1914 1612 2097 1672 vinum
2124 1626 2220 1681 per
2243 1612 2510 1674 sextarios
2532 1613 2786 1678 vendunt,
2821 1614 2984 1684 373
3013 1628 3322 1669 mensuram
3343 1615 3498 1669 adul-

1917 1711 2096 1758 terare
2119 1704 2362 1773 possint;
2409 1706 2505 1762 sed
2528 1715 2760 1775 quantos
2801 1705 3194 1761 mensurabiies
3236 1721 3403 1777 panes
3431 1707 3499 1770 ds

203 1774 536 1870 redeantad
581 1774 694 1830 loca
729 1792 849 1843 sua,
893 1786 985 1870 aut
1029 1777 1270 1870 seniores
1299 1774 1514 1829 illorum
1541 1789 1636 1828 eos
1665 1773 1807 1870 reci:-
1839 1783 1886 1842 Β
1907 1797 2056 1867 justo
2098 1799 2280 1858 modio
2307 1799 2362 1854 in
2401 1773 2722 1868 tutaquaque
2783 1799 3001 1860 civitate
3026 1773 3261 1870 episcopi
3299 1799 3495 1856 velata

202 1865 388 1934 piant.
412 1865 598 1920 Nullus
623 1875 800 1921 autem
827 1881 920 1922 eos
950 1867 1208 1922 inseivire
1235 1877 1546 1936 praesumat,
1576 1879 1640 1918 eo
1664 1863 1807 1935 quod

205 1951 337 2012 loco
363 1957 679 2012 mercenarii
705 1957 842 2027 apud
866 1957 1098 2026 aliquem
1123 1956 1440 2020 manserint,
1465 1971 1567 2010 nec
1588 1970 1809 2010 censum

205 2057 308 2102 aut
361 2049 618 2113 tributum
663 2049 902 2120 exigere.
951 2047 1102 2126 Quod
1150 2047 1195 2102 si
1238 2046 1490 2102 inventus
1532 2044 1692 2101 fuerit
1742 2060 1809 2099 ex

207 2142 527 2212 reipublicae
570 2141 832 2198 ministris
877 2149 969 2196 aut
1012 2141 1149 2197 alius
1195 2140 1424 2212 quilibet
1467 2148 1656 2195 contra
1705 2137 1808 2193 hoc

204 2233 434 2302 pietatis
461 2242 785 2303 praeceptum
831 2232 1010 2287 facere
1054 2242 1146 2288 aut
1190 2230 1407 2300 fecisse,
1435 2233 1667 2288 bannmn
1713 2245 1810 2284 no-

207 2332 388 2378 strum
419 2324 612 2379 exinde
636 2333 942 2394 componat.

824 2409 971 2469 Unde
999 2430 1185 2485 supra.

283 2504 627 2563 CCCCXXV.
665 2504 924 2560 Pervenit
961 2506 1030 2561 ad
1078 2519 1238 2561 aures
1283 2505 1623 2560 sacerdotum
1659 2502 1805 2574 quod

207 2596 447 2670 profugi,
483 2598 573 2669 qui
601 2613 934 2670 paganorum
959 2613 1150 2654 manus
1180 2596 1430 2650 omnibus
1456 2595 1612 2649 bonis
1641 2594 1804 2648 amis-

209 2691 290 2746 sis
317 2691 404 2744 vix
427 2700 735 2756 evaserunt,
771 2690 824 2744 in
849 2688 1162 2760 regionibus
1187 2686 1388 2742 nostris
1411 2701 1441 2740 a
1472 2685 1801 2755 quihusdam

213 2782 884 2854 injustegopprimantur,
932 2790 986 2836 et
1031 2780 1086 2834 in
1124 2780 1442 2835 servitutem
1487 2778 1798 2849 redigater

211 2883 405 2929 comra
433 2851 642 2927 divinas
667 2871 1040 2940 humanasque
1061 2869 1226 2942 leges,
1259 2885 1382 2924 cum
1417 2869 1678 2923 Dominus
1707 2882 1801 2937 per

211 2965 535 3037 prophetam
564 2962 709 3019 dicat
751 2981 764 3016 :
807 2963 1030 3018 Adventu
1056 2978 1118 3014 ne
1151 2960 1376 3031 feceritis
1407 2958 1722 3012 calumniari:
1750 2958 1801 3011 in

212 3059 330 3112 loco
357 3060 474 3125 hoc,
513 3068 560 3112 et
589 3057 830 3114 habitabo
860 3058 1117 3112 vobiscum
1155 3051 1289 3126 (Jer.
1324 3052 1440 3117 vn).
1473 3053 1533 3105 Et
1571 3052 1795 3106 iterum:

1911 1887 2066 1952 betas
2091 1905 2118 1942 a
2154 1889 2270 1956 suis
2301 1890 2596 1958 pistoribus
2631 1889 2918 1957 recipiunt,
2949 1899 3129 1948 tantos
3159 1891 3497 1954 mensurabi-

1911 1981 1989 2038 les
2023 1996 2192 2051 panes
2233 1982 2299 2038 de
2317 1983 2510 2037 eodem
2555 1982 2742 2042 modio.
2783 1996 2810 2036 a
2849 1983 3144 2052 pistoribus
3167 1983 3258 2051 qui
3297 1997 3496 2054 panem

1909 2073 2147 2127 vendunt
2168 2072 2282 2126 ﬁeri
2307 2073 2527 2130 faciant.
2552 2072 2703 2140 Quod
2724 2074 2775 2136 si
2799 2075 2998 2130 inventi
3034 2073 3231 2130 fuerint
3279 2091 3494 2138 mensu-

1910 2177 2024 2216 ram
2053 2161 2362 2216 adulterare
2390 2162 2472 2217 vel
2497 2162 2760 2228 minuere,
2792 2173 2848 2218 et
2875 2164 3130 2228 damnum
3161 2166 3487 2233 sustineant,
3547 2210 3549 2212 -

1908 2262 1959 2308 et
1991 2255 2158 2326 virgis
2186 2255 2486 2312 credantur.
2529 2255 2788 2318 Homines
2809 2257 2973 2317 etiam
2997 2257 3194 2327 quibus
3217 2257 3322 2314 hoc
3349 2275 3496 2314 com-

1908 2343 2134 2399 missum
2165 2353 2250 2398 est
2283 2353 2343 2398 ut
2370 2344 2691 2414 provideant
2713 2360 2784 2402 ne
2815 2361 3083 2401 mensurae
3126 2347 3484 2404 minorentur.

1908 2434 1964 2490 Si
2001 2437 2066 2490 de
2087 2428 2322 2505 perjurio
2345 2436 2487 2507 quod
2509 2434 2832 2505 iuraverunt
2870 2437 3011 2507 quod
3044 2438 3147 2493 hoc
3185 2441 3497 2498 consentire

1907 2544 2016 2584 non
2063 2528 2380 2586 debuissent
2441 2526 2643 2584 fuerint
2680 2528 2936 2596 convicti,
2979 2531 3274 2588 secundum
3324 2531 3496 2603 legem

1907 2621 2227 2690 puniantur,
2265 2629 2357 2675 aut
2409 2621 2635 2691 perdant
2683 2637 2921 2686 manum,
2953 2630 3045 2677 aut
3083 2624 3372 2691 redimam,
3403 2633 3497 2682 aut

1903 2729 2065 2785 grave
2096 2714 2350 2768 damnum
2381 2713 2700 2779 sustineant,
2727 2723 2780 2770 et
2821 2724 3008 2784 postea
3036 2716 3104 2770 ab
3129 2715 3384 2786 episcopo
3421 2716 3489 2772 de

1903 2805 2144 2874 periurio
2174 2803 2440 2874 publicam
2471 2804 2850 2872 pmnitentiam
2874 2805 3164 2875 accipiant.

1990 2895 2064 2949 De
2087 2895 2269 2949 eadem
2295 2912 2366 2949 re.
2395 2892 2480 2949 Ea:
2502 2893 2891 2959 Capitularium
2927 2896 3016 2950 lib.
3055 2912 3140 2960 ut,
3167 2914 3286 2968 cap.
3309 2897 3400 2954 90.

1969 2988 2355 3046 CCCCXXVJI.
2383 2989 2522 3059 (Lib.
2549 3004 2566 3044 ι
2600 2988 2894 3060 Capitular.
2925 3006 2976 3046 c.
3001 2991 3115 3062 74.)
3145 2992 3216 3052 Ut
3250 2993 3488 3064 aquales

1903 3093 2190 3134 mensuras
2212 3087 2266 3133 et
2294 3079 2530 3150 pondera
2567 3079 2793 3150 aequalia
2815 3094 3003 3136 Omnes
3031 3081 3265 3137 habeant
3300 3083 3416 3138 sive
3437 3082 3496 3152 in

212 3152 485 3206 Adi-cnam
525 3168 626 3204 non
656 3150 986 3205 contristabis
1012 3147 1209 3219 (Exod.
1246 3146 1338 3215 xx)
1366 3162 1382 3210 ;
1407 3153 1461 3200 et
1503 3141 1668 3197 multa
1715 3142 1800 3198 his
1827 3143 1871 3205 Ε
1901 3171 2212 3227 civitatibus
2243 3141 2355 3228 δάε
2392 3172 2447 3226 in
2495 3141 2840 3227 monasteriis
2879 3174 2946 3228 ad
2976 3174 3210 3234 dandum
3263 3141 3496 3234 invice‘

212 3244 434 3300 similia.
470 3243 626 3299 Tales
647 3243 808 3314 igitur
833 3243 1094 3298 severiter
1123 3237 1449 3310 corripiendi
1481 3245 1626 3303 sunt,
1656 3245 1711 3290 et
1734 3237 1801 3291 de
1901 3263 2020 3319 sive
2055 3261 2448 3332 accipiendum,
2477 3262 2619 3318 sicut
2642 3262 2698 3318 in
2743 3275 2884 3334 lege.
2908 3264 3124 3320 Domini
3159 3274 3497 3338 praecanum

212 3338 466 3392 manibus
514 3350 701 3390 eorum
745 3335 964 3389 advena:
1000 3333 1240 3396 eruendi,
1271 3330 1428 3400 juxta
1475 3326 1618 3398 quod
1665 3326 1801 3381 scri-

212 3439 366 3500 ptum
388 3439 472 3484 est
493 3447 506 3481 :
533 3428 772 3503 Eripiam
795 3427 999 3496 inopem
1021 3425 1085 3479 de
1107 3442 1265 3480 manu
1290 3423 1521 3493 fortioris
1538 3421 1670 3492 ejus,
1693 3429 1799 3476 etc.

214 3521 392 3595 (I’sal.
425 3524 632 3593 xxxiv).
659 3522 792 3578 Nam
818 3522 1036 3575 advena:
1059 3520 1198 3590 apud
1226 3519 1420 3573 fratres
1449 3533 1594 3579 suos,
1643 3517 1692 3569 id
1718 3523 1798 3570 est

216 3614 578 3676 Christianos,
608 3612 925 3666 mercenarii
964 3611 1162 3664 debent
1189 3624 1331 3672 esse,
1379 3624 1484 3663 non
1533 3605 1691 3660 servi.
1741 3603 1796 3658 Si

214 3716 398 3762 autem
429 3707 482 3760 in
522 3705 835 3760 servitutem
888 3703 1222 3772 redigantur,
1275 3700 1402 3770 quid
1449 3699 1550 3752 illis
1603 3695 1803 3768 profuit

215 3815 552 3871 paganorum
585 3813 775 3852 manus
803 3795 1075 3866 ellugisse,
1113 3810 1234 3850 cum
1260 3792 1588 3865 captivitatis
1611 3790 1798 3861 iugum

214 3905 268 3949 et
291 3893 438 3948 durae
452 3891 726 3947 servitutis
748 3905 852 3944 non
872 3887 1188 3958 eﬁ‘ngcrint?
1211 3887 1277 3940 Et
1300 3887 1419 3941 ideo
1445 3894 1630 3941 contra
1651 3885 1792 3938 hanc

215 3983 592 4038 crudelitatem
621 3981 960 4050 sacerdotum
991 3980 1151 4034 debet
1191 3979 1368 4049 pietas
1397 3978 1692 4040 decertare,
1737 3991 1802 4030 ne

216 4091 314 4148 pro
347 4087 452 4130 tam
499 4074 714 4129 immani
770 4072 976 4128 malitia
1011 4071 1089 4126 ira
1127 4069 1307 4124 divina
1351 4069 1604 4140 populum
1643 4067 1801 4122 Chri-

217 4169 453 4223 stianum
481 4173 782 4221 consumat.

217 4267 380 4339 372
403 4266 468 4321 Ut
484 4269 646 4337 justte
667 4283 924 4322 mensurw
945 4267 1067 4320 sint.
1096 4265 1178 4319 Ex
1197 4263 1498 4334 Capitulare
1521 4264 1588 4317 ad
1609 4261 1801 4316 l’istas.

291 4369 653 4426 CCCCXXVI.
692 4370 958 4441 (Capitula
985 4368 1187 4425 Canem
1223 4367 1412 4433 CALVI,
1444 4367 1525 4422 tit.
1560 4367 1648 4430 5i,
1682 4381 1801 4438 cap.

217 4460 334 4531 20.)
370 4461 440 4516 I-J't
476 4461 698 4516 comites
743 4470 799 4515 et
841 4475 1028 4514 omnes
1083 4458 1392 4530 reipublica:
1435 4458 1665 4518 ministri
1706 4471 1798 4512 seu

1905 3357 2168 3410 habemus
2198 3355 2368 3426 (599).

2003 3447 2080 3500 De
2110 3447 2603 3515 conspirationibus.
2628 3446 2712 3503 Ea:
2735 3447 2954 3504 concilio
2971 3448 3403 3510 Chalcedonensi.

1972 3536 2381 3592 CCCCXXVIII.
2403 3535 2626 3607 (Concil.
2644 3529 2985 3606 Chalcedon.,
3001 3540 3156 3606 c.18;
3182 3539 3492 3610 Buttmann.

1907 3630 2001 3685 lib.
2032 3646 2086 3696 ι,
2121 3646 2170 3685 c.
2204 3629 2316 3700 l8.)
2360 3630 2766 3701 tionjurationis
2794 3630 2880 3698 vel
2923 3632 3340 3702 conspirationis
3386 3633 3495 3689 cri-

1905 3737 2028 3776 men
2054 3722 2216 3778 etiam
2239 3721 2306 3780 ab
2333 3721 2534 3776 exteris
2555 3721 2762 3793 legibus
2789 3729 2871 3777 est
2891 3723 3113 3779 omnino
3135 3723 3489 3794 prohibitum.

1907 3813 2073 3868 Multo
2103 3813 2277 3884 magis
2307 3812 2411 3868 hoc
2446 3814 2500 3868 in
2529 3813 2622 3868 Dei
2654 3813 2902 3872 Ecclesia
2945 3829 3013 3870 ne
3055 3814 3150 3868 ﬁat
3195 3815 3494 3872 admonere

1907 3906 2182 3962 convenit.
2226 3905 2280 3960 Si
2313 3906 2404 3975 qui
2445 3921 2574 3976 ergo
2615 3906 2799 3963 clerici
2841 3906 2928 3962 vel
2971 3907 3250 3964 monarchi
3289 3907 3490 3979 reperti

1907 3999 2110 4056 fuerint
2156 3996 2520 4066 conjurantes,
2569 4010 2664 4054 aut
2708 3999 3098 4071 conspirantes,
3145 4008 3240 4056 aut
3264 4000 3490 4057 insidias

1906 4100 2169 4162 ponentes
2194 4089 2359 4164 374
2383 4090 2650 4161 episcopis
2671 4099 2766 4146 aut
2790 4090 3026 4156 clericis,
3057 4091 3228 4161 gradu
3265 4091 3491 4162 proprio

1907 4183 2122 4251 penitus
2149 4182 2517 4236 abscideutur.

2001 4273 2078 4326 De
2101 4275 2278 4328 eadem
2306 4291 2378 4326 re.
2407 4271 2491 4327 Ea:
2515 4271 2902 4342 Capitularium
2926 4271 3017 4326 lib.
3044 4289 3084 4340 t,
3109 4272 3260 4327 titulo
3283 4273 3374 4329 28.

1977 4364 2340 4440 CCCCXXIX.
2372 4364 2512 4437 (Lib.
2546 4382 2563 4420 ι
2592 4362 2914 4434 Capitular.,
2943 4378 2996 4428 c.
3024 4363 3138 4434 29.)
3173 4363 3284 4419 Nec
3305 4363 3489 4420 clerici

1907 4475 2008 4514 nec
2032 4459 2283 4515 monachi
2307 4458 2767 4528 conspirationem
2785 4456 2872 4512 vel
2901 4456 3130 4526 insidias
3152 4468 3339 4528 contra
3365 4473 3490 4530 pas-

218 4551 399 4606 cteteri
425 4549 608 4606 ﬁdeles
636 4550 803 4606 nostri
831 4523 1442 4620 provideant—quatenus
1460 4547 1643 4617 justus
1675 4562 1796 4601 mo-
1826 4523 1881 4590 υ
1907 4561 2076 4607 torem
2107 4567 2262 4608 suum
2293 4523 2517 4606 faciant.

221 4641 361 4705 dius,
389 4649 446 4695 et
468 4656 651 4711 aequus
675 4641 968 4706 sextarius,
999 4641 1292 4694 secundum
1311 4656 1520 4695 sacram
1548 4640 1797 4709 Scriptu-

222 4749 339 4789 ram
362 4742 418 4789 et
445 4733 694 4804 Capitula
726 4733 1189 4805 prtedecessormn
1223 4741 1556 4796 nostrorum,
1587 4732 1639 4785 in
1671 4731 1802 4786 civi-

222 4826 421 4881 tatibus
471 4835 526 4880 et
575 4827 630 4880 in
686 4826 818 4880 vicis
851 4824 934 4879 vel
990 4824 1042 4878 in
1083 4824 1222 4877 villis
1266 4824 1333 4877 ad
1378 4823 1714 4880 vendendum
1752 4831 1806 4877 et

218 4920 506 4976 enitendum
547 4919 660 4985 ﬁat,
699 4930 754 4974 et
796 4933 1106 4973 mensuram
1161 4917 1453 4972 secundum
1525 4916 1803 4986 antiquam

221 5014 664 5072 consuetudinem
689 5012 754 5066 de
779 5011 982 5080 palatio
1010 5019 1195 5064 nostro
1219 5009 1507 5079 accipiant.
1543 5009 1607 5063 Et
1640 5010 1683 5063 si
1717 5009 1802 5064 cui

221 5115 526 5180 reputatum
559 5105 719 5160 fuerit
747 5107 1057 5158 mensuram
1082 5102 1437 5167 adulterasse,
1470 5102 1513 5156 si
1545 5101 1681 5155 liher
1704 5102 1801 5155 ho-

218 5217 310 5258 mo
335 5210 441 5264 est,
485 5207 577 5254 aut
615 5204 958 5253 sacramento
989 5195 1283 5250 secundum
1339 5210 1492 5250 suam
1532 5193 1703 5264 legem
1746 5207 1804 5248 se

218 5299 501 5363 expurget;
531 5297 624 5344 aut
652 5288 698 5344 si
760 5286 1044 5358 culpabilis
1083 5284 1377 5349 invenitur,
1426 5285 1663 5339 bannum
1705 5296 1802 5336 no-

220 5392 392 5440 strum
426 5379 716 5450 persolvat,
765 5386 822 5432 et
861 5392 890 5432 a
923 5377 1188 5431 ministris
1227 5373 1534 5446 reipublicae
1585 5372 1806 5427 tollatur

219 5475 505 5547 quodcum
528 5472 727 5543 iniusta
757 5484 1011 5526 mensura
1047 5467 1285 5524 vendere
1322 5466 1507 5522 voluit.
1543 5465 1599 5519 Si
1625 5475 1803 5519 autem

219 5567 409 5623 colono
434 5573 526 5618 aut
553 5577 710 5617 servo
733 5561 836 5615 hoc
859 5568 1163 5630 reputatum
1197 5557 1376 5621 fuerit,
1404 5556 1607 5625 judicio
1631 5556 1723 5610 Dei
1748 5571 1805 5613 se

220 5659 344 5714 inde
370 5656 658 5722 examinet;
689 5653 814 5710 etsi
853 5653 1129 5709 convictus
1160 5651 1342 5717 fuerit,
1373 5649 1562 5721 perdat
1589 5665 1721 5716 rem,
1751 5648 1803 5704 id

292 5789 439 5856 (329)
477 5787 609 5844 Vide
634 5785 936 5854 Burchard,
973 5786 1062 5842 lib.
1091 5801 1204 5852 xix,
1227 5799 1345 5852 cap.
1379 5782 1499 5839 MS.

2175 4643 2250 4698 De
2275 4645 2456 4698 eadem
2480 4660 2553 4698 re.
2585 4642 2668 4697 Ea:
2696 4641 2916 4698 concilio
2947 4641 3016 4695 ad
3042 4639 3222 4696 Pista:

1979 4733 2318 4791 CCCCXXX.
2347 4733 2615 4806 (Capitula
2637 4732 2838 4789 Canem
2872 4732 3063 4797 CALVI,
3091 4732 3178 4788 tit.
3203 4732 3294 4798 29,
3321 4747 3371 4789 c.
3401 4731 3486 4806 4.)

1909 4827 2020 4884 Nos
2063 4842 2279 4897 quoque
2309 4826 2550 4896 episcopi
2604 4825 2928 4882 auctoritate
2967 4823 3063 4880 Dei
3113 4831 3168 4882 et
3207 4840 3487 4881 sacrorum

1910 4934 2200 4984 canonum,
2239 4918 2378 4974 sicut
2421 4917 2596 4972 sancti
2624 4915 2908 4988 pontiﬁces
2955 4929 3134 4972 ccxxx
3184 4915 3483 4972 Chalcedo-

1909 5013 2091 5070 nensis
2121 5009 2333 5068 concilii
2358 5009 2815 5080 conspirationem
2848 5008 2967 5066 ﬁeri
2989 5007 3403 5079 prohibuerunt,
3435 5016 3492 5072 et

1912 5105 2051 5161 sicut
2089 5115 2288 5158 caetera
2328 5101 2710 5172 episcoporum
2761 5098 2988 5177 concilia
3019 5099 3322 5171 huiusmodi
3362 5114 3489 5170 per-

1909 5194 2115 5248 niciosa
2166 5192 2309 5248 facta
2340 5201 2646 5258 vetuerunt,
2693 5202 2748 5249 et
2796 5207 2895 5250 nos
2931 5192 3330 5264 prohibemus:
3361 5191 3488 5262 quia

1909 5285 2170 5340 facientes
2199 5285 2286 5339 illa
2315 5300 2414 5356 per
2437 5300 2626 5341 eorum
2651 5283 2936 5355 judicium,
2967 5283 3057 5352 qui
3083 5297 3204 5336 cum
3244 5282 3354 5338 Deo
3374 5281 3488 5353 jam

1909 5378 1964 5433 in
2000 5377 2138 5432 cmlo
2170 5384 2422 5447 regnant,
2451 5384 2506 5431 et
2553 5391 2582 5430 a
2613 5375 2824 5430 caelesti
2856 5372 3096 5432 Ecclesia
3125 5380 3181 5428 et
3228 5371 3488 5429 Christia-

1911 5487 2102 5526 normn
2133 5471 2395 5525 societate
2447 5469 2683 5539 separati
2715 5475 2863 5532 sunt,
2885 5466 2988 5521 nisi
3027 5480 3125 5536 per
3153 5466 3343 5538 dignos
3373 5478 3491 5536 pte-

1909 5565 2151 5620 nitentiae
2181 5563 2391 5619 fructus
2423 5562 2492 5617 ad
2523 5562 2626 5616 hoc
2656 5560 2883 5615 redeant
2909 5566 2969 5614 nt
3005 5567 3209 5615 sanctae
3236 5555 3491 5622 Ecclesia

1906 5657 2116 5728 possint
2143 5653 2456 5712 readunari.
