3848 5416
444 304 550 362 363

533 421 612 478 De
635 420 816 477 eadem
839 434 912 473 re.
945 416 1028 472 Ea:
1062 413 1453 486 Capitularium
1478 414 1572 470 lib.
1601 431 1686 482 tu,
1723 433 1840 487 cap.
1873 416 1929 472 9.

511 510 880 572 CCCCXXX].
910 508 1054 582 (Lib.
1102 524 1164 563 tu
1201 505 1520 577 Capitular.,
1562 522 1612 563 c.
1640 507 1700 574 9;
1731 507 1824 563 lib.
1859 507 2024 579 tLeg.

441 604 703 678 Longob.,
731 602 816 658 tit.
847 600 937 665 17,
959 615 1010 655 c.
1047 597 1158 671 11.)
1179 595 1625 668 Conspirationes
1647 613 1778 654 vero
1799 598 2028 670 quicun-

443 715 549 771 que
569 698 746 754 facere
771 691 1236 766 prresumpserint,
1273 700 1325 746 et
1359 698 1702 748 sacramento
1731 707 2028 762 quamcun-

442 808 548 864 que
574 787 1031 860 conspirationem
1060 785 1424 851 ﬁrmaverint,
1461 784 1657 855 triplici
1708 785 1919 840 ratione
1937 783 2030 855 ju-

440 885 708 940 dicentur.
743 870 950 945 Primo,
997 887 1053 932 ut
1084 878 1396 946 ubicunque
1432 877 1650 948 aliquod
1693 877 1893 932 malum
1923 891 2020 949 per

436 977 544 1033 hoc
575 982 945 1046 perpetratum
970 971 1094 1039 fuit,
1123 980 1374 1028 auctores
1424 971 1554 1027 facti
1597 973 2022 1028 interﬁciantur.

435 1066 730 1138 Adjutores
751 1080 881 1122 vero
901 1065 1116 1120 illorum
1145 1063 1341 1135 singuli
1369 1053 1512 1119 alter
1531 1063 1600 1119 ab
1630 1063 1804 1118 altero
1841 1062 2026 1135 ﬂagel-

436 1159 640 1225 lentur,
681 1166 738 1213 et
774 1171 937 1212 nares
983 1156 1084 1212 sibi
1133 1155 1366 1211 invicem
1402 1155 1722 1226 praecidant.
1755 1154 1856 1211 Ubi
1892 1169 2024 1210 vero

334 1252 351 1264 ‘
434 1249 574 1306 nihil
601 1249 729 1305 mali
769 1255 1139 1319 perpetratum
1182 1256 1285 1314 est,
1329 1246 1582 1302 similiter
1608 1247 1772 1318 375
1804 1247 2023 1316 quidem

437 1344 586 1400 inter
636 1358 694 1399 se
727 1341 1105 1414 flagellentur,
1152 1350 1208 1397 et
1248 1341 1473 1412 capillos
1523 1341 1626 1397 sibi
1657 1341 1897 1398 vicissim
1927 1340 2022 1397 de-

437 1439 716 1494 tondeant.
765 1436 822 1492 Si
869 1451 998 1492 vero
1066 1450 1164 1506 per
1205 1435 1430 1490 dextras
1493 1434 1823 1506 conspiratio
1871 1434 2018 1491 facta

434 1530 622 1597 fuerit,
651 1531 696 1586 si
722 1529 875 1586 liberi
903 1539 1046 1594 sunt,
1071 1538 1162 1584 aut
1183 1528 1370 1598 jurent
1384 1544 1505 1584 cum
1528 1529 1740 1585 idoneis
1761 1527 2020 1599 iuratori-

435 1626 560 1692 bus;
593 1634 686 1680 aut
727 1625 771 1680 si
815 1625 919 1679 hoc
963 1623 1144 1679 facere
1195 1638 1301 1679 non
1358 1631 1609 1694 possunt,
1657 1639 1812 1679 suam
1843 1623 2018 1694 legem

435 1727 782 1792 componant.
817 1718 876 1774 Si
908 1734 1034 1774 vero
1060 1719 1203 1773 servi
1231 1727 1378 1784 sunt,
1406 1716 1766 1790 ﬂagellentur.

1474 273 1844 358 REGINONIS
1882 296 2304 358 PRUMIENSIS
2342 300 2633 359 ABBATlS

2052 413 2354 485 Aquilibet
2417 415 2858 488 presbyterorum
2905 413 3194 472 defunctus
3243 415 3449 486 fuerit,
3501 420 3680 482 vicinus

3601 312 3690 369 368

2129 515 2414 586 presbyter
2439 514 2578 584 apud
2601 513 2912 568 sazcularem
2939 513 3209 569 seniorem
3231 515 3378 570 nulla
3405 519 3682 586 precatione

2127 603 2212 660 vel
2257 604 2438 676 aliquo
2479 605 2640 660 xenio
2681 603 2967 660 ecclesiam
2997 603 3142 659 illam
3183 606 3454 674 obtineat,
3487 609 3604 679 quia
3629 612 3680 666 ti-

2130 695 2280 751 tulus
2310 711 2409 766 per
2435 711 2495 752 se
2533 707 2789 751 constans
2823 703 2984 750 antea
3013 695 3250 763 exstitit,
3277 698 3371 753 sed
3407 713 3579 770 neque
3614 717 3682 759 ca-

2126 787 2346 858 pellam,
2374 788 2492 843 sine
2521 786 2768 843 consultu
2809 787 3071 858 episcopi.
3116 787 3364 858 (Decreta
3393 789 3560 848 Leon.
3587 809 3620 859 ι,
3645 810 3680 850 c.

2127 875 2244 948 38.)
2269 876 2423 945 Quod
2452 877 2498 932 si
2527 876 2742 943 fecerit,
2773 876 3054 932 deﬁnitam
3098 879 3429 934 sententiam
3459 882 3557 937 sibi
3583 898 3681 953 pro-

2127 977 2294 1033 latam
2333 977 2611 1048 suscipiat,
2638 977 2796 1033 sicuti
2820 977 2886 1032 de
2909 978 3164 1049 episcopo
3193 980 3462 1035 canonica
3481 983 3682 1038 decrevit

2129 1071 2454 1137 auctoritas,
2476 1079 2536 1127 ut
2565 1071 2658 1142 qui
2720 1086 2819 1143 per
2845 1072 3198 1128 ambitionem
3236 1074 3504 1146 majorem
3531 1077 3682 1132 civita-

2127 1173 2236 1220 tem
2267 1163 2575 1235 appetierit,
2613 1172 2667 1219 et
2697 1162 2844 1218 illam
2890 1164 3087 1234 perdat
3112 1180 3276 1235 quam
3327 1167 3527 1232 tenuit,
3554 1168 3680 1238 377

2129 1264 2185 1311 et
2218 1256 2364 1312 illam
2409 1270 2751 1328 nequaquam
2790 1255 3033 1312 obtineat
3069 1272 3234 1328 quam
3291 1273 3559 1329 usurpate
3591 1268 3681 1314 tea-

2127 1347 2282 1402 tavit.

2187 1435 2267 1491 De
2294 1436 2492 1509 liquore
2509 1437 2564 1492 in
2589 1455 2692 1510 quo
2721 1454 2837 1492 mus
2866 1437 3132 1493 ceciderit.
3160 1436 3247 1493 Ex
3269 1438 3634 1495 Paenitentiali.

2195 1527 2613 1585 CCCCXXXIV.
2642 1528 2760 1585 Mus
2790 1529 2836 1584 si
2865 1529 3126 1585 ceciderit
3175 1529 3230 1585 in
3265 1529 3563 1602 liquorem,
3605 1531 3680 1586 tol-

2121 1622 2268 1680 latur
2292 1623 2435 1688 inde,
2459 1632 2515 1680 et
2542 1633 2863 1696 aspergatur
2884 1639 3025 1694 aqua
3049 1624 3359 1690 benedicta,
3377 1635 3437 1680 et
3456 1637 3681 1681 sumatur.

2124 1714 2183 1772 Si
2213 1731 2343 1772 vero
2373 1725 2585 1772 mortua
2645 1714 2813 1772 fuerit
2855 1717 3094 1780 inventa,
3127 1717 3420 1787 abjiciatur
3453 1729 3589 1772 tctus
3618 1716 3683 1774 ille

430 1808 515 1866 De
540 1777 844 1880 c‘onfratriis
877 1809 952 1864 vel
971 1808 1270 1864 consortiis.
1310 1807 1396 1862 Ea:
1422 1777 1645 1862 coasilio
1669 1806 2016 1864 Nannetensi.
2049 1777 2096 1838 Β
2127 1808 2326 1880 liquor.
2357 1807 2512 1876 Quod
2557 1808 2602 1864 si
2635 1808 2862 1863 multum
2889 1817 2976 1863 est
2995 1808 3062 1862 de
3088 1807 3320 1878 liquore,
3345 1819 3602 1881 purgetur
3621 1810 3683 1865 ille

506 1899 895 1958 CCCCXXX".
949 1899 1176 1972 (Concil.
1225 1898 1491 1967 Nannet.,
1531 1913 1582 1954 c.
1631 1899 1718 1965 15;
1751 1899 2020 1958 HINCIARI

436 1990 734 2062 Capitula.,
759 1991 844 2046 tit.
877 1993 932 2056 1,
959 2006 1010 2046 c.
1042 1990 1156 2063 16.)
1188 1989 1264 2045 De
1285 1989 1527 2045 collectis
1565 1989 1649 2045 vel
1687 1990 2018 2059 confratriis,

435 2099 576 2155 quas
623 2082 897 2139 consortia
944 2090 1173 2148 vocant,
1222 2082 1364 2137 sicut
1406 2081 1572 2138 verbo
1603 2083 1933 2150 monuimus,
1965 2093 2022 2140 et

434 2190 582 2231 nunc
610 2174 829 2246 scriptis
877 2189 1135 2245 expresse
1163 2173 1534 2245 praecipimus,
1565 2183 1626 2228 ut
1670 2172 1881 2230 tantum
1925 2176 2021 2231 ﬁat

433 2275 700 2338 quantum
749 2275 956 2322 rectum
993 2266 1061 2321 ad
1090 2265 1477 2321 auctoritatem
1509 2273 1565 2320 et
1609 2265 1900 2322 utilitatem
1929 2275 2014 2321 at-

433 2375 540 2432 que
562 2359 630 2414 ad
651 2358 883 2415 salutem
909 2359 1104 2414 animae
1142 2359 1400 2429 pertinet.
1453 2357 1602 2413 Uitra
1651 2367 1832 2414 autem
1858 2374 2018 2415 nemo

430 2469 612 2526 neque
634 2453 888 2510 sacerdos
920 2467 1094 2523 neque
1117 2451 1292 2507 ﬁdelis
1313 2452 1600 2523 quisquam
1654 2451 1708 2506 in
1758 2453 2016 2523 parochia

432 2555 618 2602 nostra
651 2543 903 2616 progredi
925 2543 1142 2610 audeat,
1167 2543 1219 2598 id
1245 2550 1352 2608 est,
1383 2551 1444 2598 ut
1490 2543 1544 2599 in
1567 2543 1717 2598 omni
1746 2545 2014 2615 obsequio

430 2637 730 2709 religionis,
759 2635 1007 2691 videlicet
1040 2635 1093 2690 in
1121 2634 1414 2700 oblatione,
1447 2635 1502 2691 in
1541 2635 1928 2703 luminaribus,
1963 2636 2017 2692 in

433 2731 770 2788 orationibus
815 2730 1038 2794 mutuis,
1085 2729 1140 2783 in
1191 2729 1468 2799 exsequiis
1507 2730 1920 2794 defunctorum,
1963 2729 2019 2784 in

438 2823 804 2895 eleemosynis
827 2831 882 2876 et
911 2821 1126 2877 caeteris
1146 2820 1367 2891 pietatis
1390 2817 1602 2874 ofﬁciis.
1627 2819 1816 2875 Pastos
1839 2832 2018 2876 autem

432 2926 489 2972 et
519 2916 945 2972 comessationes
965 2931 1099 2986 quas
1120 2915 1300 2971 divina
1329 2914 1628 2970 auctoritas
1657 2922 1825 2978 vetat,
1849 2914 1938 2969 ubi
1966 2923 2021 2970 et

434 3009 757 3080 gravedines
785 3016 839 3062 et
881 3008 1134 3063 indebitae
1162 3008 1479 3064 exactiones
1503 3015 1561 3062 et
1601 3015 1786 3078 turpes
1808 3022 1873 3062 ac
1905 3008 2022 3063 ina-

431 3118 536 3160 nes
563 3089 762 3159 laetitiae
789 3109 845 3158 et
867 3101 998 3157 rixa:
1020 3117 1162 3172 saepe
1181 3101 1366 3167 etiam,
1401 3101 1544 3157 sicut
1568 3101 1778 3172 experti
1806 3115 2016 3176 sumus,

2125 1898 2323 1970 liquor,
2382 1908 2438 1955 et
2476 1909 2797 1972 aspergatur
2844 1915 2989 1971 aqua
3023 1910 3232 1965 sancta,
3269 1909 3318 1955 et
3365 1910 3617 1965 sumatur,
3650 1901 3682 1955 si

2125 2006 2350 2046 necesse
2376 1998 2480 2048 est.
2521 1990 2577 2046 Si
2607 1991 2661 2046 in
2705 1990 2882 2046 farina
2907 2000 3002 2046 aut
3045 1991 3099 2046 in
3150 1992 3290 2047 lacte
3316 1993 3684 2064 coagulatoaut

2127 2082 2182 2138 in
2221 2082 2380 2138 melle
2431 2098 2552 2138 mus
2598 2093 2811 2140 mortua
2860 2085 3156 2152 invenitur,
3184 2087 3330 2156 quod
3386 2087 3444 2142 in
3498 2086 3683 2142 circuitu

2129 2172 2246 2243 ejus
2279 2182 2363 2229 est
2389 2173 2534 2228 foras
2559 2175 2898 2245 projiciatur,
2931 2175 3198 2248 reliquum
3229 2186 3504 2233 sumatur.

2197 2265 2260 2323 Si
2289 2266 2404 2337 quis
2438 2267 2732 2337 sepulcrum
2759 2267 3023 2323 violaverit
3045 2280 3093 2324 et
3117 2281 3328 2325 ctelera.
3368 2270 3442 2325 Ut
3471 2289 3630 2343 supra.

2196 2357 2594 2416 CCCCXXXV.
2639 2359 2696 2416 Si
2735 2361 2855 2430 quis
2905 2362 3215 2432 sepulcrum
3251 2363 3558 2430 violaverit,
3592 2379 3679 2436 sep-

2125 2460 2233 2508 tem
2271 2467 2441 2506 annos
2473 2452 2757 2522 pteuiteat,
2788 2463 2898 2508 tres
2930 2453 2982 2508 in
3015 2470 3154 2524 pane
3181 2464 3235 2509 et
3266 2471 3437 2526 aqua.

2199 2543 2258 2600 Si
2309 2544 2431 2613 quis
2477 2543 2739 2614 ligaturas
2790 2545 3012 2610 fecerit,
3045 2545 3187 2616 quod
3225 2547 3549 2603 detestabile
3591 2557 3676 2610 est.

2129 2642 2244 2689 tres
2315 2648 2485 2689 annos
2548 2635 2846 2704 pmniteat,
2897 2651 3063 2690 unum
3111 2651 3179 2691 ex
3231 2637 3318 2692 his
3372 2638 3433 2693 in
3480 2654 3606 2710 pane
3643 2648 3682 2694 et

2124 2741 2285 2798 aqua.

2196 2819 2399 2891 Siquis
2446 2818 2855 2874 manducaverit
2905 2819 3248 2876 morticinum
3303 2828 3406 2875 aut
3443 2819 3589 2876 idolis
3607 2820 3681 2876 im-

2123 2911 2405 2979 molatum,
2434 2909 2645 2983 jejunet
2663 2911 3029 2966 hebdomadas
3050 2911 3355 2968 duodecim.

2197 3002 2255 3060 Si
2315 3003 2437 3074 quis
2508 3001 2787 3073 quodlibet
2857 3003 3160 3058 membrum
3239 3003 3340 3059 sibi
3422 3003 3681 3061 voluntarie

2124 3095 2497 3161 truncavcrit,
2545 3103 2658 3149 tres
2703 3107 2873 3148 annos
2909 3093 3191 3165 pteniteat,
3231 3109 3404 3150 unum
3441 3110 3510 3151 ex
3549 3095 3619 3149 liis.
3645 3095 3680 3146 in

430 3206 608 3264 usque
638 3192 706 3246 ad
740 3191 1030 3246 homicidia
1052 3200 1108 3246 et
1132 3191 1254 3246 odia
1277 3201 1333 3247 et
1375 3191 1742 3246 dissensiones
1772 3173 2022 3247 aecidere
2049 3168 2096 3232 ο
2125 3200 2268 3257 pane
2293 3194 2349 3241 et
2371 3199 2534 3255 aqua.

433 3281 635 3348 solent,
671 3280 806 3337 adeo
836 3272 1056 3352 penitus
1087 3282 1468 3337 interdicimus
1488 3291 1548 3336 ut
1569 3281 1664 3352 qui
1697 3290 1891 3337 contra
1919 3283 2022 3338 hoc

435 3373 715 3429 decretura
761 3388 922 3444 agere
969 3373 1399 3444 praisumpserit,
1439 3374 1485 3429 si
1524 3375 1811 3445 presbyter
1837 3371 2022 3441 fuerit,

432 3464 523 3520 vel
566 3464 793 3536 quilibet
840 3463 1094 3531 clericus,
1142 3466 1312 3538 gradu
1343 3465 1607 3536 privetur;
1639 3465 1684 3521 si
1727 3465 1899 3522 laicus
1941 3475 2027 3522 est

437 3566 536 3614 aut
563 3557 788 3624 femina,
825 3558 894 3613 ab
917 3558 1161 3614 Ecclesia
1188 3573 1359 3630 usque
1385 3561 1454 3615 ad
1482 3559 1910 3617 satisfactionem
1941 3575 2025 3616 se-

431 3658 677 3722 paretur.
727 3648 1039 3705 Conventus
1086 3658 1269 3705 autem
1320 3649 1512 3706 talium
1565 3650 1924 3718 eonfratrum,
1977 3651 2024 3707 si

435 3755 662 3796 necesse
687 3739 849 3796 fuerit
873 3749 936 3796 ut
964 3741 1128 3797 simul
1155 3742 1508 3809 conveniant,
1541 3752 1634 3798 aut
1659 3742 1798 3799 forte
1828 3743 2025 3813 aliquis

437 3842 629 3888 contra
651 3846 836 3902 parem
861 3848 1017 3888 suum
1040 3833 1366 3888 discordiam
1393 3833 1662 3898 habuerit,
1680 3835 1846 3908 376
1864 3851 2025 3904 quem

437 3924 780 3980 reconciliari
813 3939 1034 3980 necesse
1063 3924 1160 3990 sit,
1187 3931 1243 3980 et
1287 3924 1405 3979 sine
1447 3935 1714 3981 conventu
1745 3925 2025 3995 presbyte-

440 4031 629 4072 rorum
655 4025 710 4073 et
738 4026 1062 4073 caeterorum
1107 4031 1227 4073 esse
1273 4033 1383 4075 non
1427 4019 1618 4088 possit,
1655 4027 1780 4088 post
1803 4027 2024 4090 peracta

440 4109 532 4168 illa
558 4125 678 4179 quae
707 4110 797 4165 Dei
826 4118 951 4164 sunt
975 4118 1029 4165 ct
1048 4109 1372 4165 Christiana}
1396 4110 1642 4182 religioni
1669 4111 2024 4178 conveniunt,

441 4211 496 4259 et
522 4211 641 4274 post
681 4201 894 4257 debitas
923 4202 1352 4270 admonitiones,
1393 4203 1439 4260 si
1478 4205 1770 4275 contigerit
1798 4212 1856 4259 ut
1881 4221 2026 4260 verte

440 4293 726 4350 charitatis
755 4303 810 4347 et
846 4293 1100 4348 fraternae
1141 4295 1374 4351 invicem
1406 4295 1799 4352 consolationis
1834 4311 2028 4354 omnes

442 4387 511 4440 ad
531 4384 883 4440 refectionem
935 4385 1287 4451 conveniant,
1321 4386 1402 4441 sic
1430 4385 1558 4440 talia
1589 4387 1706 4442 fieri
1754 4387 2028 4458 permitti-

361 4483 365 4485 ’
443 4491 588 4540 mus,
612 4484 670 4528 ut
704 4483 918 4528 servata
947 4476 1212 4529 modestia
1243 4485 1298 4530 et
1332 4477 1690 4546 temperantia
1719 4487 1775 4532 et
1797 4479 2024 4536 sobrie-

445 4576 556 4621 tate
595 4565 850 4636 pacisque
893 4565 1206 4630 concordia,
1241 4567 1380 4621 sicut
1406 4567 1566 4621 decet
1593 4565 1816 4634 fratres,
1841 4571 2024 4626 omnia

443 4659 497 4712 in
521 4657 929 4712 aedificationem
967 4656 1322 4712 fraternitatis
1367 4666 1423 4712 et
1467 4658 1678 4714 laudem
1723 4669 1776 4714 et
1799 4662 2024 4732 gloriam

2195 3276 2252 3332 Si
2302 3275 2426 3347 quis
2471 3289 2665 3330 usuras
2709 3273 3064 3345 undecunque
3125 3275 3372 3342 exegerit
3399 3315 3418 3340 ,
3480 3273 3682 3330 similiter

2123 3367 2402 3439 poeniteat.

2201 3457 2260 3514 Si
2285 3458 2408 3528 quis
2433 3472 2531 3528 per
2556 3455 2868 3513 violentiam
2915 3463 3009 3510 aut
3061 3453 3299 3526 quolibet
3327 3454 3492 3527 ingen
3517 3471 3548 3511 ο
3572 3453 3679 3509 malo

2125 3551 2322 3608 ordine
2377 3565 2466 3606 res
2523 3549 2731 3604 alienas
2779 3547 3038 3603 invaserit
3091 3555 3186 3602 aut
3212 3546 3442 3615 tulerit,
3475 3545 3683 3603 similiter

2125 3643 2410 3715 poeniteat.

2197 3735 2364 3806 378
2401 3733 2457 3790 Si
2481 3735 2601 3806 quis
2629 3734 2866 3805 aliquem
2897 3734 3169 3791 hominem
3199 3733 3343 3790 malo
3366 3734 3558 3791 ordine
3580 3747 3679 3787 ven-

2128 3825 2348 3891 diderit,
2374 3825 2624 3880 similiter
2653 3825 2937 3896 poeniteat.

2201 3919 2258 3974 Si
2311 3919 2449 3988 quis.
2486 3934 2671 3974 arcam
2725 3926 2819 3973 aut
2868 3917 3088 3975 domum
3145 3914 3682 3998 alteriusvoluntarie
3784 3919 3785 3974 ξ

2130 4013 2253 4086 igne
2279 4001 2620 4079 cremaverit,
2649 4012 2900 4069 similiter
2933 4011 3214 4082 poeniteat.

2203 4105 2260 4161 Si
2283 4107 2405 4176 quis
2449 4121 2547 4177 per
2592 4105 2728 4161 iram
2765 4105 3000 4176 aliquem
3027 4107 3378 4176 percusserit,
3414 4116 3470 4162 et
3496 4103 3679 4175 sangui-

2130 4216 2255 4257 nem
2286 4199 2486 4256 fuderit
2512 4239 2527 4265 ,
2573 4209 2664 4254 aut
2693 4199 2924 4255 debilem
2971 4197 3180 4264 fecerit,
3212 4199 3566 4272 quadraginta
3593 4198 3678 4251 dies

2131 4293 2395 4365 paeniteat
2425 4292 2480 4347 in
2521 4307 2662 4363 pane
2685 4301 2740 4348 et
2767 4307 2926 4363 aqua.

2133 4386 2193 4442 Si
2220 4386 2409 4457 aliquis
2454 4387 2934 4440 excommunicatus
2960 4394 3197 4440 mortuus
3225 4385 3404 4456 fuerit.
3442 4382 3512 4438 Ut
3536 4395 3678 4450 supra.

2206 4477 2618 4536 CCCCXXXVI.
2644 4478 2968 4551 (HALITGAR.
2993 4478 3086 4533 lib.
3111 4495 3183 4544 vr,
3200 4494 3251 4535 c.
3279 4479 3378 4542 lt);
3407 4477 3676 4532 Buucnma.

2129 4569 2225 4626 lib.
2257 4587 2335 4636 xi,
2378 4585 2428 4625 c.
2471 4569 2586 4640 51.)
2639 4567 2694 4623 Si
2749 4568 2945 4638 aliquis
2994 4569 3497 4625 excommunicatus
3548 4564 3678 4619 fuerit

2129 4671 2418 4727 mortuus,
2462 4662 2553 4731 qui
2597 4660 2708 4730 jam
2759 4661 2832 4717 sit
2879 4661 3179 4726 confessus,
3218 4672 3273 4717 et
3323 4677 3430 4716 non
3481 4657 3680 4716 occurrit

445 4750 543 4804 Dei
571 4758 626 4802 et
654 4749 954 4819 gratiarum
988 4747 1234 4802 actiones
1261 4747 1414 4802 ﬁant.
1446 4749 1514 4802 Et
1555 4749 1654 4804 hoc
1692 4753 1912 4808 omnino
1939 4771 2030 4809 ca-
2128 4757 2320 4812 venire
2352 4755 2421 4811 ad
2447 4755 2807 4820 sacerdotem,
2850 4757 2943 4811 sed
2985 4754 3383 4826 praeoccupavit
3419 4767 3537 4808 cum
3565 4761 3679 4805 mors

442 4851 636 4898 vealur
657 4841 800 4910 quod
824 4839 1076 4896 Salvator
1099 4841 1206 4894 ait:
1239 4839 1418 4894 Videte
1468 4857 1530 4895 ne
1559 4855 1841 4911 graventur
1865 4849 2027 4903 corda

441 4949 613 4995 vestra
634 4939 686 4997 in
708 4936 924 5007 crapula
947 4948 993 4992 et
1016 4937 1262 4991 ebrietate
1280 4937 1434 5009 (Luc.
1458 4942 1597 5002 xxr).
1615 4940 1716 5008 Qui
1740 4942 2025 5011 voluerint,

445 5033 688 5104 eulogias
736 5047 766 5086 a
800 5033 1117 5103 presbytero
1147 5031 1444 5100 accipiant;
1498 5041 1554 5087 et
1583 5048 1778 5105 panem
1819 5046 2027 5093 tantum
2072 5022 2075 5024 ﬁ

445 5125 789 5180 frangentes.
847 5121 1042 5178 sinauli
1095 5124 1333 5180 sinaulos
1383 5125 1598 5178 hilmres
1650 5131 1935 5186 accininm.
1975 5143 2025 5184 ρι

2131 4847 2186 4901 in
2241 4847 2402 4901 domo
2433 4853 2527 4900 aut
2578 4846 2632 4900 in
2676 4845 2783 4911 via,
2817 4845 3018 4901 faciant
3067 4861 3166 4916 pro
3217 4860 3283 4900 eo
3309 4855 3553 4914 parentes
3591 4840 3678 4910 ejus

2136 4937 2468 4993 oblationem
2522 4938 2588 4993 ad
2635 4936 2837 5004 altare,
2867 4945 2922 4992 et
2971 4938 3100 4993 dent
3151 4937 3566 5006 redemptionem
3606 4945 3678 5002 pm

2135 5027 2387 5097 captivis.
2566 5103 2579 5106 _

2328 5119 2406 5174 De
2433 5137 2492 5175 eo
2518 5122 2608 5190 qui
2638 5120 2850 5190 furatus
2880 5120 3036 5190 fuerit
3057 5137 3148 5189 per
3172 5123 3543 5176 necessitatem.

2382 5208 2621 5238 ’ν’-νιγη
2683 5211 3011 5258 In-mn-Itnn-
3065 5211 3156 5260 Ill).
3189 5228 3264 5264 XI.
3301 5228 3351 5267 C.
3515 5205 3676 5278 quis
