3848 5510
99 323 206 383 369

100 431 223 508 quis
277 435 424 498 forte

98 623 277 680 madis
307 626 401 682 det
440 631 645 690 solidos
688 638 900 710 Viginti.
951 641 1007 698 Si
1043 623 1150 701 non
1194 623 1446 708 habuerit
1483 664 1691 716 tantum

96 714 240 768 unde
261 715 400 772 dare
411 722 603 789 possit,
627 725 716 781 det
745 728 944 787 solidos
962 732 1174 791 decem.
1199 738 1255 793 Si
1270 749 1450 797 autem
1464 747 1691 806 multum

93 818 303 874 pauper
339 806 527 878 fuerit,
560 816 650 872 det
697 820 897 878 solidos
931 831 1062 882 tres.
1095 827 1376 889 Neminem
1403 851 1534 894 vero
1554 856 1688 898 con-

92 895 279 951 turbet
299 901 433 969 quia
445 900 712 970 iussimus
739 912 872 968 dare
898 915 1098 974 solidos
1127 921 1314 992 viginti
1341 910 1437 982 aut
1466 929 1686 989 minus:

90 986 241 1056 quia,
292 991 340 1045 si
385 994 535 1052 dives
570 997 772 1068 fuerit,
805 1003 1018 1064 facilius
1050 1019 1135 1067 est
1183 986 1265 1068 illi
1307 1017 1434 1074 dare
1488 986 1688 1082 solidos

88 1078 281 1149 viginti
308 1097 477 1141 ouam
498 1093 721 1162 pauperi
745 1095 912 1169 379
938 1101 1140 1160 solidos
1158 1113 1288 1162 tres.
1315 1108 1419 1165 Sed
1443 1078 1689 1172 attendat

88 1183 474 1247 unusquisque
508 1182 595 1236 cui
622 1183 752 1241 dare
793 1188 1015 1258 debeat,
1055 1195 1170 1252 sive
1190 1213 1289 1268 pro
1315 1203 1687 1276 redemptione

85 1263 452 1335 captivorum,
468 1271 580 1329 sive
599 1290 761 1347 supra
778 1292 1025 1341 sanctum
1041 1288 1211 1347 altare
1250 1293 1363 1351 sive
1380 1295 1476 1354 Dei
1492 1303 1682 1372 servis,

85 1366 177 1408 seu
202 1361 538 1428 pauperibus
558 1367 611 1420 in
644 1368 1006 1446 eleemosyna.

176 1446 327 1514 Quid
344 1469 442 1520 pro
475 1471 580 1511 uno
603 1475 775 1518 mense
797 1468 1055 1536 agendum
1085 1473 1180 1531 sit.
1216 1474 1368 1534 Unde
1396 1498 1577 1554 supra.

149 1538 942 1622 CCCCXXXIX.(Bunannn.
1003 1562 1098 1619 lib.
1153 1583 1286 1636 ιιι,
1323 1587 1372 1627 c.
1414 1538 1678 1646 dum

81 1644 186 1684 uno
213 1647 413 1691 mense
433 1641 576 1706 quod
622 1643 676 1707 in
722 1661 861 1716 pane
885 1660 940 1706 et
972 1653 1027 1708 in
1058 1671 1196 1727 aqua
1227 1663 1490 1730 paenitere
1513 1641 1679 1727 debet

79 1717 297 1789 aliquis,
324 1726 565 1794 psalmos
621 1733 872 1793 decantet
898 1742 1046 1799 mille
1093 1761 1192 1814 cc,
1228 1767 1367 1820 genu
1420 1754 1593 1824 ﬂexu;
1621 1750 1676 1815 εἰ

84 1811 126 1865 si
180 1829 292 1870 non
346 1835 490 1890 genu
541 1823 716 1890 ﬂexo,

76 1901 120 1957 si
148 1904 284 1971 vult,
311 1917 371 1963 et
390 1911 658 1973 abstinere
702 1937 806 1976 non
841 1934 1042 1994 potest.
1074 1931 1283 1988 reﬁciat
1313 1937 1379 1991 ad
1421 1951 1665 2011 sextam;

75 1991 174 2046 nisi
205 1993 349 2052 feria
381 2015 576 2071 quarta
603 2015 658 2062 et
703 1991 854 2068 sexta
877 2013 1083 2084 jejunet
1111 2037 1282 2093 usque
1323 2029 1390 2083 ad
1422 2045 1621 2088 nonam
1650 2075 1667 2104 ,

72 2099 296 2145 carnem
322 2103 380 2147 et
402 2096 582 2154 vinum
616 2118 724 2158 non
758 2119 958 2164 sumat.
985 2111 1211 2185 Reliqua
1245 2121 1528 2192 percipiat.

325 2183 468 2250 Quid
499 2206 594 2259 pro
622 2209 729 2248 una
766 2183 1218 2262 hebdomadaiﬂt
1245 2183 1442 2280 supra.»

137 2269 433 2332 CCCCXL.
466 2282 800 2352 (nuncnum.
855 2291 950 2348 lib.
1000 2313 1122 2364 χιιι,
1155 2317 1206 2355 c.
1269 2269 1380 2376 lﬂ.)
1426 2307 1532 2364 Pro
1560 2325 1666 2367 uua

67 2360 413 2424 bebdomada
463 2374 699 2441 psalmos
739 2396 834 2436 ccc
876 2400 1046 2455 genua
1089 2388 1354 2452 ﬂectendo
1394 2397 1664 2471 decantet,

63 2462 154 2506 aut
182 2455 239 2511 in
282 2475 392 2514 uno
415 2461 531 2518 loco
553 2481 652 2536 per
675 2471 922 2528 ordinem
959 2479 1175 2545 psallat.

578 2555 720 2623 Quid
747 2578 842 2631 pro
866 2581 972 2620 uno
996 2586 1156 2626 anno.

131 2635 455 2698 CCCCXLI.
489 2646 819 2718 (Buncmnn.
863 2657 955 2714 lib.
1011 2678 1124 2730 xu,
1157 2682 1205 2722 c.
1237 2669 1354 2742 20.)
1383 2672 1483 2741 Qui
1534 2691 1663 2736 vero

67 2729 313 2796 psalmos
340 2751 446 2792 non
476 2743 663 2811 novit,
693 2756 749 2802 et
796 2748 1046 2821 jejunare
1077 2773 1181 2814 non
1213 2772 1412 2833 potest,
1434 2783 1532 2838 pro
1555 2787 1663 2828 uno

64 2835 208 2879 anno
236 2819 384 2896 qudd
413 2829 661 2904 iejunare
691 2819 863 2898 debet
898 2845 950 2900 in
999 2865 1137 2920 pane
1173 2819 1230 2908 ei
1254 2819 1553 2927 aqtta',rdet
1603 2866 1656 2924 in

67 2913 414 2992 eleemosyna
438 2926 626 2999 viginti
657 2947 752 2988 sex
777 2937 997 3006 solidos,
1025 2953 1080 2998 et
1108 2946 1160 3000 in
1182 2963 1508 3025 unaquaque
1529 2959 1658 3016 heb-

68 3004 293 3065 domada
327 3013 468 3068 diem
499 3034 662 3075 unum
686 3023 893 3094 jejunet
923 3046 1092 3102 usque
1114 3036 1181 3091 ad
1217 3004 1435 3109 nonam:
1464 3045 1515 3100 id
1549 3055 1631 3104 est

67 3093 254 3156 feriam
285 3114 560 3175 quartam,
589 3121 643 3166 et
691 3115 886 3186 alium,
928 3121 980 3177 id
1004 3133 1128 3193 est,
1156 3127 1348 3186 feriam
1397 3147 1608 3194 sextam

67 3201 232 3258 usque
262 3196 331 3250 ad
362 3213 666 3270 vesperam.
693 3205 762 3262 Et
795 3210 847 3264 in
882 3221 990 3270 tres
1015 3219 1454 3294 quadragesimas
1481 3196 1651 3299 quan;
1679 3240 1723 3304 C

68 3287 170 3336 tum
231 3290 403 3345 sumit
452 3306 674 3365 penset,
707 3309 764 3356 et
809 3306 1152 3366 medietatem
1183 3287 1384 3372 tribuat
1428 3287 1647 3382 in.elee-

67 3388 302 3449 mosyna.

358 3477 526 3552 380
563 3482 698 3540 Item
733 3488 797 3542 de
820 3493 986 3560 pretio
1015 3498 1173 3553 unius
1193 3503 1341 3557 anni.

132 3561 466 3628 CCCCXLll.
519 3575 704 3643 Primo
744 3597 888 3639 anno
915 3588 1134 3657 quidam
1156 3597 1519 3663 permiserunt
1547 3602 1644 3658 tri-

65 3647 259 3714 duanas
291 3671 548 3734 quatuor,
580 3670 672 3726 alii
720 3647 1006 3738 duodecim
1059 3647 1374 3756 triduanas,
1416 3692 1469 3747 id
1517 3702 1637 3762 est,

64 3749 217 3803 semel
264 3753 318 3808 in
379 3773 565 3817 mense
615 3780 744 3820 uno.
803 3767 1034 3836 Quidam
1074 3774 1328 3836 dixerunt
1358 3783 1638 3844 triduanas

63 3849 209 3907 agere
234 3845 288 3902 in
315 3851 636 3913 verberibus
664 3869 718 3914 et
743 3861 942 3933 vigiliis
965 3864 1264 3930 insistendo
1299 3875 1560 3934 triduum.

458 3964 537 4022 De
559 3971 909 4040 redemptione
932 3979 1089 4035 unius
1117 3983 1242 4040 diei.

120 4041 466 4111 CCCCXLIII.
497 4057 734 4118 Pretium
760 4076 934 4123 autem
952 4073 1110 4130 unius
1123 4075 1248 4142 diei,
1266 4078 1317 4134 id
1329 4089 1412 4137 est
1426 4097 1631 4155 agapen

1134 4129 1139 4130 ,
1188 4129 1627 4155 --ν---αντη

61 4129 272 4195 duorum
296 4144 384 4200 vel
433 4149 595 4205 trium
625 4168 950 4227 pauperum,
974 4162 1087 4217 sive
1119 4181 1286 4222 unum
1322 4169 1627 4231 denarium.

58 4220 148 4320 alii
175 4239 343 4290 totum
398 4220 712 4308 psalterium
734 4220 818 4303 -in
873 4261 1082 4320 aestate,
1126 4257 1178 4311 in
1211 4259 1388 4316 hieme
1413 4277 1542 4320 vero
1572 4275 1630 4324 et

57 4308 104 4366 in
123 4330 277 4379 verno
297 4327 382 4382 vel
410 4329 462 4384 in
493 4345 753 4394 autumno
778 4340 1011 4410 psalmos
1043 4346 1446 4419 quinquaginta.
1500 4355 1626 4424 Qui-

63 4404 105 4424 λ-
187 4412 199 4424 .
260 4418 290 4424 --

778 4404 791 4410 -
1059 4404 1077 4416 ι
1190 4404 1210 4419 ι
1283 4404 1312 4419 υ
1361 4404 1444 4407 "”‘
1509 4404 1601 4424 ἰ“““

59 4404 562 4484 damjudicaverunt
585 4431 867 4489 duodecim
893 4436 1081 4511 plagas
1100 4441 1182 4494 vel
1220 4447 1620 4512 percussiones.

355 4515 493 4573 Item
522 4521 586 4576 de
617 4526 970 4598 redemptione
1000 4533 1157 4587 unius
1177 4535 1302 4591 diei.

116 4591 462 4694 QCCCXLIV.
497 4610 597 4678 Qui
629 4591 812 4687 itaque
844 4620 945 4676 hoc
973 4624 1117 4694 quod
1149 4625 1202 4679 in
1235 4626 1618 4690 Pmnitentiale

61 4687 291 4794 scriptum
343 4711 428 4757 est
481 4703 703 4777 implere
747 4687 1021 4782 potuerit,
1065 4727 1194 4788 agat
1238 4719 1347 4777 Deo
1391 4726 1613 4794 gratias.

60 4774 145 4842 Qui
165 4800 336 4848 autem
366 4811 471 4852 non
502 4805 736 4870 potuerit
759 4808 1074 4880 adimplere,
1107 4813 1390 4872 consilium
1423 4817 1617 4877 damus

947 339 1037 403 DE
1074 347 1356 411 ECCLES.
1385 355 1670 417 DISCIPL.
1711 363 1894 426 LIBRI
1935 371 2094 433 DUO.
2121 407 2193 420 —
2225 380 2516 446 APPEND.
2543 389 2579 447 ῐ.

471 456 578 501 non
604 449 841 518 potuerit
884 452 1151 527 jejunare,
1177 470 1231 517 et
1273 464 1524 526 habuerit
1551 472 1696 530 unde
1721 490 1770 546 Α
1797 497 1895 554 per
1914 486 2340 552 misericordiam
2365 500 2481 556 Dei.

97 529 274 600 possit
309 531 598 604 redimere,
629 541 677 596 si
708 542 859 602 dives
895 547 1077 618 fuerit,
1108 569 1206 624 pro
1237 567 1442 628 septem
1488 529 1694 622 hebdo;

790 1832 938 1890 mille
981 1852 1213 1896 ncnxxx.
1262 1843 1328 1898 Et
1373 1851 1523 1905 omni
1547 1851 1632 1907 die
1660 1893 1673 1918 ,
1704 1853 1750 1914 Β
1779 1832 2099 1934 δάνυοηιῖηυ

3276 409 3384 467 570

2496 502 2780 576 Imprimis:
2790 521 2887 579 pro
2917 527 3024 570 uno
3044 516 3130 572 die
3155 518 3210 575 in
3243 538 3382 593 pane

1795 583 1851 630 et
1873 593 2010 649 aqua
2039 585 2427 658 quinquaginta
2451 595 2688 664 psalmos
2718 610 2901 658 cantet
2925 621 3063 676 genu
3099 583 3259 680 ﬂexo,
3284 627 3378 671 aut

1794 673 1986 728 stando
2031 675 2084 731 in
2127 693 2234 735 uno
2262 681 2381 740 loco
2429 691 2769 761 septuaginta
2798 673 3069 768 decantet,
3093 714 3182 758 aut
3212 722 3377 764 unum

1793 761 2074 822 denarium
2102 769 2232 838 det,
2267 783 2362 830 aut
2412 785 2523 834 tres
2563 797 2830 854 pauperes
2880 761 3087 859 pascat.
3144 795 3377 863 Quidam

1792 851 1979 910 dicunt
2033 858 2425 935 quinquaginta
2472 851 2848 938 percussiones
2877 851 3378 956 velquinqdaginta

1790 947 2027 1017 psalmos
2053 967 2153 1022 pro
2194 971 2303 1011 uno
2331 957 2418 1014 die
2468 960 2522 1016 in
2565 973 2858 1035 autumno,
2892 971 3070 1030 hieme
3097 977 3183 1032 vel
3207 994 3376 1036 verno

1790 1049 2006 1096 centum
2033 1047 2412 1114 percussiones
2440 1051 2525 1108 vel
2553 1055 2790 1124 psalmos
2839 1063 3230 1139 quinquaginta
3255 1111 3271 1137 ,
3316 1073 3376 1129 in

1788 1142 1978 1192 testate
2005 1139 2324 1208 psalterium
2348 1159 2513 1202 unum
2553 1147 2638 1204 vel
2663 1155 3038 1222 percussiones
3062 1172 3301 1220 centum.

2034 1231 2171 1287 Item
2191 1236 2254 1291 de
2285 1238 2634 1310 redemptione
2655 1245 2816 1300 trium
2844 1264 3123 1307 annorum.

1857 1319 2190 1381 CCCCXLV.
2225 1326 2555 1397 (Buncnann.
2582 1332 2678 1389 lib.
2707 1351 2819 1401 xu,
2869 1353 2920 1394 c.
2961 1340 3078 1414 2'5.)
3131 1344 3232 1412 Qui
3263 1363 3375 1405 non
3403 1341 3418 1358 ⁹

1781 1423 1963 1485 potest
1991 1417 2070 1474 sic
2095 1434 2254 1490 agere
2279 1422 2440 1494 381
2482 1427 2854 1495 paenitentiam
2879 1441 2937 1487 ut
2965 1439 3212 1506 superius
3236 1440 3374 1498 dixi-

1783 1521 1928 1573 mus,
1966 1508 2020 1562 in
2055 1511 2230 1580 primo
2275 1529 2419 1570 anno
2449 1528 2636 1590 eroget
2680 1522 2734 1577 in
2783 1523 3126 1599 eleemosyna
3172 1530 3374 1589 solidos

1779 1601 1970 1671 viginti
2003 1617 2123 1667 sex,
2152 1603 2205 1658 in
2237 1609 2477 1664 secundo
2499 1611 2713 1684 viginti.
2746 1615 2799 1671 in
2840 1619 3002 1675 tertio
3043 1623 3370 1693 octodecim,

1778 1691 1883 1747 hoc
1905 1701 1990 1747 est
2015 1693 2213 1752 solidos
2240 1701 2518 1768 sexaginta
2545 1714 2794 1775 quatuor.
2826 1708 3080 1768 Potentes
3121 1691 3371 1774 homines

1775 1967 2053 2025 dimidium
2082 1973 2150 2028 do
2177 1979 2528 2047 pauperibus:
2553 1992 2600 2036 et
2622 1984 2669 2038 si
2695 1986 2898 2057 aliquid
2921 1990 3114 2060 injuste
3147 1993 3366 2062 abstuli,

1772 2076 1826 2115 in
1855 2063 2208 2135 quadruplum
2247 2071 2463 2125 restituo
2491 2071 2642 2142 (Luc.
2694 2078 2832 2148 x1x).
2881 2079 2947 2134 Et
2991 2081 3059 2137 de
3085 2084 3368 2155 mancipiis

1771 2152 1884 2208 suis
1904 2153 2115 2225 aliquos
2144 2157 2417 2217 dimittant
2441 2162 2662 2231 liberos,
2696 2178 2750 2224 et
2789 2172 3031 2241 captivos
3074 2152 3363 2242 redimant,

1776 2253 1826 2298 et
1852 2245 1905 2299 in
1938 2261 1998 2302 se
2025 2253 2374 2320 peccantibus
2401 2270 2466 2310 ex
2495 2259 2657 2314 corde
2683 2261 2976 2320 dimittant.
3024 2266 3094 2322 Et
3121 2268 3212 2338 qui
3258 2268 3364 2326 illi-

1769 2334 1874 2390 cita
1903 2339 2198 2406 commisit,
2227 2343 2392 2399 etiam
2424 2360 2454 2400 a
2476 2347 2640 2405 licitis
2668 2367 2726 2407 se
2766 2355 3052 2424 abstineat,
3080 2368 3133 2414 et
3163 2376 3364 2431 corpus

1768 2424 1969 2497 aﬂligat
1997 2429 2240 2499 jejuniis,
2265 2433 2464 2505 vigiliis
2493 2446 2548 2492 et
2577 2441 2787 2498 crebris
2815 2446 3169 2504 orationibus.
3218 2424 3361 2507 caro

1769 2516 1915 2572 enim
1941 2517 2061 2574 lzela
2089 2535 2186 2576 nos
2228 2521 2296 2578 ad
2327 2525 2540 2596 culpam
2571 2531 2748 2600 traxit,
2787 2533 2980 2591 aﬂlicta
3029 2539 3240 2596 reducit
3289 2543 3358 2598 ad

1765 2611 1999 2665 veniam.

1767 2699 2039 2764 Quomodo
2069 2711 2662 2804 possunjpcenitentiam
2688 2726 2880 2799 septem
2905 2736 3164 2804 annorum
3189 2723 3355 2794 paeni.

1971 2782 2073 2804 Ian-.1
2151 2792 2161 2804 4
2182 2793 2212 2804 ..ρ
2285 2791 2395 2804 .-ι-..
2431 2793 2590 2804 -_..-.-
2648 2787 2660 2804 ι
2741 2787 2782 2804 ,r
2872 2791 2882 2801 -
2912 2801 2926 2804 _

1969 2782 2093 2827 tere.
2127 2774 2212 2829 Ea:
2246 2774 2395 2833 dictis
2425 2784 2593 2836 sancti
2614 2774 2882 2856 Bonifacii
2901 2774 3145 2862 episcopi.

1833 2880 2191 2940 CCCCXLVI.
2235 2887 2508 2948 Triduana
2530 2910 2635 2950 una
2666 2913 2766 2968 pro
2793 2899 3015 2972 triginta
3058 2904 3246 2962 diebus
3294 2915 3354 2964 et

1759 2974 1998 3027 cantatio
2048 2975 2377 3043 psalmorum
2425 2992 2641 3039 centum
2691 2986 2904 3060 viginti.
2957 2990 3065 3048 Pro
3103 3011 3209 3050 uno
3263 2997 3351 3054 die

1758 3064 1948 3130 psalmi
2005 3066 2391 3140 quinquaginta
2417 3082 2472 3128 et
2497 3075 2736 3146 quinque
2785 3078 2948 3135 Pater
2995 3095 3190 3139 noster.
3239 3087 3349 3144 Pro

1760 3155 1931 3209 tribus
1958 3153 2149 3213 diebus
2178 3161 2493 3229 psalterium
2527 3182 2714 3234 unum,
2757 3178 2813 3225 et
2843 3172 3153 3241 quindecim
3180 3174 3349 3234 Pater

1756 3255 1945 3300 noster.
1982 3247 2109 3302 Item
2149 3265 2248 3320 pro
2274 3270 2381 3309 uno
2408 3257 2493 3311 die
2525 3258 2696 3314 tribus
2720 3260 2930 3318 vicibus
2970 3262 3123 3320 Beati
3161 3268 3347 3324 imma-

1751 3335 1935 3403 culati,
1959 3348 2013 3393 et
2039 3355 2132 3396 sex
2150 3341 2399 3400 Miserere
2427 3350 2548 3416 mei,
2573 3349 3168 3428 Deus,etseptuaginla
3194 3360 3344 3417 vices

1751 3440 2059 3498 prosternat
2081 3450 2138 3490 se
2167 3436 2220 3490 in
2245 3447 2466 3506 terram,
2495 3450 2549 3496 et
2571 3459 2670 3513 per
2698 3445 2936 3518 singulas
2963 3447 3128 3506 Pater
3163 3464 3340 3510 noster

1747 3521 1911 3576 dicat.
1944 3523 2077 3580 ltem
2106 3528 2150 3581 si
2176 3531 2348 3584 nescit
2376 3532 2632 3602 psalmos,
2656 3551 2752 3606 pro
2783 3554 2890 3595 uno
2915 3541 3004 3595 die
3027 3553 3340 3613 prosternat

1751 3629 1809 3668 se
1832 3626 2048 3671 centum
2069 3619 2280 3676 vicibus
2321 3621 2374 3676 in
2413 3633 2633 3692 terram,
2671 3636 2726 3682 et
2767 3645 2864 3700 per
2907 3633 3146 3703 singulas
3190 3636 3339 3694 dicat

1741 3705 1990 3763 Miserere
2013 3712 2136 3778 mei,
2167 3711 2323 3777 Deus,
2341 3722 2426 3771 et:
2452 3714 2690 3785 Dimitte,
2705 3719 3168 3795 Domine,peccata
3195 3743 3333 3785 mea.

1742 3797 1993 3858 Cantatio
2052 3804 2212 3860 unius
2264 3807 2444 3864 missa:
2495 3820 2674 3880 potest
2727 3813 2996 3872 redimere
3047 3818 3333 3879 duodecim

1736 3891 1888 3959 dies;
1929 3894 2116 3950 decem
2145 3897 2341 3966 missae,
2369 3911 2604 3971 quatuor
2634 3919 2879 3974 menses;
2912 3908 3102 3979 viginti
3129 3911 3330 3979 missm,

1734 3997 1930 4040 novem
1978 4001 2220 4056 menses;
2278 3991 2500 4062 triginta
2551 3994 2732 4051 missae
2763 4037 2779 4063 ,
2840 3997 3125 4056 duodecim
3164 4000 3330 4072 382

1733 4092 1968 4134 menses.
2001 4079 2105 4136 Pro
2135 4084 2473 4142 hebdomada
2527 4105 2634 4144 una
2687 4094 2912 4148 trecenti
2964 4096 3156 4164 psalmi
3185 4112 3330 4167 genu

1733 4166 1872 4225 ﬂexo
1891 4172 2264 4231 decantentur.
2304 4176 2405 4246 Qui
2445 4181 2685 4250 psalmos
2724 4185 2920 4251 nescit,
2972 4197 3026 4242 et
3072 4187 3326 4260 jejunare

1731 4277 1837 4318 non
1866 4273 2061 4335 potest,
2101 4278 2358 4337 quantum
2383 4273 2624 4340 quotidie
2667 4277 2835 4332 sumit
2871 4290 3084 4349 penset,
3115 4294 3170 4338 et
3207 4300 3324 4364 me-

1728 4354 1981 4412 dietatem
2011 4360 2214 4416 tribuat
2243 4363 2296 4416 in
2319 4363 2681 4440 eleemosyna.

1797 4448 1936 4506 Ecce
1980 4452 2316 4510 diversorum
2363 4457 2584 4516 Patrum
2639 4463 2880 4523 diversas
2927 4470 3210 4540 opiniones
3257 4474 3325 4530 de

1685 4599 1687 4601 ,
1726 4544 1978 4600 remediis
2006 4557 2355 4617 peccatorum
2387 4553 2471 4608 vel
2511 4555 2577 4610 de
2612 4555 2892 4630 leviganda
2918 4565 3240 4633 poenitentia
3267 4568 3322 4624 in

1645 4623 1910 4693 Dordine
1952 4643 2254 4710 posuimus,
2310 4646 2363 4700 in
2411 4648 2635 4705 arbitrio
2682 4657 2962 4722 prudentis
3022 4661 3323 4718 sacerdotis

1725 4729 2097 4802 relinquentes
2126 4738 2255 4808 quid
2304 4740 2576 4799 salubrius
2613 4752 2667 4800 et
2707 4748 2889 4807 utilius
2918 4751 3114 4808 anima-3
3140 4756 3324 4824 poeni-

1727 4825 1859 4881 tenti
1885 4841 2006 4884 esse
2027 4829 2301 4890 decernat.

63 4974 3331 5064 κἪἉ--ξ-η-

1063 5151 1228 5226 383
1292 5173 1797 5262 lPPENDIX
1865 5179 2214 5270 PRIMA.
