3944 6432
143 333 248 392 373

140 543 224 599 sui
250 541 516 614 promissa
551 539 732 606 venia,
782 539 934 596 exire
981 541 1360 612 persuadeant.
1408 538 1560 607 Quod
1587 535 1629 593 si
1663 533 1733 592 ab

931 329 1016 388 DE
1057 329 1342 389 ECCL’ES.
1383 325 1664 388 DISCIPL.
1707 322 1890 384 ιιΒιιι
1929 326 2090 386 ιιιιο.
2129 355 2200 370 -·
2233 325 2526 384 APPEND.
2553 327 2594 383 l.

140 451 278 504 siam
305 443 646 518 confugerint
677 441 815 500 trahi
841 459 947 501 non
973 454 1224 515 oportet;
1264 443 1358 502 sed
1388 459 1486 500 eos
1529 441 1728 499 domini
1757 446 1812 506 Α

3297 327 3405 384 δτι

2201 469 2222 490 ο
2443 441 2518 497 De
2543 441 2724 498 eadem
2747 459 2818 498 re.

1904 533 2091 590 XXIII.
2118 534 2426 606 (Interprct.
2470 535 2506 590 l.
2535 534 2568 592 9
2589 533 2719 589 Cod.
2747 533 2972 602 Theod.,
3007 535 3081 591 De
3111 545 3345 592 accusat.
3375 545 3426 592 et

141 631 378 688 ecclesia
428 629 750 688 exeuntibus
799 629 1010 702 poenale
1056 629 1260 702 aliquid
1308 628 1620 694 intulerint,
1673 633 1732 686 ut
1832 633 2094 708 inscript.)
2120 635 2252 690 Tam
2274 634 2430 691 civile
2454 635 2727 706 negotium
2747 649 2908 706 quam
2934 634 3426 702 criminale,~accu-

139 723 400 781 Ecclesiae
441 721 666 788 inimici,
697 721 998 778 habeantur
1022 723 1496 779 excommunicati.

486 852 566 908 De
592 853 852 910 accusatis
875 853 952 910 uel
975 857 1386 912 accusatoribus.

213 991 363 1050 XXI.
391 992 724 1068 (BURCIIARD.
777 993 871 1048 lib.
927 1007 988 1060 ιι,
1023 1009 1073 1050 c.
1115 991 1260 1065 196.)
1299 991 1430 1048 Illud
1474 1001 1737 1062 prmterea

142 1087 294 1142 omni
334 1083 704 1142 ecclesiastico
750 1083 924 1140 ordini
971 1085 1298 1142 omnimodis
1339 1084 1738 1140 observandum

141 1187 250 1244 est,
279 1185 344 1234 ut
387 1177 694 1233 nullatenus
740 1175 936 1248 aliquis
979 1183 1273 1246 praesumat
1309 1176 1362 1230 in
1392 1173 1622 1232 concilio
1655 1175 1740 1232 vel

143 1269 396 1343 synodali
439 1277 706 1326 conventu
744 1269 978 1339 aliquem
1024 1268 1356 1325 confratrum
1398 1269 1742 1325 accusatione

141 1362 392 1434 pulsare,
437 1363 542 1418 nisi
584 1363 736 1434 prius
789 1362 962 1434 ipsum
1025 1362 1388 1417 accusationis
1438 1363 1643 1418 crimen
1689 1369 1745 1417 et

141 1454 470 1527 litigationis
495 1469 690 1510 causas
733 1453 929 1512 litteris
958 1469 1056 1524 per
1093 1453 1338 1509 ordinem
1384 1454 1740 1524 comprehen-

141 1563 266 1603 sum
313 1561 478 1604 manu
519 1548 740 1618 propria
789 1547 1194 1619 subscripserit,
1244 1557 1302 1604 et
1353 1547 1608 1618 episcopo
1659 1545 1744 1604 vel

141 1653 323 1695 sacrae
365 1639 570 1711 synodo
593 1638 918 1708 porrexerit,
957 1647 1017 1694 ut
1053 1639 1196 1710 juste
1239 1647 1295 1694 ct
1329 1639 1591 1695 canonice
1635 1637 1748 1692 liti—
1807 1689 1816 1702 ,

141 1733 395 1804 gantiam
422 1732 809 1787 controversiae
843 1731 1117 1786 finiantur.
1169 1729 1284 1786 Non
1317 1732 1462 1786 enim
1505 1731 1655 1797 licet,
1686 1739 1746 1786 ut

141 1827 448 1883 auctoritas
485 1823 735 1881 Romana
777 1831 1023 1888 testatur,
1070 1823 1172 1879 nisi
1212 1821 1566 1894 inscriptione
1605 1823 1746 1878 cele—
1775 1829 1822 1890 B
1850 1811 1910 1852 5°

1836 729 2097 788 sationem
2161 727 2428 802 professio
2481 742 2642 784 manu
2711 727 3045 784 accusatoris
3122 727 3429 799 conscripta

1817 841 1822 848 ·
1839 823 2126 896 prtecedat.

2430 891 2509 947 De
2533 891 2712 947 eadem
2750 909 2826 948 re.

1909 983 2097 1042 XXIV.
2127 983 2432 1058 (interpret.
2466 983 2503 1038 l.
2532 983 2565 1040 9
2591 981 2722 1039 ϐοά.
2759 981 2980 1050 Theod.,
3013 982 3132 1039 eod.
3157 979 3266 1053 tit.)
3292 979 3430 1049 Qui-

1842 1092 2054 1148 cunque
2091 1077 2254 1132 alium
2283 1077 2346 1131 de
2376 1075 2556 1146 aliqua
2583 1071 2828 1130 criminis
2856 1073 3102 1144 capitalis
3123 1071 3433 1142 obiectione

1841 1170 2158 1242 pulsaverit,
2197 1183 2304 1223 non
2333 1168 2482 1240 prius
2510 1183 2540 1222 a
2561 1167 2836 1239 jndicibus
2881 1165 3133 1222 audiatur
3179 1177 3342 1235 quam
3377 1175 3440 1218 se

1845 1261 2072 1318 similem
2117 1275 2374 1332 poenam,
2423 1275 2583 1332 quam
2627 1275 2720 1316 reo
2759 1258 3010 1324 intendit,
3057 1255 3441 1328 subscripserit

1845 1354 2172 1412 subiturum.

2375 1421 2508 1480 Item
2545 1423 2683 1480 unde
2713 1439 2894 1494 supra.

1920 1517 2084 1574 XXV.
2126 1518 2434 1592 (lnterpret.
2469 1519 2506 1572 l.
2550 1517 2618 1574 15
2653 1517 2784 1572 ϐοά.
2820 1515 3040 1582 Tlteod.,
3069 1513 3192 1570 eod.
3231 1509 3342 1583 tit.)
3381 1508 3444 1566 In

1849 1610 2224 1668 criminalibus
2248 1611 2428 1668 causis
2453 1609 2540 1666 vel
2579 1609 2974 1680 objectionibus
2999 1624 3099 1680 per
3126 1606 3442 1662 mandatum

1849 1704 2028 1760 nullus
2069 1713 2320 1772 accuset;
2363 1705 2458 1762 sed
2515 1704 2630 1776 ipso
2674 1702 2766 1774 qui
2814 1701 3020 1758 crimen
3059 1699 3310 1764 intendit,
3349 1710 3448 1767 per

1962 1805 2204 1864 accuset,
2251 1796 2602 1867 inscriptione
2649 1795 2950 1866 praemissa.
2999 1791 3220 1850 Judices
3263 1799 3448 1844 autem

137 1881 481 1974 bratareum
516 1929 843 1986 quemquam
874 1881 1022 1980 fieri,
1047 1929 1146 1969 nec
1183 1913 1249 1970 ad
1283 1881 1547 1983 judicium
1591 1913 1748 1969 exhi-
1776 1881 1819 1890 ’⁷
1849 1889 2102 1986 Ρξδίξίθηάέ
2126 1899 2274 1986 διξιιι,
2301 1889 2778 1986 (latonattduntque
2799 1883 3084 1986 officium,
3105 1883 3148 1938 si
3189 1881 3446 1986 aliquem,

139 2007 283 2072 beri,
327 2003 486 2079 391
517 2005 668 2077 quia,
698 2005 840 2061 sicut
875 2006 1181 2061 convictum
1208 2006 1272 2060 de
1312 2005 1540 2062 crimine
1584 2019 1746 2076 poena

144 2099 504 2189 coqstriiigit,
537 2099 611 2154 ita
634 2107 1030 2166 accusatorem,
1057 2099 1102 2156 si
1133 2115 1239 2155 non
1269 2097 1580 2170 probaverit
1605 2099 1748 2172 quod

143 2193 374 2266 objecit.

197 2308 278 2364 De
301 2308 488 2364 eadem
514 2325 588 2366 re.
619 2307 704 2364 Ea:
729 2307 952 2366 concilia
989 2309 1058 2364 ad
1083 2318 1326 2366 satiatum
1355 2309 1694 2366 Medardum.

221 2439 390 2496 XXII.
423 2439 648 2512 (Cancit.
689 2440 959 2498 Suession.
989 2457 1052 2509 ιι,
1085 2451 1192 2499 act.
1223 2443 1288 2512 lg;
1315 2441 1624 2499 Buncumn.
1648 2441 1747 2498 lib.

141 2549 224 2600 ιι,
275 2548 330 2588 c.
383 2531 530 2595 197.)
575 2531 902 2590 Hincmarus
946 2533 1386 2605 archiepiscopus
1415 2533 1752 2590 Rhemorum

141 2625 270 2680 suis
310 2623 724 2682 accusatoribus
773 2626 956 2683 dixit:
1009 2627 1140 2696 Quae
1187 2635 1270 2685 est
1313 2627 1502 2700 petitio
1548 2639 1748 2697 vestra,

145 2717 398 2772 fratres?
425 2716 871 2784 Misericordiam,
915 2719 1191 2790 inquiunt,
1237 2719 1526 2792 petimnsa
1571 2729 1753 2776 vestra

145 2811 490 2883 patet-nitate
515 2811 755 2882 impendi
779 2811 846 2868 de
883 2813 1280 2871 ministratione
1308 2813 1554 2870 ordinum
1581 2813 1753 2871 eccle-

143 2906 519 2972 siasticorum,
547 2907 614 2962 ad
641 2919 776 2976 quos
801 2921 830 2962 a
859 2907 1060 2964 domno
1080 2907 1304 2964 Ebbone
1333 2911 1602 2979 quondam
1630 2925 1755 2980 pro-

143 2997 320 3062 vecti,
347 3007 528 3054 vestra
557 2999 880 3055 auctoritate
913 3001 1159 3070 suspensi
1189 3016 1395 3058 sumus.
1431 3001 1754 3058 llincmarus

147 3089 603 3162 archiepiscopus
631 3089 768 3147 dixit
803 3109 816 3147 :
841 3091 1063 3148 Habetis
1089 3093 1324 3149 libellum
1353 3093 1755 3152 reclanialionis

147 3191 246 3236 aut
278 3181 680 3250 postulationis,
721 3183 860 3238 sicut
897 3183 1264 3240 ecclesiastica
1306 3199 1363 3240 se
1393 3185 1556 3241 habet
1587 3185 1756 3242 tradi-

147 3276 268 3331 tio?
291 3273 374 3337 Illi
415 3285 594 3332 autem
621 3281 1018 3349 responderunt
1044 3295 1101 3335 se
1131 3295 1240 3349 prae
1269 3279 1516 3336 manibus
1541 3281 1749 3337 nnlhnn

147 3367 365 3423 habere
417 3365 674 3422 libellum.
725 3367 1050 3426 Hincmarus
1095 3371 1531 3440 archiepiscopus
1560 3371 1694 3426 dixit
1731 3389 1747 3427 :

147 3460 362 3532 Legum
395 3459 888 3517 ecclesiasticarum
917 3463 1213 3518 auctoritas
1243 3463 1363 3518 talis
1389 3475 1472 3518 est
1495 3463 1570 3534 (2,
1611 3481 1663 3536 q.
1701 3463 1749 3532 l,

147 3569 200 3608 c.
233 3551 319 3624 9),
350 3561 410 3607 ut
441 3553 497 3608 in
526 3552 706 3608 causis
739 3561 1016 3625 gestorum
1048 3569 1262 3624 semper
1296 3555 1622 3624 scripturam
1669 3570 1754 3609 re-

148 3645 414 3716 quirant;
457 3643 590 3699 adeo
638 3655 700 3698 ut
739 3645 830 3716 qui
886 3643 954 3699 ad
1010 3660 1226 3701 sacrum
1268 3646 1469 3702 fontem
1521 3647 1752 3716 accedit,

149 3751 324 3792 suum
377 3735 507 3791 dare
549 3749 744 3792 nomen
793 3737 1168 3808 praecipiatur;
1221 3739 1312 3809 qui
1363 3744 1426 3794 ad
1480 3755 1752 3794 sunnnum

147 3825 526 3885 sacerdotium
563 3827 903 3898 provehitur,
946 3827 1164 3884 decreto
1215 3829 1464 3884 manibus
1504 3831 1746 3884 omnium

151 3919 426 3976 roborato
455 3917 702 3990 eligitur;
735 3917 1017 3975 ordinatus
1056 3929 1234 3975 autem
1264 3935 1292 3974 a
1337 3921 1447 3976 suis
1479 3921 1753 3977 ordinato-

148 4011 316 4067 ribus
343 4007 552 4065 litteras
591 4009 836 4082 accipere
861 4009 1084 4079 jubetur
1115 4011 1240 4082 :qui
1282 4013 1446 4068 etiam
1488 4013 1554 4067 ab
1583 4013 1756 4069 eccle-

149 4105 386 4162 siastica
415 4103 675 4160 societate
705 4103 946 4174 quolibet
974 4119 1199 4160 excessu
1231 4105 1570 4171 discinditur,
1603 4105 1754 4160 libel-

151 4197 266 4254 lari
301 4197 597 4268 scriptione
630 4199 724 4252 aut
751 4197 1012 4268 recipitur
1041 4207 1134 4252 aut
1163 4197 1426 4267 dejicitur.
1455 4197 1560 4254 Sed
1583 4206 1638 4253 et
1661 4197 1756 4268 qui

150 4289 593 4357 accusatur,vel
618 4289 710 4362 qui
740 4291 1261 4358 excommunicatur,
1304 4306 1398 4346 seu
1430 4289 1754 4346 reconcilia-

150 4393 276 4448 tur,
309 4397 406 4453 per
427 4383 751 4454 scripturam
774 4385 1016 4440 accusari
1045 4385 1129 4440 vel
1157 4383 1494 4440 reconciliari
1519 4384 1752 4444 videtur.

147 4475 224 4531 Et
278 4475 358 4530 sic
409 4475 461 4530 in
505 4475 716 4532 caeteris
771 4475 1074 4546 hujusmodi
1121 4476 1176 4532 in
1226 4483 1436 4534 tantum
1487 4478 1756 4549 scriptura

1847 1982 1955 2040 nisi
1997 1983 2276 2054 prannissa
2326 1982 2702 2053 inscriptione.
2731 1980 3070 2038 subdendum
3115 1974 3449 2034 crediderint

1849 2075 2158 2146 quaestioni.

2348 2143 2510 2218 393
2589 2143 2672 2198 Ea:
2701 2143 2900 2200 eodem.

1919 2239 2110 2296 XXVI.
2131 2240 2438 2312 (Interpret.
2459 2239 2496 2292 l.
2526 2239 2592 2294 19
2613 2237 2744 2294 ϐοά.
2779 2237 2998 2306 ΤΙιεοά.,
3023 2233 3144 2292 cod.
3172 2233 3280 2304 tit.)
3311 2231 3450 2289 Ante

1851 2333 2258 2404 inscriptionem
2289 2347 2448 2388 nemo
2475 2329 2701 2386 etiicitur
2719 2330 3062 2386 criminosus.
3084 2326 3218 2382 Nam
3251 2325 3446 2380 inscri-

1849 2423 2035 2496 ptione
2063 2438 2158 2493 per
2190 2422 2434 2478 ordinem
2469 2421 2632 2488 facta,
2661 2428 2787 2476 tunc
2811 2419 3043 2492 ajudicc
3073 2416 3450 2488 suscipiendus

1853 2527 1936 2572 est
1964 2531 2108 2582 reus,
2131 2525 2187 2570 et
2213 2513 2474 2570 custodiae
2503 2528 2626 2570 cum
2654 2519 2972 2568 accusatore
2999 2509 3312 2566 tradendus.
3413 2569 3430 2586 ο

1855 2607 1933 2662 De
1964 2608 2041 2662 his
2072 2606 2163 2678 qui
2181 2603 2699 2678 iepiscopogliqunm
2731 2603 2985 2678 injuriant
3029 2601 3127 2678 rei
3148 2601 3452 2678 deliquere:

1927 2667 2119 2732 tionem
2164 2667 2400 2746 fecerint.
2441 2673 2526 2730 Ex
2554 2667 2700 2730 'libro
2741 2667 2798 2730 vi
2831 2672 3218 2746 Capitularium
3269 2667 3452 2726 Caroli

1925 2751 2082 2818 regis,
2117 2749 2286 2819 capite
2313 2747 2402 2803 99.

1925 2841 2136 2896 XXVII.
2165 2841 2304 2911 (Lib.
2333 2857 2386 2897 v1
2411 2838 2732 2912 Cephalum,
2755 2853 2805 2895 c.
2835 2837 2952 2909 98.)
2971 2835 3029 2894 Si
3053 2837 3174 2907 quis
3200 2837 3455 2906 episcopo

1856 2933 2092 3004 aliquam
2135 2932 2386 3002 injuriam
2425 2939 2520 2988 aut
2559 2930 2818 3002 injustam
2857 2931 3340 2987 dehonorationem
3373 2927 3457 2983 fe-

1857 3027 2014 3092 cerit,
2045 3027 2110 3081 de
2140 3025 2250 3080 vita
2286 3033 2594 3097 componat,
2631 3035 2692 3080 et‘
2713 3025 2895 3080 omnia
2923 3039 3044 3095 qua:
3071 3025 3274 3080 habere
3305 3023 3455 3078 visus

1857 3117 2039 3182 fuerit,
2069 3117 2322 3182 Ecclesiae
2343 3118 2428 3173 cui
2457 3131 2692 3188 praeesse
2722 3117 3056 3189 dignoscitur
3084 3117 3377 3179 sectentur,
3403 3121 3460 3169 et

1781 3211 1826 3276 C
1861 3211 2018 3268 nobis
2045 3211 2100 3266 in
2133 3211 2294 3282 triplo
2337 3211 2548 3268 bannus
2589 3221 2795 3280 noster,
2829 3211 2884 3267 id
2925 3221 3008 3267 est
3037 3225 3104 3266 ιχ
3137 3209 3290 3266 solidi
3329 3223 3452 3278 per-

1861 3307 2174 3370 solvantur;
2215 3315 2308 3362 ant
2353 3307 2468 3377 ipse
2505 3306 2558 3361 in
2597 3305 2822 3361 servitio
2849 3305 2982 3360 fisco
3007 3311 3193 3360 nostro
3223 3303 3456 3358 servitu-

1861 3415 1958 3455 rus
2008 3413 2220 3469 semper
2267 3399 2522 3462 societur,
2555 3413 2740 3469 usque
2778 3411 2838 3454 se
2881 3395 3148 3453 redimere
3191 3397 3246 3452 in
3295 3395 3458 3466 triplo

1855 3491 2011 3560 juxta
2039 3489 2363 3562 wirigildum
2396 3505 2550 3547 suum
2583 3490 2839 3562 potuerit.
2869 3490 3068 3546 Sancta
3099 3503 3229 3545 vero
3267 3488 3457 3543 Eccle-

1865 3586 1944 3642 sia
1994 3585 2046 3639 in
2099 3585 2470 3641 sacerdotibus
2518 3593 2751 3642 constat.
2803 3583 3006 3640 idcirco
3056 3599 3250 3656 magna
3294 3597 3456 3653 poma

1867 3677 2130 3749 plectendi
2178 3686 2303 3734 sunt
2343 3677 2434 3748 qui
2480 3677 2748 3749 episcopis
2779 3676 2862 3733 vel
2904 3675 3126 3746 reliquis
3162 3673 3459 3730 sacerdoti-

1863 3769 1966 3825 bns
1999 3767 2251 3838 injuriam
2281 3767 2364 3824 vel
2396 3769 2778 3825 contumeliam
2819 3767 3068 3824 fecerint.
3099 3765 3235 3844 Nam
3278 3767 3459 3822 detra-

1866 3863 1977 3918 ctio
2025 3863 2370 3918 sacerdotum
2414 3863 2482 3918 ad
2529 3861 2806 3919 Christum
2851 3862 3110 3934 pertinet,
3151 3861 3304 3934 cujus
3335 3859 3454 3915 vice

1863 3949 2132 4022 legatione
2160 3953 2212 4008 in
2244 3951 2488 4009 Ecclesia
2517 3949 2836 4026 funguntur.

1867 4043 2000 4111 Quae
2025 4047 2326 4116 paenitentia
2357 4045 2670 4116 imponenda
2696 4045 2872 4117 sithi:
2912 4045 3002 4117 qui
3041 4045 3207 4100 ἰιι-ειη
3243 4052 3336 4098 aut
3377 4043 3460 4096 la-

2374 4115 2576 4171 tranem
2603 4115 2946 4184 interﬁciunt.

1939 4203 2172 4260 XXVIII.
2205 4205 2538 4277 (Buncuann.
2570 4205 2663 4261 lib.
2704 4221 2784 4272 zu,
2809 4220 2860 4260 c.
2883 4203 2985 4268 60;
3017 4217 3132 4270 tvo,
3151 4211 3306 4274 parte
3327 4217 3454 4269 ml,

1865 4311 1916 4352 c.
1949 4295 2037 4362 46,
2071 4304 2126 4350 et
2153 4297 2296 4367 apud
2321 4294 2590 4352 GBATMN.
2627 4293 2710 4359 15,
2751 4309 2808 4364 q.
2835 4294 2890 4360 2,
2919 4309 2968 4350 c.
2997 4290 3112 4366 52.)
3153 4293 3210 4348 Si
3243 4293 3333 4347 fur
3357 4300 3453 4347 aut

1865 4389 2006 4446 latro
2027 4397 2216 4460 captus
2253 4387 2309 4444 in
2345 4389 2522 4460 praeda
2559 4387 2766 4458 absque
2799 4386 3074 4443 occisione
3098 4393 3280 4458 potest
3305 4399 3454 4441 com-

1865 4482 2152 4554 prehendi,
2189 4489 2246 4538 et
2285 4485 2466 4538 tamen
2515 4478 2864 4546 interficitur,
2887 4479 3014 4552 quia
3055 4479 3124 4534 ad
3163 4477 3452 4550 imaginem

151 4569 476 4642 deposcitur
497 4579 576 4638 ut,
618 4570 759 4628 sicut
797 4559 988 4628 beatus
1027 4569 1318 4644 Gregorius
1362 4573 1414 4630 in
1449 4575 1754 4642 commoni-
1784 4585 1838 4646 1)
1865 4576 1960 4634 Dei
1986 4577 2158 4634 creati
2193 4585 2249 4632 et
2293 4575 2348 4632 in
2395 4575 2616 4630 nomine
2660 4572 2778 4646 ejus
2818 4571 3076 4644 baptizati
3107 4577 3254 4637 sunt,
3286 4571 3456 4652 inter-

146 4665 304 4721 torio
346 4663 414 4720 ad
443 4659 705 4720 Joannem
751 4665 1088 4722 defensorem
1133 4682 1201 4722 ex
1245 4667 1502 4724 Romanis
1547 4667 1754 4740 legibus

145 4773 386 4816 sumens
425 4757 612 4814 scribit
638 4757 754 4830 (lib.
781 4775 855 4824 vr,
881 4760 1030 4828 epist.
1060 4759 1176 4832 54),
1203 4761 1468 4820 sententia
1491 4777 1612 4832 qua:
1635 4762 1756 4818 sine

145 4851 435 4921 scriptura
465 4849 764 4920 profertur,
793 4849 956 4922 392
989 4867 1088 4908 nec
1117 4865 1312 4906 nomen
1344 4851 1626 4908 sententiae
1658 4853 1759 4908 lia-

143 4941 293 4998 bere
342 4936 600 4996 meretur.
635 4941 996 5013 Quapmpter,
1045 4940 1245 4997 fratres
1274 4949 1330 4997 et
1379 4941 1496 5009 fiiii,
1540 4950 1756 5012 oportet

142 5051 259 5092 vos
289 5034 589 5091 secundum
617 5035 1042 5092 ecclesiasticam
1071 5036 1450 5092 auctoritatem
1497 5035 1760 5091 reclama-

145 5129 369 5185 tionem
392 5135 628 5184 vestram
659 5125 826 5183 libelli
851 5129 993 5184 serie
1022 5127 1280 5201 allegare,
1315 5143 1548 5200 eumque
1578 5128 1758 5186 mani-

143 5221 266 5276 bus
288 5217 488 5276 vestris
537 5219 850 5278 roboratum
899 5221 1106 5294 synodo
1149 5235 1317 5278 sacrm
1360 5222 1660 5293 porrigere,
1699 5227 1762 5276 ut

145 5311 553 5372 convenienter
572 5323 628 5371 et
653 5315 912 5374 canonice
939 5315 1090 5372 vobis
1129 5315 1304 5372 valeat
1332 5315 1669 5387 responderi.
1695 5315 1762 5370 Et

143 5415 294 5464 tunc
333 5405 438 5477 ipsi
465 5403 661 5464 fratres
705 5407 944 5464 libellum
990 5409 1416 5474 conscribentes,
1461 5408 1621 5479 eique
1663 5421 1762 5464 sua

143 5498 386 5558 nomina
397 5499 792 5566 suscribentes,
809 5509 1170 5571 porrexerunt
1185 5499 1478 5555 Hiucmaro
1489 5499 1764 5569 episcopo,

143 5592 256 5664 qui
295 5599 428 5648 tunc
455 5607 562 5648 una
586 5608 708 5648 cum
743 5592 1028 5650 Weuiioue
1054 5593 1354 5648 Senonensi
1399 5591 1764 5662 archiepisco-

139 5703 254 5760 po,
287 5695 490 5744 etcum
517 5687 792 5743 Amalrico
818 5687 1122 5744 Turonensi
1147 5699 1302 5756 atque
1330 5684 1756 5758 archiepiscopo,

144 5780 268 5840 sub
313 5780 602 5852 prasentia
639 5781 859 5854 gloriosi
911 5781 1054 5854 regis
1102 5779 1278 5837 Caroli
1315 5777 1522 5850 synodo
1571 5778 1761 5850 praesi-

149 5872 352 5934 debat.

1863 4669 2100 4727 fectores
2132 4679 2320 4726 eorum
2371 4653 2728 4740 quadraginta
2771 4665 2960 4722 diebus
3005 4679 3114 4720 non
3157 4663 3364 4718 intrent
3402 4660 3456 4716 in

1861 4762 2172 4820 ecclesiam.
2202 4761 2385 4818 Lanea
2413 4767 2568 4817 veste
2595 4757 2792 4825 induti,
2814 4758 2884 4814 ab
2915 4757 3056 4814 escis
3085 4767 3142 4811 et
3171 4752 3337 4827 39E.
3364 4767 3460 4824 pus

1867 4857 2010 4914 tibus
2039 4856 2130 4928 qui
2161 4855 2436 4913 interdicti
2467 4864 2612 4922 sunt,
2641 4867 2764 4909 cum
2791 4853 2972 4920 thoro,
2995 4850 3190 4922 gladiis
3215 4860 3270 4904 et
3297 4847 3454 4906 enui-

1869 4957 1984 5006 tatu
2011 4962 2072 5004 se
2105 4947 2434 5004 abstineant.
2464 4946 2523 5002 ln
2553 4946 2734 5012 tertia,
2769 4943 2958 5015 quinta
2985 4941 3140 5007 feria,
3165 4948 3220 4996 et
3247 4939 3450 4994 sabba-

1867 5049 1946 5106 to,
1974 5040 2157 5111 aliquo
2179 5053 2378 5112 genere
2401 5039 2752 5111 leguminum,
2776 5037 2862 5092 vel
2891 5035 3148 5099 oleribus,
3177 5041 3232 5088 et
3257 5031 3458 5102 pomis,

1867 5133 2052 5205 parvis
2097 5132 2398 5203 pisciculis,
2448 5147 2572 5188 cum
2614 5129 2874 5186 mediocri
2919 5125 3146 5184 cervisia
3166 5165 3182 5190 ,
3213 5121 3454 5200 vicissim

1867 5233 2110 5291 utantur,
2141 5233 2196 5282 et
2226 5231 2542 5295 temperate.
2577 5223 2672 5280 Sin
2719 5231 2897 5278 autem
2941 5235 2972 5276 a
3013 5216 3269 5274 veridicis
3307 5229 3458 5270 com-

1863 5317 2126 5389 probatur
2153 5317 2378 5374 testibus
2405 5317 2550 5387 quod
2573 5315 2691 5372 sine
2717 5314 2824 5370 odii
2849 5309 3220 5374 meditatione,
3246 5321 3306 5363 se
3329 5321 3458 5362 sua-

1866 5424 1973 5478 que
2009 5407 2313 5474 liberando,
2349 5407 2546 5462 diaboli
2593 5403 2834 5460 membra
2877 5397 3232 5464 interﬁciunt,
3264 5409 3460 5453 secun-

1867 5501 1996 5556 dum
2039 5499 2431 5573 indulgentiam
2476 5497 2832 5568 quadraginta
2877 5494 3068 5550 diebus
3103 5493 3174 5548 ab
3201 5489 3454 5558 ecclesia,

1869 5607 2054 5660 carne,
2085 5593 2230 5659 vino,
2261 5601 2318 5648 et
2355 5589 2624 5663 coniugio,
2669 5589 3072 5658 eleeniosynam
3116 5583 3342 5656 largiter
3371 5580 3452 5637 fa-

1869 5685 2078 5748 ciendo,
2111 5683 2437 5740 abstineant.
2465 5682 2530 5736 Et
2557 5681 2602 5734 si
2635 5679 2922 5750 presbyter
2947 5685 3053 5744 est,
3082 5691 3190 5732 non
3213 5673 3456 5744 depona-

1873 5785 1990 5843 tur;
2039 5776 2252 5831 eunctis
2299 5783 2476 5828 tamen
2519 5771 2644 5827 vita:
2687 5785 2798 5828 sua:
2845 5769 3033 5827 diebus
3078 5764 3454 5839 panitentiam

1871 5877 1995 5942 agat
2021 5867 2162 5940 [οοά.
2195 5881 2319 5935 tum,
2351 5862 2599 5936 agendo].
