3944 6422
487 369 594 433 ωδ

646 487 732 543 Ne
760 486 1045 543 oblationes
1069 480 1195 540 alibi
1224 482 1355 554 ﬁant
1381 496 1539 554 quam
1564 480 1621 535 in
1646 466 1907 535 Ecclesia.

564 579 759 638 XXIX.
791 574 1214 650 (Conr.LGangr.,
1241 588 1292 630 c.
1318 574 1373 639 7;
1399 572 1494 629 lib.
1517 566 1929 641 vttCapitular.,
1946 581 1995 622 c.
2011 563 2067 632 5;

485 671 798 729 BURCHARD.
828 667 923 723 lib.
949 683 1004 733 v,
1038 684 1088 722 e.
1122 665 1252 731 114,
1292 672 1348 721 et
1383 662 1479 720 lib.
1512 678 1588 728 xi,
1615 676 1666 717 c.
1702 660 1817 731 21.)
1862 657 1919 713 Si
1951 655 2074 727 quis

487 765 786 822 oblationes
810 761 1055 818 ecclesiae
1078 768 1231 816 extra
1257 758 1542 815 ecclesiam
1566 755 1814 825 accipere
1832 750 1920 808 vel
1942 750 2074 806 dare

487 856 718 912 voluerit
742 861 941 925 praeter
967 851 1356 910 conscientiam
1386 848 1622 922 episcopi
1651 845 1737 902 vel
1767 844 1816 901 ei
1850 842 1940 900 cui
1972 841 2074 897 hu-

480 949 783 1023 juscemodi
811 948 991 1005 ofﬁcia
1030 945 1318 1004 commissa
1360 952 1509 1009 sunt,
1540 957 1643 998 nec
1682 954 1805 997 cum
1836 935 1954 1008 ejus
1979 949 2078 992 vo-

478 1043 649 1111 luerit
678 1056 837 1114 agere
861 1039 1113 1107 consilio,
1138 1037 1428 1093 anathema
1453 1034 1543 1091 sit.

484 1158 683 1215 Contra
730 1176 818 1215 eos
866 1160 957 1230 qui
999 1158 1178 1212 dicunt
1232 1163 1475 1230 sanctam
1519 1150 1832 1230 Gregorium
1849 1158 2074 1230 "papam

558 1215 966 1286 Romanum'ad
1009 1226 1470 1297 interrogationem
1512 1215 1797 1297 Augustini
1843 1215 2078 1297 Cantua-

558 1305 756 1356 riorum
808 1301 1034 1369 episcopi
1067 1293 1570 1369 consanguininatii
1590 1300 1779 1357 quarta
1807 1293 2077 1369 contracta

559 1318 756 1356 norum
808 1317 978 1369 episco
1018 1317 1032 1352 ι
1067 1317 1550 1367 consangmmnaus
1590 1317 1778 1357 quarm
1807 1317 2077 1342 ιυιιιιαιιι.

559 1374 894 1427 matrimonia
917 1317 1045 1425 servi
1067 1370 1277 1423 minime
1296 1367 1497 1421 debere.
1522 1362 1843 1433 Excerptum
1864 1373 1929 1412 ea:
1956 1353 2078 1408 Vita

558 1443 726 1498 sancti
754 1441 1015 1511 Gregorii,
1048 1439 1180 1494 libro
1210 1455 1269 1504 ιι,
1295 1435 1530 1507 cap._'57.

479 1546 486 1557 '
560 1518 731 1590 XXX.
768 1530 1135 1605 (Exceptiones
1165 1512 1507 1595 Εαυειιτιξθ.
1541 1524 1645 1581 150
1682 1531 1739 1579 et
1764 1521 1902 1587 15!;
1939 1518 2081 1575 Bun-

470 1643 688 1710 tusnn.
714 1626 808 1683 lib.
838 1642 935 1690 vn,
961 1640 1011 1681 c.
1038 1624 1126 1690 19,
1147 1622 1265 1690 20.)
1295 1620 1589 1693 Gregorius
1613 1630 1752 1689 papa
1778 1613 2079 1675 Romanus,

487 1718 785 1788 requisitas
825 1716 893 1771 ab
921 1714 1228 1788 Augustino
1269 1710 1570 1784 Anglorum
1611 1706 1789 1779 gentis
1826 1703 2082 1775 episcopo

490 1825 664 1881 usque
696 1810 760 1864 ad
787 1816 1009 1879 quotam
1053 1805 1460 1877 generationem
1501 1799 1689 1855 ﬁdeles
1722 1788 1956 1853 debeant
1989 1807 2080 1849 co-

488 1870 687 1975 pel-ari,
712 1870 1105 1973 dispensatorie
1135 1898 1216 1955 sic
1244 1895 1559 1966 rescripsit:
1584 1891 1841 1961 Quaedam
1866 1900 2084 1944 terrena
2112 1870 2160 1931 Β

488 1998 576 2054 lex
626 1997 681 2052 in
723 1996 967 2052 Romana
999 1992 1274 2066 republica
1305 1989 1570 2063 permittit
1598 1995 1660 2042 ut
1688 1986 1802 2042 sive
1833 1982 2001 2038 frater
2032 1985 2088 2036 et

493 2105 668 2156 soror,
704 2105 799 2146 seu
846 2089 1074 2144 duorum
1103 2083 1267 2157 395
1300 2083 1530 2138 fratrum
1575 2090 1961 2151 germanorum
2001 2069 2089 2128 vel

464 2184 725 2239 'duarum
767 2195 1017 2237 sororum
1052 2178 1193 2233 ﬁlius
1232 2184 1288 2232 et
1326 2174 1435 2231 ﬁlia
1472 2173 1824 2229 misceantur.
1857 2166 1964 2223 Sed
1993 2180 2089 2220 cx-

494 2275 801 2346 perimento
838 2271 1127 2328 didicimus
1162 2284 1230 2324 ex
1273 2266 1366 2323 tali
1403 2264 1653 2336 conjugio
1698 2257 1939 2317 sobolem
1978 2269 2089 2311 non

494 2384 656 2439 posse
698 2378 1064 2422 succrescere.
1108 2361 1263 2419 Unde
1297 2372 1520 2439 necesse
1549 2365 1633 2413 est
1662 2364 1722 2410 ut
1753 2353 1865 2425 iam
1892 2358 2088 2423 quarta

494 2438 550 2515 et
579 2458 730 2514 se'xta
761 2456 1037 2528 generatio
1056 2452 1297 2509 ﬁdelium
1320 2438 1550 2507 licenter
1570 2446 1672 2503 sibi
1694 2445 1847 2518 jungi
1873 2442 2087 2498 debeat.

497 2550 636 2607 Nam
680 2551 736 2605 in
781 2548 1016 2605 secunda
1058 2562 1219 2617 quam
1264 2543 1617 2616 prazdiximus
1649 2538 1873 2595 omnino
1899 2536 2092 2591 debeat

499 2644 782 2701 abstineri.
831 2643 1027 2701 Verum
1075 2648 1200 2711 post
1250 2637 1482 2694 multum
1528 2632 1788 2705 temporis
1836 2646 1867 2685 a
1910 2627 2093 2683 Felice

500 2737 733 2795 Mesenae
758 2733 1066 2810 [Messanae]
1096 2732 1294 2790 Siciliae
1318 2729 1546 2803 praesule
1588 2725 1884 2797 requisitus
1908 2731 2092 2778 utrum

500 2832 805 2904 Augustino
829 2827 1110 2900 scripserit
1129 2834 1190 2882 ut
1208 2824 1505 2901 Anglorum
1527 2828 1722 2892 quarta
1742 2816 2094 2890 generatione

484 2929 781 2979 contracta
813 2917 1157 2975 matrimonia
1200 2914 1422 2971 minime
1451 2912 1812 2974 solverentur,
1852 2904 2092 2962 humilli-

504 3031 627 3071 mus
652 3023 806 3086 pater
834 3011 1131 3084 Gregorius
1161 3009 1305 3065 inter
1333 3015 1530 3063 ctetera
1559 3003 1722 3059 talem
1754 3000 1902 3056 dedit
1931 2998 2099 3057 ratio:

504 3122 628 3165 nem
653 3125 666 3163 :
701 3106 855 3176 Quod
881 3103 1074 3175 scripsi
1104 3100 1408 3174 Augustino
1436 3095 1738 3168 Anglorum
1770 3091 1947 3164 gentis
1988 3087 2100 3158 epi-

508 3214 691 3271 scopo,
712 3197 930 3252 alunmo
946 3193 1219 3259 videlicet,
1251 3199 1311 3246 ut
1331 3186 1633 3246 recorderis
1662 3193 1776 3250 tuo,
1793 3183 1859 3239 de
1881 3177 2098 3252 sangui-

505 3289 694 3345 nitatis
714 3286 1117 3356 conjunctione,
1140 3281 1243 3354 ipsi
1264 3288 1319 3337 et
1339 3278 1632 3349 Anglorum
1656 3273 1802 3347 genti
1834 3286 1954 3344 qua:
1998 3285 2097 3324 nu-

506 3396 606 3452 per
632 3381 699 3436 ad
730 3379 887 3434 ﬁdem
909 3385 1154 3440 venerat,
1181 3388 1251 3429 ne
1279 3388 1311 3427 a
1344 3371 1487 3427 bono
1529 3367 1671 3438 quod
1700 3370 1963 3434 coeperat,
1987 3373 2099 3415 me-

507 3472 707 3527 tuendo
735 3470 1060 3532 ansteriora,
1088 3464 1389 3527 recederet,
1413 3459 1722 3532 specialiter
1740 3465 1795 3513 et
1816 3470 1922 3510 non
1942 3465 2099 3525 gene-

504 3565 693 3621 raliter
715 3562 1016 3621 certissime
1040 3558 1323 3628 scripsisse
1367 3569 1454 3610 me
1485 3564 1805 3625 cognoscas.
1856 3544 2009 3602 Unde
2043 3548 2100 3597 et

507 3657 639 3711 mihi
658 3655 834 3711 omnis
848 3653 1092 3709 Romana
1109 3649 1303 3706 civitas
1326 3647 1479 3703 testis
1499 3644 1702 3701 existit.
1721 3640 1830 3697 Nec
1852 3639 1907 3694 in
1927 3652 1991 3693 ea
2015 3636 2098 3691 in-

508 3750 747 3804 tentione
774 3748 891 3803 haec
920 3746 1027 3801 illis
1051 3742 1243 3813 scripsi
1267 3740 1523 3796 mandata
1545 3746 1607 3793 ut
1630 3747 1914 3807 postquam
1940 3732 2097 3788 ﬁrma

506 3840 689 3894 radice
716 3839 769 3892 in
801 3836 905 3891 ﬁde
934 3831 1396 3905 fuerintﬁsolidati,
1425 3830 1470 3885 si
1502 3827 1642 3884 infra
1668 3826 1941 3898 prepriam
1967 3839 2099 3879 con-

507 3931 922 4003 sanguinitatem
971 3927 1172 3984 inventi
1222 3925 1442 3991 fuerint,
1481 3938 1588 4003 non
1629 3928 1971 3991 separentur,
2005 3924 2099 3973 aut

509 3998 651 4079 infra
700 4019 975 4076 afﬁnitatis
1010 4019 1231 4081 lineam,
1269 4017 1322 4071 id
1364 4023 1448 4071 est
1485 3998 1656 4084 usque
1698 4010 1768 4067 ad
1812 4010 2096 4081 septimam

506 4113 911 4187 generationem
957 4110 1270 4183 jnngantur.
1309 4107 1417 4165 Sed
1451 4107 1627 4162 adhuc
1654 4105 1773 4162 illos
1802 4105 2100 4176 neophytos

503 4207 831 4268 existentes,
894 4203 1192 4274 saepissime
1237 4216 1332 4257 eos
1376 4200 1527 4272 prius
1574 4198 1758 4254 illicita
1806 4196 2002 4252 docere
2045 4202 2100 4251 et

507 4299 684 4355 verbis
714 4314 779 4354 ac
813 4296 1076 4366 exemplis
1104 4295 1393 4358 instruere,
1425 4301 1480 4347 et
1504 4306 1624 4363 quae
1658 4298 1782 4362 post
1806 4289 1873 4345 de
1904 4287 2100 4344 talibus

505 4389 715 4458 egerint
747 4387 1140 4444 rationabiliter
1166 4396 1222 4442 et
1254 4385 1484 4441 ﬁdeliter
1527 4382 1817 4440 excludere
1860 4389 2094 4454 oportet.

508 4480 640 4536 Nam
681 4480 838 4552 juxta
866 4478 1206 4549 Apostolum,
1232 4478 1325 4549 qui
1368 4478 1444 4533 ait
1473 4496 1487 4531 :
1516 4477 1625 4532 Lac
1666 4478 1810 4533 vobis
1857 4477 2098 4533 dedimus

1543 360 1914 425 REGINONIS
1951 355 2370 420 PRUMIENSIS
2403 349 2694 418 seems
2832 312 2835 313 ί
2885 307 2901 335 ’ί
2949 304 2965 325 ’
3129 394 3137 403 .
3658 334 3727 391 37

2098 481 2146 539 Α
2174 484 2460 533 nocentem
2489 466 2684 529 exsilio
2713 466 3167 527 condemnatum;
3215 472 3376 532 quem
3414 470 3631 512 rursum
3677 469 3758 509 or-

2175 570 2288 627 dini
2334 584 2434 635 suo
2479 566 2850 629 restituentes,
2886 561 2940 617 id
2983 559 3161 637 denuo
3196 554 3459 610 adversus
3499 563 3757 621 prmsum-

2173 663 2414 734 ptionem
2461 668 2704 716 nostram
2752 652 3112 715 decrevimus,
3154 654 3215 702 ut
3253 645 3411 717 juxta
3460 642 3761 714 priscorua

2177 731 2399 813 l’atrum
2434 751 2754 826 synodalem
2785 744 3114 804 sententiam
3158 738 3338 796 nullus
3371 744 3619 792 nostrum
3651 731 3765 787 sine

2175 846 2392 904 concilii
2424 844 2676 901 examine
2704 838 3063 912 dejiciendum
3092 830 3390 905 quemlibet
3423 827 3758 899 presbytero

2175 955 2298 996 rum
2325 937 2407 994 vel
2439 937 2788 993 diaeonorum
2833 929 3052 986 audeat.
3080 926 3378 998 Episcopus
3404 921 3553 977 enim
3591 934 3764 990 sacer-

2176 1031 2393 1087 dotibus
2420 1044 2484 1084 ac
2516 1025 2782 1083 ministris
2808 1021 2954 1079 salus
2985 1020 3247 1075 honorem
3278 1014 3411 1068 dare
3437 1018 3637 1082 potest,
3671 1024 3769 1061 au-

2176 1119 2320 1178 ferre
2363 1118 2512 1175 solus
2560 1132 2669 1172 non
2715 1120 2917 1186 potest.
2948 1109 3239 1179 Presbyter
3270 1100 3520 1174 profecto
3564 1113 3666 1153 nec
3712 1096 3776 1150 ah

2179 1229 2286 1269 uno
2309 1210 2556 1267 damnari
2603 1222 2703 1263 nec
2736 1219 2846 1260 uno
2868 1201 3149 1272 iudicante
3186 1194 3387 1267 poterit
3431 1192 3659 1248 honoris
3697 1190 3774 1242 sui

2178 1303 2460 1379 privilegio
2499 1300 2782 1365 denudtu‘i,
2816 1296 2912 1353 sed
2955 1289 3235 1366 prtestanti
3278 1287 3525 1362 synodali
3565 1282 3779 1357 judicio

2180 1396 2324 1468 quod
2355 1409 2528 1451 canon
2560 1395 2626 1449 de
2662 1391 2767 1446 illis
2795 1382 3135 1461 praeceperit.

2184 1507 2255 1564 Ut
2300 1509 2512 1564 abbates
2564 1505 2857 1576 episcopis,
2907 1499 3153 1576 monachi
3214 1499 3491 1576 abbatibus
3536 1493 3782 1576 subsiluit.

2254 1563 2327 1634 Et
2378 1579 2441 1633 de
2488 1563 2756 1632 monac/iii
2802 1563 2969 1635 vanis.
3000 1568 3085 1624 Επ
3127 1569 3349 1628 concilio
3384 1563 3784 1629 Aurelianensi,

2257 1667 2375 1720 cap.
2406 1649 2492 1705 15.

2258 1751 2474 1808 XXXII.
2505 1750 2734 1823 (Concil.
2760 1751 3041 1807 Aurelian.
3066 1766 3110 1817 ι,
3133 1765 3184 1806 c.
3210 1747 3315 1813 l9;
3342 1743 3663 1801 Buncuno.
3687 1737 3785 1793 lib.

2190 1863 2229 1913 ι,
2261 1862 2312 1902 c.
2345 1844 2457 1918 67.)
2487 1845 2730 1901 Abbates
2775 1860 2876 1916 pro
2919 1842 3227 1900 humilitate
3257 1837 3533 1911 religionis
3571 1835 3632 1889 in
3674 1831 3794 1903 epi—

2187 1955 2472 2011 scoporum
2500 1940 2769 2011 potestate
2793 1939 3124 2003 consistant;
3156 1945 3209 1992 et
3238 1934 3285 1989 si
3312 1930 3441 2004 quid
3481 1936 3646 1989 extra
3704 1940 3793 1980 re-

2187 2033 2366 2106 gulam
2395 2031 2647 2097 fecerint,
2671 2032 2739 2086 ab
2764 2030 3033 2101 episcopis
3064 2027 3409 2100 corrigantur
3440 2040 3453 2077 :
3491 2018 3668 2094 397
3699 2015 3792 2088 qui

2188 2126 2356 2183 semel
2407 2126 2463 2180 in
2511 2139 2671 2187 anno,
2701 2124 2754 2179 in
2794 2123 2914 2179 loco
2951 2122 3044 2178 ubi
3085 2122 3370 2194 episcopus
3411 2114 3666 2186 elegerit,
3699 2126 3792 2166 ac-

2188 2226 2345 2289 cepta
2376 2216 2663 2271 vocatione
2705 2213 3076 2270 conveniant:
3108 2208 3357 2266 monachi
3394 2214 3574 2261 autem
3620 2201 3796 2256 abba.

2190 2310 2334 2365 tibus
2356 2308 2504 2364 omni
2529 2307 2836 2363 obedientia
2866 2313 2921 2362 et
2948 2304 3236 2361 devotione
3260 2301 3611 2372 suhjaceant..
3630 2293 3794 2364 Quod

2190 2399 2237 2455 si
2262 2398 2386 2470 quis
2414 2413 2514 2469 per
2542 2396 2942 2453 contumaciam
2967 2393 3242 2452 exstiterit
3269 2391 3574 2454 indevotus,
3596 2402 3674 2442 ac
3697 2399 3797 2455 per

2189 2491 2308 2548 loca
2337 2491 2518 2562 aliqua
2546 2491 2735 2562 vagari
2767 2499 2863 2546 aut
2885 2488 3161 2561 peculiare
3186 2485 3385 2557 aliquid
3415 2480 3624 2539 habere
3655 2494 3796 2551 pra:-

2192 2584 2510 2654 sumpserit,
2541 2584 2727 2639 omnia
2757 2597 2879 2654 quae
2906 2579 3245 2652 acquisierit,
3274 2577 3343 2633 ab
3370 2573 3670 2631 abbatibus
3699 2585 3797 2624 au-

2191 2677 2442 2733 ferantur
2482 2676 2779 2733 secundum
2822 2673 3064 2746 regulam
3108 2667 3443 2729 monasterio
3474 2662 3793 2737 profutura.

2192 2769 2298 2841 Ipsi
2327 2778 2507 2825 autem
2534 2767 2627 2845 qui
2656 2765 2858 2822 fuerint
2881 2763 3182 2836 provagati,
3207 2760 3301 2818 ubi
3330 2755 3530 2814 inventi
3557 2752 3793 2816 fuerint.

2195 2874 2318 2917 cum
2351 2859 2553 2916 auxilio
2586 2842 2825 2930 episcOpi
2869 2866 3126 2926 tanquam
3159 2852 3378 2925 fugaces
3409 2845 3510 2904 sub
3536 2842 3799 2901 custodia

2198 2961 2558 3017 revocentur;
2588 2960 2645 3008 et
2668 2965 2819 3006 reum
2860 2963 2921 3004 se
2953 2947 3040 3003 ille
3073 2944 3243 3001 abbas
3270 2941 3509 2998 futurum
3537 2949 3673 2992 esse
3708 2948 3800 2991 co-

2197 3055 2421 3117 gnoscat
2444 3045 2537 3115 qui
2566 3044 2620 3099 in
2650 3041 2962 3114 hujusmodi
2999 3039 3248 3111 personis
3270 3051 3380 3093 non
3410 3031 3648 3104 regulari
3680 3029 3802 3085 ani-

2199 3136 2580 3193 madversione
2613 3134 2939 3200 distrixerit,
2964 3130 3052 3188 vel
3091 3130 3185 3202 qui
3226 3125 3549 3185 monachum
3593 3135 3799 3177 susce-

2124 3233 2169 3297 C
2200 3230 2343 3301 perit
2369 3229 2624 3285 alienum.

2198 3343 2278 3422 De
2305 3344 2614 3422 discretione
2636 3342 2903 3413 potestatis
2929 3340 3467 3422 episgoporumﬂuag
3503 3331 3566 3422 fit
3595 3345 3802 3384 mana-

2269 3416 2445 3470 steriis
2499 3401 2690 3469 habere
2735 3401 2971 3485 possunt;
3022 3401 3113 3465 Eni
3155 3401 3374 3464 concilio
3421 3401 3689 3459 Toletano
3724 3416 3803 3469 tv,

2540 3564 2767 3640 (Concil.
2810 3563 2977 3620 Tolet.
3002 3578 3086 3628 tv,
3118 3577 3168 3617 c.
3197 3559 3312 3632 51.)
3357 3555 3683 3614 Nuntiatum
3721 3560 3806 3609 at

2197 3660 2450 3731 praesenti
2481 3657 2710 3713 concilio
2738 3671 2805 3712 eo
2838 3654 2980 3725 quod
3020 3651 3273 3709 monachi
3300 3646 3584 3721 episcopali
3622 3645 3807 3716 impe-

2194 3754 2283 3833 rio
2302 3751 2482 3807 servili
2507 3764 2669 3821 opere
2694 3748 3090 3818 mancipentur,
3116 3753 3170 3800 et
3194 3744 3317 3815 jura
3339 3737 3807 3797 monasteriorum

2200 3842 2732 3902 contra‘constituta
2795 3854 3065 3896 canonum
3126 3836 3310 3893 illicita
3373 3832 3809 3907 praesumptione

2198 3944 2549 4007 usurpentur,
2582 3934 2655 3989 ita
2701 3942 2760 3987 ut
2804 3946 2939 4004 pene
2988 3946 3054 3987 ex
3085 3929 3333 3986 coenobio
3374 3924 3651 3999 possessio
3686 3924 3805 3992 ﬁat,

2200 4038 2363 4098 atque
2392 4026 2617 4083 illustris
2645 4024 2823 4096 portio
2849 4022 3052 4080 Christi
3085 4021 3151 4077 ad
3182 4018 3528 4092 ignominiam
3556 4017 3806 4071 servitu-

2203 4131 2416 4191 temque
2461 4117 2760 4191 perveniat.
2814 4115 3156 4187 Quapropter
3202 4125 3481 4168 monemus
3519 4106 3673 4181 [eos]
3710 4107 3805 4179 qui

2202 4213 2446 4271 ecclesiis
2476 4218 2716 4283 praesunt
2739 4218 2801 4265 ut
2827 4209 2968 4264 ultra
3001 4208 3127 4263 talia
3157 4222 3263 4262 non
3304 4209 3676 4274 praesumant,
3709 4214 3806 4256 seu

2199 4305 2303 4361 hoc
2329 4312 2539 4358 tantum
2570 4301 2623 4357 in
2672 4298 3007 4356 monasterio
3056 4297 3155 4354 sibi
3196 4295 3439 4367 judicent
3467 4288 3802 4366 [vindicent]

2200 4399 2510 4456 sacerdotes
2535 4396 2678 4467 quod
2719 4394 3039 4467 praecipiunt
3066 4406 3321 4457 canones,
3353 4390 3405 4445 id
3432 4396 3533 4455 est,
3563 4387 3640 4442 ad
3672 4402 3806 4442 con-

2198 4490 2563 4549 versationem
2604 4497 2847 4545 sanctam
2901 4500 3215 4558 praeponere
3265 4484 3526 4546 abbates,
3575 4479 3804 4551 aliaque

508 4592 702 4641 escam,
734 4576 837 4631 ista
892 4572 997 4628 illis
1045 4573 1238 4639 modo,
1270 4586 1378 4627 non
1429 4571 1662 4641 posteris
1683 4611 1698 4638 ,
1728 4579 1791 4627 ut
1816 4570 2091 4641 praeﬁxum

2201 4584 2373 4642 ollicia
2416 4581 2769 4647 constituere,
2819 4588 2982 4650 atque
3007 4587 3160 4635 extra
3187 4573 3428 4648 regulam
3474 4572 3618 4628 facta
3648 4571 3805 4627 colli.

509 4679 610 4735 est,
637 4666 970 4738 temporibus
1001 4665 1227 4721 tenenda
1260 4663 1599 4728 indulsimus,
1624 4678 1692 4720 ne
1717 4662 1919 4719 bonum
1954 4663 2098 4734 quod

511 4759 725 4815 mﬁrma
751 4759 928 4815 adhuc
954 4758 1137 4814 radice
1160 4756 1460 4829 plantatum
1488 4766 1609 4813 erat
1633 4764 1976 4823 exureretur,
2004 4758 2101 4815 sed

507 4852 844 4923 aliquantum
873 4850 1041 4923 396
1068 4849 1400 4917 ﬁrmaretur,
1429 4859 1485 4906 et
1513 4864 1684 4922 usque
1714 4850 1782 4905 ad
1810 4848 2099 4920 perfectio—

507 4960 631 5000 nem
661 4943 1042 5000 custodiretur.
1072 4941 1199 5000 Hzec
1217 4957 1317 5014 ego
1338 4940 1576 4999 Joannes
1603 4942 1808 4999 idcirco
1830 4942 2099 5014 perstrin-

507 5040 680 5112 genda
725 5038 931 5105 curavi,
973 5046 1032 5092 ut
1075 5037 1131 5093 hi
1172 5038 1264 5109 qui
1303 5037 1591 5094 occasione
1639 5051 1791 5092 nova:
1820 5036 2100 5107 dispensa-

508 5132 672 5189 tionis
699 5131 886 5189 illicita
914 5131 1259 5187 matrimonia
1289 5130 1638 5196 contrahunt,
1665 5128 2097 5185 eruditissimum

505 5224 682 5280 virum
715 5241 822 5281 non
855 5224 1183 5294 regulariter
1214 5233 1419 5296 quarta:
1458 5221 1820 5294 generationis
1847 5220 2095 5292 capulam

505 5318 803 5385 censuisse,
828 5317 940 5374 imo
967 5318 1255 5379 venialiter
1291 5315 1557 5389 simulque
1584 5314 1951 5386 temporaliter
1972 5328 2101 5385 per-

506 5410 723 5466 misisse
749 5420 1102 5482 cognoscant.

541 5500 623 5556 De
658 5502 971 5573 presbyteris
1002 5500 1514 5573 veldiaconibasjb
1548 5515 1655 5554 uno
1681 5499 1924 5573 episcopo
1954 5514 2060 5553 non

685 5569 1028 5638 deportandis.
1054 5571 1140 5628 Ea:
1164 5574 1385 5629 concilio
1409 5570 1680 5637 Toletano,
1708 5587 1826 5640 cap.
1860 5569 1947 5623 15.
2017 5599 2021 5602 ν

581 5663 775 5720 XXXI.
828 5661 1062 5735 (Concil.
1114 5663 1323 5734 Hispal.
1370 5680 1429 5728 ll.
1465 5679 1514 5720 c.
1555 5660 1677 5735 15.)
1723 5660 2098 5733 Comperimus

509 5759 802 5833 quemdam
824 5755 1171 5826 Fratigauum
1196 5756 1564 5813 Cordubensis
1593 5756 1851 5813 Ecclesiae
1873 5758 2099 5830 presby-

510 5864 684 5911 terum
717 5866 745 5906 a
778 5847 1035 5924 pontiﬁce
1075 5862 1172 5903 suo
1214 5847 1411 5921 injuste
1439 5848 1566 5906 olim
1597 5847 1886 5919 deiectum,
1917 5858 1972 5906 et
2008 5849 2114 5923 in-,

2206 4693 2331 4751 gere
2359 4673 2696 4750 [corrigere].
2729 4673 2882 4742 Quod
2920 4671 2964 4728 si
2995 4670 3163 4741 aliqui
3214 4669 3269 4724 in
3319 4664 3599 4723 monachis
3635 4678 3804 4719 cano-

2206 4771 2367 4827 nibus
2430 4767 2774 4825 interdictum
2838 4763 3314 4835 praesnmpserint,
3376 4768 3472 4814 aut
3531 4770 3802 4827 usurpare

2205 4861 2479 4933 quidpiam
2500 4858 2668 4931 398
2688 4857 2754 4913 de
2778 4854 3095 4912 monasterii
3127 4853 3289 4911 rebus
3314 4848 3669 4913 tentaverint,
3694 4862 3800 4903 non

2207 4954 2380 5011 deerit
2421 4954 2489 5009 ab
2536 4952 2641 5007 illis
2686 4949 2954 5006 sententia
3004 4944 3583 5003 excommunicationis
3612 4942 3798 5015 quise

2206 5047 2461 5117 deinceps
2484 5057 2823 5114 nequaquam
2853 5039 3177 5097 subtulerint
3210 5040 3279 5095 ab
3305 5037 3531 5093 illicitis.

2206 5158 2284 5213 De
2325 5159 2407 5214 his
2447 5173 2576 5230 quos
2623 5167 2862 5230 parentes
2910 5152 2975 5208 ab
3024 5151 3257 5230 infantia
3306 5150 3586 5230 clericatus
3630 5148 3798 5230 pﬁcio

2274 5220 2664 5297 manciparunt,
2687 5227 2732 5297 si
2750 5236 2927 5294 postea
2955 5220 3270 5297 voluntatem
3296 5221 3526 5277 habeant
3548 5220 3792 5276 nubendi.

2275 5299 2363 5354 Ea:
2386 5294 2606 5354 concilio
2636 5296 2883 5351 Toletano
2906 5336 2922 5358 ,
2944 5312 3061 5366 cap.
3089 5294 3212 5350 119.

2274 5389 2515 5447 XXXIV.
2559 5388 2784 5462 (Concil.
2829 5386 2996 5442 Tolet.
3026 5403 3067 5453 ι,
3106 5402 3158 5442 c.
3184 5386 3260 5455 1.)
3291 5386 3368 5441 De
3409 5384 3499 5440 his
3538 5399 3681 5456 quos
3704 5398 3793 5439 vo-

2202 5484 2385 5541 luntas
2409 5491 2692 5555 parentum
2724 5497 2753 5536 a
2781 5480 2974 5552 primis
3003 5477 3243 5535 infantiae
3280 5476 3439 5533 annis
3467 5476 3670 5532 divinis
3698 5474 3795 5531 uli-

2203 5577 2445 5635 nisteriis
2491 5574 2774 5633 tradiderit
2823 5572 2877 5629 id
2933 5572 3219 5628 statuimus
3263 5568 3688 5634 observandum,
3735 5573 3792 5621 at

2204 5685 2329 5726 mox
2375 5668 2587 5724 detonsi
2613 5666 2700 5722 vel
2738 5665 3040 5721 ministerio
3064 5663 3324 5720 lectorum
3355 5660 3540 5716 traditi
3569 5659 3789 5723 fuerint,

2203 5759 2257 5814 in
2302 5758 2462 5814 domo
2508 5755 2750 5813 ecclesiae
2794 5755 2864 5810 ab
2910 5752 3058 5827 [sub]
3093 5749 3381 5824 episcopali
3430 5747 3718 5822 prasente:
3753 5758 3791 5797 ι

2198 5849 2489 5923 praeposito
2516 5847 2619 5903 sibi
2649 5847 2878 5903 debeant
2899 5844 3121 5901 erudiri.
3153 5841 3405 5899 Liberum
3436 5847 3619 5896 tamen
3662 5847 3784 5909 pm-
