3944 6424
206 410 316 472 377

956 413 1045 472 DE.
1081 408 1362 470 ECCLES.
1411 405 1692 466 DISCIPL.
1734 407 1912 464 LIBRI
1949 406 2112 465 DUO.
2143 438 2211 448 —
2241 398 2534 464 APPEND.
2575 406 2616 462 I.

3369 399 3475 466 378

206 529 345 599 priae
372 525 660 582 voluntatis
689 525 970 581 arbitrium
1010 526 1268 592 habeant,
1292 523 1382 580 ubi
1424 537 1481 577 se
1506 521 1794 577 clericatus
1822 525 1869 582 Α
1897 536 2002 574 xxx
2028 535 2217 587 annos,
2252 520 2304 575 id
2331 528 2431 586 est,
2459 519 2524 574 ad
2551 519 2652 574 viri
2682 519 2907 591 perfecti
2938 525 3151 575 aetatem
3183 521 3482 592 perveniat,

203 618 388 675 ofﬁcio
413 619 708 689 mancipari
736 617 1012 689 elegerint.
1042 617 1112 671 At
1135 615 1227 671 ubi
1250 623 1500 670 octavum
1524 613 1793 668 decimum

203 713 388 770 aetatis
431 729 542 768 suae
585 727 785 767 annum
812 709 1226 780 compleverint,
1259 722 1443 764 coram
1473 705 1636 760 totius
1661 703 1794 760 cieri

203 804 492 875 plebisque
537 813 828 874 conspectu
875 802 1125 857 voluntas
1167 814 1354 855 eorum
1385 797 1450 852 de
1494 795 1794 866 expetendo

201 894 462 966 conjugio
487 895 554 949 ab
597 895 850 965 episc0po
892 899 1279 963 perscrutetur.
1307 888 1511 957 Quibus
1543 887 1587 942 si
1619 885 1791 957 gratia

200 988 476 1042 castitatis
516 987 624 1041 Deo
673 985 969 1056 inspirante
1007 983 1285 1055 placuerit,
1313 991 1369 1036 et
1404 979 1792 1052 professionem

200 1079 542 1134 castimonia:
573 1094 681 1134 sua:
703 1077 905 1147 absque
925 1075 1191 1147 conjugali
1218 1074 1537 1129 necessitate
1565 1087 1794 1144 spopon-

199 1171 388 1226 derint
427 1179 766 1233 servaturos,
799 1169 884 1232 hi,
921 1177 1176 1237 tanquam
1225 1165 1555 1236 appetitores
1602 1163 1794 1218 arctis-

198 1263 358 1316 simre
406 1261 566 1323 vitze,
609 1259 883 1314 levissimo
932 1258 1143 1313 Domini
1186 1255 1314 1328 jugo
1358 1257 1694 1320 subdantur;
1727 1267 1793 1308 ac

197 1352 445 1425 primum
499 1353 917 1408 subdiaconatus
964 1351 1323 1406 ministerium
1355 1349 1619 1414 habeant,
1649 1346 1793 1417 quod

196 1461 229 1498 a
260 1444 584 1515 probatione
606 1441 958 1512 professionis
984 1456 1092 1496 sua:
1115 1455 1146 1494 a
1172 1439 1429 1494 vicesimo
1449 1452 1591 1492 anno
1623 1436 1793 1493 susci-

192 1537 374 1607 piant.
409 1535 558 1604 Quod
605 1535 650 1590 si
696 1533 1094 1604 inculpabiliter
1125 1547 1189 1588 ac
1231 1531 1277 1587 si
1309 1529 1569 1586 inoffense
1597 1529 1790 1585 vicesi-

194 1643 354 1681 mum
383 1636 437 1681 et
477 1627 723 1696 quintum
765 1626 943 1681 aetatis
973 1641 1084 1680 sua:
1123 1623 1430 1695 peregerint
1473 1638 1696 1689 annum,
1724 1621 1792 1677 ad

193 1721 517 1775 diaconatus
553 1717 815 1784 ofﬁcium,
865 1719 912 1774 si
965 1719 1198 1773 scienter
1246 1717 1470 1787 implere
1521 1731 1679 1788 posse
1725 1716 1792 1772 ab

191 1813 456 1884 episcopo
481 1811 922 1880 comprobantur,
949 1810 1253 1882 promoveri
1283 1818 1528 1880 possunt.

1899 611 2073 666 nullus
2102 612 2635 681 metropolitanorum
2663 613 2916 668 ordinare
2947 621 3271 683 praesumat;
3298 629 3364 668 ne
3389 629 3488 684 per

1895 713 2132 773 aetatem,
2163 706 2327 778 quod
2351 706 2634 778 aliquoties
2679 708 2881 776 evenit,
2928 706 3106 778 aliquo
3143 723 3328 764 errore
3366 707 3482 762 cul-

1895 809 2114 870 pentur.

1899 889 2016 956 Qua
2049 901 2202 946 aetate
2227 892 2522 946 sacerdotes
2556 891 2794 947 ordinari
2832 893 3068 948 debeant.
3097 891 3182 946 Ea:
3203 892 3484 947 canonibus

2074 963 2422 1017 Orientalium
2448 964 2782 1030 antiquorum
2811 963 3050 1026 Patrum,
3077 980 3193 1036 cap.
3221 964 3309 1018 20.

1946 1074 2184 1130 XXXIX.
2207 1074 2428 1149 (Concil.
2455 1075 2778 1142 Neocwsar.,
2800 1078 2879 1132 c.l
2894 1079 2945 1143 I;
2966 1077 3199 1134 Manna.
3219 1069 3484 1142 Dalmata,

1893 1186 1945 1226 c.
1975 1171 2075 1236 20;
2102 1171 2408 1227 BURCHARD.
2437 1173 2530 1228 lib.
2565 1189 2625 1238 Il,
2653 1189 2701 1228 c.
2732 1172 2841 1242 IO.)
2871 1172 2926 1227 Si
2955 1174 3076 1242 quis
3108 1173 3324 1244 triginta
3355 1182 3484 1226 mta-

1897 1261 1966 1317 tis
1997 1277 2108 1317 suae
2138 1278 2240 1317 non
2268 1261 2426 1335 401
2462 1262 2765 1332 impleverit
2791 1279 2980 1326 annos,
3012 1261 3154 1315 nullo
3181 1263 3338 1317 modo
3366 1276 3485 1331 pre«

1896 1354 2082 1426 sbyter
2105 1355 2403 1421 ordinetur,
2435 1357 2537 1412 etsi
2565 1355 2718 1410 valde
2749 1355 2818 1410 sit
2851 1355 3061 1426 dignus,
3085 1354 3211 1425 quia
3244 1354 3356 1424 ipse
3385 1354 3485 1407 Doc

1896 1448 2076 1504 minus
2103 1449 2155 1502 in
2185 1449 2456 1504 tricesimo
2485 1466 2628 1535 anno
2660 1450 2961 1519 baptizatus
3000 1457 3103 1514 est,
3141 1456 3195 1503 et
3220 1448 3297 1502 sic
3324 1445 3487 1517 cmpit

1897 1541 2108 1596 docere.
2138 1539 2361 1611 Oportet
2403 1557 2533 1612 ergo
2566 1557 2688 1596 eum
2717 1541 2808 1610 qui
2839 1539 3174 1595 ordinandus
3198 1547 3281 1595 est
3319 1549 3489 1608 usque

1895 1633 1964 1689 ad
1998 1634 2136 1688 hanc
2157 1642 2370 1688 aetatem
2400 1633 2694 1705 legitimam
2721 1632 3052 1688 conservari.
3147 1636 3152 1640 ’

1966 1745 2045 1800 De
2071 1744 2399 1800 ordinatione
2436 1745 2680 1870 episco‘pil.
2851 1743 3070 1801 concilio
3111 1743 3363 1800 Toletano
3407 1756 3486 1810 tv,

2477 1833 2590 1872 cam
2619 1834 2651 1870 u
2677 1833 2707 1871 ο
2813 1855 2827 1870 .

2477 1833 2707 1886 capitulo
2740 1833 2827 1872 τυ.

190 1904 369 1976 399
419 1902 487 1957 Ut
532 1904 782 1980 diaconus
809 1911 929 1980 ante
956 1917 1063 1956 xxv
1103 1917 1282 1980 annos.
1311 1911 1370 1980 et.
1397 1901 1640 1980 sacerdos
1671 1908 1794 1954 ante
1820 1893 1868 1954 Β
1967 1907 2080 1963 XL.
2111 1907 2420 1964 Perniciosa
2452 1909 2785 1964 consuetudo
2816 1923 3156 1980 nequaquam
3183 1906 3484 1976 reticenda,

271 1970 379 2029 ix'x
410 1991 512 2098 rion
539 1973 826 2028 ordinetur.
868 1971 956 2027 Ea:
988 1970 1208 2027 concilio
1246 1971 1538 2026 Arelatensi
1576 1982 1790 2043 quarto,

272 2063 392 2098 can.
458 2082 471 2093 .

272 2063 471 2114 cup.1.

270 2135 488 2192 XXXV.
522 2137 587 2192 Et
619 2137 744 2208 quia
782 2138 837 2193 in
866 2136 1180 2192 ordinandis
1207 2135 1420 2192 clericis
1445 2137 1791 2207 antiquorum

193 2231 426 2285 Patrum
455 2239 674 2296 statuta,
707 2245 814 2285 non
847 2231 915 2284 ad
949 2229 1240 2300 integrum,
1278 2229 1672 2300 sicutexpedit,
1697 2230 1794 2286 ob-

191 2333 418 2378 servata
460 2336 582 2378 esse
627 2322 990 2394 cognoscitur,
1041 2337 1108 2376 ne
1159 2320 1299 2376 forte
1347 2335 1794 2392 quorumcunque

192 2413 524 2481 importunis
549 2421 604 2468 et
631 2412 950 2469 inordinatis
974 2413 1224 2482 precibus
1246 2415 1556 2469 sacerdotes
1580 2414 1792 2470 Domini

191 2505 518 2578 fatigentur,
565 2515 622 2560 et
670 2521 732 2561 ea
779 2521 900 2576 qua:
944 2506 1102 2561 toties
1153 2513 1280 2561 sunt
1307 2516 1572 2576 praecepta
1615 2515 1794 2562 trans-

196 2596 354 2667 gredi
383 2595 792 2666 compellantur,
825 2597 928 2652 hoc
973 2596 1118 2650 inter
1157 2611 1215 2652 se
1249 2596 1643 2652 observandum
1673 2611 1794 2653 esse

199 2688 490 2752 definiunt,
545 2697 604 2742 ut
651 2688 828 2744 nullus
876 2689 1250 2760 episcoporum
1306 2689 1592 2745 diaconum
1639 2700 1792 2746 ante-

195 2795 368 2850 quam
419 2794 523 2834 xxv
568 2795 738 2836 annos
787 2779 1006 2851 impleat
1044 2781 1294 2836 ordinare
1332 2790 1639 2852 praesumat.
1672 2781 1794 2852 Epi-

194 2883 460 2944 scopatus
494 2889 621 2929 vero
648 2873 731 2928 vel
761 2874 1164 2945 presbyteratus
1189 2875 1449 2930 honorem
1491 2874 1670 2930 nullus
1697 2875 1793 2930 lai-

194 2983 306 3022 cus
359 2976 485 3022 ante
529 2966 863 3037 praamissam
910 2967 1318 3025 conversionem
1369 2969 1454 3024 vel
1505 2978 1632 3025 ante
1683 2985 1793 3025 xxx

193 3061 382 3114 anatis
417 3074 586 3115 annos
623 3059 870 3128 accipiat.

198 3149 273 3206 Ut
307 3151 604 3221 pmnilentcs
642 3163 689 3207 et
729 3152 926 3222 digami
965 3169 1078 3280 ne;
1113 3153 1441 3208 ordinentur.
1476 3153 1562 3209 Ea:
1590 3154 1790 3222 eodem,

897 3241 1013 3280 can.
1084 3264 1096 3278 .

897 3241 1013 3295 cap.
1043 3241 1096 3280 ο.

274 3314 515 3371 XXXVI.
560 3315 750 3373 Nullus
785 3317 1156 3386 pasnitenlem,
1184 3316 1362 3374 nullus
1396 3318 1664 3389 digamum
1705 3317 1794 3374 vel

196 3411 638 3478 internuptarum
667 3409 889 3464 maritos
913 3409 964 3463 in
990 3409 1260 3478 praedictis
1284 3410 1579 3465 honoribus
1600 3409 1796 3464 audeat

196 3500 478 3555 ordinare.
529 3499 595 3553 Et
640 3498 766 3554 licet
797 3499 910 3553 hac
943 3499 1107 3552 etiam
1143 3513 1308 3569 prope
1338 3498 1577 3554 omnium
1625 3513 1793 3554 cano-

194 3607 334 3646 num
366 3591 608 3646 instituta
646 3591 1008 3656 constiterint,
1044 3599 1222 3646 tamen
1265 3605 1333 3646 ne
1369 3591 1670 3659 cuicunque
1701 3605 1794 3646 sa-

195 3683 483 3738 cerdotum
515 3682 943 3753 supplicandum,
985 3683 1125 3738 sicut
1153 3680 1266 3752 jam
1304 3682 1560 3748 diximus,
1596 3681 1796 3752 impor-

199 3777 413 3832 tunitas
438 3777 520 3831 vel
541 3779 810 3849 suggestio
841 3779 1020 3848 iniqua
1047 3779 1328 3849 subripiat,
1361 3793 1582 3836 necesse
1603 3778 1704 3834 fuit
1735 3787 1797 3835 ut

198 3887 351 3925 nunc
375 3871 696 3926 severiorem
726 3871 964 3943 regulam
987 3871 1089 3926 sibi
1114 3871 1282 3928 velint
1304 3872 1517 3928 Domini
1541 3874 1796 3929 sacerdo-

200 3971 293 4017 tes
334 3961 626 4032 imponere.
655 3961 723 4018 Et
757 3962 874 4018 ideo
903 3963 1213 4034 quicunque
1253 3962 1322 4018 ab
1357 3964 1458 4020 hac
1484 3964 1570 4020 die
1607 3971 1797 4020 contra

199 4069 272 4106 ea
302 4069 420 4122 quae
449 4053 694 4123 superius
737 4062 862 4108 sunt
904 4055 1294 4125 comprehensa
1347 4053 1601 4109 clericum
1649 4047 1796 4110 ordié

198 4162 341 4204 nare
390 4147 812 4218 prresumpserit,
857 4145 926 4201 ab
969 4162 1033 4202 ea
1067 4146 1154 4203 die
1191 4162 1296 4217 qua
1326 4145 1428 4202 hoc
1464 4146 1513 4202 ei
1562 4145 1799 4217 potuerit

201 4237 519 4306 approbari,
565 4253 705 4293 anno
745 4238 953 4308 integro
988 4238 1182 4294 missas
1219 4236 1495 4293 celebrare
1537 4251 1798 4308 przesum-

200 4331 399 4402 pserit,
433 4331 499 4385 ab
523 4331 763 4386 omnium
797 4329 1022 4386 fratrum
1049 4330 1316 4387 charitate
1343 4329 1554 4385 noverit
1579 4343 1638 4384 se
1667 4327 1800 4384 alie-

202 4438 360 4476 num.
388 4420 551 4492 5.00
576 4420 714 4489 Quia
754 4422 972 4492 dignum
1012 4433 1098 4477 est
1141 4429 1199 4475 ut
1246 4419 1592 4476 severitatem
1640 4418 1799 4474 disci-

202 4512 366 4583 plinae
399 4511 777 4568 ecclesiasticae
825 4513 1022 4568 sentiat
1065 4511 1158 4583 qui
1201 4511 1490 4567 salubriter
1527 4525 1558 4566 a
1596 4509 1800 4567 sanctis

205 4602 464 4657 Patrihus
493 4601 736 4656 instituta
770 4601 1058 4658 observare
1085 4602 1384 4659 contemnit
1414 4600 1581 4674 (550).
1658 4670 1660 4672 ν

354 4693 473 4758 Qua
501 4702 651 4748 wtate
689 4694 896 4749 diaconi
935 4695 1259 4749 ordinentur.
1291 4690 1533 4762 Capitula
1563 4693 1648 4748 I5.

280 4783 542 4838 XXXV“.
599 4782 778 4855 (Cone.
829 4785 1042 4855 Agalh.,
1073 4801 1123 4841 c.
1171 4785 1282 4854 I6.)
1330 4782 1626 4854 Episcopus
1663 4797 1794 4839 vero

203 4875 636 4932 benedictionem
686 4877 1002 4932 diaconatus
1054 4877 1352 4934 minoribus
1410 4893 1441 4932 a
1500 4876 1687 4948 viginti
1742 4884 1799 4934 et

206 4967 451 5038 quinque
497 4982 758 5022 annorum
802 4969 1016 5038 penitus
1055 4984 1159 5025 non
1195 4968 1516 5023 committat.
1558 4967 1701 5022 Sane
1750 4967 1796 5023 si

208 5059 488 5130 coniugati
523 5060 746 5131 juvenes
782 5061 1150 5118 consenseriut
1183 5061 1442 5127 ordinari,
1475 5061 1638 5116 etiam
1667 5074 1800 5116 uxo-

207 5169 334 5209 rum
362 5152 612 5206 voluntas
641 5152 712 5206 ita
738 5151 1056 5221 requirenda
1081 5160 1167 5208 est
1200 5160 1259 5207 ut
1282 5160 1620 5222 sequestrato
1646 5165 1802 5205 man-

209 5247 387 5303 sionis
440 5244 728 5306 cubiculo,
778 5245 1032 5316 religione
1076 5246 1396 5315 praemissa,
1448 5254 1798 5315 posteaquam

208 5339 420 5412 pariter
445 5336 690 5392 conversi
716 5337 934 5404 fuerint,
961 5337 1297 5393 ordinentur.

212 5431 338 5498 Qua
377 5439 530 5485 celate
581 5429 806 5502 episcopi
844 5430 928 5555 se!
975 5431 1260 5556 presbygri
1296 5438 1678 5486 consecrentur.
1717 5429 1802 5484 Ea:

782 5518 841 5556 eo
882 5518 1119 5556 em.can.
1215 5541 1230 5556 .

782 5518 982 5567 eoaem,
1005 5518 1119 5573 cap.
1145 5518 1167 5556 ι
1185 5518 1230 5556 ι.

287 5591 570 5649 XXXVIII.
616 5592 997 5665 Presbyterum
1035 5607 1166 5648 vero
1209 5591 1293 5648 vel
1334 5593 1642 5665 episcopum
1674 5600 1800 5648 ante

290 5731 440 5802 (550)
471 5732 674 5786 Desunt
715 5732 918 5802 aliquot
963 5734 1125 5788 verba
1169 5731 1224 5786 in
1271 5746 1477 5787 canone
1515 5731 1640 5795 isto,
1681 5747 1800 5800 qua;

217 5804 299 5858 sic
345 5802 713 5872 interjicienda
763 5812 890 5858 sunt
939 5819 1003 5859 ex
1054 5804 1288 5858 editione
1333 5818 1600 5858 canonum
1646 5803 1803 5858 istius

220 5873 434 5932 concilii
466 5875 863 5929 Aurelianensis
890 5890 903 5930 :
937 5874 1245 5948 Approbari,
1282 5890 1420 5930 anno
1443 5875 1659 5944 integro
1680 5874 1806 5928 mis-

1820 4626 1876 4688 D

1895 2015 2015 2069 qua:
2057 1999 2323 2071 majorum
2369 2010 2568 2057 statuta
2610 2002 2949 2072 prazteriens,
2987 2017 3202 2058 omnem
3233 2001 3488 2058 Ecclesia

1893 2091 2138 2146 ordinem
2176 2092 2534 2161 perturbavit,
2579 2094 2704 2149 dum
2744 2093 2834 2148 alii
2873 2106 2970 2163 per
3010 2094 3270 2150 ambitum
3303 2107 3490 2150 sacer-

1895 2188 2100 2243 dotium
2129 2199 2405 2259 appetunt,
2429 2189 2518 2243 alii
2548 2188 2743 2245 oblatis
2773 2188 3087 2244 muneribus
3113 2187 3484 2260 pontificatum

1895 2288 2207 2344 assunmnt;
2250 2278 2489 2334 nonnulli
2531 2279 2694 2334 etiam
2735 2278 3032 2335 sceleribus
3082 2279 3362 2351 implicati,
3398 2275 3486 2333 vel

1895 2374 2136 2430 saeculari
2172 2374 2378 2428 militia:
2405 2373 2593 2437 dediti,
2638 2372 2841 2444 indigni
2880 2372 2948 2426 ad
2987 2371 3246 2428 honorem
3288 2368 3485 2425 summi

1893 2464 2036 2520 sacri
2061 2464 2268 2520 ordinis
2294 2472 2674 2534 pervenerunt.
2708 2462 2784 2517 De
2821 2475 3050 2532 quorum
3088 2459 3294 2515 scilicet
3317 2472 3484 2514 causa

1895 2571 2057 2631 atque
2084 2557 2382 2614 remotione
2407 2563 2718 2624 oportuerat
2741 2553 2956 2624 quidem
2982 2550 3345 2606 statuendum.
3376 2547 3486 2606 Sed

1895 2667 1963 2706 ne
1991 2648 2324 2722 perturbatio
2351 2645 2745 2718 quamplurima
2783 2642 3039 2699 Ecclesiae
3063 2641 3324 2707 oriretur,
3344 2654 3485 2710 pm.-

1896 2745 2072 2801 teritis
2112 2741 2348 2807 omissis,
2386 2739 2642 2809 deinceps
2678 2738 2769 2808 qui
2815 2752 2919 2792 non
2954 2741 3376 2807 promoveantur
3412 2730 3484 2788 ad

1897 2834 2257 2892 sacerdotium
2301 2847 2365 2888 ex
2418 2829 2618 2902 regulis
2651 2842 2919 2884 canonum
2964 2822 3273 2881 necessario
3310 2821 3490 2878 credi-

1897 2945 2020 2984 mus
2053 2926 2427 2992 inserendum,
2467 2924 2518 2978 id
2543 2932 2661 2988 est,
2695 2922 2788 2992 qui
2819 2922 2873 2976 in
2917 2920 3097 2991 aliquo
3129 2917 3355 2977 crimine
3386 2916 3484 2972 de-

1899 3023 2027 3078 tecti
2051 3029 2195 3085 sunt,
2221 3018 2313 3090 qui
2339 3015 2574 3073 infamiae
2598 3025 2726 3070 nota
2757 3013 2964 3085 aspersi
2993 3021 3138 3080 sunt,
3163 3011 3254 3083 qui
3281 3007 3486 3066 scelera

1899 3112 2081 3183 aliqua
2109 3126 2207 3184 per
2235 3108 2503 3181 publicam
2533 3105 2909 3177 pomitentiam
2942 3103 3226 3160 admisisse
3253 3098 3487 3158 confessi

1899 3213 2048 3268 sunt,
2088 3203 2180 3272 qui
2232 3201 2287 3257 in
2327 3199 2518 3256 haeresi
2562 3198 2820 3269 baptizati
2871 3205 2964 3252 aut
3007 3194 3326 3267 rebaptizati
3364 3205 3487 3249 esse

1898 3305 2173 3361 notantur,
2197 3295 2287 3366 qui
2320 3293 2638 3364 semetipsos
2657 3292 3024 3357 absciderunt,
3050 3299 3146 3346 aut
3165 3288 3490 3346 naturaliter

1897 3389 2266 3445 membrorum
2312 3385 2522 3441 defectu
2569 3383 2655 3440 vel
2703 3383 3000 3439 defectione
3049 3382 3255 3453 aliquid
3307 3381 3488 3436 minus

1897 3481 2098 3537 habere
2117 3486 2434 3544 noscuntur,
2458 3477 2548 3546 qui
2570 3477 2820 3532 secundae
2836 3475 3022 3530 uxoris
3048 3473 3484 3543 coniunctionem

1897 3569 2073 3625 sortiti
2129 3574 2292 3633 sunt,
2361 3574 2454 3620 aut
2518 3579 2804 3620 numerosa
2866 3561 3114 3634 coniugia
3176 3561 3490 3632 frequenta-

1863 3655 2130 3725 verunt,
2177 3658 2270 3729 qui
2315 3657 2532 3713 viduam
2571 3655 2657 3711 vel
2714 3671 2744 3710 a
2786 3654 2982 3709 marito
3023 3652 3264 3709 relictam
3319 3651 3489 3707 duxe-

1896 3764 2068 3820 runt,
2117 3760 2210 3808 aut
2260 3758 2642 3822 corruptarum
2695 3748 2875 3804 mariti
2921 3746 3179 3813 fuerunt,
3225 3745 3318 3817 qui
3358 3758 3490 3801 con-

1897 3848 2122 3904 cubinas
2179 3845 2247 3900 ad
2306 3843 2693 3900 fornicationes
2747 3841 3092 3905 habuerunt,
3149 3837 3242 3908 qui
3303 3832 3489 3892 servili

1895 3941 2058 4016 502
2085 3938 2392 3995 conditione
2429 3936 2650 3993 obnoxii
2685 3943 2830 3997 sunt,
2862 3932 2954 4004 qui
2994 3930 3164 4004 ignoti
3205 3935 3351 3990 sunt,
3380 3934 3476 3997 qut

1897 4015 2153 4100 neophyti
2194 4028 2280 4083 vel
2335 4027 2460 4083 laici
2498 4035 2663 4092 sunt,
2711 4025 2804 4095 qui
2849 4020 3097 4079 saeculari
3142 4017 3350 4075 militia:
3394 4015 3488 4071 de-

1903 4123 2023 4178 ditii
2061 4129 2208 4187 sunt,
2256 4119 2347 4190 qui
2373 4119 2538 4175 curia:
2564 4117 2792 4172 nexibus
2829 4113 3052 4185 obligati
3079 4119 3222 4177 sunt,
3265 4109 3359 4180 qui
3403 4107 3491 4162 in-

1899 4213 1997 4269 scii
2024 4211 2328 4266 litterarum
2373 4218 2522 4275 sunt,
2553 4209 2645 4278 qui
2685 4206 2925 4262 nondum
2962 4203 3030 4259 ad
3059 4202 3279 4270 triginta
3318 4214 3490 4257 annos

1899 4314 2282 4376 pervenerunt,
2327 4301 2416 4370 qui
2445 4314 2544 4369 per
2572 4297 2770 4370 gradus
2810 4291 3209 4351 ecclesiasticos
3255 4305 3362 4346 non
3394 4303 3490 4344 ac-

1899 4404 2202 4461 cesserunt,
2242 4394 2334 4465 qui
2374 4392 2582 4448 ambitu
2628 4391 2888 4446 honorem
2939 4394 3210 4458 quaerunt,
3240 4382 3333 4454 qui
3365 4395 3488 4436 mu-

1898 4491 2120 4546 neribus
2162 4489 2424 4543 honorem
2469 4484 2718 4540 obtinere
2761 4479 3081 4543 moliuntur,
3115 4476 3261 4547 quia
3293 4474 3486 4530 deces-

1898 4580 2118 4636 soribus
2149 4580 2202 4634 in
2241 4575 2604 4634 sacerdotium
2636 4572 2928 4643 eliguntur.
2951 4568 3061 4627 Sed
3089 4583 3190 4624 nec
3221 4565 3309 4622 ille
3336 4565 3490 4620 dein-

1899 4671 2304 4745 cepssacerdos
2323 4669 2447 4735 erit,
2473 4682 2633 4738 quem
2657 4679 2756 4721 nec
2778 4663 2954 4720 clerus
2981 4675 3082 4718 nec
3109 4657 3339 4730 populus
3365 4669 3492 4728 pro-

1900 4768 2034 4840 pris:
2073 4764 2310 4821 civitatis
2340 4759 2581 4833 elegerit,
2613 4757 2698 4814 vel
2745 4755 3041 4812 auctoritas
3091 4746 3494 4840 metropolitani

1902 4839 1987 4914 vel
2025 4853 2557 4928 comprovincialium
2579 4849 2918 4907 sacerdotum
2962 4844 3204 4902 accessio
3254 4839 3493 4912 exquisi-

1903 4951 1999 5006 vit.
2049 4947 2365 5017 Quicunque
2409 4945 2573 5016 igitur
2623 4943 2876 5013 deinceps
2919 4939 2988 4996 ad
3032 4937 3276 4995 ordinem
3310 4947 3492 4989 sacer-

1905 5041 2037 5097 dotii
2060 5039 2380 5111 postulatur,
2402 5045 2457 5092 et
2478 5036 2532 5090 in
2555 5035 2640 5090 his
2663 5049 2785 5104 qua:
2811 5031 3069 5104 praedicta
3095 5035 3220 5084 sunt
3242 5022 3489 5095 exquisi-

1905 5140 2013 5196 tus,
2043 5130 2096 5184 in
2123 5129 2267 5183 nullo
2293 5129 2487 5182 horum
2509 5123 2880 5196 deprehensus
2913 5119 3097 5183 fuerit,
3123 5115 3488 5180 examinatus,

1903 5223 2168 5296 probabili
2196 5221 2306 5275 vita
2335 5229 2498 5290 atque
2525 5217 2771 5274 doctrina
2802 5211 3095 5276 exstiterit,
3143 5219 3273 5265 tunc
3296 5220 3490 5263 secun-

1905 5317 2032 5372 dum
2071 5311 2350 5385 synodalia
2401 5309 2486 5364 vel
2525 5305 2814 5363 decretalia
2868 5301 3161 5359 constituta
3211 5313 3333 5352 cum
3372 5311 3488 5350 om-

1905 5407 2052 5462 nium
2084 5405 2402 5460 clericorum
2443 5398 2527 5456 vel
2570 5385 3072 5455 civium'voluntate
3108 5390 3176 5444 ab
3223 5385 3489 5442 universis

1907 5494 2448 5567 comprovincialibus
2485 5489 2753 5562 episcopis
2801 5495 2894 5540 aut
2940 5493 3090 5539 certe
3129 5497 3159 5536 a
3208 5479 3383 5534 tribus
3433 5477 3488 5533 in

1907 5591 1992 5646 die
2042 5588 2318 5644 Dominica
2354 5581 2780 5645 consecrabitur,
2831 5573 3246 5633 conhibentibus
3295 5569 3490 5627 litteris

1907 5747 1993 5784 sas
2023 5729 2192 5800 facere
2217 5744 2318 5780 non
2344 5732 2662 5796 prwsumat:
2689 5736 2844 5792 quam
2861 5734 2980 5800 “rem
3007 5717 3051 5772 si
3075 5717 3191 5800 quis
3209 5711 3489 5800 poseruat-'0

1909 5788 2157 5860 noluerit,
2197 5809 2243 5852 et
2287 5788 2466 5850 contra
2508 5788 2825 5848 consensum-
2853 5791 3078 5857 fratrum
3115 5788 3332 5860 faciens,
3363 5788 3489 5834 mis-

1909 5889 1996 5927 sas
2025 5871 2304 5932 celebrare,
2337 5877 2442 5922 etc.
2474 5864 2639 5921 Error
2664 5863 2763 5919 fuit
2787 5861 3012 5919 librarii.
