3944 6408
444 348 553 413 579

1478 343 1860 413 ,REGINONIS
1890 339 2305 400 PRUMIENSIS
2331 344 2621 402 ABBATIS

3609 346 3715 407 ssc

441 466 556 524 suis
578 464 671 536 qui
702 464 951 519 absentes
980 468 1123 525 sunt,
1149 467 1205 515 et
1240 457 1409 532 magis
1434 460 1758 515 auctoritate
1785 458 1866 512 vel
1897 474 2031 529 prae—
2060 459 2107 517 A
2136 458 2379 528 ruperint
2406 467 2569 530 atque
2594 459 2660 515 ad
2682 460 2948 516 secundas
2978 461 3194 531 nuptias
3236 461 3531 519 transitura
3573 463 3715 520 fece-

443 557 618 614 sentia
644 553 760 626 ejus
788 553 879 626 qui
910 562 993 609 est
1027 552 1079 607 in
1108 551 1394 623 metrOpoli
1429 542 1774 609 constitutus.
1805 549 2030 622 Episco-

440 665 543 722 pus
566 657 745 705 autem
787 662 909 704 cum
946 644 1492 717 comprovincialibus
1520 644 1921 701 consecrandus
1948 652 2032 699 est

445 740 536 796 ubi
567 736 1016 810 metropolitanus
1058 735 1312 807 elegerit;
1354 734 1802 807 metrOpolitanus
1846 745 2030 789 autem

445 829 658 886 nonnisi
705 829 762 884 in
825 828 1044 885 civitate
1092 827 1399 900 metropoli,
1488 825 2033 899 comprovincialibus

442 922 640 978 ibidem
665 920 1131 980 convenientibus.
1166 919 1224 978 Si
1252 920 1375 993 quis
1402 929 1584 977 autem
1619 920 1873 992 deinceps
1902 936 2032 975 con-

444 1022 526 1067 tra
556 1014 812 1085 praedicta
844 1014 1011 1068 vetita
1043 1026 1311 1069 canonum
1352 1012 1420 1071 ad
1469 1012 1695 1082 gradum
1742 1011 2031 1068 sacerdotii

441 1105 698 1177 indignus
751 1105 995 1175 aspirare
1045 1103 1405 1170 contenderit,
1459 1100 1580 1160 cum
1630 1102 2033 1160 ordinatoribus

444 1198 559 1255 suis
590 1198 770 1270 adepti
802 1197 1027 1254 honoris
1051 1195 1292 1268 periculo
1317 1195 1638 1269 subjacebit.

440 1287 603 1365 ‘03
624 1286 694 1343 Ut
721 1288 895 1343 vidum
925 1287 1307 1365 nonﬂvelentur.
1333 1286 1411 1342 De
1453 1285 1783 1358 generalibus
1812 1284 2033 1340 decretis

1018 1357 1216 1413 Gelasii
1262 1373 1432 1428 papa.

514 1448 650 1505 XLI.
697 1448 942 1520 (Decreta
971 1448 1211 1514 Guustt,
1246 1464 1297 1504 c.
1322 1449 1437 1523 13'.
1465 1449 1559 1504 lib.
1590 1464 1606 1504 ι
1635 1448 1957 1520 Capitulan,
1981 1463 2031 1504 c.

441 1541 576 1601 B9.l
626 1538 829 1598 Viduas
873 1542 1054 1598 velare
1123 1541 1439 1612 pontiﬁcum
1490 1541 1670 1597 nullus
1725 1548 1957 1596 attentet
2017 1557 2031 1596 :

441 1637 588 1707 quod
634 1649 736 1691 nec
769 1635 1065 1692 auctoritas
1120 1634 1301 1690 divina
1351 1634 1579 1703 delegat,
1630 1648 1730 1689 nec
1765 1644 2034 1689 canonum

443 1728 619 1787 forms
645 1729 952 1801 prastituit.
986 1727 1104 1784 Non
1129 1737 1216 1785 est
1240 1744 1372 1802 ergo
1394 1729 1612 1800 penitus
1640 1728 2031 1798 usurpandum,

443 1824 632 1894 eisque
680 1822 759 1879 sic
787 1822 1162 1878 ecclesiastica
1200 1822 1481 1879 inferenda
1511 1821 1764 1894 praesidia
1802 1828 1861 1875 ut
1897 1818 2031 1875 nihil
2061 1816 2114 1887 Β

443 1919 819 1975 committatur
853 1917 1126 1975 illicitum.

444 2024 600 2104 Quod
620 2032 812 2097 vidum,
845 2041 902 2086 ut
939 2050 1099 2104 supra
1128 2032 1330 2087 dictum
1362 2042 1458 2100 est,
1504 2048 1608 2104 non
1646 2026 1896 2086 velentur.
1926 2024 2034 2104 Sed

512 2101 559 2156 si
583 2103 873 2174 professum
909 2099 1282 2174 continentiam
1313 2099 1578 2174 proposito
1614 2099 2033 2174 mutatqcalctzf

512 2170 705 2298 serit?
735 2174 867 2245 ipsis
909 2190 1006 2246 pro
1030 2190 1087 2230 se
1111 2173 1219 2229 Deo
1244 2170 1500 2229 rationem
1529 2173 1774 2229 addent.
1803 2170 1934 2242 Cap.
1961 2170 2029 2227 Si:

518 2260 635 2313 ejus
675 2260 779 2300 em.

512 2335 673 2395 XLII.
705 2338 1039 2411 (Bumaste.
1070 2338 1165 2397 lib.
1194 2353 1315 2407 VIII,
1349 2353 1399 2394 c.
1446 2336 1561 2407 54.)
1591 2335 1727 2392 Nam
1754 2336 1822 2393 de
1858 2336 2033 2395 viduis

440 2429 543 2493 sub
583 2430 732 2487 nulla
759 2431 1138 2491 benedictione
1176 2430 1421 2488 velandis
1462 2431 1712 2501 superius
1745 2431 1852 2489 late
1896 2429 2021 2487 sum

438 2522 756 2596 cienterque
802 2524 1176 2583 disserendum
1224 2526 1480 2583 duximus
1513 2542 1526 2580 :
1560 2525 1690 2596 quia
1737 2523 1783 2580 si
1811 2524 2034 2596 propria

443 2611 720 2670 voluntate
767 2612 1073 2685 professam
1135 2615 1353 2686 pristini
1411 2612 1650 2686 coniugii
1720 2614 2031 2673 castitatem

442 2706 690 2767 mtabili
711 2715 892 2767 mente
919 2708 1277 2774 calcaveriut,
1299 2708 1527 2779 periculi
1576 2708 1694 2780 ejus
1721 2707 2033 2776 intererint,

441 2797 594 2868 quia,
617 2797 774 2868 juxta
790 2799 1135 2870 Apostolum,
1163 2801 1395 2871 primam
1422 2801 1586 2859 iidem
1615 2800 1831 2855 irritam
1883 2800 2033 2866 fecit,

441 2890 587 2961 quali
607 2891 779 2949 Deum
807 2893 1002 2957 debeat
1027 2893 1400 2953 satisfactione
1430 2893 1664 2965 placare.
1690 2891 1845 2950 Sicut
1865 2894 2032 2961 etum,

441 2983 488 3045 si
532 2998 592 3039 se
650 2983 877 3043 forsitan
936 2985 1220 3043 cominere
1272 3000 1381 3042 non
1436 2992 1693 3055 poterat,
1739 2984 2033 3040 secundum

439 3074 761 3146 Apostolum
808 3075 1113 3147 nullatenus
1144 3076 1348 3133 nubere
1393 3077 1703 3141 vetabatur,
1733 3074 1813 3130 sic
1844 3072 2034 3130 habita

441 3185 627 3229 secum
657 3169 1044 3231 deliberatione
1073 3171 1401 3242 promissam
1425 3168 1539 3227 Deo
1564 3168 1838 3240 pudicitiae
1870 3166 2033 3225 ﬁdem

447 3260 634 3323 debuit
653 3260 959 3325 custodire:
975 3259 1085 3318 Nos
1111 3269 1292 3321 autem
1322 3260 1529 3321 nullum
1551 3259 1749 3317 talibus
1777 3258 2031 3330 laqueum

2131 548 2270 613 rint;
2314 565 2433 620 quae
2474 551 2579 606 etsi
2628 549 2881 607 violentia
2934 552 3172 609 irruente
3222 552 3290 608 ab
3337 552 3520 624 aliquo
3574 569 3714 625 pra:-

2131 649 2295 711 repta:
2332 639 2555 708 fuerint,
2585 658 2649 698 ac
2678 654 2864 713 postea
2910 642 3267 699 delectatione
3311 642 3553 700 libidinis
3590 660 3715 715 per-

2132 749 2353 790 manere
2394 735 2447 789 in
2478 735 2786 808 conjugium
2836 736 3037 808 raptori
3067 735 3150 792 vel
3176 735 3417 793 violento
3443 735 3561 792 viro
3587 752 3718 793 cono

2130 825 2418 891 senserint,
2470 826 2720 897 superius
2765 826 3111 883 damnatione
3157 843 3278 883 cum
3324 836 3593 899 praesente
3642 837 3719 885 te-

2133 928 2361 973 neantur
2391 918 2663 975 obnoxiae.
2707 919 2783 975 De
2830 918 3028 975 talibus
3074 918 3220 975 enim
3268 919 3343 976 ait
3376 919 3717 992 Apostolus:

2133 1005 2263 1062 Cum
2284 1008 2421 1062 enim
2447 1008 2731 1065 luxuriam:
2752 1009 2950 1083 fuerint
2975 1012 3029 1065 in
3051 1008 3280 1079 Christo,
3305 1011 3497 1067 nubere
3518 1013 3719 1080 volunt,

2133 1097 2373 1155 habentes
2396 1100 2808 1168 damnationem,
2837 1101 2961 1172 quia
2982 1102 3206 1173 primam
3228 1100 3387 1173 ﬁdem
3414 1100 3577 1177 405
3598 1104 3724 1157 irri-

2134 1198 2240 1242 tam
2269 1190 2501 1261 fecerunt
2528 1189 2579 1263 (1
2606 1189 2742 1247 Tim.
2774 1191 2850 1264 v).
2887 1191 3143 1250 Aurelius
3171 1193 3459 1265 episcopus
3488 1193 3723 1249 Cartha-

2134 1279 2375 1351 ginensis
2405 1280 2661 1337 Ecclesiae
2709 1282 3028 1356 subscripsi.
3071 1284 3407 1342 Donatianus
3434 1284 3725 1357 Talepten-

2135 1372 2211 1429 sis
2240 1373 2426 1446 pritmze
2453 1375 2616 1455 sedis.
2912 1368 2921 1377 ’

2136 1462 2411 1539 De__vidu_i_s
2457 1466 2727 1539 professis,
2756 1467 2802 1523 si
2851 1467 3116 1539 nupserim
3136 1510 3151 1533 ,
3178 1477 3268 1524 aut
3309 1480 3472 1539 raptt:
3500 1468 3727 1539 fuerint.

2207 1534 2498 1589 Concilium
2544 1534 2854 1592 Arausicum
2903 1534 3011 1593 ivit
3062 1534 3419 1610 episcoporum
3480 1534 3730 1594 [abitum

2206 1621 2317 1660 (cra
2341 1621 2680 1674 cccccxxvn,
2707 1610 2858 1664 titulo
2886 1613 3074 1680 primo,
3102 1625 3218 1677 cap.
3243 1610 3335 1665 Ἦ.

2207 1695 2388 1752 XLIV.
2434 1695 2656 1768 (Concil.
2702 1700 2945 1754 Amusic.
2971 1717 3010 1765 ι,
3039 1714 3087 1754 c.
3127 1699 3230 1766 37;
3279 1698 3589 1757 Beecneo.
3632 1701 3734 1756 lib.

2138 1800 2254 1849 vtn,
2281 1801 2330 1841 c.
2356 1787 2470 1857 45.)
2493 1786 2785 1844 Viduitatis
2812 1790 3094 1844 servandas
3119 1787 3508 1860 professionem
3534 1807 3735 1849 coram

2138 1878 2390 1948 episcopo
2416 1878 2470 1933 in
2501 1879 2796 1934 secretario
2820 1879 3079 1945 habitam,
3105 1880 3355 1951 imposita
3378 1882 3447 1936 sb
3468 1882 3738 1952 episcopo

2137 1976 2293 2024 veste
2332 1968 2556 2038 viduali,
2588 1984 2693 2025 non
2722 1985 2843 2025 csse
2886 1968 3223 2037 violandam;
3257 1969 3373 2039 ejus
3398 1985 3527 2027 vero
3563 1972 3740 2027 robe-

2140 2067 2332 2123 torem,
2358 2059 2445 2114 vel
2475 2060 2646 2137 ipsam
2677 2060 2799 2118 talis
2825 2059 3181 2133 professionis
3211 2062 3583 2130 desertricem,
3617 2078 3743 2119 nte.

2138 2146 2244 2208 rito
2269 2167 2389 2208 esse
2420 2153 2803 2209 damnandam.

2137 2266 2407 2339 Incipiunt
2434 2269 2668 2351 capitula
2700 2286 2805 2342 qua
2835 2269 2890 2326 in
2920 2270 3017 2351 De:
3043 2272 3252 2328 nomine
3279 2281 3462 2351 sancta
3489 2270 3743 2343 synodus

2491 2338 2545 2393 in
2574 2338 2881 2395 Toieluttattt
2908 2342 3105 2410 urbem,
3135 2358 3251 2413 cap.
3278 2340 3365 2396 I0.

2209 2427 2367 2485 XLV.
2407 2430 2629 2504 (Concil.
2678 2430 2843 2487 Tolet.
2894 2450 2987 2499 ill,
3030 2448 3080 2489 c.
3126 2434 3221 2502 lO;
3272 2431 3583 2490 Buncnann.
3638 2432 3740 2489 lib.

2134 2538 2253 2590 VIII,
2286 2539 2337 2580 c.
2380 2521 2497 2599 44.)
2545 2523 2661 2581 Pm:
2702 2524 2953 2582 consultu
2998 2526 3281 2591 castitatis,
3311 2527 3452 2598 quod
3489 2527 3746 2582 maxime

2136 2614 2479 2672 hortamento
2507 2614 2723 2673 concilii
2769 2616 3031 2690 prolicere
3063 2618 3251 2682 debet,
3300 2626 3569 2674 annuente
3616 2617 3736 2689 glo-

2136 2704 2281 2761 rioso
2319 2706 2537 2763 domino
2589 2715 2773 2764 nostro
2819 2706 3098 2764 Recaredo
3147 2723 3296 2782 rege,
3329 2708 3430 2763 hoc
3472 2717 3742 2764 sanctum

2138 2795 2370 2853 all‘irmat
2396 2799 2708 2867 concilium,
2737 2808 2794 2855 ut
2822 2801 2993 2855 vidurc
3018 2799 3212 2875 quibus
3236 2800 3503 2873 placuerit
3534 2809 3743 2855 tenere

2136 2888 2440 2945 castitatem
2462 2930 2477 2957 ,
2506 2889 2652 2945 nulla
2681 2889 2729 2944 vi
2756 2890 2823 2945 ad
2854 2890 3072 2962 nuptias
3108 2891 3381 2947 iterandas
3418 2890 3612 2946 venire
3643 2906 3749 2947 co-

2134 2989 2349 3051 gantur.
2372 2977 2526 3047 Quod
2550 2980 2593 3037 si
2624 2981 2937 3052 priusquam
2964 2981 3318 3052 proﬁteantur
3338 2980 3746 3037 continentiam

2135 3073 2340 3128 nubere
2367 3073 2649 3145 elegerint,
2681 3074 2786 3129 illis
2815 3076 3022 3130 nubant
3048 3090 3184 3146 quos
3205 3075 3417 3146 propria
3446 3074 3748 3130 voluntate

2139 3166 2406 3222 voluerint
2454 3168 2651 3224 habere
2712 3169 2953 3226 maritos.
3002 3168 3205 3226 Similis
3266 3169 3502 3225 conditio
3551 3178 3615 3224 et
3675 3170 3750 3225 de

2138 3258 2436 3330 virginibus
2466 3258 2750 3326 habeatur,
2784 3274 2885 3317 nec
2914 3261 3052 3317 citra
3081 3260 3411 3316 voluntatem
3439 3268 3749 3332 parentum

444 3351 702 3409 debemus
724 3350 985 3425 injicere;
1019 3350 1123 3410 sed
1161 3352 1336 3410 solum
1381 3352 1788 3408 adhortationes
1824 3348 2035 3421 prmum
2134 3348 2219 3406 vel
2253 3366 2405 3406 suam
2448 3360 2713 3425 cogantur
2756 3353 2983 3409 maritos
3027 3352 3293 3423 accipere.
3341 3350 3399 3408 Si
3443 3351 3563 3421 quis
3601 3366 3751 3405 vero

443 3444 764 3515 sempiterni
794 3459 1097 3517 patriasque
1134 3460 1437 3518 proponere
1486 3443 1655 3500 divini
1697 3442 1926 3514 iudicii,
1974 3450 2035 3497 ut
2135 3443 2467 3515 propositum
2516 3444 2783 3503 castitatis
2822 3445 2998 3502 vidua:
3024 3445 3109 3501 vel
3140 3444 3366 3516 virginis
3395 3443 3750 3515 impedierit,

441 3544 630 3593 uestra
671 3536 744 3593 sit
780 3530 1026 3597 absoluta
1070 3537 1403 3597 conscientia
1431 3577 1447 3603 ,
1491 3544 1549 3593 et
1590 3535 1807 3593 illarum
1843 3549 1945 3605 pro
1972 3548 2036 3591 se
2136 3549 2167 3590 a
2194 3544 2386 3592 sancta
2409 3538 2789 3594 communione
2814 3546 2869 3594 et
2895 3536 3174 3595 liminibus
3195 3535 3437 3593 ecclesia:
3462 3534 3756 3592 habeatur

444 3624 559 3685 Deo
582 3628 850 3689 rationem
876 3628 1067 3685 reddat
1088 3629 1339 3689 intentio.
1373 3627 1685 3687 Cavendum
1728 3637 1813 3684 est
1832 3628 2037 3698 quippe

443 3718 588 3786 quod
628 3719 696 3776 de
736 3734 925 3781 earum
958 3720 1204 3781 moribus
1255 3720 1574 3791 actibueque
1602 3720 1795 3777 beatus
1834 3719 2038 3777 Paulus

444 3820 678 3871 testatur
705 3815 1001 3886 apostolus.
1033 3814 1191 3883 Quod
1230 3814 1443 3885 planius
1484 3829 1756 3884 exponere
1810 3822 2039 3886 praeter-

447 3904 614 3971 imus,
641 3920 708 3965 se
735 3904 907 3979 m
940 3920 1102 3962 sexus
1150 3905 1417 3969 instabﬂis
1458 3921 1565 3963 non
1610 3914 1721 3963 tam
1773 3906 2036 3963 deterreri

443 4009 607 4064 quam
635 3995 914 4055 admoneri
944 3996 1212 4053 videatur.

446 4083 525 4142 De
562 4086 731 4143 viduis
759 4102 877 4158 quia
914 4098 1028 4158 post
1061 4098 1176 4158 post
1201 4088 1493 4158 professum
1522 4089 1897 4143 continentiam
1917 4104 2036 4158 pec-

513 4154 1085 4231 cauerintaC‘oucilium
1102 4154 1532 4230 Carthaginem“
1557 4159 1754 4231 Africh
1789 4154 2035 4230 quartum

511 4226 745 4283 habitum
772 4228 835 4283 ab
866 4228 1117 4299 episcom's
1140 4226 1354 4285 numero
1380 4226 1685 4297 cernuli-ra
1714 4226 2032 4287 ccccxxxvr.

513 4314 693 4374 XLIII.
712 4318 937 4391 (Concil.
958 4316 1209 4393 Carthag.
1245 4336 1317 4387 tv,
1346 4336 1393 4379 c.
1425 4321 1558 4389 104;
1592 4322 1904 4387 Buncnano,
1937 4318 2033 4377 lib‘.

444 4426 566 4476 vttt,
590 4428 639 4468 c.
669 4411 786 4484 29.)
807 4410 963 4468 Sicut
986 4414 1186 4469 bonum
1209 4421 1295 4469 est
1321 4413 1593 4470 castitatis
1617 4415 1897 4485 praemium
1917 4455 1930 4479 ,
1958 4414 2036 4469 ita

444 4514 501 4557 et
524 4501 717 4573 majori
757 4503 1103 4560 observantia
1141 4514 1197 4559 et
1233 4504 1591 4575 praeceptione
1621 4506 2032 4562 custodiendum

443 4588 528 4654 est
550 4605 608 4651 ut
631 4597 675 4654 si
700 4612 823 4669 quae
857 4597 1054 4664 viduae,
1095 4596 1395 4670 quamlibet
1427 4598 1603 4654 adhuc
1647 4599 1698 4652 in
1732 4599 2032 4656 minoribus

445 4690 603 4749 annis
637 4690 849 4765 positas,
873 4698 929 4747 et
954 4686 1010 4747 in
1057 4698 1268 4759 matura
1312 4700 1469 4748 aetate
1496 4706 1525 4746 a
1557 4693 1676 4749 viro
1709 4690 1926 4761 relictan
1971 4711 2031 4753 se

446 4778 763 4839 devoverint
785 4782 918 4850 Deo,
955 4790 1029 4851 et,
1060 4770 1211 4839 veste
1255 4780 1437 4840 laicali
1466 4783 1693 4856 abjecta,
1730 4784 1831 4840 sub
1876 4787 2028 4843 testi-

444 4874 629 4931 monio
654 4874 895 4951 episcopi
938 4878 994 4932 et
1039 4873 1297 4932 Ecclesiae
1345 4876 1597 4949 religioso
1628 4879 1812 4933 habitu
1868 4895 2030 4950 appa-

445 4967 675 5033 ruerint,
719 4976 906 5040 poslea
950 4983 1081 5024 vero
1112 4968 1179 5022 ad
1219 4970 1436 5040 nuptias
1487 4970 1775 5026 sateulares
1806 4972 2034 5027 transic-

444 5055 575 5123 rint,
631 5056 930 5115 secundum
988 5056 1293 5131 apostolum
1354 5059 1576 5116 Paulum
1634 5061 2035 5119 damnationem

445 5149 744 5219 habebunt,
772 5152 1031 5225 quoniam
1063 5153 1221 5209 fidem
1255 5155 1530 5211 castitatis
1554 5198 1568 5221 ,
1609 5172 1771 5227 quam
1806 5156 1914 5213 Deo
1943 5172 2038 5212 vo-

444 5243 887 5309 verunt,irritam
921 5242 1105 5300 facere
1130 5259 1277 5301 ause
1305 5245 1616 5301 sunt.1‘ales
1638 5263 1767 5319 ergo
1794 5263 2038 5319 personae

446 5331 638 5389 aliena:
659 5343 785 5391 sunt
820 5350 852 5391 a
893 5333 1328 5392 Christianorum
1358 5338 1759 5403 coumtunione,
1791 5355 1909 5409 quae
1939 5354 2040 5395 nec

446 5422 501 5479 in
539 5424 787 5481 convivio
833 5440 957 5481 cum
1004 5426 1327 5482 Christianis
1366 5429 1788 5485 communicent.
1824 5428 1957 5485 Nam
1996 5430 2042 5486 si

448 5512 705 5571 adulterae
749 5516 1004 5591 conjuges
1045 5528 1199 5575 reatu
1263 5525 1411 5577 sunt
1440 5519 1551 5577 suis
1599 5520 1727 5577 viris
1772 5523 2039 5590 obnoxiae,

446 5616 649 5676 quanto
669 5609 838 5681 magis
851 5610 1043 5676 viduae,
1059 5627 1177 5682 qua:
1190 5611 1302 5668 Deo
1324 5611 1737 5684 religiositatem
1758 5614 2040 5680 voverunt,

446 5701 679 5758 crimine
706 5703 959 5761 adulterii
1004 5708 1357 5774 notabuntur,
1387 5707 1434 5763 si
1473 5707 1821 5764 devotionem
1871 5723 2039 5778 quam

447 5803 764 5866 spontaneis
802 5795 913 5854 Deo
936 5795 1254 5856 obtulerunt
1285 5798 1575 5857 libidinosa
1616 5798 1889 5871 voluptate
1916 5812 2043 5856 cor-

2137 3636 2450 3684 θςιτίιιιευε.

2134 3716 2300 3795 ωε
2337 3719 2413 3795 ρο
2449 3720 2572 3795 viris
2597 3737 2659 3775 ac
2690 3720 3093 3795 feminis_sacris
3118 3720 3434 3795 eropositum
3464 3730 3757 3793 transgre-

2325 3791 2585 3845 dientibus
2614 3789 2844 3846 sacrum.
2878 3789 3173 3847 Concilium
3199 3789 3532 3846 Toletanum.

2206 3881 2391 3940 XLVI.
2421 3882 2646 3955 (Concil.
2674 3881 2839 3939 Tolet.
2866 3900 2945 3951 vt,
2970 3900 3018 3941 c.
3044 3884 3110 3952 6;
3144 3884 3453 3942 Buucnann.
3479 3884 3575 3939 lib.
3609 3902 3752 3952 vm,

2135 3990 2187 4032 c.
2216 3976 2327 4049 Μ.)
2358 3975 2620 4032 Proclivis
2652 3990 2843 4033 cursus
2868 3987 2952 4034 est
2986 3994 3016 4033 a
3046 3976 3347 4045 voluntate,
3379 3987 3434 4034 et
3460 3977 3754 4035 imitatrix

2137 4075 2331 4123 natura
2363 4067 2639 4124 vitiorum.
2676 4066 3042 4135 Quamobrem
3082 4069 3329 4141 quisquis
3373 4070 3621 4125 virorum
3661 4072 3757 4129 vel

2137 4158 2426 4215 mulierum
2476 4159 2725 4215 habiturn
2774 4160 3045 4216 induerint
3090 4160 3276 4227 semel,
3310 4159 3396 4217 vel
3440 4162 3761 4227 induerunt

2137 4263 2432 4323 spontanee
2479 4253 2822 4325 religiosum,
2866 4263 2960 4310 aut
2997 4256 3043 4311 si
3085 4254 3171 4312 vir
3218 4254 3429 4311 deditus
3479 4253 3757 4314 Ecclesia:

2138 4344 2326 4413 choro,
2354 4345 2437 4402 vel
2471 4345 2670 4402 femina
2702 4345 2865 4403 fuerit
2900 4357 2994 4403 aut
3021 4346 3122 4403 fuit
3151 4346 3394 4418 delegata
3424 4347 3750 4418 puellarum

2139 4438 2489 4505 monasterio,
2522 4438 2574 4494 in
2628 4446 2861 4510 utroque
2908 4455 3038 4497 sexu
3086 4441 3469 4512 praevaricator
3493 4438 3558 4495 ad
3614 4456 3756 4512 pro-

2138 4530 2370 4601 positum
2424 4530 2624 4587 invitus
2684 4532 2883 4588 reverti
2930 4540 3176 4605 cogatur,
3212 4541 3269 4588 ut
3302 4532 3386 4588 vir
3433 4532 3752 4590 detondea~

2137 4634 2243 4692 tur,
2288 4635 2343 4681 et
2388 4625 2562 4698 puella
2607 4629 2995 4685 monasterium
3044 4628 3400 4702 ingrediatur.
3447 4627 3506 4684 Si
3549 4641 3753 4686 autem

2136 4720 2375 4792 quolibet
2405 4722 2708 4793 patrocinio
2738 4721 3044 4779 desertores
3083 4737 3408 4793 permanere
3442 4721 3750 4789 voluerint,

2137 4812 2459 4869 sacerdotali
2489 4813 2759 4870 sententia
2791 4830 2822 4870 a
2848 4812 3285 4870 Christianorum
3317 4820 3466 4869 cestu
3500 4812 3755 4869 habean-

2140 4916 2229 4963 tur
2262 4917 2533 4974 extorres,
2566 4916 2626 4964 ut
2669 4924 2769 4965 nec
2814 4907 2968 4966 locus
2996 4907 3076 4965 eis
3118 4908 3259 4965 ullus
3303 4908 3375 4964 sit
3410 4910 3748 4965 communis.

2145 4999 2343 5060 Viduas
2365 5018 2581 5074 quoque
2608 5001 2930 5059 universalis
2948 5000 3266 5072 jamdudum
3288 5001 3479 5058 statuit
3501 5002 3751 5072 synodus

2139 5092 2537 5167 professionum
2561 5091 2644 5150 vel
2675 5092 2893 5150 habitus
2919 5093 3003 5150 sui
3030 5092 3355 5150 desertrices
3382 5103 3443 5148 ut
3468 5092 3749 5164 superiori

2143 5186 2409 5243 sententia
2438 5186 2896 5244 condemnentur.

2146 5274 2519 5361 Utlvidum'vel
2546 5278 2770 5361 virgines
2799 5279 3179 5361 continentium
3220 5279 3617 5361 professtzmon
3649 5296 3748 5334 nu-

2217 5349 2360 5431 bant.
2404 5348 2537 5404 Item
2588 5346 2821 5421 ejusdem
2866 5366 3018 5421 pana:
3070 5346 3272 5405 Gelasii
3310 5346 3387 5403 ad
3437 5346 3744 5405 Sicilienses

2216 5436 2503 5491 episcopos.

2219 5513 2423 5571 XLVII.
2466 5513 2764 5585 (Svuuacu.
2793 5531 2873 5587 ep.
2898 5513 2954 5581 5,
2982 5529 3033 5572 c.
3062 5513 3123 5583 5;
3160 5513 3470 5572 BUBCHARD.
3505 5512 3600 5571 lib.
3626 5529 3745 5579 vni,

2150 5624 2196 5664 c.
2224 5607 2338 5682 46.)
2387 5606 2575 5681 Neque
2614 5610 2807 5665 viduas
2856 5610 2923 5665 ad
2968 5609 3186 5682 nuptias
3221 5609 3461 5666 transire
3506 5610 3749 5681 patimur

2150 5718 2272 5774 quia
2321 5703 2376 5759 in
2427 5703 2681 5775 religioso
2734 5704 3012 5775 proposito
3060 5704 3313 5761 diuturna
3362 5702 3746 5759 observatione

2148 5799 2570 5874 permanserint.
2603 5797 2869 5858 Similiter
2889 5798 3133 5872 virgines
3156 5799 3363 5855 nubere
3391 5796 3744 5871 prohibemus
