3944 6416
181 291 284 354 381

935 293 1024 349 DE
1059 293 1342 351 ECCLES.
1381 294 1662 350 DISCIPL.
1709 293 1882 348 LIBRI
1919 293 2076 350 [ΠΕΟ.
2124 326 2189 334 ——-
2227 295 2518 354 APPEND.
2561 299 2598 354 I.

3349 311 3456 370 582

173 419 318 474 quas
343 402 502 480 annis
531 401 776 474 plurimis
796 405 852 458 in
883 407 1226 462 monasteriis
1249 416 1462 462 aetatem
1492 409 1764 478 peregisse
1791 416 1840 474 Α
1869 417 2046 462 tamus
2098 409 2443 464 sanctitatem
2501 421 2735 470 vestram
2791 415 2845 470 in
2905 415 3124 475 Christo
3171 421 3310 476 bene
3357 439 3453 478 va-

170 496 500 550 constiterit.

163 585 250 641 De
279 587 364 642 his
392 589 483 660 qui
522 587 716 644 velatas
745 589 852 661 Deo
882 599 1208 661 consecratas
1253 591 1306 643 in
1337 589 1636 661 conjuginm
1665 589 1761 645 du-

726 660 918 714 xerim.
953 659 1083 730 Cap.
1111 661 1202 716 25.

239 745 473 801 XLVIII.
527 747 753 818 (Concil.
807 749 1114 816 Tribur.,c.
1160 751 1262 816 25;
1315 750 1625 806 Buncmnn.
1663 751 1756 807 tib.

159 851 284 902 vni,
319 851 372 892 c.
405 837 518 910 58.)
551 837 606 893 Si
660 840 782 910 quis
817 855 974 896 sacro
1001 841 1268 896 velamine
1305 851 1673 897 consecratam
1703 843 1758 896 in

157 927 478 998 conjugium
523 929 760 996 duxerit,
797 939 852 985 et
879 939 1002 1000 post
1033 933 1266 986 dicatum
1291 931 1454 1005 407
1483 933 1593 988 Deo
1635 949 1760 1004 pro-

155 1021 406 1088 positum
451 1021 658 1076 incesta
699 1021 904 1078 fotdera
953 1025 1324 1094 sacrilegaquc
1369 1025 1666 1090 miscuerit,
1699 1033 1758 1082 ut

157 1111 212 1164 in
239 1113 560 1168 constitutis
588 1113 788 1168 Gelasii
811 1127 979 1184 papae,
1003 1129 1124 1184 cap.
1153 1115 1486 1186 20,1egitur,
1513 1106 1758 1186 protinus

153 1217 380 1274 aequum
409 1215 492 1260 est
520 1221 550 1259 a
579 1219 735 1262 sacra
765 1209 1146 1264 communione
1179 1209 1410 1271 detrudi,
1439 1217 1494 1262 et
1523 1208 1626 1262 nisi
1661 1223 1756 1278 per

151 1296 434 1364 publicam
485 1298 876 1369 probatamque
935 1302 1310 1370 pmnitentiam
1374 1303 1598 1358 omnino
1645 1319 1752 1360 non

151 1389 352 1456 recipi.
399 1389 456 1443 Si
489 1399 668 1445 tatncn
715 1393 1067 1461 paenituerit,
1117 1397 1524 1452 transeuntibus
1552 1397 1616 1451 de
1647 1411 1751 1452 sac-

149 1479 280 1532 culo
309 1479 572 1534 viaticum
619 1495 726 1534 non
763 1493 1008 1554 negetur.
1047 1483 1104 1538 in
1149 1483 1572 1542 Chalcedonensi
1617 1501 1750 1542 con-

147 1569 302 1633 cilio,
333 1585 456 1640 cap.
499 1570 586 1636 l6,
621 1573 722 1626 hoc
767 1583 1143 1643 perpeti-antes
1189 1578 1746 1631 cxcommuniccntur.

145 1659 555 1716 Conﬁtentibus
599 1665 920 1720 auctoritate
945 1666 1182 1736 episcopi
1225 1667 1594 1722 misericordia
1641 1668 1744 1722 lar-

1863 499 1995 552 lere.

1862 587 1940 642 De
1997 591 2105 644 viro
2150 601 2331 646 contra
2377 593 2690 649 voluntatem
2748 601 2927 654 uxoris
2974 603 3028 655 in
3074 607 3451 662 monasterium

1933 663 2202 738 ingresso,
2233 673 2311 738 et_
2321 663 2438 732 jam
2489 675 2787 722 tonsoratus
2827 671 3020 738 fuerit,
3075 675 3286 728 omnino
3332 677 3452 731 red-

1932 731 2122 809 dendo.
2267 731 2414 810 Reg._
2437 747 2575 806 part.
2604 751 2652 802 ι,
2684 755 2797 810 cap.
2825 731 2946 806 180,
2977 731 3046 796 ad
3085 745 3310 804 Adrian»
3355 763 3452 802 no-

1933 803 2126 856 tarium
2159 801 2434 858 Panormi.

1931 913 2014 968 LI.
2065 913 2146 984 (S.
2178 915 2420 974 Gnaeos.
2463 919 2554 976 lib.
2585 937 2664 987 Ix,
2693 921 2877 980 indict.
2903 924 2958 990 Δ,
2989 928 3139 996 epist.
3165 927 3266 996 44;
3299 927 3448 986 Bus-

1859 1021 2050 1062 cutnn.
2085 1007 2176 1064 lib.
2209 1024 2264 1062 Ix
2285 1049 2298 1074 ,
2331 1025 2380 1064 c.
2413 1011 2528 1082 48.)
2571 1013 2850 1083 Agathosa
2885 1017 3050 1074 latri:
3095 1023 3446 1090 praesentium

1857 1109 2046 1166 questa
2087 1109 2172 1154 est
2219 1103 2470 1158 maritum
2499 1121 2654 1162 suum
2685 1119 2877 1164 contra
2907 1111 3240 1170 voluntatem
3289 1129 3442 1170 suam

1856 1189 1911 1244 in
1937 1189 2101 1266 409
2143 1195 2469 1252 monasterio
2503 1197 2683 1254 Urbici
2719 1201 2930 1258 abbatis
2955 1217 3078 1259 esse
3099 1219 3442 1268 conversum,

1856 1281 2008 1348 Quod
2043 1283 2168 1352 quia
2195 1286 2264 1342 ad
2305 1287 2548 1358 ejusdem
2591 1292 2804 1348 abbatis
2847 1295 3058 1364 culpam
3099 1305 3156 1352 et
3185 1298 3440 1354 invidiam

1855 1389 1960 1428 non
1993 1383 2078 1430 est
2105 1376 2326 1434 dubium
2379 1381 2671 1452 pertinere,
2715 1386 3066 1454 experientiae
3113 1395 3216 1444 tuin
3251 1391 3438 1459 praci-

1853 1469 2030 1537 pimus
2077 1480 2136 1524 ut
2175 1471 2416 1542 diligenti
2463 1475 2815 1546 inquisitione
2861 1479 3142 1548 discutiat,
3183 1495 3254 1538 ne
3301 1483 3442 1540 forte

1851 1575 1973 1615 cum
2006 1560 2120 1630 ejus
2143 1565 2415 1620 voluntate
2438 1585 2730 1625 conversus
2753 1573 2856 1638 sit,
2887 1573 2972 1628 vel
2999 1575 3111 1644 ipsa
3145 1591 3204 1630 se
3227 1587 3440 1631 mutare

1849 1655 2179 1724 promiserit.
2225 1659 2290 1713 Et
2339 1661 2384 1714 si
2425 1661 2528 1716 hoc
2585 1666 2880 1733 repererit,
2924 1671 2976 1720 el
3019 1666 3172 1722 illum
3229 1669 3281 1723 in
3327 1685 3440 1724 mo-

143 1755 354 1822 δέδια...
397 1751 456 1806 ιη
487 1753 712 1822 epistola
747 1769 896 1826 papa:
941 1753 1145 1822 Sirio“,
1177 1771 1297 1827 cap,
1325 1757 1378 1824 θ’
1415 1759 1604 1812 mam
1637 1761 1744 1815 Deo
1777 1785 1820 1845 Β
1851 1748 2086 1802 nasterio
2111 1763 2431 1818 permanere
2477 1755 2789 1822 provideat,
2833 1765 2890 1812 et
2939 1757 3100 1824 hanc,
3146 1759 3286 1816 sicut
3311 1775 3436 1828 pro«

143 1853 508 1910 consecratae,
539 1845 586 1898 si
615 1847 822 1917 ahjecto
852 1849 1130 1920 preposito
1173 1852 1483 1906 sanctitatis
1528 1853 1744 1908 clancu-

143 1937 260 1990 lum
305 1939 576 2009 sacrilega
615 1941 930 2012 contagione
971 1958 1030 1998 se
1066 1943 1403 2010 miscuerint,
1435 1945 1517 2000 Vel
1550 1947 1614 2001 de
1643 1947 1742 2001 illi-

140 2031 274 2084 citis
318 2031 692 2100 complexibus
737 2033 950 2103 publice
993 2043 1046 2089 et
1081 2035 1273 2090 Iibere'
1291 2038 1740 2106 procreaverint,

141 2123 248 2176 has
295 2122 598 2192 impudicas
629 2123 1082 2195 detestabilesque
1113 2141 1374 2197 personas
1401 2145 1430 2184 a
1473 2143 1742 2184 monaste-

141 2214 355 2266 riorum
379 2221 524 2266 ccetu
551 2221 606 2266 et
629 2213 984 2269 ecclesiarum
1011 2220 1366 2274 conventibus
1387 2220 1742 2274 eliminandas

135 2319 268 2358 esse
319 2304 627 2372 judicatum
679 2315 792 2370 est,
843 2317 1112 2376 quatenus
1159 2319 1382 2364 retrusa:
1431 2311 1736 2382 ergastulis,

137 2403 356 2450 tantum
382 2397 594 2450 facinus
615 2397 870 2452 continua
899 2397 1282 2456 lamentatione
1306 2401 1554 2456 deﬂeant.
1589 2401 1738 2458 Unde

135 2489 312 2542 verbo
341 2488 552 2543 Domini
583 2498 634 2544 et
681 2492 940 2546 canonica
973 2493 1297 2547 auctoritate
1325 2493 1380 2568 in
1419 2493 1520 2548 hac
1547 2503 1736 2548 sancta

133 2581 356 2647 synodo
383 2581 728 2650 praecipimus
759 2591 816 2634 ut
863 2583 1085 2638 omnino
1121 2591 1462 2652 separentur,
1493 2593 1547 2637 ct
1580 2581 1735 2651 jura-

135 2677 330 2724 mento
356 2669 679 2742 colligantur
723 2672 950 2728 ulterius
995 2675 1096 2728 sub
1142 2689 1248 2728 uno
1277 2689 1384 2728 non
1423 2675 1736 2730 cohabitare

135 2775 308 2828 tecto,
351 2781 452 2822 nec
499 2765 752 2824 latitiliari
795 2767 902 2822 l'rui
943 2768 1232 2838 colloquio,
1275 2779 1502 2836 excepto
1547 2769 1600 2822 in
1645 2783 1734 2823 ec-

129 2859 308 2914 clesia
341 2867 398 2914 et
433 2860 670 2930 publico,
713 2871 806 2916 aut
837 2863 1040 2932 pariter
1069 2861 1234 2916 ullam
1263 2863 1464 2916 habere
1493 2877 1734 2918 commu-

131 2953 360 3008 nionem
387 2953 530 3007 unde
567 2954 804 3024 suspicio
844 2955 1148 3010 illecebrosi
1177 2955 1428 3010 desiderii
1457 2965 1551 3010 aut
1577 2971 1733 3010 scan-

129 3045 322 3098 ualum
347 3043 620 3101 libidinosi
649 3046 776 3102 facti
803 3047 948 3117 juste
971 3047 1142 3118 possit
1165 3047 1318 3103 oriri.
1345 3047 1402 3102 Si
1429 3065 1548 3118 quae
1568 3051 1732 3104 etiam

1848 1839 2024 1904 misit,
2072 1851 2280 1896 mutare
2329 1844 2636 1914 compellat.
2689 1845 2746 1900 Si
2779 1861 2908 1904 vero
2955 1848 3030 1904 nil
3079 1849 3272 1904 horum
3317 1861 3436 1914 est,

1846 1946 1946 1986 nec
1983 1935 2254 2002 quoddam
2309 1935 2684 1994 fornicationis
2729 1939 2970 2008 crimen,
3017 1949 3240 2011 propter
3285 1941 3432 2012 quod

1843 2024 1962 2080 viro
2011 2025 2137 2082 licet
2188 2043 2414 2084 uxorem
2487 2031 2830 2102 relinquere,
2879 2033 3192 2104 praedictam
3239 2034 3434 2090 mulie-

1843 2132 1956 2172 rem
2023 2121 2360 2177 commisisse
2413 2127 2764 2194 cognoveris,
2819 2143 2888 2182 ne
2943 2129 3086 2186 illius
3149 2131 3434 2186 conversio

1841 2209 1998 2262 uxori
2045 2209 2247 2266 relictae
2287 2213 2340 2268 in
2387 2215 2586 2272 saeculo
2621 2216 2736 2272 ﬁeri
2779 2220 2952 2288 possit
2995 2219 3317 2290 perditionis
3347 2235 3436 2276 oc-

1839 2301 2006 2366 casio,
2057 2303 2306 2359 volumus
2359 2314 2418 2360 ut
2464 2308 2718 2362 maritum
2765 2326 2922 2366 suum
2965 2311 3074 2377 illi,
3112 2311 3196 2368 vel
3241 2311 3285 2368 si
3316 2311 3432 2381 jam

1839 2397 2151 2448 tonsuratus
2189 2401 2294 2458 est,
2325 2395 2552 2451 reddere
2579 2398 2802 2456 omnino
2847 2401 3046 2456 debeas
3077 2401 3432 2458 excusatione

1836 2491 2101 2538 cessante.
2135 2483 2271 2552 Quia
2314 2486 2420 2542 etsi
2467 2488 2738 2554 mundana
2785 2490 2872 2548 lex
2919 2493 3166 2564 prmeipit
3203 2507 3432 2550 conver-

1835 2581 2064 2636 sationis
2113 2583 2287 2654 gratia
2336 2584 2592 2642 utrolibet
2633 2587 2802 2644 invito
2853 2587 2990 2642 solvi
3038 2603 3198 2658 posse
3241 2589 3430 2660 conju-

1833 2672 2014 2740 gium,
2057 2673 2236 2730 divina
2275 2673 2362 2730 lex
2410 2675 2528 2732 ﬁeri
2569 2691 2678 2734 non
2713 2677 3000 2748 permittit.
3037 2677 3174 2736 Nam
3201 2687 3430 2748 excepta

1833 2761 2208 2820 fornicationis
2234 2781 2396 2822 causa
2437 2767 2610 2822 virum
2657 2783 2882 2824 uxorem
2929 2769 3240 2840 relinquere
3278 2770 3426 2826 nulla

1833 2855 2044 2910 ratione
2087 2856 2354 2912 concedit.
2405 2856 2544 2926 Quia
2591 2867 2878 2928 postquam
2927 2859 3266 2928 copulatione
3297 2871 3428 2914 con-

1823 2945 1958 3018 jugii
1987 2948 2086 3002 viri
2117 2957 2278 3020 atque
2307 2949 2550 3006 mulieris
2593 2965 2760 3006 unum
2787 2965 2990 3020 corpus
3017 2948 3268 3016 edicitur,
3315 2965 3424 3006 non

1830 3047 2010 3108 potest
2057 3057 2124 3096 ex
2157 3051 2314 3112 parte
2347 3043 2588 3098 converti
2619 3051 2676 3098 ct
2707 3057 2774 3100 ex
2819 3051 2974 3113 parte
3001 3057 3056 3106 In
3085 3042 3286 3100 saeculo
3319 3057 3427 3098 ma-

129 3141 280 3193 inter
323 3153 384 3194 se
425 3139 710 3196 dividenda
757 3142 900 3209 sint,
951 3143 1220 3210 dividant,
1269 3151 1324 3198 et
1367 3154 1592 3214 uterque
1633 3159 1729 3200 sua
1759 3147 1803 3209 C
1837 3145 1983 3186 “ere-

127 3235 438 3304 provideat.

453 3327 530 3382 De
565 3329 740 3382 viduis
776 3329 977 3384 uelutis.
1011 3327 1209 3388 Gelasii
1235 3349 1406 3402 papae.

201 3415 396 3472 XLIX.
419 3417 644 3488 (Concii.
675 3420 909 3488 Tribun,
933 3437 983 3478 c.
1007 3421 1112 3489 25;
1135 3424 1442 3480 Bononiae.
1473 3424 1564 3480 lib.
1589 3439 1690 3480 vm
1708 3461 1726 3492 ,

127 3527 173 3566 ρ.
203 3511 326 3582 56.)
373 3511 572 3568 Viduas
611 3524 790 3568 autem
835 3515 1016 3572 volare
1061 3517 1374 3586 pontiﬁcum
1419 3519 1596 3574 nullus
1645 3525 1732 3574 at-

127 3613 308 3658 tentet
335 3604 520 3675 (prout
545 3597 894 3666 constitutum
920 3609 1082 3664 estin
1111 3609 1344 3664 decretis
1361 3608 1582 3674 Gelasii,
1603 3625 1724 3680 cap.

131 3699 219 3763 l3,
257 3697 401 3768 quod
434 3713 534 3754 nec
561 3701 858 3755 auctoritas
885 3701 1067 3756 divina
1099 3717 1200 3756 nec
1241 3715 1512 3756 canonum
1552 3701 1724 3758 forma

127 3793 442 3863 praestituit.
475 3794 606 3860 Qute
632 3791 799 3867 ιω
827 3795 872 3848 si
901 3795 1120 3866 propria
1149 3794 1422 3852 voluntate
1445 3795 1727 3850 continen-

135 3889 274 3941 tiam
319 3885 560 3955 prol'essa
605 3887 688 3958 (ut
733 3888 785 3940 in
839 3887 1078 3958 ejusdem
1115 3887 1318 3942 Gelasii
1361 3901 1478 3956 cap.
1521 3888 1616 3952 21,
1649 3888 1726 3942 le-

127 3977 324 4048 gitur),
349 3977 464 4048 ejus
511 3977 738 4032 intentio
783 3991 882 4046 pro
927 3991 985 4032 se
1033 3979 1224 4032 reddat
1267 3979 1530 4034 rationem
1583 3977 1722 4045 Deo;

127 4073 262 4144 quia
309 4072 483 4138 sicut,
525 4073 820 4126 secundum
847 4069 1194 4140 Apostolum,
1245 4071 1292 4126 si
1339 4085 1398 4127 se
1447 4072 1728 4126 continere

129 4179 244 4217 non
275 4169 510 4232 poterat,
537 4161 844 4216 nullatenus
876 4161 1080 4217 nubere
1104 4163 1408 4226 vetabatur,
1433 4163 1512 4217 sic
1540 4175 1726 4216 secum

131 4254 324 4308 habita
351 4252 738 4308 deliberatione
767 4253 1090 4322 promissam
1121 4251 1282 4308 ﬁdem
1313 4251 1586 4323 pudicitia:
1615 4253 1728 4308 Deo

129 4351 298 4405 debet
343 4347 638 4404 custodire.
681 4349 798 4415 Qua
859 4349 1182 4403 auctoritate
1240 4357 1480 4418 paternae
1525 4346 1724 4403 suﬂ‘ulti

127 4441 445 4504 sententiae,
473 4441 524 4493 in
557 4440 658 4494 hoc
687 4455 842 4494 sacro
873 4447 1138 4494 conventu
1166 4439 1438 4494 sancimus
1463 4447 1520 4492 et
1551 4437 1725 4492 libere

1829 3222 2148 3304 Episcopum
2177 3225 2361 3282 debere
2407 3228 2656 3282 honorem
2703 3227 2961 3304 deponere
2993 3223 3042 3282 si
3071 3224 3426 3304 concubinam

1900 3293 2178 3368 Itubnit__eo
2210 3307 2439 3368 tempore
2469 3314 2569 3368 quo
2591 3307 2717 3368 erat
2743 3293 2797 3352 in
2832 3315 2982 3368 sacro
3023 3295 3208 3368 ordine
3237 3293 3426 3354 consti-

1901 3373 2060 3418 tutus.
2083 3363 2170 3420 Ea:
2193 3363 2408 3436 epistola
2434 3363 2601 3422 sancti
2624 3365 2880 3440 Gregorii,
2908 3385 3024 3436 cap.
3049 3365 3140 3420 45.

1899 3453 2004 3508 LII.
2039 3455 2120 3527 (S.
2150 3455 2392 3512 Gaucon.
2419 3457 2515 3512 lib.
2547 3473 2608 3524 ιι,
2639 3457 2824 3512 indict.
2854 3455 2936 3522 Il,
2966 3457 3115 3527 epist.
3147 3455 3248 3520 83;
3285 3453 3422 3508 Bun-

1828 3561 2022 3602 cnsan.
2070 3546 2164 3602 lib.
2197 3563 2250 3614 ι,
2281 3563 2328 3602 c.
2361 3547 2508 3618 195-)
2555 3547 2780 3602 Andreae
2819 3545 3113 3601 Tarentino
3171 3545 3423 3615 episcopo

1829 3638 2020 3693 scribit
2059 3637 2282 3694 dicens:
2313 3635 2572 3692 Tribunal
2595 3635 2794 3707 jndicls
2831 3635 3017 3692 aeterni
3069 3649 3294 3690 securus
3328 3649 3415 3688 as-

1827 3727 1991 3798 piciet
2015 3729 2260 3802 quisquis
2291 3737 2471 3784 reatus
2499 3729 2580 3784 sui
2627 3728 2878 3784 conscius
2906 3728 3068 3799 digna
3100 3741 3224 3782 eum
3257 3725 3418 3780 modo

1827 3819 2145 3890 paenitentia
2197 3820 2416 3890 placare
2469 3821 2765 3876 contendit.
2817 3817 3080 3874 Habuissc
3127 3827 3177 3873 te
3223 3833 3423 3873 concu-

1825 3913 2010 3970 binam
2037 3911 2326 3968 manifesta
2353 3913 2587 3968 veritate
2612 3911 3002 3982 comperimus,
3035 3907 3199 3983 ῇιο
3219 3907 3285 3964 de
3314 3923 3420 3978 qua

1827 4005 1990 4060 etiam
2043 4007 2313 4080 contraria
2349 4013 2432 4060 est
2471 4005 2792 4075 quibusdam
2843 4003 3268 4072 natasuspicio.
3313 3997 3419 4054 Sed

1827 4098 1952 4167 quia
1998 4097 2052 4152 in
2099 4097 2263 4153 rebus
2292 4097 2559 4169 ambiguis
2607 4095 2912 4151 absolutum
2959 4109 3067 4148 non
3109 4091 3270 4147 debet
3299 4103 3418 4146 esse

1819 4189 2081 4260 judicium
2101 4233 2117 4258 ,
2157 4193 2260 4246 hoc
2291 4201 2394 4245 tua:
2425 4190 2770 4246 conscientiae
2791 4187 3052 4258 elegimus
3083 4183 3416 4240 committen-

1828 4285 1974 4338 dum.
2004 4281 2118 4350 Qua
2144 4283 2207 4336 de
2237 4297 2317 4348 re,
2357 4281 2399 4335 si
2431 4281 2483 4335 in
2518 4293 2674 4335 sacro
2712 4277 2903 4332 ordine
2928 4273 3276 4336 constitutus,
3301 4269 3417 4339 ejus

1829 4383 1883 4428 te
1915 4371 2265 4442 permistione
2309 4385 2428 4426 esse
2471 4367 2662 4425 recolis
2711 4365 3072 4430 maculatum,
3123 4360 3416 4418 sacerdotii

1827 4465 2032 4519 honore
2067 4463 2310 4535 deposito
2337 4505 2351 4530 ,
2393 4463 2458 4517 ad
2507 4459 2992 4516 administramhim
3054 4455 3199 4514 nullo
3253 4455 3414 4510 modo

125 4533 442 4602 jtulicamus
490 4531 632 4599 quod
673 4529 718 4584 si
761 4538 953 4598 sponte
997 4527 1274 4594 velamen,
1321 4528 1570 4598 quamvis
1615 4541 1724 4584 non

1846 4569 2124 4608 )rmsumas
2173 4555 2464 4620 accedere,
2503 4553 2741 4608 sciturus
2796 4553 2850 4606 in
2904 4547 3095 4606 anima:
3133 4557 3238 4604 tuae
3275 4545 3416 4618 peri»

125 4629 546 4686 consecratum,
581 4619 682 4674 sibi
731 4619 1078 4689 imposuerit,
1116 4627 1171 4672 et
1205 4619 1259 4673 in
1304 4617 1532 4673 ecclesia
1581 4617 1722 4673 inter

127 4715 345 4770 velatas
369 4713 695 4768 oblationem
725 4713 833 4767 Deo
864 4711 1140 4778 obtulerit,
1171 4712 1300 4766 velit
1335 4711 1485 4776 nolit,
1521 4711 1724 4766 sancti-

129 4805 334 4860 moniae
377 4803 618 4859 habitum
653 4801 876 4857 ulterius
914 4803 1113 4858 habere
1165 4803 1412 4868 debebit,
1455 4801 1582 4857 licet
1632 4815 1722 4856 sa-

127 4901 418 4950 cramento
476 4893 796 4949 confirmare
853 4891 984 4947 velit
1039 4907 1105 4947 eo
1168 4901 1357 4947 tenore
1402 4899 1458 4946 et
1511 4892 1724 4948 ratione

127 4987 386 5042 velamen
415 4985 518 5042 sibi
554 4984 834 5056 imponere
863 4993 923 5039 ut
959 4985 1158 5040 iterum
1197 4999 1304 5039 non
1343 4983 1515 5055 possit
1549 4981 1719 5052 depo-

129 5091 290 5133 nere.

127 5169 272 5223 Item
301 5169 366 5223 de
403 5167 571 5224 viduis
611 5167 943 5294 celatimmfa:
965 5167 1212 5298 ίᾧοηιςὶιὶο
1255 5168 1530 5238 Africano,
1577 5167 1720 5239 capi-

895 5257 928 5294 o
1039 5279 1052 5294 .

895 5257 928 5294 ο
965 5257 1052 5294 53.

205 5335 272 5390 L.
321 5332 494 5390 Vidua
537 5334 754 5404 quidem
802 5349 922 5404 quae
971 5347 1190 5388 sacrant
1251 5333 1416 5404 capiti
1475 5334 1722 5390 velamen

131 5427 494 5498 imposuerit,
547 5435 602 5482 et
656 5427 799 5482 inter
851 5433 1074 5482 caeteras
1129 5425 1335 5482 velatas
1399 5425 1630 5482 feminas
1663 5426 1722 5482 in

131 5517 372 5576 ecclesia
415 5519 690 5586 oraverit,
735 5527 788 5573 et
837 5517 1162 5573 oblationem
1214 5535 1336 5574 cum
1396 5519 1503 5573 illis
1559 5519 1720 5574 obtu-

135 5611 295 5678 lcrit,
343 5612 584 5682 professa
627 5621 712 5666 est
769 5611 822 5666 in
886 5613 1076 5666 eodem
1125 5611 1308 5665 habitu
1377 5625 1720 5680 permanere,

139 5687 414 5778 spondens
449 5723 724 5780 nunquam
765 5707 1038 5778 religionis
1082 5707 1351 5776 deponere
1399 5705 1662 5770 velamen,
1693 5719 1724 5758 a

142 5800 424 5874 religionis
451 5801 794 5858 observantia
824 5799 1102 5856 discedere
1133 5815 1240 5854 non
1272 5805 1582 5868 praesumat.
1613 5797 1722 5865 0p-

1531 5957 1550 5972 .-
1593 5941 1608 5948 "
1625 5947 1664 5966 *6
1697 5939 1700 5942 λ
1723 5935 1792 5970 ΛΓ.

1681 6007 1715 6026 η.
1731 5981 1796 6022 Ἀ

1829 4643 1950 4701 culo
1989 4646 2298 4700 ministrare
2335 4653 2390 4701 et
2441 4645 2550 4700 Deo
2599 4653 2784 4700 nostro
2824 4653 2876 4698 te
2923 4643 3039 4698 sine
3078 4639 3241 4698 dubio
3293 4639 3416 4694 red-

1829 4739 1958 4792 dere
2009 4735 2306 4802 rationem,
2347 4737 2394 4792 si
2451 4737 2612 4808 hujus
2667 4735 2886 4791 sceleris
2933 4733 3216 4798 conscius,
3245 4731 3307 4786 in
3347 4743 3412 4784 eo

1830 4843 1938 4897 quo
1979 4843 2040 4883 es
2085 4827 2308 4893 ordine,
2349 4827 2534 4882 celans
2590 4827 2905 4890 veritatem,
2957 4839 3276 4896 permanere
3313 4835 3410 4876 vo-

1824 4917 2015 4974 lueris.

1825 5009 1902 5065 De
1931 5011 2230 5088 raptoribus
2249 5011 2517 5088 uirginum
2535 5019 2587 5088 et
2611 5009 2910 5064 viduarum.
2929 5007 3070 5088 item.
3093 5005 3158 5059 de
3187 5001 3408 5088 ubbatiis

1891 5078 2010 5208 qui:
2050 5083 2141 5206 ilus
2183 5078 2448 5138 electionis
2497 5081 2686 5136 Itabent
2769 5096 2864 5136 seu
2905 5079 2970 5134 de
3015 5078 3098 5134 Itis
3140 5089 3256 5144 astte
3303 5087 3408 5128 non

1915 5171 1967 5208 ta
2005 5169 2065 5206 en
2097 5191 2112 5206 .

1897 5245 2030 5302 LIII.
2066 5245 2224 5302 Anno
2269 5244 2663 5302 incarnationis
2711 5241 2924 5300 Domini
2963 5240 3088 5302 952,
3119 5245 3410 5296 indictione

1827 5339 1884 5406 9,
1923 5339 2274 5393 constitutum
2303 5347 2387 5394 est
2417 5337 2469 5392 in
2503 5333 2936 5392 Franconofurtb
2975 5347 3008 5386 a
3045 5343 3170 5399 rego
3209 5325 3409 5398 glorio-

1825 5429 2041 5488 sissimo
2069 5429 2286 5494 Ottone,
2317 5445 2460 5486 anno
2489 5428 2632 5484 illius
2671 5425 2757 5492 15,
2795 5421 3257 5484 consentientibus
3297 5419 3410 5490 cpi-

1830 5521 2040 5592 sCOpis,
2086 5521 2408 5587 comitibus,
2452 5521 2680 5590 aliisque
2726 5515 2975 5572 ﬁdelibus
3019 5511 3412 5584 compluribus,

1831 5629 2093 5670 canonum
2131 5623 2549 5682 sanctorumque
2577 5609 2798 5666 Patrum
2829 5605 3172 5672 auctoritate,
3199 5615 3408 5658 necnon

1830 5705 2218 5776 Capitularium
2255 5701 2674 5774 praecedentium
2718 5714 2904 5770 regum
2943 5695 3204 5754 institutis
3224 5707 3409 5758 coram

1829 5794 2044 5864 positis,
2097 5811 2163 5851 ne
2210 5793 2486 5866 onpressio
2529 5791 2794 5862 virginum
2840 5798 2934 5846 aut
2977 5785 3282 5854 viduarum,
3327 5781 3412 5840 vel

1821 5920 1882 5937 In
