3848 5532
511 351 620 419 385

2827 349 2838 360 ι
2857 338 2908 364 ἰι
2953 336 3033 365 (Ἧι

1508 349 1879 416 REGINONIS
1919 353 2343 420 puuutausrs
2379 353 2672 423 ABBATIS
2810 340 2908 364 “
3667 360 3737 425 su

512 482 702 548 raptus
752 472 822 528 ab
857 469 981 527 ullis
1028 469 1337 528 hominibus
1383 471 1512 544 fiat,
1551 483 1608 530 et
1652 482 1712 529 ut
1744 475 1836 545 qui
1879 477 2100 547 rapiunt
2125 480 2178 542 Α
2203 477 2371 534 Debet
2392 479 2581 545 etiam,
2608 480 2652 534 si
2689 470 2920 552 porrigit
2942 467 3203 535 esurienti
3240 491 3464 550 panem,
3494 477 3559 534 de
3583 479 3738 538 miseri'

511 582 608 624 eas
648 565 748 621 sub
793 561 1012 618 nomine
1071 561 1232 618 simul
1287 562 1603 631 habitandi,
1644 577 2002 636 cooperantes
2049 579 2104 624 et

519 658 875 716 conniventes
915 658 1242 729 raptoribus,
1273 658 1318 714 si
1346 659 1564 729 quidem
1591 659 1775 716 clerici
1816 671 1972 728 sunt,
2013 663 2104 719 de-

512 751 696 808 ci‘daut
727 766 759 804 a
809 750 1025 822 proprio
1074 751 1284 822 gradu;
1327 751 1374 806 si
1414 766 1543 807 vero
1587 751 1741 819 laici,
1789 755 2105 810 anathema-

467 854 484 890 ε
513 841 770 908 tizentur,
797 850 853 896 et
897 850 1145 912 raptores
1173 841 1292 898 sine
1320 857 1414 914 spe
1444 843 1680 915 conjugii
1724 856 2098 915 permaneant.

513 931 665 1000 Quod
694 932 739 988 si
777 944 902 1004 post
935 934 1048 989 haec
1084 932 1316 1005 jungere
1353 949 1413 990 se
1457 937 1932 1008 praesumpserint,
1970 939 2104 994 utri-

510 1040 616 1096 que
659 1026 1206 1082 anathematizentur.
1263 1026 1553 1084 Nuendum
1609 1039 1695 1086 est
1752 1030 1918 1087 etiam
1967 1047 2104 1102 prae-

512 1115 624 1173 t‘ato
670 1133 794 1190 rege
834 1127 895 1174 ut
935 1117 1080 1173 nulla
1114 1117 1328 1175 abbatia
1377 1135 1499 1190 quae
1538 1137 1636 1192 per
1677 1137 1738 1178 se
1784 1123 2101 1180 electionem

511 1206 714 1273 habet,
765 1209 832 1264 ad
888 1210 1276 1266 monasterium
1332 1225 1431 1268 nec
1474 1211 1635 1268 alicui
1678 1212 1838 1286 411
1887 1217 1939 1269 in
1980 1232 2105 1286 pro-

507 1299 685 1368 prium
716 1301 885 1370 possit
913 1300 1122 1356 donari.
1150 1301 1256 1358 lllze
1283 1317 1413 1360 vero
1443 1320 1565 1375 quae
1594 1305 1857 1362 electione
1892 1316 2100 1374 carent,

510 1391 654 1462 regis
683 1392 969 1449 donatione
1001 1401 1058 1448 et
1102 1394 1386 1465 privilegio
1414 1396 1480 1450 ad
1513 1397 1656 1453 aliud
1689 1393 2100 1469 monasterium,

508 1482 652 1551 quod
707 1483 808 1538 sub
863 1483 982 1540 eius
1037 1485 1418 1542 mundiburdio
1475 1489 1763 1558 consistit,
1818 1492 2102 1563 subrogari

515 1571 744 1642 possint.

869 1664 1011 1732 Quid
1051 1667 1117 1730 sit
1161 1669 1461 1727 ministrare
1504 1669 1739 1728 Christo.

581 1778 712 1835 LIV.
733 1778 816 1853 (S.
839 1781 1083 1840 Aucusr.
1107 1785 1163 1840 in
1183 1786 1380 1842 Joann.
1413 1795 1576 1846 tract.
1606 1788 1721 1862 5i.)
1745 1789 1804 1846 Si
1829 1791 1944 1862 quis
1974 1793 2103 1849 mihi

2203 571 2388 626 cordia
2431 569 2634 636 facere,
2666 585 2774 626 non
2812 572 2877 626 de
2916 568 3201 639 iactantia,
3251 569 3536 625 nesciente
3577 570 3738 628 sinistra

2203 662 2331 734 quid
2364 662 2530 718 faciat
2555 662 2804 728 dextera,
2835 661 2887 716 id
2909 671 3013 727 est,
3045 670 3105 717 ut
3137 660 3410 717 alienetur
3435 660 3647 715 intentio
3677 678 3736 716 cu-

2202 753 2446 824 piditatis
2493 753 2561 808 ab
2621 767 2786 824 opere
2842 753 3146 808 charitatis.
3209 750 3310 820 Qui
3367 751 3455 806 sic
3501 750 3736 818 ministrat,

2203 843 2416 900 Christo
2450 843 2769 910 ministrat,
2815 851 3070 915 recteque
3118 843 3195 898 illi
3255 841 3738 899 dicetur:Cuutui

2203 953 2267 992 ea:
2287 937 2518 992 minimis
2541 937 2669 991 meis
2693 935 2911 1005 fecistis,
2938 935 3067 990 mihi
3095 935 3313 1006 fecistis.
3341 933 3464 989 Nec
3494 948 3558 990 ea
3587 942 3737 990 tantum

2203 1044 2323 1101 quae
2372 1030 2442 1086 ad
2489 1030 2918 1086 misericordiam
2969 1030 3240 1100 pertinent
3286 1028 3642 1100 corporalem,
3678 1030 3738 1084 sed

2203 1124 2385 1180 omnia
2418 1139 2582 1196 opera
2614 1125 2756 1180 bona
2797 1132 3020 1194 propter
3044 1121 3324 1179 Christum
3360 1121 3589 1178 faciens.
3633 1120 3736 1177 Tune

2203 1215 2349 1271 enim
2377 1223 2539 1270 erunt
2564 1215 2740 1280 bona;
2793 1213 3050 1284 quoniam
3093 1212 3218 1268 finis
3264 1211 3406 1283 legis
3459 1211 3737 1267 Christusad

2195 1305 2464 1378 justitiam
2524 1307 2673 1363 omni
2728 1305 2972 1362 credenti
3032 1305 3280 1360 minister
3344 1312 3436 1361 est
3509 1305 3737 1374 usqueul

2204 1398 2370 1471 [apud
2422 1398 2814 1470 Augustinum,
2873 1397 3021 1453 omni
3081 1397 3348 1453 credenti.
3419 1395 3649 1452 Minister
3686 1408 3737 1452 est

2202 1490 2404 1548 Christi
2437 1507 2610 1564 usque
2639 1490 2730 1564 ad]
2765 1491 2893 1546 illud
2921 1507 3057 1562 opus
3082 1507 3292 1562 magna:
3315 1490 3619 1556 charitatis,
3642 1492 3736 1560 quod

2201 1593 2284 1641 est
2310 1585 2549 1640 animam
2579 1599 2733 1640 suam
2771 1600 2868 1655 pro
2904 1583 3163 1640 fratribus
3189 1599 3424 1654 ponere,
3464 1585 3584 1655 quia
3609 1595 3654 1640 et
3674 1585 3736 1639 lnc

2201 1691 2299 1732 sua
2355 1675 2599 1731 membra
2654 1675 2820 1748 [apud
2873 1675 3252 1746 Augustinum,
3303 1690 3534 1746 ponere.
3573 1675 3736 1730 [locist

2201 1770 2346 1828 enim
2374 1781 2430 1826 et
2456 1785 2556 1841 pro
2583 1769 2800 1826 Christo
2845 1785 3062 1840 ponere,
3091 1769 3217 1840 quia
3253 1779 3307 1826 et
3346 1769 3408 1824 h.
3456 1779 3653 1841 propter
3673 1784 3732 1824 sua

510 1872 794 1937 ministrat,
837 1891 920 1930 me
964 1890 1233 1950 sequatur.
1266 1882 1384 1950 Quo
1422 1882 1624 1949 fructu,
1671 1900 1777 1955 qua
1831 1887 2098 1954 mercede,
2130 1869 2178 1929 Β
2205 1863 2306 1933 ω’]
2334 1864 2578 1955 δίθίιξτυδ
2625 1873 2710 1918 εδδ
2754 1880 2766 1916 ⁵
2808 1862 2944 1955 Cum
2999 1878 3098 1933 pro
3137 1863 3280 1929 isus’
3339 1878 3448 1934 pro
3497 1879 3577 1918 me
3629 1862 3734 1935 ‘13

510 1976 618 2031 quo
656 1964 918 2033 praemio?
968 1965 1037 2021 Et
1068 1968 1155 2022 ubi
1193 1987 1331 2036 sum,
1386 1972 1582 2044 inquit,
1635 1974 1744 2030 illic
1772 1986 1822 2031 et
1866 1978 2102 2033 minister

509 2068 655 2108 meus
695 2055 813 2108 erit.
844 2053 1024 2113 Gratis
1050 2067 1282 2126 ametur,
1315 2072 1374 2116 ut
1403 2063 1582 2134 operis
1621 2080 1729 2135 quo
1763 2065 2100 2123 ministratur

509 2141 584 2197 illi
616 2145 847 2213 pretium
874 2147 946 2202 sit
994 2163 1115 2205 csse
1167 2166 1289 2206 cum
1338 2152 1448 2208 illo.
1496 2153 1595 2210 Ubi
1632 2156 1774 2210 enim
1813 2158 1949 2214 bene
1997 2160 2104 2215 erit

510 2234 629 2291 sine
677 2236 785 2300 illo,
823 2247 916 2306 aut
945 2242 1162 2311 quando
1219 2243 1359 2300 male
1387 2261 1508 2302 esse
1561 2248 1762 2318 poterit
1805 2265 1929 2305 cum
1961 2250 2100 2306 illo?

517 2325 657 2381 Audi
689 2328 1029 2386 evidentius:
1067 2331 1128 2388 Si
1155 2335 1272 2405 quis
1302 2337 1427 2394 miln
1469 2339 1862 2408 ministraverit,
1887 2343 2102 2399 honori-

510 2418 686 2485 ficabit
737 2437 856 2476 eum
914 2422 1077 2479 Pater
1123 2443 1288 2484 meus.
1346 2429 1464 2498 Quo
1516 2432 1739 2500 honore,
1792 2435 1895 2490 nisi
1933 2446 1994 2492 ut
2032 2438 2104 2493 sit

509 2523 631 2564 cum
670 2510 806 2568 Filio
856 2512 1016 2583 ejus?
1062 2517 1198 2586 Quid
1237 2521 1382 2576 enim
1422 2526 1672 2594 superius
1704 2527 1824 2581 ait?
1861 2525 1962 2582 Ubi
2007 2546 2100 2600 ego

508 2616 641 2664 sum,
668 2602 854 2658 illic-et
885 2607 1124 2663 minister
1143 2627 1289 2666 meus
1318 2613 1435 2667 erit.
1467 2613 1578 2670 Hoc
1599 2616 1919 2690 intelligitur
1945 2634 2104 2691 expc.

509 2693 683 2748 suisse
709 2711 832 2750 cum
862 2696 993 2752 dicit
1041 2715 1054 2752 :
1109 2698 1496 2772 Honoriﬁcabit
1544 2722 1662 2760 eum
1722 2705 1886 2762 Pater
1933 2726 2098 2764 meus.

508 2784 644 2840 Nam
695 2803 857 2857 quem
931 2790 1192 2861 majorem
1254 2794 1517 2852 honorem
1589 2799 1838 2868 accipere
1903 2803 2105 2872 poterit

511 2878 799 2947 adoptatus
828 2895 991 2950 quam
1024 2890 1084 2936 ut
1111 2885 1184 2938 sit
1223 2883 1313 2939 ubi
1349 2894 1434 2941 est
1478 2887 1692 2954 unicus,
1746 2905 1850 2946 non
1881 2894 2105 2962 :equalis

511 2968 688 3026 factus
714 2971 1008 3040 divinitati,
1064 2976 1160 3031 sed
1211 2979 1556 3036 consociatus
1602 2983 1936 3040 aeternitati?
1965 2986 2101 3054 Quid

511 3060 582 3115 sit
607 3071 785 3117 autem
814 3065 1127 3123 ministrare
1151 3068 1391 3138 Christo,
1419 3073 1504 3127 cui
1535 3075 1684 3144 operi
1708 3090 1919 3133 merces
1951 3087 2101 3134 tanta

508 3155 888 3224 promittitur,
972 3159 1074 3215 hoc
1134 3162 1312 3230 potius
1387 3163 1646 3222 debemus
1693 3166 1986 3238 inquirere.
2045 3170 2102 3225 Si

2204 1954 2403 2012 fecisti.
2458 1953 2534 2009 De
2593 1955 2688 2008 tali
2734 1952 2936 2024 quippe
2965 1969 3130 2024 opere
3177 1955 3344 2009 etiam
3387 1969 3450 2010 se
3500 1955 3734 2025 ministrum

2204 2048 2384 2105 facere
2417 2056 2472 2102 et
2498 2046 2771 2118 appellare
2790 2047 3041 2119 dignatus
3067 2055 3174 2113 est,
3204 2047 3295 2102 ubi
3330 2047 3418 2101 ait
3445 2063 3460 2100 :
3494 2045 3624 2101 Sicut
3641 2045 3732 2113 ﬁliai

2202 2139 2425 2194 hominis
2448 2154 2551 2192 non
2572 2137 2703 2192 venit
2719 2135 3032 2201 ministrari,
3053 2137 3143 2191 sed
3158 2137 3490 2201 ministrare,
3507 2146 3552 2189 et
3571 2135 3733 2188 animum

2205 2247 2362 2284 suam
2388 2244 2579 2301 ponere
2623 2244 2717 2298 pro
2740 2226 2942 2281 multis.
2976 2227 3115 2282 Hinc
3142 2242 3272 2298 ergo
3314 2235 3408 2283 est
3435 2227 3732 2296 unusquisque

2202 2327 2453 2382 minister
2493 2325 2694 2380 Christi
2744 2325 2888 2380 unde
2926 2333 3012 2380 est
3039 2324 3288 2380 minister
3313 2333 3375 2379 et
3405 2322 3648 2379 Christus.
3677 2320 3732 2375 Sic

2206 2419 2612 2475 ministrantem
2639 2417 2859 2474 Christo
2881 2416 3346 2474 bonoriiicabitPa
3356 2426 3447 2472 ter
3465 2415 3572 2485 ejus
3593 2417 3730 2470 boum

2204 2511 2295 2566 illo
2323 2524 2542 2582 magno,
2585 2519 2646 2566 ut
2671 2510 2742 2566 sit
2767 2525 2892 2565 cum
2921 2508 3060 2566 Filio
3085 2510 3222 2580 ejus,
3254 2524 3356 2566 nec
3399 2523 3625 2580 unquam
3648 2506 3731 2561 dcti-

2205 2602 2313 2658 ciat
2341 2600 2575 2657 felicitas
2620 2600 2757 2672 ejus.
2799 2600 2936 2656 Cum
2990 2615 3123 2670 ergo
3159 2600 3417 2668 audistis,
3451 2597 3729 2663 fratrem»

2204 2693 2410 2748 uinum
2462 2692 2773 2748 dicentem:
2829 2688 2927 2746 Ubi
2979 2708 3070 2764 ego
3113 2708 3253 2758 sum,
3303 2691 3422 2746 illic
3459 2701 3508 2744 et
3559 2689 3728 2744 nutritur

2205 2800 2349 2839 meus
2389 2785 2510 2850 erit,
2559 2782 2726 2839 nolite
2774 2783 3150 2839 tantummodo
3192 2784 3367 2839 bonos
3413 2784 3664 2853 episcopos
3695 2788 3730 2833 et

2205 2873 2431 2931 clericos
2491 2875 2753 2946 cogitare.
2811 2874 2990 2929 Etiam
3031 2889 3127 2930 vos
3189 2889 3290 2946 pro
3341 2873 3563 2931 modulo
3604 2881 3728 2926 vestro

2207 2967 2512 3022 ministrate
2537 2965 2777 3033 Christo,
2824 2965 2962 3022 bene
3011 2966 3264 3034 vivendo,
3315 2981 3383 3023 ac
3429 2967 3728 3037 eleemosynu

2205 3059 2472 3126 faciendo,
2500 3075 2695 3117 nomen
2721 3059 3133 3132 doctrinamque
3165 3059 3285 3131 ejus
3311 3062 3519 3133 quibus
3560 3057 3728 3132 potueri-

2209 3152 2277 3209 tis
2300 3153 2676 3224 praedicando;
2709 3163 2769 3210 ut
2791 3154 3167 3225 unusquisque
3205 3154 3372 3211 etiam
3406 3152 3728 3224 paterfamilias

507 3245 654 3301 enim
689 3247 788 3304 hoc
834 3251 1205 3319 putaverimus
1235 3269 1356 3310 esse
1398 3254 1617 3312 Chrism
1647 3258 1981 3327 ministrare,
2035 3277 2098 3318 ea

2206 3245 2310 3300 hoc
2384 3245 2605 3301 nomine
2671 3255 2962 3316 cognoscat
3025 3258 3316 3318 paternum
3374 3247 3615 3305 aﬂ‘ectum
3659 3258 3728 3299 sua

509 3352 631 3408 qua:
677 3347 803 3394 sunt
843 3342 1058 3412 corpori
1107 3345 1418 3401 necessaria
1468 3363 1797 3419 praeparare,
1848 3359 1942 3405 aut
1988 3365 2101 3408 cte-

510 3429 660 3484 nanti
707 3431 887 3487 cibum
936 3449 1172 3505 coquere
1221 3437 1303 3494 vel
1361 3454 1655 3510 apponere,
1713 3442 1798 3496 vel
1849 3443 2102 3513 poculum

512 3520 668 3587 dare,
687 3532 984 3595 potumque
1030 3527 1277 3593 miscere,
1336 3529 1584 3588 fecerunt
1631 3534 1735 3589 hoc
1773 3534 1849 3590 illi
1888 3537 1978 3607 qui
2009 3553 2100 3608 po-

465 3675 470 3690 ς
508 3618 731 3668 luerunt
771 3630 892 3670 eum
946 3617 1000 3672 in
1049 3633 1278 3690 corpore
1321 3621 1523 3680 habere
1569 3636 1913 3696 praesentem,
1960 3628 2104 3684 sicut

511 3703 725 3761 Martha
753 3716 806 3762 et
832 3706 1024 3775 Maria,
1054 3711 1272 3782 quando
1315 3723 1370 3769 et
1419 3714 1658 3772 Lazarus
1703 3734 1844 3774 unus
1877 3728 2000 3774 erat
2035 3735 2104 3776 ex

511 3798 971 3856 recumbentibus.
1004 3799 1110 3857 Sed
1141 3819 1207 3860 eo
1254 3806 1414 3863 modo
1457 3807 1677 3864 Christo
1723 3810 1890 3866 etiam
1935 3809 2104 3869 Judas

510 3890 756 3960 perditus
781 3892 1130 3950 ministravit.
1176 3894 1313 3952 Nam
1359 3907 1415 3955 et
1461 3898 1672 3956 loculos
1701 3901 1937 3959 habebat
1967 3905 2100 3974 ipse.

515 3980 584 4036 Et
612 3984 862 4051 quamvis
906 4000 975 4040 ex
1013 3985 1094 4043 eis
1122 4002 1243 4058 quae
1278 3990 1636 4048 mittebantur
1683 3994 2106 4056 sceleratissime

512 4071 809 4142 iuraretur,
837 4091 936 4148 per
960 4076 1110 4133 illum
1157 4088 1338 4137 tamen
1369 4083 1536 4138 etiam
1587 4083 1894 4143 necessaria
1939 4087 2104 4161 412

515 4168 872 4237 parabantur.
930 4169 1069 4228 Hinc
1127 4182 1211 4229 est
1265 4173 1396 4230 illud
1445 4178 1591 4247 quod
1639 4194 1763 4235 cum
1809 4181 1860 4244 ei
1902 4181 2108 4239 diceret

512 4255 811 4315 Dominus:
843 4259 998 4327 Quod
1039 4262 1172 4332 facis
1218 4263 1306 4335 {ac
1353 4265 1619 4335 velociter,
1672 4269 1921 4326 arbitrati
1977 4281 2106 4329 sunt

514 4350 735 4420 quidam
787 4345 932 4421 quod
977 4369 1102 4410 eum
1152 4355 1383 4425 jusserit
1429 4370 1651 4432 propter
1704 4363 1847 4420 diem
1905 4364 2104 4423 festum

513 4443 820 4498 necessaria
867 4461 1176 4518 praeparare
1198 4451 1284 4505 vel
1323 4452 1691 4523 indigentibus
1715 4457 1919 4528 aliquid
1949 4459 2098 4517 dare.

513 4532 670 4589 Nullo
695 4535 854 4591 modo
893 4537 1057 4609 igitur
1094 4540 1161 4595 de
1185 4541 1557 4611 hujuscemodi
1587 4547 1852 4606 ministris
1899 4551 2105 4609 diceret

513 4625 773 4682 Dominus
803 4645 817 4682 :
844 4622 946 4684 Ubi
967 4647 1059 4702 ego
1079 4649 1219 4699 sum,
1251 4634 1322 4689 ibi
1351 4638 1449 4690 erit
1472 4649 1520 4692 et
1560 4639 1796 4702 minister
1822 4660 1987 4699 meus.
2039 4643 2101 4702 Si
2129 4611 2182 4673 ο

513 4717 630 4788 quis
684 4718 813 4773 mihi
866 4721 1280 4792 ministraverit,
1329 4726 1698 4792 Itonoriﬁcabit
1755 4749 1874 4788 eum
1939 4731 2103 4791 Pater

514 4827 683 4878 meus,
714 4813 967 4882 quoniam
993 4813 1187 4872 Judam
1220 4817 1349 4874 talia
1394 4820 1793 4880 ministrantem
1838 4827 2097 4896 reproba-

517 4911 626 4958 tum
663 4905 843 4975 potius
870 4922 1031 4977 quam
1060 4912 1380 4968 honoratum
1413 4915 1678 4973 videmus.
1716 4917 1786 4974 Ut
1810 4920 1942 4990 quid
1971 4936 2103 4992 ergo

516 4993 640 5050 alibi
686 4998 979 5066 quaerimus
1018 5001 1146 5071 quid
1191 5004 1259 5059 sit
1296 5005 1604 5064 ministrare
1633 5008 1870 5079 Christo,
1901 5019 1957 5067 et
1992 5028 2102 5068 non

514 5088 696 5156 potius
738 5089 792 5144 in
831 5091 950 5147 istis
982 5093 1114 5163 ipsus
1137 5096 1317 5152 verbis
1355 5100 1739 5168 agnoscimus?
1773 5099 1906 5158 Cum
1953 5103 2100 5160 enim

514 5177 687 5236 dixit:
712 5179 771 5237 Si
791 5200 906 5254 quis
927 5186 1055 5240 mihi
1079 5185 1363 5255 ministrat,
1392 5207 1473 5246 me
1500 5204 1771 5265 sequatur,
1815 5183 1917 5250 hoc
1944 5195 2072 5246 ἰηιρι

514 5271 606 5344 ligi
645 5275 834 5344 voluit,
863 5293 927 5334 ac
966 5279 1012 5335 si
1036 5281 1240 5336 diceret
1271 5301 1284 5314 ο
1319 5281 1374 5324 βε
1406 5301 1414 5308 ι
1479 5286 1489 5292 ·

2205 3333 2423 3390 familiae
2457 3348 2517 3390 se
2566 3334 2764 3390 debere
2802 3349 2902 3406 pro
2953 3333 3176 3392 Christo
3217 3345 3274 3392 et
3299 3352 3402 3408 pro
3431 3339 3541 3393 vita
3590 3345 3728 3389 eterna

2206 3443 2332 3484 suos
2385 3442 2574 3484 omnes
2621 3437 2861 3496 moneat,
2911 3427 3142 3494 doceat,
3191 3428 3471 3496 hortetur,
3521 3425 3726 3495 corripiat.

2220 3520 2496 3592 impendat
2525 3520 2972 3587 benevolentiam,
3007 3530 3264 3578 exerceat
3306 3521 3650 3594 disciplinam.
3681 3514 3727 3570 lu

2205 3612 2260 3668 in
2290 3613 2450 3669 domo
2479 3628 2577 3670 sua
2601 3612 3032 3670 ecclesiasticum
3057 3622 3113 3671 et
3137 3616 3377 3686 quodam
3404 3615 3565 3671 modo
3586 3611 3728 3682 episeo-

2204 3704 2327 3775 pale
2351 3704 2540 3777 implet
2563 3703 2820 3773 cilicium,
2845 3706 3165 3764 ministrans
3195 3707 3440 3776 Christo,
3472 3717 3530 3763 ut
3554 3707 3602 3761 in
3623 3711 3726 3758 teter-

2206 3813 2338 3854 num
2364 3799 2432 3854 sit
2459 3813 2583 3854 cum
2613 3799 2752 3874 ipso.
2781 3798 2915 3855 Nam
2937 3808 2994 3856 et
3028 3800 3175 3857 illam
3203 3802 3503 3858 maximam
3526 3795 3727 3873 passionis

2206 3890 2666 3950 ministrationem
2696 3893 2850 3948 multi
2892 3908 2958 3950 ex
2992 3901 3171 3950 vestro
3210 3910 3443 3951 numero
3465 3892 3724 3950 ministrant.

2207 3982 2362 4039 multi
2408 3984 2667 4054 episcopi,
2718 3984 2925 4051 clerici,
2966 3984 3196 4056 juvenes
3242 3995 3301 4042 et
3345 3987 3596 4059 virgines,
3620 3992 3726 4038 senes

2209 4089 2333 4130 cum
2402 4074 2732 4146 junioribus.
2799 4075 2951 4132 Multi
3009 4077 3286 4150 conjugati
3338 4088 3397 4135 et
3448 4076 3720 4148 conjugalz.

2207 4165 2362 4224 multi
2432 4177 2618 4238 patres
2677 4178 2990 4241 matresque
3061 4170 3297 4227 familias
3328 4211 3344 4239 ,
3425 4171 3724 4227 ministrantes

2207 4259 2448 4325 Christo,
2478 4260 2645 4316 etiam
2702 4262 2913 4317 animas
2940 4277 3068 4318 suas
3114 4262 3169 4318 in
3212 4261 3331 4333 ejus
3387 4261 3631 4334 martyrio
3662 4270 3724 4328 po-

2208 4358 2453 4417 suerunt,
2471 4359 2526 4406 et
2548 4351 2938 4409 honoriﬁcante
2956 4353 3118 4410 Patre
3131 4369 3360 4412 coronas
3381 4351 3722 4428 gloriosissima

2208 4450 2550 4512 receperunt.

2208 4531 2378 4606 414
2438 4533 2517 4588 De
2598 4533 2801 4609 derigis
2861 4536 2953 4607 qui
2982 4538 3403 4609 “monachorum
3474 4533 3721 4609 prepositrn

2406 4614 2676 4676 appetunt.
2712 4604 2798 4661 Ea:
2844 4604 3065 4662 concilio
3107 4607 3386 4676 Toletano,
3418 4604 3528 4680 cap.
3558 4604 3628 4662 50.

2275 4693 2386 4751 LV.
2421 4693 2643 4766 (Concil.
2671 4693 2836 4752 Tolet.
2863 4712 2936 4764 tv,
2974 4713 3024 4752 c.
3052 4697 3160 4764 50;
3210 4699 3518 4756 Buncnano.
3542 4697 3618 4752 lib.
3642 4704 3718 4752 \‘llh

2203 4803 2253 4845 c.
2285 4787 2399 4860 21.)
2435 4787 2630 4844 Clerici
2673 4790 2767 4859 qui
2807 4791 3201 4847 monachorum
3247 4794 3573 4864 propositum
3609 4798 3719 4857 appe-

2207 4892 2346 4950 tunt,
2385 4891 2442 4940 et
2477 4884 2756 4940 meliorem
2781 4885 2950 4941 vitam
3005 4887 3159 4957 sequi
3208 4889 3452 4960 cupiunt,
3494 4880 3717 4944 liberosab

2205 4975 2464 5045 episcopo
2490 4975 2544 5031 in
2593 4977 2944 5033 monasteriis
2987 4977 3177 5050 largiri
3223 4990 3437 5049 oportet
3488 4980 3713 5051 ingressus,

2209 5082 2309 5124 nec
2360 5068 2610 5125 interdici
2640 5070 2978 5140 propositum
3007 5086 3195 5127 eorum
3231 5072 3326 5143 qui
3372 5074 3440 5129 ab
3465 5064 3716 5137 contemplr

2208 5159 2370 5210 tinni‘,
2403 5162 2630 5190 4A-:J-—!
2760 5170 2770 5176 ·
2912 5163 2924 5174 ⁸
3019 5165 3262 5200 ”⁵··““⁶··¹¹“
3288 5166 3405 5218 (331
3419 5167 3458 5220 δ.
