3920 6430
67 331 190 391 385

904 325 992 380 DE
1011 320 1290 379 ECCLES.
1332 319 1612 377 DISCIPL.
1652 318 1834 375 LIBRI
1875 317 2034 377 DUO.
2077 349 2150 364 -
2185 321 2484 379 APPEND.
2525 322 2566 378 I.

3265 331 3370 390 586

66 453 278 514 sancta
329 441 496 498 Paulo
549 447 606 496 et
642 452 676 494 a
726 436 912 493 multis
985 419 1188 491 sanctis
1242 434 1513 496 Patrihus,
1571 430 1674 485 nisi
1705 436 1755 494 Α
1783 443 1927 483 ιιιιιιιι
1973 431 2025 483 in
2055 445 2160 500 qua
2193 442 2319 486 sunt
2361 433 2614 496 accedat;
2666 446 2787 486 cum
2821 432 3018 503 quibus
3061 435 3246 500 etiam,
3313 449 3370 496 ut

69 542 506 597 convertantur,
559 531 688 586 olim
739 544 856 585 esse
903 529 1228 591 damnatas;
1290 541 1425 596 quas
1471 535 1525 578 et
1581 539 1679 578 nos

70 623 387 699 apostolica
418 621 744 677 auctoritate
775 617 1110 673 damnandus
1149 624 1203 671 et
1239 631 1268 669 a
1299 614 1679 670 communione

67 715 333 772 ﬁdelium
384 719 548 782 atque
590 724 622 764 a
665 707 944 764 liminibus
989 705 1235 763 ecclesiae
1265 703 1530 760 arcendas
1563 701 1678 759 fore

64 820 398 870 censemus,
449 815 735 872 usquequo
773 799 1028 854 obediant
1055 797 1318 868 episcopis
1366 795 1478 851 suis
1511 803 1564 850 et
1609 793 1678 848 ad

66 905 288 956 bonum
316 898 460 970 quod
488 904 769 967 cmperunt
809 894 990 948 invita:
1014 902 1107 948 aut
1136 890 1456 946 voluntaria:
1498 904 1678 944 rever-

69 1001 294 1048 tantur.
325 991 402 1047 De
428 988 729 1062 virginibus
759 997 939 1042 autem
970 985 1183 1049 velatis,
1239 986 1284 1040 si
1317 983 1673 1049 deviaverint,

67 1097 104 1138 a
153 1091 366 1138 sancta:
413 1081 692 1137 memoriae
719 1079 1123 1151 prtedecessore
1151 1086 1338 1133 nostro
1366 1075 1676 1131 Innocentio

68 1172 189 1230 tale
217 1172 502 1229 decretum
548 1171 860 1226 habemus:
898 1189 917 1222 ι
957 1169 1052 1225 Hae
1100 1183 1230 1224 vero
1278 1183 1399 1239 quae
1445 1167 1674 1222 necdum

67 1279 238 1321 sacro
263 1264 537 1321 velamine
563 1273 742 1331 tectas,
790 1271 972 1319 tamen
1025 1263 1080 1318 in
1126 1261 1402 1334 proposito
1425 1259 1673 1332 virginali
1715 1326 1721 1332 κ

67 1369 303 1426 semper
359 1369 419 1412 se
469 1353 850 1411 simulaverint
896 1367 1254 1426 permanere,
1308 1352 1438 1408 licet
1486 1350 1674 1406 velata

66 1461 188 1500 non
223 1445 453 1509 fuerint,
507 1445 554 1500 si
603 1444 908 1516 nupserint,
967 1444 1247 1515 aliquanto
1297 1452 1540 1513 tempore
1587 1442 1674 1497 his

68 1516 646 1611 agendfptenitentia
692 1546 796 1603 est,
844 1537 972 1608 quia
1012 1537 1230 1608 sponsio
1263 1551 1449 1592 earum
1503 1550 1534 1590 a
1570 1535 1674 1590 ΠΟ-

64 1631 224 1685 mino
263 1630 574 1686 tenebatur.
605 1630 663 1686 Si
689 1631 837 1686 enim
873 1630 1018 1685 inter
1057 1630 1304 1685 homines
1351 1628 1488 1684 solet
1517 1628 1672 1684 bonae

65 1722 198 1777 fidei
227 1731 548 1780 contractus
567 1723 710 1779 nulla
745 1724 954 1780 ratione
980 1725 1224 1790 dissolvi,
1265 1735 1470 1794 quanto
1496 1725 1670 1796 magis

1774 518 1887 588 jam
1916 519 2090 575 dictus
2116 523 2371 592 praecepit
2398 523 2705 592 Apostolus,
2739 523 2870 577 nulli
2919 524 3156 581 ﬁdelium
3186 529 3364 586 cibum

1781 624 1995 663 sumere
2040 611 2182 666 licet.
2212 611 2362 678 Quod
2399 614 2444 667 si
2472 615 2592 683 quis
2621 630 2688 670 ex
2717 615 2800 668 his
2829 616 3123 687 quidquam
3157 628 3369 677 tentare

1779 707 1869 754 aut
1893 709 2158 757 temerare
2200 705 2630 774 praesumpserit,
2654 705 2771 775 pari
2799 721 2922 762 cum
2951 709 3032 764 eis
3061 725 3372 771 excommuo

1779 791 2072 848 nicationis
2103 795 2375 852 sententia
2405 796 2652 852 feriatur.

1776 904 1856 960 De
1877 906 2032 961 vidua
2058 925 2177 979 qua:
2218 910 2312 990 sub
2339 911 2546 990 obtentu
2576 912 2840 990 religionis
2860 915 3030 990 velum
3076 916 3146 972 ad
3167 924 3367 990 tempus

2205 980 2302 1033 sibi
2351 980 2689 1051 imposuerit:
2711 984 2838 1055 Cap.
2885 986 2938 1042 5.

1845 1066 2002 1123 LVII.
2030 1068 2360 1141 (Bcncuann.
2390 1071 2484 1128 lib.
2513 1090 2636 1140 vm,
2661 1091 2711 1131 c.
2736 1077 2851 1148 47.)
2879 1077 3133 1136 Nicolaus
3156 1084 3366 1154 episco-

1776 1178 1894 1234 pus,
1929 1179 2121 1220 servus
2142 1179 2422 1222 servorum
2446 1167 2559 1232 Dei,
2594 1172 3034 1230 reverentissimo
3061 1183 3116 1230 et
3137 1178 3371 1234 sanctis-

1775 1256 1915 1312 simo
1947 1256 2208 1313 confratri
2243 1270 2429 1316 nostro
2467 1261 2749 1319 Adalwino
2797 1276 3000 1324 sancta:
3043 1267 3368 1328 Juvavensis

1774 1346 2031 1404 Ecclesiae
2082 1350 2514 1424 archiepiscopo.
2572 1353 2725 1422 Quod
2761 1366 2940 1413 autem
2990 1359 3369 1432 interrogastis

1772 1440 1841 1497 de
1868 1441 2068 1498 femina
2093 1460 2214 1516 qua:
2254 1456 2375 1516 post
2403 1448 2611 1503 obitum
2662 1449 2846 1504 mariti
2894 1450 2978 1505 sui
3008 1451 3249 1507 velamen
3283 1469 3343 1509 sa

1773 1547 1927 1589 crum
1966 1549 2130 1605 super
2158 1546 2321 1608 caput
2351 1553 2507 1594 suum
2557 1539 2832 1612 imposuit,
2870 1551 2925 1598 et
2959 1543 3116 1599 finxit
3161 1559 3220 1600 se
3265 1545 3367 1602 sub

1773 1623 1963 1680 eodem
2030 1626 2294 1681 velamine
2357 1630 2822 1687 sanctimonialem
2886 1633 3143 1688 feminam
3195 1650 3316 1691 esse
3350 1677 3366 1702 ,

1772 1727 1960 1790 postea
1987 1732 2116 1774 vero
2146 1720 2212 1773 ad
2245 1722 2460 1791 nuptias
2489 1723 2670 1787 rediit,
2704 1725 2904 1779 bonum
2943 1724 3178 1789 videtur,
3229 1727 3360 1796 quia

65 1814 178 1872 ista
207 1816 552 1887 ροηίοῖωιίο,
591 1832 751 1887 quam
779 1833 900 1873 cum
940 1817 1103 1890 ηιξ
1149 1818 1260 1873 Deo
1282 1818 1501 1888 pepigit,
1533 1817 1667 1872 solvi
1698 1803 1744 1864 Β
1771 1824 1867 1880 per
1912 1810 2238 1880 hypocrisin)
2279 1811 2703 1869 ecclesiasticam
2746 1814 2987 1886 regulam
3036 1819 3365 1873 conturbare

65 1908 189 1963 sine
213 1907 405 1964 vincta
439 1923 545 1964 non
569 1911 788 1980 poterit,
823 1929 842 1963 ι
878 1918 933 1965 et
962 1921 1179 1966 caetera.
1213 1910 1348 1966 Nam
1369 1911 1414 1966 si
1437 1911 1674 1980 virgines

64 1995 318 2052 nondum
361 1997 550 2053 velatae
576 1997 754 2054 taliter
781 1999 1100 2069 pmnitentia
1130 1999 1343 2069 publica
1373 2000 1674 2072 puniuntur

61 2097 123 2142 et
165 2102 198 2141 ιι
251 2097 403 2143 coetu
433 2086 672 2144 ﬁdelium
703 2104 874 2160 usque
925 2089 991 2144 ad
1020 2089 1446 2146 satisfactionem
1485 2090 1672 2146 exclu-

65 2179 304 2245 duntur,
333 2190 539 2250 quanto
558 2181 737 2250 potius
763 2181 957 2244 viduae,
982 2195 1102 2251 quae
1125 2179 1467 2251 perfectioris
1495 2183 1672 2238 aetatis

63 2278 121 2326 et
146 2270 478 2325 maturioris
500 2269 779 2340 sapientiae
801 2278 966 2340 atque
994 2268 1208 2325 consilii
1239 2271 1499 2336 existunt,
1528 2271 1670 2328 viro-

65 2377 309 2433 rumque
355 2362 633 2419 consortio
684 2361 960 2418 multoties
1009 2378 1122 2418 usae
1148 2372 1294 2427 sunt,
1331 2373 1387 2418 et
1412 2363 1579 2420 velari
1611 2382 1670 2422 se

61 2452 460 2522 permiserunt,
507 2452 754 2509 habitum
802 2452 1079 2525 religionis
1131 2465 1566 2524 assumpserunt,
1615 2466 1672 2513 et

64 2545 292 2600 demum
322 2555 782 2617 apostataverunt,
803 2555 965 2619 atque
996 2549 1063 2604 ad
1085 2549 1234 2618 prius
1258 2549 1516 2603 vomitum
1544 2558 1670 2605 sunt

63 2652 331 2703 reversa},
359 2653 389 2692 a
417 2639 572 2694 nobis
598 2647 653 2694 et
687 2637 757 2693 ab
779 2638 1030 2694 omnibus
1060 2640 1307 2696 fidelibus
1333 2657 1364 2695 a
1390 2640 1668 2697 liminibus

62 2727 320 2782 ecclesiae
368 2736 423 2784 et
455 2736 597 2784 cmtu
629 2727 867 2785 ﬁdelium
914 2721 1087 2800 usque
1136 2731 1203 2786 ad
1238 2731 1665 2788 satisfactionem

63 2827 192 2874 sunt
240 2817 587 2874 eliminandae
623 2827 679 2875 et
726 2820 1036 2876 carceribus
1075 2822 1370 2888 tradendae,
1434 2823 1668 2894 qualiter

59 2908 214 2979 juxta
248 2909 557 2981 apostolum
593 2910 818 2966 Paulum
857 2912 1130 2968 tradentes
1152 2913 1456 2984 hujusmodi
1493 2915 1665 2968 homi-

62 3018 186 3058 nem
226 3001 473 3067 Satanze,
524 3011 585 3058 ut
611 3004 835 3074 spiritus
877 3003 1060 3060 salvus
1097 3005 1169 3060 sit
1201 3005 1254 3059 in
1293 3006 1380 3060 die
1427 3005 1661 3060 Domini.

61 3091 135 3145 De
159 3091 368 3146 talibus
397 3091 544 3147 enim
573 3102 626 3148 et
667 3091 929 3150 Dominus
971 3109 1068 3164 per
1112 3094 1332 3166 Moysen
1381 3096 1660 3166 loquitur:

1775 1898 1964 1964 voluit,
2013 1909 2069 1954 et
2110 1914 2216 1954 non
2251 1900 2493 1972 legitime
2536 1903 2590 1959 in
2630 1913 2758 1960 voto
2802 1921 2901 1961 suo
2930 1907 3251 1976 permansit,
3307 1916 3369 1962 ut

1773 1988 2150 2060 ptenitentiam
2179 1988 2343 2062 417
2376 2003 2499 2061 agat
2521 1993 2587 2047 de
2624 1993 2870 2050 illusione
2898 1994 3149 2061 nefanda,
3174 2003 3227 2050 ‘et
3281 2011 3367 2051 re-

1773 2085 2017 2137 vertatur
2045 2083 2111 2138 ad
2143 2083 2196 2138 id
2231 2084 2374 2154 quod
2401 2083 2686 2154 spopondit
2711 2093 2766 2140 et
2802 2086 2856 2140 in
2880 2101 3036 2142 sacro
3065 2087 3366 2144 ministerio

1773 2173 2066 2231 inchoavit.
2102 2176 2234 2232 Nam
2263 2177 2308 2232 si
2331 2177 2770 2234 consenserimus
2793 2181 2938 2248 quod
2971 2180 3153 2235 omnia
3184 2196 3366 2236 sacra-

1773 2277 1956 2324 menta
1996 2269 2366 2326 ecclesiastica
2417 2271 2646 2342 quisque
2694 2282 2854 2342 prout
2903 2273 3017 2328 vult
3072 2274 3260 2344 ﬁngat,
3310 2283 3368 2329 et

1772 2373 1879 2414 non
1913 2374 2041 2415 vere
2086 2361 2201 2425 fiat,
2248 2361 2425 2416 omnis
2454 2363 2586 2417 ordo
2625 2363 3028 2420 ecclesiasticus
3071 2365 3362 2420 conturba-

1772 2459 1878 2517 tur,
1908 2467 2009 2507 nec
2031 2450 2315 2508 catholicae
2341 2451 2464 2506 ﬁdei
2487 2453 2612 2524 jura
2641 2453 2966 2518 consistunt,
2991 2469 3093 2508 nec
3123 2469 3363 2510 canones

1770 2543 1912 2598 sacri
1949 2543 2051 2598 rite
2098 2545 2478 2600 observantur.
2535 2543 2673 2612 Quid
2717 2545 2864 2600 enim
2902 2545 3106 2616 profuit
3153 2545 3360 2601 Simoni

1769 2633 1925 2707 Mago
1964 2635 2290 2708 baptismum
2321 2651 2537 2691 sacrum
2571 2638 2694 2692 ﬁcte
2723 2638 2997 2709 suscipere
3019 2647 3074 2693 et
3116 2639 3170 2693 in
3200 2637 3361 2694 Chri-

1768 2727 2044 2782 stianitate
2069 2743 2486 2798 permansurum
2513 2745 2574 2784 se
2597 2729 2838 2794 ﬁnxisse,
2871 2746 2994 2786 cum
3027 2746 3121 2802 per
3148 2738 3362 2802 aposto-

1767 2816 1876 2873 lum
1912 2817 2062 2874 fraus
2086 2818 2202 2889 ejus
2226 2819 2456 2886 detecta,
2487 2820 2617 2890 quid
2659 2821 2760 2876 sibi
2788 2820 3031 2877 futurum
3060 2832 3202 2878 esset
3229 2837 3360 2894 pro-

1767 2911 2073 2966 nuntiatum
2105 2920 2206 2965 est.
2237 2912 2329 2966 Ait
2356 2911 2500 2966 enim
2535 2931 2548 2966 :
2601 2911 2836 2968 Pecunia
2875 2924 2968 2968 tua
2997 2925 3165 2970 tecum
3195 2916 3261 2968 sit
3305 2915 3362 2970 in

1765 3003 2072 3066 perditione.
2099 2999 2204 3056 Cor
2232 3004 2368 3057 enim
2395 3014 2541 3056 tuum
2578 3021 2681 3058 non
2704 3015 2777 3059 est
2811 3015 3003 3060 rectum
3027 3022 3204 3060 coram
3227 3004 3358 3060 Deo.

1766 3086 2134 3143 Paenitentiam
2168 3092 2344 3162 itaque
2372 3109 2466 3163 age
2495 3093 2558 3146 ab
2603 3093 2701 3147 huc
2723 3096 2952 3165 nequitia
2995 3106 3110 3160 tua,
3155 3105 3201 3149 et
3234 3111 3361 3164 roga

61 3181 291 3252 Auferte
330 3181 530 3236 malum
570 3183 634 3237 de
667 3185 837 3238 medio
889 3186 1066 3240 vestri.
1118 3185 1194 3240 De
1235 3187 1432 3256 quibus
1476 3196 1530 3241 et
1567 3203 1665 3257 per
1691 3175 1736 3239 C
1769 3178 1933 3233 Deum
1955 3190 2010 3234 ut
2043 3179 2177 3249 forte
2202 3183 2499 3236 remittatur
2521 3184 2615 3238 tibi
2646 3185 2757 3239 luvc
2783 3187 3028 3257 cogitatio
3055 3187 3228 3240 cordis
3259 3187 3356 3240 tui.

61 3270 400 3344 Prophetam
429 3272 506 3327 ait
533 3289 548 3328 :
580 3271 874 3328 laetabitur
913 3276 1093 3346 justus
1117 3293 1235 3330 cum
1281 3279 1467 3332 viderit
1495 3279 1666 3333 vindi-

62 3377 199 3420 ctam
230 3408 248 3432 ,
300 3383 488 3420 manus
534 3383 658 3421 suas
716 3367 908 3421 lavabit
965 3369 1018 3422 in
1066 3371 1322 3440 sanguine
1375 3374 1664 3442 peccatoris

63 3457 240 3530 (Psal.
276 3457 431 3530 LVII).
463 3459 537 3514 De
561 3459 756 3514 talibus
792 3475 1030 3531 namque
1080 3469 1135 3517 et
1171 3477 1359 3518 eorum
1397 3464 1664 3522 similibus

61 3559 228 3622 atque
273 3550 478 3606 eisdem
523 3552 1011 3616 consentientibus,
1043 3555 1172 3625 quia
1218 3571 1324 3610 non
1353 3557 1526 3612 solum
1570 3559 1662 3628 qui

59 3641 300 3708 faciunt,
335 3641 432 3697 sed
453 3642 616 3697 etiam
657 3643 750 3713 qui
801 3645 1171 3712 consentiunt,
1209 3647 1284 3702 rei
1310 3658 1454 3715 sunt,
1483 3648 1664 3710 Domi-

59 3751 160 3790 nus
189 3749 298 3806 per
325 3735 576 3790 eumdem
614 3736 935 3807 pr0phetam
965 3737 1134 3794 David
1162 3739 1402 3812 loquitur
1429 3742 1614 3798 dicens
1645 3762 1658 3798 :

67 3829 304 3886 Videbas
347 3829 542 3900 furem,
586 3830 832 3885 currebas
862 3847 980 3886 cum
1025 3848 1107 3899 eo,
1157 3843 1204 3889 et
1248 3851 1365 3889 cum
1405 3836 1660 3893 adulteris

59 3926 359 3995 portionem
388 3934 533 3977 tuam
579 3923 804 3994 ponebas
840 3923 1013 3996 (Psal.
1046 3927 1194 3997 xux)
1221 3943 1235 3994 ;
1267 3938 1320 3985 et
1359 3929 1528 3986 multa
1564 3946 1659 3986 co-

59 4029 299 4087 rumque
347 4014 566 4070 similia.
615 4013 775 4070 Tales
809 4030 938 4088 ergo
986 4032 1230 4088 personat
1288 4019 1660 4077 indubitanter

61 4106 329 4161 adultera:
363 4119 485 4161 esse
525 4105 980 4173 manifestantur;
1021 4109 1298 4178 quoniam,
1325 4110 1514 4165 relicto
1559 4113 1658 4167 im-

60 4199 283 4256 mortali
324 4214 544 4270 sponso,
603 4201 670 4256 ad
715 4201 1048 4256 anteriorem
1092 4211 1152 4256 ut
1201 4217 1366 4258 canes
1418 4205 1486 4258 ad
1534 4219 1656 4274 pro-

60 4294 242 4363 prium
305 4305 542 4346 reversa
585 4299 710 4346 sunt
735 4291 1020 4358 vomitum,
1049 4300 1128 4359 et,
1172 4302 1430 4364 apostatze
1481 4293 1654 4361 factae,

62 4383 254 4441 illicita
289 4397 356 4437 ac
397 4381 662 4454 sacrilega
711 4397 770 4437 se
812 4383 1130 4454 contagione
1171 4383 1494 4454 polluentes.
1523 4387 1656 4442 viris

61 4474 391 4531 mortalibus
417 4489 476 4530 se
511 4474 908 4546 conglutiantes
933 4491 946 4541 ;
977 4491 1097 4546 quae
1125 4475 1316 4543 etiam,
1340 4478 1497 4549 juxta
1527 4495 1655 4552 apo-

61 4567 261 4622 stolum
310 4564 560 4631 Paulum,
592 4580 657 4620 eo
701 4564 842 4636 quod
892 4566 1168 4622 viduitatis
1205 4569 1539 4639 propositum
1577 4571 1658 4625 di-

61 4661 357 4724 miserunt,
383 4668 440 4712 et
463 4656 629 4730 416
655 4657 816 4714 ﬁdem
838 4674 1002 4728 quam
1042 4675 1166 4716 cum
1194 4661 1308 4718 Deo
1336 4663 1658 4736 pepigerunt

61 4746 316 4820 frangere
345 4757 822 4819 praesumpserunt,
854 4757 1018 4819 atque
1042 4750 1274 4820 primam
1324 4752 1484 4808 ﬁdem
1521 4772 1655 4826 prae-

59 4840 469 4904 varicaverunt,
496 4847 623 4892 sunt
650 4837 970 4894 damnandus
1003 4855 1034 4893 a
1066 4840 1330 4912 nobisque
1353 4849 1407 4898 et
1435 4859 1466 4898 a
1505 4847 1657 4903 vobis

61 4942 224 5004 atque
255 4949 288 4988 a
321 4931 547 5002 reliquis
577 4934 749 4988 nostri
774 4933 980 4989 ordinis
1017 4935 1171 5001 viris,
1201 4952 1230 4990 a
1259 4938 1485 5008 singulis
1510 4941 1658 4997 vide-

60 5022 184 5080 licet
219 5038 324 5080 sua
359 5023 413 5078 in
453 5024 697 5090 dioecesi,
725 5040 756 5078 a
785 5023 1060 5081 liminibus
1093 5026 1336 5083 ecclesiae
1365 5038 1420 5084 et
1447 5046 1478 5085 a
1506 5041 1651 5088 cmtu

61 5117 304 5172 ﬁdelium
347 5131 516 5186 usque
538 5115 606 5170 ad
633 5115 1083 5184 satisfactionem,
1119 5129 1176 5173 ut
1206 5121 1524 5188 praedictum
1547 5132 1650 5190 est,

60 5217 184 5263 sunt
213 5207 586 5264 eliminandte.
617 5207 663 5261 A
697 5206 881 5262 talium
933 5219 1116 5264 autem
1150 5213 1427 5268 consortio
1473 5222 1528 5268 et
1565 5230 1652 5270 so-

61 5300 261 5355 cietate
287 5314 478 5355 omnes
525 5297 710 5355 ﬁdeles
740 5299 794 5353 in
836 5301 1089 5357 omnibus
1130 5302 1404 5360 abstinere
1430 5307 1652 5362 manda~

61 5407 203 5446 ntus.
236 5389 420 5460 Super
439 5390 638 5462 quibus
675 5391 841 5446 etiam
883 5392 1108 5463 placuit,
1139 5410 1422 5467 quousque
1450 5399 1503 5452 in
1536 5399 1654 5471 ipso

62 5485 389 5543 detestando
417 5494 471 5540 et
515 5484 702 5541 illicito
741 5495 902 5557 atque
933 5488 1198 5561 sacrilego
1242 5490 1422 5547 carnis
1464 5502 1656 5549 contu-

60 5576 258 5635 bernio
308 5586 680 5647 perseverant,
711 5587 771 5632 ut
812 5578 991 5636 nullus
1043 5581 1496 5650 Christianorum,
1551 5587 1654 5642 nisi

61 5671 262 5742 quibus
317 5669 566 5740 proprius
616 5670 796 5726 studio
851 5673 1154 5744 corrigendi
1187 5674 1411 5743 jusserit
1443 5677 1652 5749 episco-

61 5765 187 5838 pus,
219 5780 346 5822 cum
379 5763 540 5826 eisin
580 5779 851 5836 quoquam
891 5768 1274 5839 communicet,
1327 5781 1419 5828 aut
1469 5773 1535 5829 ad
1560 5772 1654 5831 do-

1765 3270 1833 3325 In
1854 3272 1973 3342 felle
1996 3275 2134 3328 enim
2170 3276 2546 3330 amaritudinis
2605 3288 2651 3332 et
2701 3278 3016 3349 obligatione
3065 3279 3359 3350 iniquitatis

1764 3364 1909 3419 video
1931 3376 1980 3420 te
1999 3383 2129 3420 esse.
2171 3368 2311 3438 (Act.
2351 3371 2500 3439 vtu.)
2525 3370 2647 3426 Ideo
2680 3371 2833 3438 tales,
2867 3373 2968 3428 nisi
3013 3375 3358 3446 resipiscam,

1764 3458 1990 3526 spiritali
2026 3459 2202 3530 gladio
2233 3471 2520 3531 percutere
2563 3478 2872 3520 censemus.
2917 3465 3032 3521 Non
3079 3469 3224 3523 enim
3274 3470 3357 3527 fas

1763 3559 1847 3605 est
1875 3549 2097 3620 Spiritui
2126 3563 2318 3608 sancto
2346 3555 2598 3621 mentiri,
2624 3556 2766 3612 sicut
2785 3558 3025 3614 Ananias
3047 3569 3102 3615 et
3130 3559 3360 3633 Sapbira

1763 3642 1976 3696 mentiti
2003 3650 2152 3707 sunt,
2185 3653 2239 3698 et
2267 3645 2451 3700 statim
2476 3647 2777 3717 perierunt.

1763 3731 1840 3787 De
1864 3735 2232 3817 pamitentibus.
2256 3737 2380 3817 viris
2402 3754 2464 3792 ac
2491 3739 2678 3806 viduis,
2707 3743 2811 3796 sive
2837 3743 3143 3814 virginibus,
3173 3747 3261 3817 qui
3283 3747 3362 3801 di-

1833 3816 2082 3880 vertentes
2104 3806 2232 3880 laici
2271 3807 2430 3880 ﬁzt_nt,
2479 3820 2568 3864 aut
2605 3821 2792 3866 vestem
2824 3806 3046 3880 mittant,
3080 3806 3154 3880 vel
3175 3806 3362 3880 conju-

1833 3876 1930 3945 giis
1959 3875 2292 3946 copulantur.
2327 3877 2636 3935 Toletanum
2661 3883 2944 3939 concilium
2973 3875 3046 3953 tv,
3084 3875 3200 3958 cap.
3233 3875 3325 3945 53.

1831 3966 2006 4021 LVIII.
2038 3969 2382 4038 (Buncnann.
2431 3970 2524 4026 lib.
2550 3988 2669 4040 vm,
2716 3990 2761 4029 c.
2807 3975 2918 4048 27.)
2945 3977 3264 4051 Quicunque
3293 3996 3362 4036 ex

1760 4059 2108 4115 saecularibus
2130 4062 2463 4132 accipientes
2487 4067 2860 4135 pmnitentiam
2897 4071 3245 4128 tetenderunt
3274 4089 3356 4141 se,

1759 4161 1815 4207 et
1842 4168 2031 4208 rursus
2063 4155 2516 4225 praevaricantes,
2557 4157 2677 4212 laici
2717 4159 2892 4214 effecti
2933 4173 3078 4228 sunt,
3108 4179 3357 4235 compre-

1758 4239 1908 4296 hensi
1934 4241 2002 4295 ab
2025 4242 2276 4313 episcopo
2311 4260 2408 4300 suo
2447 4247 2514 4299 ad
2539 4248 2908 4318 pmnitentiam
2930 4268 2997 4305 ex
3019 4269 3126 4322 qua
3175 4271 3361 4311 reces-

1757 4342 1946 4388 serunt
2001 4344 2339 4391 revocentur.
2384 4337 2537 4405 Quod
2573 4341 2618 4395 si
2650 4341 2811 4412 aliqui
2855 4358 2952 4414 per
2981 4348 3356 4416 pteniteutiam

1759 4425 2146 4482 irrevocabilcs
2190 4437 2338 4495 sunt,
2371 4445 2471 4485 nec
2511 4432 2772 4488 admoniti
2820 4446 3184 4505 revertuntur,
3229 4458 3358 4501 vere

1681 4539 1734 4599 ι)
1759 4525 1818 4570 ut
1851 4526 2109 4587 apostatzn
2151 4535 2335 4574 coram
2382 4521 2623 4578 Ecclesia
2652 4533 2711 4579 ut
2741 4527 3104 4586 anathematis
3146 4543 3360 4591 senten-

1760 4609 1836 4663 tia
1865 4611 2311 4667 condemnentur.
2345 4613 2512 4687 418
2547 4616 2661 4672 Non
2695 4619 2854 4675 aliter
2875 4631 2930 4677 et
2959 4623 3012 4678 hi
3037 4626 3125 4695 qui
3155 4631 3302 4684 tonsi
3325 4647 3356 4686 a

1759 4699 2073 4768 parentibus
2104 4699 2323 4768 fuerint,
2357 4713 2449 4758 aut
2474 4716 2665 4775 sponte
2697 4724 2794 4765 sua
2815 4751 2828 4777 ,
2870 4714 3083 4771 amissis
3116 4721 3358 4787 parenti-

1758 4789 1884 4857 bus,
1907 4807 1966 4846 se
1989 4792 2134 4863 ipsos
2160 4795 2410 4865 religioni
2439 4797 2795 4868 devoverunt,
2821 4811 2874 4857 et
2897 4815 3086 4873 postea
3116 4808 3358 4866 habitum

1759 4881 2071 4938 saecularem
2119 4895 2488 4956 sumpserunt,
2527 4898 2582 4944 et
2611 4891 2772 4946 iidem
2813 4909 2844 4948 a
2887 4899 3170 4955 sacerdote
3211 4917 3358 4958 com-

1758 4975 2034 5044 prehensi,
2069 4976 2136 5031 ad
2172 4978 2372 5033 cultum
2415 4980 2707 5052 religionis,
2759 4995 2877 5041 acta
2909 4989 3061 5058 prius
3092 4993 3359 5062 poeniten-

1760 5067 1858 5133 tia,
1889 5079 2228 5124 revocentur.
2256 5070 2407 5138 Quod
2437 5073 2481 5128 si
2513 5076 2708 5130 reverti
2743 5095 2848 5134 non
2871 5093 3119 5150 possunt,
3149 5101 3274 5142 vere
3300 5096 3359 5143 ut

1760 5171 2016 5231 apostatze
2067 5165 2430 5220 anathematis
2473 5171 2753 5225 sententia:
2803 5174 3174 5245 subjiciantur.
3229 5179 3359 5247 Qua:

1763 5252 1938 5307 forma
1966 5255 2273 5310 servabitur
2297 5257 2460 5312 etiam
2486 5259 2537 5314 in
2562 5261 2736 5317 viduis
2759 5263 3162 5336 virginibusque
3184 5273 3358 5328 sacris

1761 5359 1825 5398 ac
1850 5344 2240 5413 pmnitentibus
2284 5345 2500 5404 feminis
2531 5366 2650 5425 qua:
2693 5356 3158 5414 sanctimonialem
3206 5361 3359 5419 habi-

1763 5445 1875 5491 tum
1904 5439 2216 5505 induerunt,
2241 5451 2296 5497 et
2325 5452 2514 5513 postea
2540 5455 2631 5500 aut
2664 5457 2867 5502 vestem
2893 5459 3241 5511 mutaverunt
3265 5467 3362 5516 aut

1764 5525 1832 5582 ad
1864 5528 2082 5597 nuptias
2109 5532 2464 5588 transierunt.

1763 5617 1840 5673 De
1873 5620 2184 5677 discretione
2211 5626 2547 5681 stvcularium
2589 5638 2637 5682 et
2667 5632 3147 5691 sanctimonialium
3175 5640 3361 5696 vidua-

2117 5711 2255 5750 rum.
2288 5695 2430 5750 Item
2462 5699 2720 5768 ejusdem,
2756 5718 2872 5773 cap.
2907 5704 2994 5760 56.

1833 5781 1966 5840 LIX.
2008 5784 2126 5843 Duo
2180 5796 2305 5843 sunt
2350 5805 2551 5860 genera
2610 5791 2924 5865 viduarum,
2972 5814 3258 5871 sazcutares
3299 5810 3356 5862 et
