3920 6432
141 353 259 413 sco
989 352 1076 408 nr:
1112 331 1439 410 ECCLLES.
1485 345 1765 406 DISCIPL.
1811 346 1990 404 LIBRI
2018 347 2179 406 nuo.
2221 379 2289 390 --
2326 346 2620 405 APPEND.
2653 348 2716 404 ιι.
3327 351 3436 410 suo

141 467 350 526 Deﬁcit
378 483 466 525 me
495 467 612 523 dies
657 468 703 523 si
747 467 983 539 slngulas
1028 467 1285 523 Ecclesiae
1329 465 1747 521 consuetudines
1777 469 1823 525 Α
1855 463 2085 532 scriptas
2111 461 2428 518 traditiones
2465 462 2694 517 firmiter
2741 469 2946 518 tenere.
2983 461 3170 517 Laudo
3199 479 3318 531 uos,
3351 465 3428 521 ln-

141 563 482 635 explicalum
508 563 980 634 aggrediar.’Quid
1005 564 1202 634 plura?
1231 563 1404 633 Ipsam
1435 559 1742 616 confcssio-
1853 555 1965 626 quit
1992 555 2298 625 APOSlUIUS,
2321 553 2460 625 quod
2501 556 2554 608 in
2590 555 2832 609 omnibus
2857 569 3112 610 memores
3150 557 3251 611 mei
3274 558 3434 624 estis,

139 670 276 709 nem
301 653 424 708 fidei
456 655 710 709 credendi
743 655 792 709 in
821 653 1058 720 Patrem,
1082 665 1136 710 et
1157 653 1376 722 Filium,
1403 663 1456 709 et
1482 651 1742 724 Spiritum
1849 656 1898 702 et
1937 647 2070 701 sicut
2120 649 2316 702 tradidi
2355 648 2498 702 vobis
2546 647 2856 702 traditiones
2903 649 3106 703 tenetis.
3155 649 3224 704 Et
3263 650 3432 707 illud:

139 757 422 815 sanctum,
445 747 566 820 quis
589 748 746 804 nobis
774 749 970 820 scripta
995 751 1308 814 insinuavit,
1347 749 1449 804 nisi
1476 747 1616 818 quod
1649 745 1743 799 ba-
1851 741 2054 795 Tenetis
2081 737 2388 796 traditiones
2417 753 2548 812 quas
2574 741 2841 812 accepistis
2870 743 2975 796 sive
3003 757 3096 812 per
3120 757 3434 814 sermonem,

137 843 393 915 ptismati
419 841 792 898 slraditionem
819 851 1213 914 consequenter
1230 841 1347 898 fidei
1373 841 1740 914 pictasimita-
1840 834 1946 888 sive
1964 849 2054 903 per
2078 831 2368 902 epistolam.
2389 829 2555 903 Igitur
2579 830 2704 887 licet
2727 833 2892 887 inore
2919 833 3148 888 duorum
3170 831 3252 886 vel
3269 831 3432 888 trium

139 943 256 998 tur,
283 943 341 988 et
374 941 432 988 ut
457 933 824 1005 baptizamur,
853 935 926 988 ita
965 943 1019 989 et
1043 929 1360 988 credimus?
1395 931 1524 999 Quae
1552 929 1741 984 diebus
1841 923 2060 978 lCSlium
2099 927 2205 977 ειθῑ
2253 935 2414 977 omne
2445 923 2694 988 verbum.
2742 921 2970 979 diVBrSiS
3021 923 3124 978 ηῖιί
3166 921 3430 994 exemplis

137 1022 300 1078 festis
331 1023 609 1093 Scriptura
644 1031 852 1079 stantes
876 1039 972 1079 nos
996 1039 1151 1078 orare
1176 1024 1447 1094 praicepit,
1491 1019 1745 1092 profestis
1841 1015 2150 1084 maluimus,
2179 1017 2376 1088 quibus
2413 1015 2792 1072 ecclesiasticae
2819 1017 3220 1072 consuetudinis
3243 1019 3433 1074 obser-

137 1126 329 1170 antcm
368 1131 474 1170 non
508 1115 629 1170 sic?
669 1115 808 1187 Ergo
837 1117 878 1171 si
915 1123 993 1170 tot
1023 1131 1127 1170 non
1159 1115 1362 1184 scripto
1387 1113 1582 1167 tradita
1609 1127 1739 1166 usus
1844 1107 2080 1164 vantiam
2110 1123 2138 1162 a
2173 1107 2467 1176 majoribus
2493 1108 2708 1162 ductam
2727 1121 2826 1179 pro
2855 1107 2968 1181 lege
2995 1110 3279 1165 tenendam
3305 1124 3434 1184 per-

137 1207 408 1264 Ecclesia:
430 1211 515 1282 pie
543 1219 761 1282 accepta
789 1211 1012 1282 mystica
1059 1209 1436 1265 observatione
1468 1208 1698 1264 custodit
1724 1249 1738 1274 ,
1799 1277 1804 1282 ‘
1847 1201 2160 1258 suasibilius
2189 1201 2416 1258 eruditis
2439 1201 2725 1258 clarescat.

137 1315 248 1354 non
273 1302 600 1370 absurdum,
625 1301 732 1358 imo
755 1301 1132 1372 apostolicum,
1153 1290 1402 1356 arbitror
1432 1300 1594 1356 etiam
1633 1313 1740 1354 non

1144 1667 1306 1744 523
1358 1679 1881 1764 APPENDIX
1928 1673 2254 1762 SECUN
2265 1675 2424 1760 DA.

217 2021 413 2096 Priora
440 2022 611 2096 capita
635 2021 702 2076 I8
720 2021 881 2096 istius
901 2021 1142 2096 secundm
1171 2021 1494 2096 appendicis,
1517 2037 1635 2093 qua?
1657 2025 1941 2096 ecstant'tn
1974 2015 2701 2096 editmnelielrntcstadiensi,
2725 2015 2906 2069 eadem
2929 2014 3140 2096 omnino
3165 2023 3285 2068 sunt
3312 2029 3430 2096 crint

130 2094 328 2165 primis
353 2094 424 2147 28
445 2085 629 2165 prima!
659 2094 985 2165 appendicis,
1007 2111 1166 2165 quam
1188 2085 1446 2165 edidimus
1467 2085 1540 2165 eat.
1557 2093 1716 2148 veleri
1739 2092 1915 2146 codice
1935 2108 2034 2165 tus.
2053 2085 2374 2165 _APit_ri_sien_st'
2391 2127 2428 2165 ,_
2451 2095 2660 2155 excepto
2699 2097 2874 2165 tanien
2899 2085 3266 2165 capite‘ltonoﬁ
3289 2085 3428 2165 quod

133 2151 246 2217 itan
265 2151 454 2238 exstat
473 2151 776 2238 ineditione
801 2151 1280 2238 Ilelnucstadiensi,
1306 2173 1352 2216 et
1379 2163 1616 2216 additum
1647 2174 1718 2216 est
1745 2179 1816 2238 ea:
1846 2159 2356 2238 codiéeParisieusi.
2387 2151 2589 2238 itaque
2616 2157 2788 2238 capita
2819 2151 3018 2212 tantum
3150 2151 3424 2238 exohis

129 2235 402 2304 pertinent
434 2235 502 2287 ad
531 2234 687 2288 istam
722 2235 1006 2288 secundant
1033 2236 1368 2304 appendicem
1393 2251 1410 2296 ;
1437 2250 1554 2304 quia
1581 2251 1673 2304 nos
1703 2234 1764 2288 ob
1790 2250 1902 2304 eam
1934 2249 2148 2285 causam
2187 2229 2268 2304 Itic
2297 2229 2464 2304 omitti
2494 2225 2887 2304 uoluintttstne.
2929 2225 3164 2304 repetitio
3219 2225 3426 2304 inutilis

129 2297 311 2374 feret.
345 2305 714 2358 Exhibcbimus
743 2315 918 2358 autent
949 2297 1081 2359 bona
1103 2297 1224 2374 ’βαρ
1258 2297 1535 2374 editionem
1569 2303 2128 2374 Helnuestadicnsem;
2162 2301 2262 2354 nisi
2290 2299 2448 2370 quod,
2473 2305 2722 2374 quamam
2769 2297 2894 2374 fieri
2937 2297 3146 2366 poterit,
3201 2298 3426 2374 adnota-

130 2366 316 2428 bimus
351 2377 486 2430 unde
511 2377 670 2446 petita
695 2377 798 2428 sint
822 2377 1028 2446 capita;
1056 2366 1193 2446 (ιη’οά
1220 2377 1270 2428 in
1294 2371 1751 2446 Helnucstadieusi
1777 2375 2005 2446 editione
2045 2373 2242 2440 factum
2284 2366 2390 2424 non
2446 2366 2543 2426 est.
2599 2368 2732 2422 Tum
2783 2369 3048 2424 variantes
3103 2382 3306 2438 quoque
3349 2366 3425 2420 le-

129 2447 339 2500 ctiones
366 2463 482 2514 quae
509 2443 659 2500 erant
687 2445 914 2516 alicujus
937 2443 1181 2500 momenti
1211 2447 1346 2500 inter
1371 2461 1533 2500 uncos
1556 2445 1828 2500 conclusas
1851 2443 2177 2500 exhibemus.

183 2807 354 2883 ⁸24
381 2800 672 2862 ‘NC'P’T
718 2801 1036 2864 TEXTUS
1075 2799 1670 2864 CAPITULOBUM-
1749 2781 1998 2883 “"159”
2029 2767 3428 2883 ‘3"°“‘"_°_"ii'_T_'T3'L°3‘l‘3Ti"'T_f..ifi.fimi"???

129 2921 220 2978 Ne
245 2922 492 2978 sacerdos
517 2931 742 2976 vexetur.
777 2919 858 2975 Ea:
871 2922 1093 2976 concilio
1115 2921 1502 2986 Aurelianensi,
1530 2935 1642 2988 cap.
1669 2919 1723 2973 8.

203 3033 440 3089 XXVIII.
469 3033 718 3089 Relatum
739 3043 822 3090 est
853 3043 1056 3090 sancire
1081 3033 1286 3104 synodo
1341 3033 1483 3104 quod
1508 3048 1535 3086 a
1568 3029 1725 3086 malis

125 3127 462 3184 Christianis
492 3128 735 3198 plurimm
759 3127 1075 3184 vexationes
1101 3123 1476 3180 sacerdotibus
1521 3121 1725 3179 Christi

125 3235 226 3274 seu
255 3220 468 3270 ca-tcris
497 3217 710 3272 clericis
733 3215 1004 3272 inferioris
1055 3215 1270 3286 gradus‘
1299 3213 1594 3284 saepissime
1643 3212 1718 3264 in-

125 3308 404 3364 ferantur.
433 3307 584 3364 Unde
605 3308 776 3362 visum
798 3316 881 3362 cst
909 3317 1096 3362 sancto
1123 3305 1370 3370 concilio,
1422 3321 1486 3359 ne
1539 3313 1725 3376 postea

126 3400 266 3454 talia
294 3400 752 3469 cxi~.lant,jaculo
793 3399 1016 3472 spiritali
1049 3409 1352 3470 percutere,
1411 3409 1468 3454 ut
1515 3397 1560 3453 si
1606 3401 1728 3468 quis

126 3491 344 3546 clerico
378 3490 612 3560 aliquam
643 3491 893 3562 injuriam
927 3507 1020 3546 seu
1062 3489 1388 3546 calumniam
1449 3487 1611 3562 425
1653 3489 1728 3543 in-

121 3579 390 3650 gesserit,
418 3596 448 3632 a
477 3580 752 3636 liminibus
778 3593 981 3636 sancta:
1010 3581 1253 3638 ecclesia:
1276 3589 1528 3637 arceatur
1557 3597 1726 3652 usque

127 3675 198 3726 ad
237 3674 559 3743 condignam
585 3674 1028 3730 satisfactionem.

205 3763 400 3820 XXIX.
425 3764 510 3820 Ex
533 3767 749 3820 concilio
774 3766 1173 3839 Rothomagcnsi
1197 3767 1368 3842 (555).

534 3859 606 3912 De
630 3859 977 3930 demigrantia
1003 3857 1348 3915 Clericorum.

206 3947 384 4002 XXX.
419 3947 550 4005 Cum
579 3947 968 4005 fraternitatem
1000 3960 1142 4006 tuam
1177 3951 1515 4008 confidamus
1564 3965 1725 4006 cano-

127 4056 270 4094 num
303 4049 500 4093 statuta
525 4049 574 4095 et
605 4041 839 4112 vigorem
874 4041 1104 4112 dirigere
1139 4041 1460 4112 disciplimc,
1495 4043 1596 4096 hoc
1627 4041 1722 4095 tibi

1827 2867 2118 2938 adiutorio,
2152 2881 2272 2937 quae
2305 2877 2582 2933 nunquam
2611 2863 2831 2928 excidit,
2869 2861 3206 2919 sublevetur.
3257 2865 3426 2938 Igitur

1827 2963 1870 3020 si
1897 2963 1982 3034 pie
2007 2971 2060 3016 et
2083 2959 2228 3029 juste
2249 2957 2416 3032 426
2444 2963 2591 3013 recto
2619 2955 2912 3010 currebant
2961 2955 3228 3013 hactenus
3282 2959 3422 3013 viam

1829 3053 2045 3109 tramite
2074 3053 2216 3117 vitae,
2249 3067 2346 3121 pro
2377 3049 2636 3120 religione
2659 3049 2988 3120 perfectiora
3019 3057 3276 3120 expetere
3301 3049 3418 3107 locs

1828 3143 2096 3200 licentiam
2135 3143 2215 3198 eis
2237 3157 2340 3197 non
2375 3139 2747 3212 denegandam
2775 3155 2894 3196 esse
2913 3141 3243 3197 censuimus.

2341 3231 2420 3287 De
2447 3231 2568 3286 odio
2597 3231 2653 3286 in
2677 3231 2892 3302 fratres.

1900 3325 2089 3384 XXXI.
2131 3325 2186 3382 Si
2213 3327 2332 3396 quis
2361 3326 2542 3380 odium
2593 3333 2784 3380 contra
2831 3323 3054 3378 fratrem
3096 3339 3252 3380 suum
3289 3323 3428 3396 inju-

1829 3427 1908 3474 ste
1944 3419 2211 3482 habuerit,
2244 3419 2388 3472 hunc
2433 3417 2624 3472 Deusa
2653 3433 2750 3472 suo
2811 3425 3028 3486 separat
3077 3431 3244 3488 regno
3285 3429 3340 3472 ct
3394 3435 3425 3473 ει

1827 3511 1966 3566 οωιο
1996 3509 2298 3574 subtrahit;
2340 3507 2465 3578 quia
2499 3509 2681 3563 odium
2713 3523 2810 3562 nec
2832 3509 3084 3578 passione
3134 3508 3182 3562 ei
3239 3509 3430 3564 adimi-

1829 3613 1938 3669 tur,
1979 3619 2076 3658 nec
2104 3603 2367 3674 martyrio
2393 3601 2664 3670 expiatur,
2693 3615 2796 3654 nec
2827 3600 3092 3668 sanguine
3119 3597 3241 3652 fuso
3289 3599 3433 3654 dele-

1831 3705 1935 3750 tur.
1970 3693 2266 3750 Detrahere
2288 3705 2467 3749 autem
2493 3694 2648 3748 alteri
2675 3707 2772 3764 per
2799 3694 2978 3747 odium
3005 3733 3020 3758 ,
3049 3693 3132 3746 sui
3160 3694 3428 3748 commodi

1830 3803 2017 3852 causa,
2044 3789 2213 3860 magis
2243 3795 2328 3841 est
2354 3795 2542 3841 contra
2573 3795 2821 3841 naturam
2846 3799 3008 3856 quam
3039 3799 3204 3852 mors,
3260 3801 3425 3857 quam

1830 3879 2001 3944 dolor,
2029 3879 2110 3934 vel
2137 3888 2327 3934 caetera
2365 3878 2674 3948 huiusmodi
2709 3877 2868 3932 mala.

1830 3969 2058 4026 Sanctus
2099 3969 2382 4042 Gregorius
2428 3971 2574 4035 dicit,
2625 3971 2746 4024 item
2791 3971 3140 4041 Augustinus,
3188 3969 3252 4026 de
3281 3983 3425 4024 omo.

1900 4061 2113 4118 XXXII.
2145 4061 2332 4132 Magna
2356 4071 2410 4117 ct
2456 4045 2590 4116 mira
2633 4061 2919 4127 sententia,
2973 4063 3426 4131 quemadmodum

127 4131 501 4202 indagandum
529 4133 784 4186 mandare
815 4133 1140 4198 curavimus,
1168 4149 1236 4186 ne
1277 4133 1490 4203 ingenui
1521 4133 1723 4199 clerici,
1753 4151 1800 4215 ρ
1833 4153 1900 4208 εει
1929 4153 2161 4207 hominis
2194 4131 2504 4206 in’animam
2533 4167 2686 4206 suam
2713 4165 2868 4204 amo,
2896 4159 2955 4204 ιη
2978 4159 3197 4221 pereat,
3239 4153 3424 4206 odium

129 4223 232 4292 qui
267 4221 564 4290 capacioris
613 4229 667 4277 et
714 4221 1001 4294 argutioris
1046 4231 1172 4276 sunt
1212 4221 1436 4294 ingenii,
1498 4222 1563 4276 ad
1609 4221 1726 4277 loca

129 4327 262 4382 qua:
287 4312 508 4366 scientia
557 4321 611 4367 et
657 4312 902 4368 doctrina
949 4312 1334 4367 excellentiora
1389 4313 1729 4384 conspiciun-

132 4415 254 4470 tur,
284 4407 519 4462 discendi
544 4407 868 4480 (ditescendi)
898 4407 1068 4478 gratia
1107 4421 1218 4477 prae
1251 4407 1374 4478 (nisi
1395 4406 1595 4478 habita)
1627 4406 1728 4460 lilia

129 4499 295 4555 litate
317 4499 558 4556 ecclesiae
581 4500 769 4570 suique
802 4500 1092 4554 necessarii
1118 4499 1335 4572 petendi
1359 4516 1518 4553 causa
1547 4507 1725 4554 trans-

132 4591 394 4647 cendant.

213 4681 420 4735 Invidia
456 4680 766 4751 pontiﬁcatu
797 4695 938 4753 saepe
963 4683 1338 4754 prohibentur,
1367 4683 1492 4738 dum
1513 4697 1632 4755 cap.
1657 4681 1730 4738 20

133 4775 599 4831 Chalcedonensis
665 4775 876 4832 concilii
921 4777 1000 4832 eis
1041 4787 1340 4848 opponunt,
1391 4779 1482 4832 ubi
1533 4779 1730 4833 dicitur

131 4867 372 4922 clericos
399 4866 448 4920 iu
480 4867 710 4923 ecclesia
739 4869 1183 4924 administrantes
1213 4871 1266 4924 in
1321 4869 1544 4924 alterius
1593 4869 1728 4924 civi-

135 4960 270 5014 tatis
293 4960 524 5016 ecclesia
551 4970 782 5018 statutos
813 4963 927 5019 ﬁeri
965 4980 1070 5019 non
1095 4973 1328 5036 oportet,
1351 4973 1408 5020 et
1443 4965 1728 5036 sequentia

133 5053 324 5108 invida
351 5052 724 5110 obiuscatione
749 5055 983 5122 abolent,
1009 5057 1099 5112 ubi
1141 5056 1214 5111 illi
1246 5057 1589 5127 excipiuntur
1637 5057 1730 5128 qui

133 5159 208 5199 ex
237 5144 564 5198 necessitate
589 5145 656 5199 ad
681 5145 842 5199 aliam
896 5146 1184 5202 ecclesiam
1228 5147 1562 5203 transierint.
1618 5147 1730 5201 Ma-

133 5255 246 5308 gna
274 5253 410 5294 sane
429 5239 750 5294 necessitate
771 5241 1038 5310 premitur
1079 5242 1166 5312 qui
1211 5241 1354 5298 fame
1403 5242 1733 5312 constringi-

135 5341 268 5397 tur;
303 5339 358 5384 et
387 5331 476 5402 qui
503 5331 696 5402 injuria
727 5341 970 5387 arctatur
1005 5333 1326 5404 insipientire
1359 5375 1373 5398 ,
1407 5349 1542 5404 Opus
1569 5335 1732 5389 habet

137 5425 298 5478 relici
321 5423 566 5478 doctrina
593 5423 850 5479 scientiae.
889 5425 1034 5479 Inter
1071 5424 1352 5496 fugitivum
1399 5426 1632 5496 denique
1676 5433 1732 5482 et

1829 4261 1896 4300 ne
1923 4252 2125 4314 pereat.
2154 4242 2210 4298 Si
2239 4243 2376 4298 male
2406 4243 2672 4297 amaveris
2699 4283 2713 4306 ,
2773 4251 2902 4296 tunc
2943 4242 3125 4297 odisti.
3181 4240 3238 4296 Si
3287 4243 3426 4298 bene

1827 4337 2027 4400 oderis,
2065 4344 2189 4388 tunc
2211 4334 2422 4388 amasti.
2447 4331 2656 4388 Felices
2675 4331 2767 4404 qui
2793 4333 3024 4388 oderunt
3047 4333 3424 4398 custodiendo,

1828 4441 1894 4480 nc
1923 4426 2151 4496 perdant
2175 4426 2424 4480 amando.

2037 4516 2321 4589 Gregorius
2351 4533 2487 4588 popa
2517 4516 2582 4572 de
2615 4515 2776 4588 lapsis
2821 4516 3202 4572 sacerdotibus.

1897 4609 2134 4665 XXXIII.
2165 4609 2247 4682 (S.
2279 4609 2522 4666 Gnaeos.
2549 4608 2643 4664 lib.
2674 4625 2712 4676 ι,
2755 4611 2910 4681 epist.
2965 4609 3082 4684 42.)
3132 4611 3208 4666 De
3255 4610 3424 4682 lapsis

1829 4705 2218 4764 sacerdotibus,
2247 4703 2332 4756 vel
2361 4702 2602 4774 quolibet
2637 4717 2702 4758 ex
2735 4701 2903 4770 clero,
2937 4701 2993 4759 id
3019 4703 3298 4760 observari
3323 4721 3426 4760 ro-

1829 4795 2026 4860 lum‘us,
2064 4805 2125 4850 ut
2181 4795 2234 4850 in
2302 4797 2465 4850 rebus
2513 4807 2702 4850 eorum
2759 4793 2904 4850 nulla
2960 4796 3424 4852 contaminatione

1829 4887 2140 4951 miscearis;
2167 4887 2260 4941 sed
2283 4887 2625 4956 pauperrima
2652 4885 2921 4958 regularis
2959 4889 3290 4942 monasteria
3339 4903 3428 4943 re-

1829 4979 2007 5050 quire,
2035 4993 2154 5043 quae
2184 4979 2478 5033 secundum
2504 4979 2672 5033 Deum
2696 4979 2882 5034 vivere
2909 4979 3111 5044 sei-unt,
3142 4989 3195 5034 et
3238 4980 3290 5033 in
3312 4979 3419 5035 eis-

1831 5072 1950 5126 dem
1994 5069 2342 5126 monasteriis
2391 5069 2571 5140 lapsos
2611 5070 2678 5126 ad
2729 5071 3106 5139 pmoiteutiam
3143 5071 3314 5134 trade,
3364 5078 3425 5128 ut

1831 5177 1920 5216 res
1959 5161 2232 5230 lapsorum
2263 5160 2316 5214 in
2346 5175 2411 5215 eo
2453 5159 2571 5215 loco
2621 5161 2905 5231 perﬁciant
2957 5157 3312 5233 [proficiant],
3361 5159 3414 5214 in

1831 5267 1940 5324 quo
1968 5267 2126 5323 agere
2149 5251 2522 5323 paenitentiam
2553 5253 2872 5319 traduntur;
2925 5261 3191 5322 quatenus
3223 5251 3326 5321 ipsi
3350 5267 3416 5305 ex

1833 5347 1996 5402 rebus
2019 5359 2204 5400 eorum
2226 5345 2522 5401 subsidium
2545 5345 2778 5400 habeant
2807 5345 2896 5415 qui
2952 5344 3020 5398 de
3069 5343 3412 5398 correctione

1831 5452 2020 5493 eorum
2049 5436 2464 5494 sollicitudinem
2501 5443 2715 5508 gerunt.
2747 5433 2806 5491 Si
2839 5447 2970 5490 vero
3011 5433 3176 5506 527
3223 5449 3418 5503 parcn-

137 5518 446 5575 studiosum
476 5527 634 5573 caute
657 5517 724 5572 ab
754 5517 1008 5589 episcopo
1034 5519 1292 5574 discretio
1344 5519 1580 5590 prospici
1638 5519 1727 5575 de-

1838 5539 1918 5586 les
1947 5530 2163 5596 habent,
2195 5545 2284 5586 res
2309 5543 2496 5584 eorum
2531 5528 2784 5600 legitimis
2819 5527 3140 5597 parentibus
3190 5528 3418 5593 dentur;

139 5615 256 5678 bet,
299 5619 358 5666 ut
405 5611 496 5666 ille
548 5610 724 5666 locum
779 5611 1126 5667 delitescendi
1181 5625 1286 5667 non
1333 5611 1593 5678 inveniat,
1639 5612 1729 5668 isti

123 5717 278 5762 ’νει-ί)
306 5705 483 5760 locum
515 5705 780 5762 inmelius
807 5712 1018 5760 mutare
1043 5711 1100 5760 et
1129 5705 1208 5759 ire
1229 5705 1296 5760 de
1323 5705 1521 5759 virtute
1543 5703 1596 5758 in
1623 5705 1731 5760 vir-

221 5819 372 5893 (355)
402 5818 704 5892 Capituium
736 5818 1104 5892 manuscripto
1127 5828 1314 5876 nostro
1345 5817 1518 5875 deest.

1831 5621 1908 5676 ita
1938 5631 2116 5676 tamen
2139 5627 2199 5675 ut
2221 5633 2409 5675 eorum
2438 5617 2764 5690 stipendium
2789 5618 2882 5689 qui
2931 5617 2985 5672 in
3039 5618 3416 5698 paenitentiam

1835 5713 1944 5770 dati
1971 5709 2190 5780 fuerint,
2215 5707 2540 5767 sutﬁeienter
2567 5707 3083 5782 debeat-procurari.
