3920 6438
445 326 552 389 391

1554 308 1921 371 REGINONIS
1955 306 2374 366 PRUMIENSIS
2411 306 2704 364 ABBATIS

3629 301 3743 358 592

517 441 578 499 Si
607 439 699 512 qui
721 451 852 495 vero
873 449 938 492 ex
959 429 1166 488 familia
1196 426 1563 486 ecclesiastica
1605 426 1919 482 sacerdotes
1947 424 2034 479 vel
2064 428 2115 489 Α
2138 423 2310 489 mei,..
2340 422 2501 477 nolite
2536 423 2726 493 jurare
2765 418 2908 494 (Jac.
2949 418 3027 494 v).
3085 418 3232 487 Haec,
3280 418 3480 475 fratres
3531 419 3747 475 charis-

443 533 569 590 laici
597 527 840 604 [levitae],
870 526 957 582 vel
987 522 1256 586 monachi,
1294 520 1379 574 vel
1425 519 1634 585 clerici,
1682 518 1766 574 vel
1815 517 2043 589 quilibet

448 626 537 682 alii
559 624 691 695 lapsi
716 620 933 679 fuerint,
963 615 1080 671 dari
1132 628 1224 670 eos
1253 613 1306 668 in
1351 611 1728 683 paenitentiam
1769 610 2039 675 volumus,

447 719 544 776 sed
588 710 674 771 res
713 727 899 769 eorum
948 717 1008 764 ut
1042 706 1421 764 ecclesiasticae
1450 720 1556 760 non
1581 702 1822 759 subtrahi
1850 700 2044 774 [eccle-
2083 750 2088 754 .

450 803 795 875 siasticojuri
819 818 924 858 non
948 799 1042 874 s.].
1067 799 1150 854 Ad
1186 812 1341 853 usum
1375 805 1552 852 tamen
1587 809 1741 851 suum
1776 792 2044 862 accipiant

450 899 590 958 unde
613 898 680 952 ad
712 892 1088 966 paenitendum
1117 889 1453 955 subsistant;
1477 902 1546 942 ne
1574 887 1620 942 si
1647 884 1940 951 nudentur,
1965 882 2043 939 lo-

448 993 528 1049 cis
558 991 610 1045 in
637 988 836 1059 quibus
860 985 969 1042 dati
1001 983 1203 1038 fuerint
1231 980 1451 1037 onerosi
1479 979 1608 1035 sint.
1633 978 1692 1033 Si
1728 978 1820 1048 qui
1847 989 2043 1048 paren-

450 1093 531 1139 tes
568 1081 620 1134 in
647 1077 996 1151 possessione
1019 1073 1244 1136 habent,
1277 1071 1412 1143 ipsis
1435 1085 1524 1126 res
1559 1083 1748 1125 eorum
1775 1065 2048 1123 tradendae

458 1185 602 1238 sunt,
634 1181 692 1227 ut
721 1171 775 1226 in
807 1169 938 1240 ipsis
964 1165 1220 1222 Ecclesiae
1249 1162 1376 1236 [iuri
1403 1161 1576 1235 Eccl.]
1631 1167 2046 1216 conserventur.

523 1267 711 1341 (Idem,
736 1263 829 1318 lib.
848 1277 926 1327 IV,
949 1261 1134 1316 indict.
1153 1258 1236 1323 15,
1256 1258 1406 1329 epist.
1433 1255 1547 1327 3i.)
1565 1251 1942 1318 Sacerdotibus
1962 1267 2052 1307 au-

451 1371 561 1418 tem
594 1369 818 1416 externa
840 1362 1106 1428 potestate
1134 1350 1312 1407 nullus
1336 1350 1584 1405 dominus
1613 1345 1928 1402 violentiam
1968 1344 2049 1398 in:

453 1453 626 1518 ferat;
678 1449 773 1506 sed
812 1445 1099 1504 excellenti
1155 1441 1612 1507 consideratione,
1671 1446 1892 1510 propter
1925 1449 2051 1492 eum

455 1543 614 1615 cujus
643 1540 784 1598 servi
811 1547 958 1606 sunt,
1009 1536 1090 1591 eis
1145 1534 1218 1590 ita
1269 1533 1575 1590 dominetur
1602 1538 1663 1586 ut
1692 1529 1855 1586 etiam
1901 1527 2055 1583 debi-

455 1647 566 1695 tam
597 1636 956 1692 reverentiam
986 1627 1284 1701 impendat.
1337 1625 1474 1681 Nam
1510 1624 1566 1680 in
1592 1623 1790 1680 divinis
1821 1621 2054 1693 eloquiis

458 1725 772 1784 sacerdotes
796 1721 1084 1793 aliquando
1109 1720 1202 1784 dii,
1233 1717 1521 1789 aliquando
1547 1716 1723 1789 angeli
1769 1724 2049 1772 vocantur.

2145 518 2289 584 simi,
2317 518 2431 588 ipse
2469 517 2728 572 Dominus
2756 516 3025 588 prohibet,
3055 516 3108 572 id
3137 526 3222 571 est
3250 531 3358 570 non
3414 516 3615 570 debere
3656 516 3744 585 ju-

2146 625 2290 677 rare,
2323 618 2660 666 sacramenta
2679 624 2787 664 non
2818 609 2960 680 exigi
2993 607 3096 662 nisi
3117 622 3216 678 pro
3247 607 3354 662 fide
3397 615 3570 661 recta.
3617 604 3748 660 Haec

2146 701 2375 773 apostoli
2405 702 2639 757 maxime
2684 715 2895 765 omnes,
2940 700 3057 754 haec
3086 699 3259 754 sancti
3297 696 3408 752 viri
3447 697 3752 767 praedeces-

2149 807 2302 848 sores
2333 792 2525 858 nostri,
2576 791 2667 862 qui
2690 791 2816 846 huic
2844 799 3046 846 sancta:
3080 786 3370 842 universali
3425 795 3480 842 et
3529 797 3754 857 aposto-

2150 885 2268 941 licae
2296 884 2550 940 Ecclesiae
2577 882 2911 956 praefuerunt
2934 888 3060 936 ante
3087 895 3207 947 nos,
3239 881 3356 935 haec
3387 880 3676 950 prophetae
3697 888 3755 933 et

2150 979 2343 1051 reliqui
2371 979 2542 1035 sancti
2574 979 2950 1055 doctoresper
2993 976 3310 1031 universum
3364 973 3633 1028 mundum
3667 972 3753 1027 di-

2151 1073 2322 1145 spersi
2359 1072 2426 1128 ad
2460 1072 2862 1143 prtedicandum
2888 1071 3197 1142 juramenta
3227 1076 3434 1123 vetant.

2436 1165 2514 1222 De
2534 1166 2885 1221 ecclesiastica
2906 1164 3257 1219 controversia
3284 1172 3460 1217 testes.

2224 1255 2444 1315 XXXV.
2472 1255 2661 1312 Omnis
2689 1255 3060 1311 controversia
3086 1269 3208 1326 quin
3243 1253 3310 1310 de
3356 1250 3757 1308 ecclesiasticis

2153 1353 2317 1410 rebus
2342 1350 2438 1417 Iit,
2470 1349 2766 1406 secundum
2798 1348 3036 1404 divinam
3076 1345 3252 1416 legem
3290 1345 3393 1400 sub
3427 1344 3643 1400 duobus
3673 1343 3758 1398 vel

2155 1444 2330 1500 tribus
2377 1441 2604 1498 testibus
2652 1440 2995 1504 terminetur,
3043 1437 3258 1492 dicente
3306 1434 3586 1490 Domino:
3633 1431 3760 1487 Non

2156 1554 2292 1594 unus
2327 1545 2425 1592 stet
2447 1544 2631 1590 contra
2671 1533 2836 1589 alium
2856 1573 2872 1599 ,
2897 1531 2987 1587 sed
3024 1531 3081 1586 in
3109 1547 3199 1585 ore
3229 1529 3453 1584 duorum
3481 1526 3558 1582 rel
3589 1527 3760 1580 trium

2155 1631 2364 1687 testium
2395 1637 2493 1683 stet
2521 1643 2674 1683 omne
2701 1626 2916 1681 verbum
2944 1622 3158 1697 (Matth.
3193 1621 3374 1693 xvtn).
3405 1619 3682 1674 Similiter
3707 1627 3761 1672 et

2159 1723 2228 1778 de
2257 1719 2599 1792 separatione
2642 1715 3087 1787 conjugatorum.
3114 1721 3193 1792 ~ut
3239 1723 3350 1769 tres
3379 1725 3610 1766 veraces
3658 1711 3760 1764 ho-

455 1819 526 1876 Εί
545 1834 642 1890 De?
665 1790 985 1888 Moysenvde
1008 1826 1074 1867 θο
1096 1811 1188 1882 qui
1215 1807 1670 1880 adiuramenlum
1708 1805 2056 1862 deducendus
2084 1804 2134 1868 Β
2161 1790 2336 1870 mines
2368 1813 2472 1869 hoc
2501 1810 2880 1878 testificentur,
2914 1808 2959 1865 si
2992 1790 3200 1879 septem
3222 1813 3229 1820 ‘
3251 1803 3482 1860 inveniri
3513 1817 3626 1856 non
3674 1816 3764 1855 va-

455 1921 541 1968 est
565 1903 1048 1976 dicitur:Applica
1068 1902 1222 1958 illum
1244 1902 1313 1956 ad
1357 1901 1504 1968 deos,
1561 1897 1815 1955 videlicet
1838 1899 1921 1976 .ad
1970 1912 2057 1954 sa-

456 2004 729 2061 cerdotes.
750 1999 818 2054 Et
839 2011 1058 2054 rursum
1086 2010 1101 2050 :
1138 1993 1255 2050 Diis
1281 2009 1387 2048 non
1411 1991 1652 2048 detrahes
1674 1990 1872 2065 (Exod.
1895 1988 2056 2063 xxu),

462 2095 672 2154 scilicet
693 2089 1083 2148 sacerdotibus.
1105 2086 1174 2142 Et
1195 2085 1456 2158 propheta
1481 2084 1558 2139 ait
1585 2101 1601 2140 :
1629 2082 1796 2138 Labia
1817 2082 2062 2138 sacerdo-

457 2189 530 2245 tis
549 2184 851 2242 custodiunt
873 2181 1165 2246 scientiam,
1183 2189 1238 2233 ut
1259 2177 1422 2250 legem
1438 2176 1704 2248 requirant
1726 2191 1790 2230 ex
1812 2190 1901 2229 ore
1919 2173 2058 2244 ejus,

460 2280 587 2352 quia
613 2274 830 2348 angelus
866 2273 1080 2328 Domini
1104 2269 1427 2326 exercituum
1446 2277 1519 2323 est
1539 2265 1796 2340 (Malae/1.
1820 2266 1903 2337 ιι).
1921 2263 2062 2333 Quid

461 2388 591 2446 ergo
606 2371 805 2427 mirum
831 2369 878 2425 si
904 2367 1022 2424 illos
1050 2376 1228 2422 vestra
1279 2365 1456 2436 pietas
1480 2361 1730 2431 dignetur
1772 2360 2058 2424 honorare,

461 2464 659 2537 quibus
696 2461 750 2517 in
775 2474 874 2516 suo
911 2458 1127 2530 eloquio
1143 2457 1405 2512 honorem
1442 2452 1704 2517 tribuens,
1721 2465 1818 2508 eos
1851 2458 1944 2506 aut
1972 2464 2065 2504 an-

462 2557 613 2631 gelos
648 2562 742 2610 aut
765 2553 894 2610 deos
917 2551 1030 2623 ipse
1057 2550 1220 2607 etiam
1244 2547 1474 2620 appellat
1495 2543 2065 2602 Deus?Ecclesiastica

464 2657 695 2706 testatur
719 2645 946 2703 historia
971 2642 1114 2714 quod
1142 2656 1265 2698 cum
1293 2641 1394 2712 pia:
1416 2638 1690 2695 memoriae
1713 2636 2069 2694 Constantino

463 2742 697 2814 principi
715 2740 914 2798 oblatae
931 2735 1308 2794 accusationes
1321 2743 1509 2791 contra
1525 2734 1808 2805 episcopos
1820 2728 2067 2798 fuissent,

463 2832 676 2889 libellos
691 2830 908 2903 quidem
924 2825 1286 2884 accusationis
1299 2823 1530 2894 accepit,
1546 2831 1602 2878 et
1615 2822 1831 2878 eosdem
1846 2822 1972 2891 quia
1989 2835 2072 2876 ac-

466 2924 641 2981 cusati
672 2921 891 2978 fuerant
917 2917 1086 2993 428
1117 2917 1402 2988 episcopos
1429 2928 1736 2972 convocans
1761 2953 1776 2980 ,
1813 2913 1869 2968 in
1882 2927 2072 2968 eorum

466 3027 757 3087 conspectu
802 3012 1008 3069 libellos
1042 3026 1178 3082 quos
1222 3018 1509 3082 acceperat
1544 3007 1804 3074 incendit,
1832 3006 2018 3062 dicens
2054 3023 2067 3060 :

472 3129 495 3163 ι
519 3108 628 3164 't’os
643 3106 883 3172 diiestis,
910 3122 941 3160 a
965 3122 1096 3162 vero
1118 3106 1228 3163 Deo
1249 3105 1550 3162 constituti.
1583 3104 1682 3170 Ite,
1716 3112 1772 3159 et
1802 3103 1943 3158 inter
1981 3115 2075 3157 vos

471 3218 663 3260 causas
689 3210 897 3257 vestras
929 3199 1216 3270 disponite,
1250 3200 1377 3271 quia
1399 3199 1618 3271 dignum
1646 3211 1753 3253 non
1778 3204 1862 3252 est
1888 3203 1946 3250 ut
1975 3209 2045 3250 no

467 3295 771 3366 iudicemus
800 3293 948 3348 deos.
990 3313 1009 3346 ι
1047 3293 1360 3363 Antiquitus
1393 3291 1446 3346 in
1480 3289 1754 3362 republica
1790 3288 2071 3360 principes

475 3385 724 3450 fuerunt,
755 3383 878 3454 qui,
914 3397 1100 3438 verum
1135 3383 1304 3438 Deum
1337 3381 1638 3438 nescientes
1658 3420 1674 3446 ,
1705 3379 1836 3435 deos
1867 3378 2072 3449 ligneos

474 3487 532 3535 et
562 3476 800 3548 lapideos
830 3474 1106 3542 colebant,
1153 3483 1210 3530 et
1257 3483 1435 3530 tamen
1476 3487 1664 3529 eorum
1705 3470 2076 3528 sacerdotibus

476 3572 741 3630 honorem
767 3568 1066 3626 maximum
1097 3566 1420 3623 tribuerunt.

550 3664 690 3720 Ilinc
717 3671 800 3720 est
827 3678 956 3736 ergo
979 3660 1146 3732 quod,
1176 3659 1418 3730 exceptis
1441 3657 1780 3724 criminibus,
1796 3655 2072 3711 neminem

479 3756 826 3813 sacerdotum
850 3752 1146 3825 Gregorius
1165 3751 1485 3824 deponebat,
1518 3749 1629 3804 imo
1665 3763 1768 3820 pro
1805 3745 2078 3818 qualitati-

481 3849 586 3908 bus
619 3847 943 3904 delictorum
970 3845 1254 3901 venialiter
1283 3841 1664 3898 communione
1700 3839 1966 3912 privabat.

556 3941 612 3997 Si
664 3940 882 4012 quando
930 3939 1096 4011 igitur
1139 3951 1301 4007 super
1355 3936 1699 3992 sacerdotum
1760 3933 2079 3990 criminibus

484 4043 605 4093 erat
625 4033 828 4104 aliquid
856 4031 1246 4096 ventilandum,
1301 4027 1427 4085 cum
1475 4043 1683 4084 summa
1736 4026 2078 4082 districtione

484 4125 782 4200 grandique
807 4123 1020 4180 cautela
1054 4121 1349 4193 Gregorius
1383 4117 1812 4190 uniuscujusque
1857 4115 2078 4186 capituli

485 4214 733 4272 modulos
753 4228 1023 4284 quaerens,
1050 4211 1378 4268 sententiam
1424 4225 1578 4266 suam
1637 4208 1809 4280 magis
1854 4205 2081 4262 difﬁcul-

487 4316 571 4362 ter
597 4320 760 4376 quam
792 4301 1027 4358 faciliter
1073 4299 1469 4372 promulgabat,
1502 4299 1688 4356 dicens
1723 4316 1736 4352 :
1767 4299 1904 4353 Dum
1954 4312 2080 4352 cun-

487 4407 575 4453 cta
615 4395 832 4465 negotia
882 4393 1198 4464 indagandae
1241 4390 1602 4448 sollicitudine
1653 4388 1899 4446 veritatis
1949 4387 2082 4443 indi-

487 4478 670 4561 geant,
700 4495 814 4542 tum
843 4501 965 4556 quae
1010 4483 1078 4538 ad
1104 4483 1462 4555 dejectionem
1509 4484 1924 4540 sacerdotalium
1961 4498 2080 4554 gra-

2160 1907 2324 1963 Ieant.

2586 2018 2665 2074 De
2693 2018 2895 2073 medico
2917 2031 3056 2070 mare
3082 2023 3320 2070 curante.
3417 2034 3419 2036 ·

2234 2131 2474 2189 XXXVI.
2504 2130 2744 2187 Medicus
2769 2129 3031 2185 infantem
3059 2127 3330 2184 incautius
3355 2140 3588 2190 curans,
3616 2123 3768 2180 clau-

2165 2227 2438 2284 dicantem
2467 2223 2664 2280 effecit.
2696 2222 2993 2291 Quaesitum
3024 2229 3108 2276 est
3137 2236 3206 2274 an
3249 2218 3476 2290 gradum
3526 2216 3580 2271 in
3617 2215 3768 2272 clero

2165 2320 2292 2378 talis
2319 2318 2516 2375 mereri
2545 2316 2735 2388 possit.
2787 2315 2856 2370 Et
2899 2315 3078 2369 visum
3124 2320 3210 2368 est
3254 2312 3400 2382 quod
3452 2309 3768 2378 hujusmodi

2168 2411 2450 2478 debilitas,
2487 2410 2533 2467 si
2564 2409 2700 2466 alios
2735 2409 2910 2465 bonos
2953 2407 3232 2480 profectus
3267 2405 3571 2462 ostenderit
3599 2444 3619 2471 ,
3647 2419 3769 2459 eum

2168 2520 2201 2561 a
2227 2504 2397 2576 gradu
2429 2517 2537 2558 non
2567 2501 2761 2558 debeat
2788 2500 3100 2572 prohibere.

2632 2594 2710 2650 De
2732 2593 3041 2649 clericorum
3077 2599 3316 2646 tonsura.

2243 2689 2505 2749 XXXVII.
2540 2685 2768 2760 (Concil.
2807 2684 3045 2751 Tribur.,
3076 2700 3124 2740 c.
3167 2683 3271 2748 27;
3321 2677 3643 2737 Bonan/inn.
3678 2678 3771 2734 lib.

2171 2801 2268 2842 vui
2287 2825 2302 2850 ,
2331 2800 2381 2840 c.
2413 2782 2530 2855 97.)
2558 2780 2802 2838 Clericus
2829 2778 2874 2834 si
2911 2785 3193 2832 tonsuram
3221 2773 3447 2829 dimissa
3472 2787 3654 2827 uxore
3685 2786 3774 2827 ac-

2174 2877 2414 2949 ceperit,
2438 2875 2530 2946 qui
2555 2861 2776 2945 quidem
2801 2871 2872 2927 sit
2892 2871 3011 2927 sine
3041 2869 3210 2940 gradu
3227 2909 3241 2933 ,
3269 2884 3368 2923 nec
3395 2868 3462 2922 ad
3496 2876 3778 2922 monaste-

2175 2971 2316 3025 rium
2349 2967 2628 3039 quodlibet
2652 2982 2683 3020 a
2711 2964 3029 3036 parentibus
3063 2962 3293 3017 traditus
3316 3003 3331 3027 ,
3361 2961 3529 3034 430
3555 2959 3602 3015 si
3636 2976 3772 3016 uxo-

2175 3079 2291 3119 rem
2316 3061 2518 3116 habere
2541 3058 2894 3131 permittitur,
2919 3057 3115 3112 iterum
3155 3053 3361 3110 tonderi
3387 3063 3644 3126 cogatur,
3674 3069 3776 3108 nec

2049 3144 2075 3250 ξ
2101 3179 2146 3244 C
2178 3155 2233 3212 in
2269 3155 2377 3209 vita
2402 3169 2497 3209 sua
2526 3162 2807 3208 tonsuram
2842 3149 3115 3220 negligere
3138 3146 3354 3201 audeat.
3386 3144 3559 3212 Quem
3592 3153 3773 3199 autem

2177 3247 2551 3320 progenitores
2581 3243 2952 3308 tradiderunt,
2984 3249 3041 3296 et
3087 3239 3142 3295 in
3175 3235 3422 3296 Ecclesia
3475 3236 3645 3308 legit,
3677 3251 3774 3292 nec

2175 3353 2401 3396 uxorem
2433 3339 2632 3393 ducere
2661 3350 2762 3393 nec
2805 3331 3199 3390 monasterium
3247 3331 3502 3386 deserere
3551 3329 3771 3399 poterit.

2178 3432 2287 3489 Sed
2309 3432 2356 3488 si
2376 3429 2708 3494 discesserit,
2732 3427 3045 3483 reducatur.
3073 3422 3130 3478 Si
3153 3431 3431 3478 tonsuram
3463 3419 3774 3486 dimiserit,

2177 3541 2369 3581 rursus
2400 3524 2709 3579 tondeatur.
2742 3519 2983 3576 Uxorem
3007 3518 3056 3575 si
3085 3515 3462 3586 usurpaverit,
3497 3514 3776 3570 dimittere

2179 3617 2558 3690 compellatur.

2535 3706 2612 3762 De
2639 3705 2826 3776 puellis
2865 3701 3186 3758 monialibus
3216 3699 3392 3771 factis.

2251 3801 2537 3861 XXXVIII.
2580 3798 2806 3872 (Concil.
2841 3797 3078 3862 Tribur.,
3107 3811 3157 3850 c.
3185 3794 3290 3860 24;
3327 3791 3649 3848 Buncnann.
3683 3791 3776 3846 lib.

2180 3914 2314 3965 vni,
2344 3913 2393 3953 c.
2422 3893 2540 3966 98.)
2583 3892 2771 3948 Puella
2801 3891 2847 3946 si
2877 3900 3003 3945 ante
3046 3887 3332 3944 duodecim
3374 3903 3553 3942 annos
3607 3888 3780 3941 artatis

2182 3999 2373 4062 sponte
2416 4004 2515 4045 sua
2555 4001 2772 4042 sacrum
2817 3983 2920 4039 sibi
2963 3981 3212 4038 velamen
3253 3981 3519 4046 assumit,
3554 3988 3781 4050 possunt

2183 4083 2366 4140 statim
2395 4088 2649 4152 parentes
2677 4076 2763 4133 vel
2797 4085 3004 4131 tutores
3047 4074 3165 4145 ejus
3205 4074 3258 4128 id
3309 4072 3516 4128 factum
3563 4073 3777 4128 irritum

2183 4175 2395 4236 facere,
2423 4171 2468 4226 si
2496 4168 2709 4224 volunt.
2738 4168 2810 4221 At
2831 4167 2876 4222 si
2903 4181 3104 4220 annum
3132 4173 3188 4219 et
3211 4164 3351 4219 diem
3382 4163 3778 4219 dissimulando

2183 4261 2594 4326 contenderiut,
2621 4259 2848 4314 ulterius
2880 4272 2980 4313 nec
3008 4256 3086 4311 illi
3117 4272 3217 4312 nec
3249 4257 3360 4327 ipsa
3411 4267 3638 4311 mutare
3683 4257 3777 4312 hoc

2181 4366 2458 4432 poterunt.
2490 4356 2662 4411 Porro
2700 4353 2746 4410 si
2793 4355 2849 4409 in
2898 4352 3114 4408 fortiori
3163 4361 3324 4407 aetate
3373 4350 3778 4407 adolescentula

2182 4451 2270 4508 vel
2296 4449 2611 4506 adolescens
2640 4447 2847 4503 servire
2876 4447 2986 4502 Deo
3010 4445 3302 4518 elegerint,
3352 4459 3461 4500 non
3507 4454 3597 4500 est
3639 4455 3776 4518 pote~

491 4537 656 4637 dttum
699 4586 828 4634 sunt
850 4537 1187 4632 1districtius'
1229 4576 1562 4643 trutinauda,
1613 4577 1667 4632 in
1718 4577 1916 4648 quibus
1961 4537 2064 4631 non

2185 4550 2382 4600 stestas
2419 4539 2735 4611 parentibus
2767 4539 2870 4593 hoc
2893 4537 3239 4608 prohibendi.

494 4679 602 4726 tam
631 4669 697 4726 de
718 4667 1009 4724 humilibus
1035 4665 1345 4722 constitutis
1377 4681 1538 4736 quam
1582 4666 1649 4721 de
1689 4667 1882 4722 divinae
1935 4681 2074 4737 quo-

494 4761 782 4818 dammodo
820 4758 1211 4816 benedictionis
1234 4758 1601 4830 refragatione
1626 4767 1885 4815 tentatur.
1939 4757 2077 4814 Nam

495 4869 659 4928 grave
688 4853 819 4910 satis
847 4861 931 4909 est
966 4861 1022 4908 et
1044 4851 1300 4908 indecens
1335 4861 1395 4908 ut
1437 4852 1494 4907 in
1539 4867 1598 4909 re
1621 4852 1782 4909 dubia
1809 4860 1958 4912 certa
1997 4852 2081 4908 di-

495 4956 649 5004 catur
686 4945 976 5002 sententia.

497 5063 582 5120 Ne
605 5060 900 5134 sacerdotes
925 5059 1162 5134 Domini,
1194 5059 1542 5134 sicutyulgus
1557 5059 1709 5134 solet,
1724 5061 1916 5134 jurare
1938 5077 2084 5115 com-

531 5132 814 5206 pellantur.
838 5129 1112 5187 Cornelius
1147 5149 1284 5203 papa
1321 5129 1463 5202 Rufo
1505 5129 1765 5187 Orientali
1787 5132 2050 5202 episcopo.

568 5223 788 5281 XXXIV
815 5223 1072 5296 (Coena.
1093 5240 1252 5296 papa,
1279 5227 1429 5296 epist.
1460 5225 1526 5292 2;
1563 5225 1875 5282 Buncnann.
1923 5225 2019 5280 lib.
2045 5241 2086 5291 ι,

499 5330 550 5376 c‘.
579 5317 728 5389 l93.)
777 5316 1192 5374 Sacramentum
1222 5319 1486 5376 hactenus
1513 5336 1543 5374 a
1573 5321 1802 5376 summis
1831 5319 2085 5376 sacerdo-

502 5411 646 5466 tibus
666 5408 751 5465 vel
777 5408 1001 5479 reliquis
1029 5410 1173 5482 exigi
1217 5425 1317 5480 pro
1363 5410 1466 5465 fide
1518 5419 1666 5466 recta
1718 5411 2087 5482 cognovimus,

504 5515 607 5556 nec
627 5508 818 5570 sponte
837 5515 933 5557 eos
952 5501 1165 5572 iurasse
1189 5502 1512 5572 reperimus.
1552 5501 1906 5574 Summopere
1960 5517 2093 5575 ergo

506 5597 725 5647 sanctus
749 5587 918 5646 Jacob
945 5591 1219 5660 apostolus
1246 5591 1414 5665 429
1463 5593 1757 5663 prohibens
1785 5609 2092 5650 sacramen-

507 5691 624 5739 tum
668 5679 925 5750 loquitur,
974 5683 1155 5738 dicens
1187 5683 1359 5737 :Ante
1407 5685 1584 5740 omnia
1627 5696 1834 5754 autem,
1903 5685 2094 5756 fratres

583 5795 737 5869 (554)
763 5795 898 5853 Vide
926 5811 1086 5868 supra
1113 5796 1204 5854 lib.
1241 5812 1314 5865 ιι,
1342 5813 1461 5870 cap.
1484 5798 1575 5855 59.

2184 4658 2263 4714 De
2289 4657 2440 4713 laicis
2462 4653 2798 4710 morientium
2824 4653 3244 4724 presbyterorum
3273 4653 3634 4709 substantiam
3660 4655 3779 4709 diri-

2843 4725 3127 4796 pictilibus.

2260 4843 2502 4902 XXXIX.
2533 4843 2684 4915 (554)
2732 4842 3008 4899 Perlatum
3048 4851 3134 4898 est
3160 4856 3378 4913 quoque
3420 4841 3493 4897 ad
3540 4851 3779 4898 sanctam

2191 4937 2456 5008 synodum
2484 4935 2628 5005 quod
2673 4935 2894 5006 quidam
2940 4934 3066 4990 laici
3101 4935 3348 5005 improbe
3395 4944 3565 5004 agant
3596 4945 3776 4991 contra

2187 5029 2534 5101 presbyteros
2562 5026 2721 5092 suos,
2754 5027 2830 5081 ita
2855 5037 2915 5080 ut
2944 5026 3012 5081 de
3039 5026 3387 5082 morientium
3428 5029 3777 5099 presbytero-

2190 5120 2643 5203 rumsubstantia
2671 5126 2856 5190 partes
2901 5118 3004 5174 sibi
3053 5119 3332 5175 vindicent
3361 5118 3527 5174 sicuti
3566 5120 3637 5174 de
3665 5120 3780 5176 sub-

2191 5215 2392 5272 stantia
2435 5214 2760 5271 rusticorum
2791 5227 3035 5269 suorum.
3065 5211 3448 5268 Interdicimus
3483 5212 3678 5285 itaque
3720 5227 3780 5268 ne

2193 5308 2298 5363 hoc
2325 5305 2552 5361 ulterius
2578 5303 2701 5371 ﬁat;
2731 5305 2827 5360 sed
2851 5304 2992 5361 sicut
3013 5303 3170 5360 liberi
3198 5302 3325 5358 facti
3355 5313 3488 5359 sunt
3513 5305 3584 5359 ad
3612 5304 3775 5360 susci-

2192 5399 2447 5472 piendum
2474 5399 2698 5471 gradum
2743 5407 2801 5453 et
2846 5397 3112 5470 agendum
3140 5396 3384 5452 divinum
3410 5394 3686 5462 cilicium,
3711 5397 3776 5451 ita

2197 5496 2264 5550 ab
2288 5495 2368 5549 eis
2396 5493 2530 5548 nihil
2555 5493 2805 5564 exigatur
2828 5501 3027 5562 praeter
3054 5491 3150 5547 Dei
3180 5489 3438 5548 cilicium.
3470 5491 3549 5547 De
3577 5491 3778 5563 peculia

2195 5599 2325 5640 vero
2354 5584 2696 5640 sacerdotum
2721 5583 2857 5639 nihil
2885 5583 2986 5639 sibi
3031 5591 3328 5653 usurpent;
3359 5582 3456 5638 sed
3478 5597 3548 5638 ex
3579 5582 3777 5640 duabus

2194 5675 2442 5748 partibus
2467 5674 2670 5732 faciant
2693 5673 2995 5747 presbyteri
3027 5675 3172 5745 quod
3200 5674 3305 5732 sibi
3333 5673 3626 5746 placuerit.
3658 5673 3775 5730 Ter-
