3920 6422
110 259 222 347 395

969 290 1056 348 DE
1093 291 1373 348 ECCLES.
1414 268 1693 346 DISCIPL.
1736 292 1911 352 LIBRI
1953 297 2112 356 DUO.
2147 330 2214 340 —
2254 299 2495 379 APPEN.
2525 270 2585 357 u.

3263 277 3368 366 sil

112 405 246 471 tiam
268 442 289 475 .-
321 403 612 458 secundum
649 418 913 459 canonum
955 403 1137 473 jussa,
1166 403 1322 475 5.31
1358 403 1551 472 quibus
1578 416 1690 458 scr-
1719 405 1765 463 Α
1794 419 1890 473 per
1935 421 1993 461 se
2036 413 2365 467 mutaverint
2393 413 2540 484 (557)
2564 455 2578 480 ,
2607 422 2664 470 et
2690 416 2734 472 si
2764 429 2948 494 postea
2994 431 3184 476 contra
3215 420 3370 504 instif

110 495 270 547 viunt
297 493 600 563 relinquant
628 495 889 549 ecclesiis.

585 587 661 642 De
681 604 864 642 mansa
895 598 942 642 et
966 588 1230 660 ‘de‘cimis.
1461 635 1463 637 ,

129 741 134 747 _
177 677 298 732 XL.
317 678 535 750 (Concil.
560 681 818 735 Wormat.
844 698 891 736 c.
917 673 1015 747 50;
1041 683 1136 738 lib.
1165 681 1494 752 tCapitular.
1511 683 1649 747 ,c.9l
1671 700 1687 748 ;

108 767 428 824 Bnacnann.
458 771 547 826 lib.
585 787 643 826 III
662 812 676 836 ,
702 789 751 827 c.
777 771 889 841 52.)
916 773 1046 828 Item
1077 774 1341 830 sancitum
1392 783 1477 834 est
1510 776 1564 830 in
1592 774 1694 830 Ca-

107 860 336 928 pitulari
382 875 450 915 ne
493 861 559 915 de
605 876 794 917 manso
820 863 1093 930 ecclesiae,
1122 879 1296 934 neque
1333 866 1400 920 de
1434 865 1688 931 decimis,

108 964 290 1020 neque
335 962 401 1006 oe
441 951 841 1020 oblationibus,
888 969 986 1010 nec
1026 956 1095 1012 de
1119 955 1367 1012 domibus
1391 956 1690 1022 vel_atriis,

102 1043 263 1110 juxta
305 1045 590 1108 ecclesiam
632 1047 857 1115 positis,
918 1047 1133 1117 aliquod
1171 1049 1450 1129 servitium
1492 1047 1693 1104 faciant

106 1143 312 1201 prteter
335 1136 786 1198 ecclesiasticum.
829 1137 892 1216 ‘Si
921 1138 1122 1210 aliquid
1166 1153 1296 1219 vero
1329 1141 1559 1211 amplius
1601 1141 1693 1196 ha-

106 1223 335 1280 buerint
353 1264 370 1291 ,
396 1224 518 1281 inde
543 1225 744 1282 faciant
769 1211 1048 1289 servitium
1080 1214 1394 1303 senioribus
1422 1231 1554 1286 suis.

109 1310 195 1377 Ne
219 1316 341 1382 quis
361 1314 424 1376 de
449 1315 618 1370 servili
649 1317 942 1372 conditione
970 1330 1336 1388 promoventur
1377 1322 1446 1376 ad
1474 1322 1688 1378 clerum.

181 1403 322 1476 XLI.
351 1404 499 1474 (555)
528 1405 672 1472 Nulli
717 1407 784 1463 de
825 1407 1006 1463 servili
1049 1410 1355 1467 conditione
1397 1413 1481 1490 ad
1508 1428 1693 1469 sacros

105 1493 317 1561 gradus
340 1505 776 1574 promoveantur,
810 1497 912 1552 nisi
951 1498 1101 1567 prius
1132 1515 1161 1554 a
1202 1501 1434 1563 dominis
1461 1505 1695 1574 propriis

106 1582 412 1651 legitimam
432 1571 734 1641 libertatem
764 1575 1044 1643 consecuti
1073 1581 1307 1664 fuerint;
1339 1571 1492 1662 cujus
1527 1571 1686 1650 liber-

106 1674 241 1727 tatis
271 1675 460 1728 charta
491 1664 616 1730 ante
639 1676 994 1732 ordinandum
1021 1679 1075 1734 in
1105 1682 1334 1737 ambone
1371 1684 1582 1754 publice
1616 1685 1691 1742 le-

1795 503 1907 549 tuta
1935 495 2157 553 Patrum
2183 501 2268 556 vel
2297 514 2564 573 praecepta
2610 521 2876 562 canonum
2913 509 3077 582 533
3121 499 3371 587 conjugia

1793 586 2121 643 crediderint
2149 591 2477 660 copulanda,
2527 596 2710 651 tandiu
2739 599 2958 669 utrique
3003 586 3310 659 habeantur
3334 592 3367 660 it

1794 679 2171 735 communione
2218 685 2468 752 suspensi
2511 699 2792 758 quousque
2833 692 2978 760 quod
3020 677 3369 767 illiciteperc

1793 776 2142 846 petraverunt
2173 774 2482 828 emendent.
2520 774 2672 841 Quod
2716 779 2760 834 si
2790 782 3095 856 emendare
3120 783 3370 856 neglexeé

1795 855 1932 924 rint,
1957 873 1988 912 a
2010 857 2390 922 communione
2413 865 2494 919 vel
2521 867 2763 944 omnium
2790 855 3220 930 Christianorum
3241 868 3374 933 con-'-

1793 948 1936 1004 vivio
1967 951 2019 1005 in
2047 963 2306 1024 perpetuo
2341 955 2451 1011 sint
2476 961 2820 1027 sequestrati.

1794 1056 1872 1113 De
1896 1036 2092 1153 viduis.
2145 1062 2396 1153 Epistula.
2447 1068 2584 1151 beati
2627 1068 2865 1153 Gregorii
2895 1041 3367 1153 ,ραριε-έοῃίίαεὶὸ

1862 1131 2250 1254 ἕνεήἱῗρξεεορο
2281 1137 2464 1204 missa,
2489 1139 2544 1193 in
2571 1156 2674 1210 qua
2701 1131 2837 1199 iriter
2864 1131 3153 1203 clatet-aito
3170 1131 3368 1216 aliud?

1900 1218 2012 1254 ecre
2040 1221 2144 1254 um.

1900 1218 2144 1258 ecretum.

1863 1286 2022 1346 XLV.
2051 1293 2378 1384 (Boeotians.
2399 1298 2490 1354 lib.
2518 1297 2636 1368 vui,
2667 1318 2716 1359 c.
2750 1296 2864 1384 45.)
2893 1292 3093 1365 Vidues
3113 1294 3147 1365 a
3170 1292 3368 1384 prope;

1794 1380 1898 1436 sito
1927 1379 2265 1441 discedentes
2299 1388 2600 1459 viduitatis,
2629 1409 2790 1466 super
2816 1381 3012 1468 quibus
3026 1391 3126 1456 nos
3172 1379 3366 1460 consu-

1794 1464 1904 1527 lere
1929 1473 2095 1530 voluit
2137 1476 2351 1536 dilectio
2377 1479 2496 1550 tua,
2527 1464 3071 1557 fratericharissime,
3115 1481 3276 1548 credo
3317 1481 3370 1550 te

1795 1579 1950 1619 nosse
1979 1581 2007 1619 a
2038 1577 2224 1624 sancto
2249 1570 2416 1628 Paulo
2459 1582 2514 1630 et
2548 1590 2579 1630 a
2625 1577 2806 1634 multis
2845 1583 3049 1637 sanctis
3093 1583 3368 1650 Patribus,

1795 1656 1895 1712 nisi
1928 1656 2327 1729 convertantur,
2353 1658 2484 1746 'olim
2509 1667 2630 1724 esse
2675 1661 2990 1741 damnatas;
3027 1662 3162 1746 quas
3190 1681 3245 1732 et
3272 1677 3372 1734 nos

104 1770 305 1830 gatur;
331 1772 386 1818 et
410 1764 452 1818 si
479 1764 651 1820 nullus
681 1767 1099 1836 contradixerit,
1126 1770 1230 1825 rite
1259 1776 1687 1832 consecrabitur.

1800 1749 2083 1817 apostolica
2125 1755 2445 1811 auctoritate
2486 1757 2820 1817 damnandas
2846 1773 2900 1818 et
2933 1780 2963 1819 a
2988 1769 3372 1825 communione

105 1850 284 1906 Porio
321 1853 365 1907 si
403 1865 587 1925 postea
616 1855 682 1911 de
715 1850 879 1928 gradu
915 1848 1214 1916 deciderint
1234 1901 1249 1928 ,
1280 1859 1396 1931 ejus
1426 1865 1535 1920 'sint
1562 1881 1690 1921 con-

104 1941 335 1998 ditionis
362 1943 512 2014 cujus
548 1945 762 2001 fuerant
791 1951 916 2002 ante
945 1949 1192 2019 gradum.

235 2035 320 2090 De
347 2038 492 2092 bonis
519 2038 896 2094 ecclesiasticis.
931 2040 1016 2096 Ex
1044 2043 1262 2114 epistola
1293 2049 1569 2104 canonica.

179 2127 342 2184 XLII“.
392 2129 577 2186 Nullus
609 2130 1018 2202 episcoporum,
1065 2135 1542 2208 presbyterorum,
1595 2155 1690 2196 seu

102 2213 495 2287 diaconorum,
525 2221 608 2277 vel
631 2223 794 2278 etiam
821 2225 1141 2280 clericorum
1159 2267 1173 2294 ,
1201 2230 1403 2298 praedia
1440 2231 1689 2289 ecclesiae

104 2312 162 2365 in
212 2319 482 2379 potestate
510 2311 710 2367 habeat
748 2314 1094 2382 venundare,
1137 2317 1234 2372 sed
1284 2332 1386 2375 nec
1435 2322 1690 2392 cuiquam

104 2412 398 2471 parentum
427 2417 648 2459 suorum
687 2403 924 2472 donare;
975 2417 1030 2462 et
1075 2409 1168 2477 qui
1205 2409 1310 2464 hoc
1351 2411 1558 2482 egerit,
1591 2413 1693 2468 sub

100 2494 258 2548 omni
307 2494 616 2562 celeritate,
665 2497 876 2553 reddito
919 2499 1129 2574 pretio,
1165 2500 1232 2556 ad
1282 2501 1400 2559 loca
1433 2520 1588 2561 sacra
1637 2507 1690 2562 in

101 2601 230 2655 quae
262 2595 579 2656 competunt
623 2599 946 2667 revertatur.
981 2590 1055 2672 [Si
1103 2587 1315 2659 autem,
1363 2581 1465 2652 hac
1502 2598 1689 2654 obser-

101 2678 330 2732 V‘atione
359 2688 700 2750 contempta,
737 2681 934 2750 aliquis
975 2682 1078 2738 boc
1123 2687 1559 2757 praesumpserit,
1606 2704 1694 2745 res

104 2768 368 2838 proprias
420 2769 476 2824 in
525 2770 641 2840 ipsa
678 2772 906 2841 ecclesia
950 2765 1250 2846 relinquat,
1295 2784 1352 2832 et
1401 2778 1516 2849 ipse
1561 2779 1693 2852 foris

100 2859 385 2928 ejiciatur,
415 2876 482 2916 eo
522 2863 664 2932 quod
699 2865 879 2919 divina
908 2876 1171 2937 congruat
1199 2868 1409 2925 ratione
1443 2862 1504 2925 ut
1526 2869 1692 2944 5.33

101 2951 198 3018 qui
227 2950 490 3007 ecclesias
517 2952 788 3022 accipiunt
822 2954 889 3009 ad
916 2957 1228 3026 regendum,
1263 2973 1372 3014 non
1395 2959 1462 3014 ad
1485 2959 1694 3030 disper-

101 3043 346 3113 gendum
387 3044 672 3114 accipiant.
713 3045 888 3102 Simili
920 3049 1078 3114 modo
1109 3050 1307 3105 nullam
1334 3052 1568 3108 habeant
1596 3067 1691 3123 po-

106 3139 364 3189 teStatem
394 3135 633 3204 quolibet
679 3129 838 3202 medo
871 3138 1214 3208 alienandum
1262 3157 1438 3213 neque
1482 3159 1690 3199 venun-

101 3224 349 3278 dandum
369 3264 385 3290 ,
415 3225 509 3281 sed
537 3242 639 3282 nec
667 3228 782 3284 sine
827 3230 1104 3286 voluntate
1131 3235 1402 3306 pontiﬁcis
1435 3235 1518 3290 sui
1549 3236 1692 3293 vica-

103 3314 222 3369 rios
246 3313 516 3381 dandum,
543 3325 637 3372 aut
659 3318 846 3375 liberis
870 3321 1269 3378 dimittendum.
1296 3323 1397 3391 Qui
1427 3308 1532 3382 hoc
1558 3341 1694 3397 prm—

101 3408 436 3475 sumpserit,
468 3418 527 3462 ut
551 3397 801 3480 superius
825 3415 1161 3482 censuimus,
1191 3417 1235 3472 si
1264 3418 1425 3473 babet
1445 3420 1692 3490 proprie-

103 3509 280 3554 tatem
311 3514 501 3568 suam,
529 3501 672 3559 aliud
716 3513 924 3561 tantum
956 3493 1226 3564 restituat.
1263 3510 1317 3565 Si
1349 3527 1455 3570 non
1493 3513 1694 3568 habue-

98 3595 179 3648 rit
200 3633 220 3658 ,
252 3594 589 3664 cxspoliatus
614 3595 869 3655 omnibus
895 3598 1045 3655 foras
1062 3600 1326 3670 ejiciatur.
1355 3603 1486 3674 Ipsm
1514 3613 1691 3660 tamen

99 3699 198 3740 res
223 3685 292 3739 ad
331 3684 648 3753 ecclesiam,
680 3687 834 3758 cujus
861 3703 948 3745 res
970 3700 1131 3756 sunt,
1161 3703 1518 3748 revertantur.

99 3797 185 3851 De
246 3799 558 3852 patrimonio
607 3799 962 3874 clericorum._
987 3801 1070 3857 Ex
1120 3805 1336 3858 ’concilio
1407 3804 1690 3874 Meldensi',

770 3888 886 3941 cap.
936 3871 1023 3927 21.

177 3979 368 4034 XLIII.
413 3981 562 4052 (556)
607 3981 1043 4055 lnvestigandum
1088 4001 1154 4040 an
1200 3987 1334 4042 nihil
1382 3990 1692 4058 patrimonii

100 4069 323 4124 habens
353 4071 634 4142 presbyter
661 4073 877 4141 quando
917 4084 1202 4145 provectus
1243 4089 1325 4132 est
1353 4079 1418 4133 ad
1448 4080 1691 4134 ordinem

100 4160 582 4228 ecclesiastieum,
627 4172 811 4232 postea
852 4167 1044 4221 emerit
1088 4166 1318 4238 praediti,
1370 4169 1521 4239 cujus
1556 4173 1694 4243 juris

99 4253 252 4315 sint,
280 4266 459 4306 annon
487 4254 730 4309 ecclesia:
756 4269 876 4310 esse
896 4255 1117 4311 debent.
1148 4259 1526 4330 Unusquisque
1547 4263 1690 4317 enim

98 4341 394 4412 presbyter
420 4344 664 4413 proprias
695 4360 814 4411 res,
844 4362 980 4416 quas
1015 4357 1135 4417 post
1163 4350 1304 4406 diem
1330 4354 1692 4408 consecratio-

100 4435 196 4486 nis
229 4432 596 4502 acquisiverit,
623 4435 866 4492 ecclesiae
893 4439 1186 4509 relinquat.
1217 4441 1275 4496 Si
1301 4449 1479 4497 autem
1520 4443 1696 4502 alieno
1725 4443 1774 4504 D

103 4524 336 4578 nomine
365 4540 459 4580 res
485 4529 915 4596 comparaverit,
943 4539 998 4585 et
1026 4532 1096 4585 ibi
1139 4542 1440 4590 structuras
1467 4535 1688 4604 fecerit,

101 4616 193 4668 vel
220 4631 344 4685 qua:
372 4617 439 4671 ad
477 4619 762 4674 ecclesiam
807 4620 878 4676 ibi
927 4623 1037 4678 Deo
1083 4624 1464 4692 collocaverit,
1506 4638 1691 4684 contra

101 4709 333 4763 decreta
352 4723 618 4764 canonum
637 4711 740 4766 hoc
759 4711 956 4766 malum
982 4713 1177 4785 agitur,
1203 4718 1327 4784 quia
1348 4719 1691 4791 sacrilegium

97 4807 226 4860 est,
265 4805 321 4850 et
345 4813 446 4867 par
471 4801 746 4855 crimen...
779 4801 914 4858 furis
955 4817 1076 4859 esse
1105 4804 1440 4876 dignoscitur
1483 4811 1573 4879 qui
1609 4826 1693 4865 sa-

99 4904 236 4943 cras
258 4889 568 4946 oblationes
594 4890 890 4949 iurabatur.

100 4980 187 5034 De
227 4980 441 5062 feminis
484 4998 612 5062 qua:_
651 4983 915 5054 religionis
956 4989 1144 5062 vost'em
1188 4989 1428 5062 domibus
1471 4993 1697 5062 propriis

178 5047 528 5132 ntu'tauerint',
567 5053 612 5106 si
654 5047 830 5123 poslea
869 5056 1201 5112 concubitum
1246 5047 1526 5131 elegerin't,
1567 5047 1698 5132 'quid

182 5121 449 5191 agendum
474 5125 562 5176 sit.

179 5213 372 5268 xuv.
409 5214 548 5286 (Lib.
587 5219 661 5270 vn
691 5201 986 5303 Capitular.
1019 5234 1068 5274 ο.
1097 5219 1238 5275 257ε
1267 5222 1575 5277 Βυιιειηιιυ.
1609 5223 1708 5310 lib.

95 5321 238 5369 vm,
271 5319 322 5356 c.
357 5300 470 5373 48.)
505 5304 580 5358 De
621 5306 796 5360 viduis
822 5303 877 5361 et
896 5300 1092 5393 puellis
1121 5325 1241 5378 qum
1279 5311 1522 5397 habitum
1572 5300 1698 5367 reii-

98 5390 291 5469 gionis
321 5398 372 5450 in
418 5398 666 5454 domibus
698 5390 933 5469 propriis
977 5411 1083 5457 tam
1116 5418 1143 5456 a
1176 5395 1490 5473 parentibus
1532 5421 1693 5476 quam

183 5590 338 5661 (555)
373 5590 502 5647 Vide
533 5588 694 5662 supra
727 5591 819 5648 lib.
855 5611 901 5657 I,
937 5611 984 5648 c.
1017 5587 1139 5650 407.

183 5663 338 5735 (556)
367 5663 496 5718 Vide
527 5678 687 5734 supra
713 5665 804 5719 lib.
831 5680 870 5731 ι,
899 5680 946 5719 c.
975 5666 1100 5718 219.

554 5759 822 5818 PATROL.
871 5757 1164 5818 CXXX”

1793 1837 2027 1896 ﬁdelium
2072 1839 2232 1914 atque
2277 1861 2306 1900 a
2354 1845 2628 1906 liminibus
2675 1853 2915 1910 ecclesiae
2955 1859 3215 1914 arcendas
3256 1845 3373 1932 fore

1793 1935 2075 1986 censemus
2125 1949 2404 2006 usquequo
2446 1939 2700 1997 obediant
2745 1936 3008 2016 episcopis
3052 1948 3164 2005 suis
3207 1957 3262 2004 et
3303 1947 3373 2007 ad

1792 2019 2027 2077 bannum
2057 2023 2304 2100 [bonum]
2333 2030 2476 2099 quod
2512 2045 2793 2104 coeperunt
2822 2031 2984 2094 invite
3005 2043 3098 2096 ‘aut
3127 2039 3372 2098 volunta-

1791 2110 1872 2164 rie
1899 2123 2238 2170 revertantur
2265 2119 2436 2190 (558).

2203 2205 2281 2261 De
2308 2208 2590 2280 virginibus
2621 2215 2724 2269 itor't
2751 2209 2948 2273 υὲιαῑίὲ.

1864 2289 2045 2348 XLVI.
2072 2295 2404 2366 (Bnncuann.
2433 2301 2524 2357 lib.
2556 2317 2746 2376 nunc.
2779 2305 2897 2380 45.)
2921 2311 2966 2365 Δ
2995 2325 3198 2368 sancue
3250 2306 3368 2370 me-

1793 2385 1979 2460 moria:
2004 2387 2401 2465 praedecessore
2421 2402 2606 2475 nestro
2629 2396 2940 2456 Innocentio
2971 2403 3158 2458 taliter
3181 2401 3370 2459 dcere;

1793 2483 1906 2553 tum
1934 2468 2196 2554 habemus
2221 2475 2234 2535 ἐ
2265 2501 2284 2534 σ
2317 2482 2412 2538 Hae
2430 2468 2562 2542 vero
2583 2503 2701 2558 quae
2747 2492 2975 2547 necdum
3024 2509 3180 2550 sacro
3224 2497 3368 2550 vela-

1793 2566 1942 2646 mine.
1962 2575 2136 2636 tectae,
2171 2558 2348 2627 tamen
2379 2574 2432 2629 in
2471 2579 2747 2648 proposito
2776 2581 3020 2652 virginali
3067 2599 3281 2656 semper
3309 2596 3370 2642 se

1793 2653 2183 2713 simulaverunt
2207 2675 2548 2732 permanere,
2580 2666 2706 2722 licet
2728 2669 2916 2726 velata:
2941 2687 3047 2728 non
3075 2653 3293 2740 fuerint,
3324 2678 3370 2731 si

1792 2749 2220 2831 nupserintthis
2257 2756 2463 2833 agenda
2492 2759 2810 2827 pmnitentia
2859 2774 2963 2832 est,
3004 2767 3131 2837 quia
3152 2771 3371 2838 sponsio

1792 2855 1980 2898 earum
2023 2859 2052 2898 a
2100 2845 2328 2903 Domino
2359 2852 2657 2908 tenebatur.
2707 2853 2764 2910 Si
2790 2857 2936 2912 enim
2958 2859 3099 2914 inter
3125 2859 3369 2916 homines

1792 2933 1930 2989 solet
1968 2933 2122 2990 bona:
2159 2936 2280 2994 fidei
2334 2943 2646 2999 contractus
2688 2946 2834 3002 nulla
2875 2949 3083 3006 ratione
3117 2945 3360 3019 dissolvi,

1793 3037 1994 3096 quanto
2021 3031 2189 3102 magis
2221 3033 2322 3089 ista
2355 3035 2684 3105 pollicitatio,
2715 3054 2875 3110 quam
2913 3054 3035 3098 cum
3069 3045 3176 3100 Deo
3210 3048 3362 3118 pepi;

1795 3118 1891 3186 git;
1921 3119 2056 3176 solvi
2082 3121 2200 3178 sine
2221 3123 2454 3180 vindicta
2482 3142 2587 3182 non
2629 3131 2847 3199 poterit.
2883 3151 2903 3186 ι
2932 3133 2998 3189 Et
3037 3145 3222 3192 centra
3251 3137 3370 3211 [etei

1799 3211 1960 3283 tera].
1991 3212 2126 3268 Nam
2168 3215 2214 3271 si
2256 3218 2493 3290 virgines
2519 3221 2752 3278 nondum
2776 3225 2964 3282 velata:
2992 3228 3171 3286 taliter
3195 3233 3374 3303 poeni;

1796 3301 1960 3355 tentia
1983 3303 2196 3372 publica
2217 3307 2513 3375 puniuntur
2549 3319 2605 3366 et
2654 3321 2682 3367 a
2729 3322 2872 3370 ctetu
2921 3316 3154 3375 fidelium
3196 3301 3372 3396 £33

1798 3403 1967 3461 usque
1989 3392 2055 3447 ad
2075 3394 2500 3453 satisfactionem
2522 3400 2902 3469 excluduntur,
2938 3417 3142 3476 quanto
3189 3392 3372 3479 potius

1797 3480 1990 3547 viduae,
2025 3499 2145 3553 quae
2171 3486 2512 3556 perfectioris
2534 3493 2708 3548 aetatis
2732 3502 2786 3549 et
2824 3497 3136 3554 maturioris
3161 3500 3375 3570 sapiené

1796 3572 1885 3627 tiae
1919 3583 2082 3644 atque
2123 3579 2332 3634 consilii
2379 3583 2659 3649 existunt,
2705 3587 3052 3660 virorumque
3101 3587 3378 3652 consortio

1797 3661 2072 3719 multaties
2101 3676 2212 3722 usae
2239 3679 2386 3734 sunt,
2417 3679 2472 3725 et
2491 3671 2658 3727 velari
2693 3689 2750 3729 se
2796 3674 3176 3746 permiserunt,
3220 3682 3376 3738 babi-

1799 3760 2019 3824 tumque
2041 3755 2316 3828 religionis
2333 3763 2767 3832 assiimpserunt,
2802 3777 2859 3822 et
2899 3777 3079 3826 tamen
3109 3780 3377 3842 apostata-

1797 3855 2010 3913 verunt,
2027 3857 2188 3919 atque
2203 3852 2269 3917 ad
2292 3851 2442 3921 pejus
2456 3862 2638 3910 votum
2666 3856 2922 3929 [priorem
2944 3862 3228 3937 vomitum]
3251 3875 3378 3921 sunt

1797 3951 2052 4004 reversa),
2084 3955 2113 3992 a
2145 3941 2300 3997 nobis
2321 3951 2376 3997 et
2401 3945 2469 3998 ab
2491 3948 2742 4003 omnibus
2772 3949 3017 4007 ﬁdelibus
3044 3968 3072 4008 a
3097 3954 3373 4013 liminibu‘s

1796 4029 2040 4085 ecclesiae
2076 4038 2131 4086 et
2176 4039 2318 4088 coetu
2369 4033 2602 4090 fidelium
2634 4051 2803 4107 usque
2837 4041 2904 4095 ad
2949 4043 3372 4102 satisfactionem

1797 4127 1921 4172 sunt
1958 4118 2296 4176 eliminandae
2339 4132 2394 4177 et
2435 4128 2743 4182 carceribus
2789 4130 3083 4198 tradendae,
3113 4136 3371 4202 qualiter,

1791 4208 1946 4276 juxta
1996 4210 2212 4267 beatum
2266 4215 2567 4283 apostolum
2595 4217 2840 4285 Paulum,
2881 4225 3158 4280 tradentes
3192 4226 3377 4294 hujus-

1798 4301 1938 4355 modi
1966 4302 2236 4357 hominem
2266 4305 2500 4371 Satanm,
2531 4315 2589 4361 ut
2623 4308 2846 4379 spiritus
2894 4312 3076 4369 salvus
3112 4315 3184 4369 sit
3209 4317 3261 4370 in
3291 4317 3380 4372 die

1801 4392 2031 4447 Domini.
2061 4397 2134 4451 De
2175 4397 2371 4453 talibus
2418 4400 2560 4454 enim
2613 4410 2669 4456 et
2715 4403 2972 4458 Daminus
3021 4419 3118 4475 per
3156 4408 3374 4480 Moysen

1801 4482 2041 4552 loquitur
2066 4487 2250 4561 dicens
2285 4506 2296 4542 :
2327 4491 2540 4559 Auferte
2577 4493 2772 4547 malum
2802 4496 2866 4548 de
2899 4498 3066 4553 medio
3094 4503 3266 4556 vestri.
3305 4504 3377 4557 De

1802 4575 1994 4648 quibus
2020 4588 2073 4634 et
2101 4595 2197 4650 per
2222 4581 2544 4653 Prophetam
2572 4586 2645 4640 ait
2671 4603 2684 4641 :
2712 4587 2998 4643 Lmtabitur
3037 4593 3216 4662 justus
3258 4613 3376 4650 cum

1799 4672 1984 4726 viderit
2037 4672 2349 4738 vindictam,
2397 4692 2582 4730 manus
2637 4695 2760 4733 suos
2797 4679 2987 4735 lavabit
3023 4683 3077 4735 in
3124 4687 3379 4754 sanguine

1800 4764 2084 4829 peccatoris
2115 4762 2286 4834 (Psal.
2317 4766 2466 4833 LVII).
2515 4767 2590 4821 De
2621 4769 2813 4826 talibus
2845 4787 3077 4842 namque
3101 4784 3157 4830 et
3185 4787 3372 4832 eorum

1801 4853 2065 4910 similibus
2112 4863 2274 4924 atque
2328 4856 2531 4911 eisdem
2567 4862 3027 4928 consentientibus
3063 4865 3219 4935 (quia
3267 4867 3376 4922 noli

1800 4942 1969 4996 solum
1997 4945 2086 5012 qui
2115 4943 2338 5010 faciunt,
2371 4947 2464 5002 sed
2492 4948 2653 5002 etiam
2680 4951 2769 5018 qui
2795 4949 3115 5009 facientibus
3146 4957 3376 5010 censen.

1805 5035 1961 5099 tiunt,
1992 5035 2068 5090 rei
2117 5036 2262 5106 sunt)
2316 5036 2574 5091 Dominus
2619 5055 2714 5107 per
2746 5043 2992 5109 eumdem
3048 5045 3366 5113 prophetam

1809 5127 1974 5181 David
2024 5127 2262 5197 loquitur
2306 5129 2528 5184 dicens:
2575 5129 2792 5187 Videbas
2866 5134 3069 5203 furem,
3131 5134 3376 5190 currebas

1809 5235 1928 5272 cum
1969 5235 2060 5281 eo,
2096 5227 2142 5271 et
2184 5235 2300 5272 cum
2355 5220 2604 5275 adulteris
2637 5225 2923 5296 portionem
2963 5233 3107 5277 tuam
3153 5227 3378 5295 ponebas

1813 5306 2002 5374 (Psal.
2068 5293 2249 5381 xux).
2302 5310 2368 5365 Et
2423 5311 2588 5367 multa
2652 5293 2754 5366 alia
2803 5328 3097 5382 eorumque
3155 5293 3372 5374 similia.

1802 5399 1959 5455 Tales
1977 5416 2106 5473 ergo
2139 5399 2383 5472 persona:
2417 5403 2780 5460 indubitanter
2809 5405 3062 5461 adulterae
3092 5422 3211 5463 esse
3255 5424 3373 5466 ma-

2053 5604 2186 5685 Vide
2214 5621 2372 5675 supra
2399 5607 2455 5685 _in
2485 5623 2506 5685 ι,
2529 5605 2794 5685 Append,
2820 5621 2869 5659 c.
2893 5604 2990 5685 _62.
3064 5675 3072 5685 ‘
3207 5648 3273 5685 ..Δ

1879 5669 2024 5745 ’338)
2057 5675 2186 5731 Vide
2210 5669 2368 5744 supra
2399 5676 2450 5731 in
2487 5669 2788 5745 Appendice
2824 5677 2992 5744 prima
3013 5717 3026 5738 .
3058 5675 3176 5747 cap.
3204 5669 3292 5732 56;

2705 5767 2856 5822 .13
