3920 6424
496 338 605 395 395

1553 314 1918 373 REGINONIS
1957 309 2369 368 PRUMIENSIS
2407 304 2697 363 ABBATIS

3646 302 3749 358 396

504 452 846 511 nifestantnr,
879 457 998 500 cum
1022 439 1191 514 [quia]
1226 438 1409 493 relicto
1451 432 1735 489 immortali
1762 445 1978 502 sponso,
1998 426 2073 483 ad
2104 431 2151 490 Α
2181 423 2301 479 talis
2349 422 2699 494 professionis
2753 413 3100 474 ilesertricem
3148 415 3340 472 merito
3390 415 3750 473 damnandam

506 540 831 597 anteriorem
869 543 925 589 ut
960 546 1127 588 canes
1167 529 1234 584 ad
1267 527 1541 598 proprium
1572 538 1804 580 reversae
1830 529 1954 577 sunt
1977 533 2071 575 voc

506 633 729 693 mitum,
768 635 822 681 et
858 632 1115 694 apostata:
1165 620 1321 675 facta:
1369 618 1554 673 illicita
1599 630 1664 671 ac
1702 612 1963 682 sacrilega
2014 623 2074 665 se

507 719 820 790 contagione
846 714 1169 785 polluentes,
1191 709 1324 766 viris
1346 706 1666 763 mortalibus
1710 717 1769 760 se
1801 699 2072 771 congluti«

506 820 716 867 nantes.
747 808 876 875 Quae
894 804 1057 860 etiam
1080 844 1095 869 ,
1126 803 1281 873 juxta
1307 798 1552 856 eumdem
1602 793 1899 866 apostolum
1928 790 2074 846 Pau-

504 903 637 967 lum,
681 913 747 955 eo
777 896 985 968 quod...
1027 891 1304 949 viduitatis
1350 888 1683 960 propositum
1734 884 2072 946 dimiserunt,

506 1003 560 1048 et
592 994 750 1048 fidem
788 1003 949 1061 quam
975 1003 1096 1044 cum
1144 985 1254 1040 Deo
1286 982 1607 1054 pepigerunt
1648 977 1899 1048 frangere
1938 987 2078 1045 pra:-

509 1089 877 1156 sumpserunt,
903 1089 1064 1150 atque
1105 1077 1335 1149 primam
1358 1075 1518 1131 ﬁdem
1568 1070 2075 1144 prmvaricaverunt,

505 1174 668 1249 5.35
694 1181 821 1231 sunt
848 1170 1166 1227 damnanda:
1198 1183 1229 1222 a
1259 1166 1432 1222 nobis.
1464 1164 1594 1234 Quze
1613 1171 1667 1219 et
1694 1178 1728 1217 ea
1770 1161 1922 1218 vobis
1958 1167 2015 1215 et
2047 1174 2079 1214 a

507 1264 734 1335 reliquis
764 1261 934 1318 nostri
961 1260 1170 1317 ordinis
1194 1258 1327 1314 viris
1344 1299 1359 1323 ,
1388 1272 1416 1311 a
1458 1254 1683 1325 singulis
1710 1251 1959 1309 videlicet
1983 1263 2081 1306 sua

512 1357 565 1409 in
589 1351 830 1417 ditecesi,
878 1366 909 1405 a
949 1348 1225 1404 liminibus
1266 1346 1508 1402 ecclesia:
1556 1352 1611 1400 et
1655 1352 1798 1399 cmtu
1845 1340 2081 1397 ﬁdelium

511 1457 682 1515 usque
701 1442 767 1497 ad
792 1439 1235 1506 satisfactionem,
1264 1446 1323 1492 ut
1354 1435 1667 1509 praedictam
1695 1443 1798 1502 est,
1828 1439 1954 1489 sunt
1986 1430 2086 1488 eli-

514 1532 780 1590 minandaa
809 1530 980 1604 (559).

515 1644 599 1700 Ne
649 1643 824 1700 clerici
872 1641 1146 1697 viduarum
1189 1638 1541 1709 familiaritati
1591 1637 1938 1709 associentur.
1998 1632 2086 1689 Ea:

826 1711 1044 1767 concilio
1066 1707 1484 1781 Cartliaginensi,
1511 1725 1629 1780 cap.
1660 1707 1779 1762 102.

582 1827 785 1884 XLVII.
827 1824 1049 1897 (Concil.
1090 1825 1341 1909 Cartltag.
1400 1841 1440 1891 t,
1487 1839 1538 1880 c.
1587 1824 1737 1890 102;
1778 1823 2087 1879 Buncnsnn.
2120 1783 2163 1844 Β

512 1920 607 1979 lib.
635 1934 757 1985 vui,
787 1933 836 1974 c.
870 1916 984 1990 55.)
1022 1917 1103 1973 Ad
1142 1925 1349 1971 reatum
1397 1914 1633 1985 episcOpi
1685 1915 1958 1985 pertinet,
2007 1912 2092 1967 vel

512 2010 814 2082 presbyteri
853 2009 942 2080 qui
971 2009 1243 2079 parochias
1273 2015 1499 2079 praeest,
1539 2005 1584 2062 si
1616 2005 1982 2061 sustentanda:
2007 2003 2091 2059 vi-

517 2109 586 2165 tae
619 2099 899 2172 praesentis
930 2113 1091 2156 causa
1142 2096 1592 2153 adolescentiores
1631 2096 1805 2151 viduae
1838 2094 1922 2151 vel
1964 2109 2091 2150 san-

517 2192 854 2250 ctimoniales
876 2191 1197 2248 clericorum
1225 2188 1578 2245 familiaritati
1607 2187 1981 2259 subiiciantur.

514 2302 594 2359 De
608 2303 773 2359 viduis
782 2318 899 2374 qua:
912 2301 1141 2358 ecclesiae
1151 2300 1421 2371 stipendiis
1432 2308 1804 2355 sustentantur.
1821 2298 1949 2371 Cap.
1968 2297 2089 2355 105.

590 2414 820 2471 XLVIII.
870 2413 1033 2487 (Ibid.
1092 2430 1141 2470 c.
1196 2413 1343 2484 105.)
1388 2414 1576 2471 Vidua:
1636 2430 1756 2485 quae
1827 2415 2087 2486 stipendio

519 2505 1217 2573 ecclesiaesustentantur,
1265 2505 1481 2560 assidue
1530 2505 1583 2560 in
1631 2518 1793 2577 opere
1843 2504 1939 2559 Dei
1972 2518 2093 2560 esse

517 2598 736 2663 debent,
765 2605 827 2652 ut
859 2606 914 2653 et
943 2597 1153 2653 meritis
1180 2605 1237 2652 et
1275 2596 1614 2653 orationibus
1662 2596 1775 2652 suis
1806 2594 2091 2653 ecclesiam

520 2690 794 2759 adjuvent.
946 2758 949 2759 ν
2024 2688 2027 2691 ’

522 2758 600 2838 De
630 2784 799 2839 viduis
836 2758 954 2853 quia
1003 2782 1241 2907 profescsa
1285 2782 1603 2905 «minantia
1654 2781 2087 2852 prwvaricantnr.

1198 2869 1283 2907 an.
1436 2892 1451 2905 .

1198 2869 1283 2922 ap.
1327 2869 1451 2905 sua.

593 2942 778 3001 XLIX.
805 2941 967 3015 (Ibid.
995 2957 1045 2997 c.
1092 2941 1240 3013 104.)
1271 2941 1423 2997 Sicut
1468 2942 1666 2997 bonum
1707 2948 1793 2997 est
1824 2941 2094 2997 castitatis

523 3036 838 3106 praemium,
885 3035 959 3089 ita
1011 3032 1202 3103 majori
1250 3033 1594 3089 observantia
1634 3042 1688 3089 et
1735 3032 2094 3103 praeceptione

2175 514 2533 572 decernimus.

2173 627 2251 684 De
2300 626 2585 699 virginibus
2611 642 2739 699 quis:
2778 624 3093 699 inframxxv;
3125 638 3299 699 annos.
3326 619 3639 699 necessitate
3664 634 3753 671 ro-

2242 691 2661 769 gentévelantur.
2695 693 2775 750 Ea:
2801 691 3021 749 concilio
3049 691 3387 762 Carthaginis
3405 691 3603 760 Africa:
3632 704 3755 753 vui,

2244 803 2360 858 cap.
2387 786 2478 842 26.

2245 878 2329 934 LI.
2362 877 2588 950 (Concil.
2642 875 2855 931 Milevit.
2885 891 2959 941 tt,
3007 890 3057 929 c.
3084 872 3201 939 36;
3251 871 3443 927 consil.
3495 869 3757 941 ϐαι-(ἧσε.

2176 986 2251 1027 vn
2278 1010 2294 1037 ,
2319 970 2352 1024 7
2377 1009 2394 1036 ,
2437 984 2488 1025 c.
2518 968 2633 1038 93.)
2660 966 2867 1022 Placuit
2894 973 2952 1020 ut
2997 964 3303 1035 quicunque
3332 963 3715 1033 episcoporum
3742 998 3759 1021 .

2179 1062 2502 1120 necessitate
2528 1059 2884 1132 periclitantis
2907 1057 3182 1129 pudicitiae
3214 1056 3467 1127 virginem
3504 1053 3760 1108 celaverit

2180 1150 2500 1226 [virginalis
2519 1190 2534 1217 ,
2560 1147 2741 1221 cum],
2767 1161 2891 1203 cum
2916 1146 3002 1202 vel
3044 1146 3242 1217 petitor
3279 1144 3368 1201 vel
3402 1151 3591 1214 raptor
3643 1140 3759 1196 for-

2180 1239 2447 1305 midatur,
2483 1239 2568 1294 vel
2595 1239 2641 1295 si
2694 1237 2860 1293 etiam
2914 1235 3098 1306 aliquo
3154 1235 3211 1290 in
3265 1233 3456 1290 mortis
3507 1231 3764 1304 periculo

2182 1332 2435 1404 scrupulo
2460 1336 2783 1402 compuncta
2806 1326 2973 1382 fuerit
3002 1342 3070 1384 ne
3099 1340 3208 1382 non
3242 1324 3420 1380 velata
3466 1322 3767 1383 moriatur,

2183 1431 2276 1480 aut
2303 1421 2646 1493 exigentibus
2674 1419 2986 1491 parentibus
3009 1416 3236 1475 ecclesia
3263 1425 3360 1472 aut
3403 1414 3459 1471 hi
3503 1414 3571 1470 ad
3622 1426 3769 1483 quos

2183 1528 2314 1571 cura
2340 1512 2606 1584 pertinet,
2630 1509 2928 1567 velaverint
2950 1509 3210 1580 virginem
3252 1505 3422 1579 537
3461 1503 3607 1560 infra
3660 1516 3770 1556 xxv

2184 1619 2355 1660 annos
2397 1603 2607 1669 aetatis,
2628 1603 2678 1658 ei
2709 1616 2815 1657 non
2838 1600 2980 1657 obsit
3012 1598 3301 1656 concilium
3349 1597 3492 1668 quod
3525 1596 3598 1651 de
3648 1594 3770 1664 ipso

2188 1708 2412 1751 numero
2438 1708 2698 1750 annorum
2722 1691 3073 1748 constitutum
3100 1696 3201 1746 est.

2193 1822 2317 1884 Non
2341 1826 2490 1882 liceat
2518 1824 2725 1881 mulieri
2747 1833 2983 1880 sanctum
3006 1822 3171 1878 velum
3194 1830 3457 1891 acceptum
3475 1815 3771 1872 dimittere.

2260 1938 2365 1995 LII.
2398 1938 2535 2011 (Lib.
2562 1953 2594 1992 v
2624 1934 2918 2007 Capitular.
2945 1948 2995 1990 c.
3024 1931 3173 2003 115.)
3211 1929 3579 1999 Qualicunque
3609 1925 3777 1981 modo

2191 2031 2414 2099 mulier,
2442 2029 2786 2102 permittente
2827 2025 3087 2083 canonice
3115 2024 3232 2081 viro
3268 2037 3399 2087 suo,
3428 2030 3522 2076 aut
3559 2033 3643 2075 eo
3686 2018 3777 2073 de

2189 2122 2406 2187 functo,
2458 2120 2635 2177 velum
2693 2126 2942 2175 sanctum
2976 2115 3247 2187 acceperit
3305 2115 3357 2169 in
3419 2119 3620 2181 caput,
3684 2117 3779 2162 aut

2189 2208 2382 2286 sponte
2409 2221 2501 2269 aut
2529 2213 2717 2278 invite,
2754 2210 2810 2266 in
2851 2225 2917 2266 eo
2937 2215 3254 2280 permaneat
3280 2205 3520 2270 omnino,
3552 2218 3671 2258 nec
3700 2201 3781 2257 di-

2190 2304 2394 2360 mittat.

2661 2410 2740 2466 De
2775 2404 3293 2466 communicantibus.

2260 2524 2389 2581 LIII.
2436 2522 2744 2594 Quicunque
2789 2518 3181 2575 manducauerit
3219 2530 3403 2586 panem
3447 2512 3528 2568 vel
3585 2511 3782 2567 biberit

2189 2617 2403 2673 calicem
2433 2615 2643 2670 Domini
2672 2614 2913 2685 indigne,
2942 2610 3019 2667 uel
3049 2609 3406 2672 immoderate,
3440 2606 3518 2662 rel
3558 2606 3779 2660 inordi-

2191 2715 2331 2775 nate,
2357 2721 2477 2761 reus
2497 2705 2592 2759 erit
2627 2704 2858 2774 corporis
2886 2712 2935 2757 et
2955 2700 3225 2771 sanguinis
3265 2698 3493 2753 Domini.
3523 2694 3701 2761 Reus,
3727 2693 3782 2749 id

2191 2806 2295 2864 est,
2326 2797 2519 2868 dignus
2541 2802 2601 2849 ut
2634 2794 2918 2870 damnetur
2947 2791 3016 2846 ab
3059 2790 3175 2859 ipso
3205 2787 3492 2851 sacrificio,
3521 2785 3621 2855 qui
3662 2793 3785 2839 tan-

2192 2897 2305 2944 tum
2353 2886 2669 2959 mysterium
2704 2893 2765 2940 ut
2805 2883 2911 2939 vile
2951 2880 3276 2950 despexerit.
3326 2878 3606 2947 Scriptum
3644 2884 3733 2930 est
3765 2892 3781 2927 :

2196 2980 2379 3036 Omnis
2407 2977 2633 3033 mundus
2654 2972 2987 3030 manducabit
3007 2989 3089 3027 ea.
3117 2971 3306 3025 Anima
3328 2983 3442 3041 qua:
3463 2967 3785 3037 peccauerit,

2194 3080 2251 3127 ut
2280 3068 2552 3125 immunda
2573 3064 3003 3121 exterminabitur
3040 3062 3104 3117 de
3130 3060 3320 3133 populo
3362 3075 3477 3114 suo.
3511 3057 3787 3126 Indigne;

525 3126 932 3183 cuswmwdum
968 3134 1053 3181 ea
1077 3133 1135 3180 ut
1160 3125 1208 3179 Si
1238 3140 1358 3195 quae
1398 3123 1594 3191 νωθειῆ
1629 3124 1874 3194 quamﬁs
1915 3122 2093 3179 adhuc
2124 3142 2169 3205 ε
2284 3122 2545 3216 Dominus
2590 3157 2666 3211 ait
2698 3173 2713 3211 :
2743 3153 2801 3211 Si
2827 3169 2948 3209 ante
2976 3122 3144 3208 altare
3170 3122 3400 3212 steteris,
3426 3156 3474 3201 et
3501 3147 3576 3199 ibi
3608 3122 3788 3199 recor-

525 3220 580 3274 in
608 3218 906 3274 minoribus
933 3217 1089 3274 annis
1107 3218 1317 3289 positae,
1344 3227 1401 3275 et
1430 3219 1483 3272 in
1512 3226 1721 3274 matura
1746 3226 1903 3274 aetate
1926 3233 1960 3273 a
1979 3218 2097 3273 viro

527 3307 749 3373 relictae,
776 3323 835 3365 se
851 3308 1161 3365 devoverint
1186 3310 1316 3376 Deo,
1349 3317 1404 3365 et
1430 3317 1609 3366 vestes
1642 3307 1859 3366 laicales
1886 3308 2098 3379 abjece-

518 3400 638 3454 ’rint
657 3400 758 3455 sub
786 3399 1094 3456 testimonio
1117 3399 1377 3471 episcopi,
1407 3408 1464 3455 et
1487 3409 1611 3471 post
1635 3400 1701 3456 ad
1726 3394 1978 3456 saeculum
2013 3413 2099 3454 re-

528 3492 756 3559 dierint,
813 3494 1167 3557 damnentur,
1207 3491 1335 3562 quia
1389 3491 1546 3547 fidem
1598 3489 1888 3556 castitatis,
1938 3503 2100 3560 quam

529 3583 641 3639 Deo
668 3590 966 3649 voverunt,
996 3582 1204 3638 irritam
1226 3581 1406 3638 facere
1433 3597 1578 3638 ausa:
1601 3589 1747 3638 sunt.
1783 3579 1943 3637 Tales
1970 3594 2102 3650 ergo

528 3689 776 3745 personat
804 3673 915 3729 sint
941 3688 973 3727 a
998 3671 1433 3729 Christianorum
1469 3671 1849 3728 communione
1891 3670 2100 3736 alienae,

530 3779 652 3834 qua:
685 3763 849 3819 etiam
902 3776 1004 3818 nec
1049 3763 1103 3817 in
1143 3762 1393 3818 convivio
1425 3761 1591 3835 536
1622 3776 1744 3817 cum
1781 3761 2105 3817 Christianis

531 3854 949 3910 communicent.
980 3853 1117 3909 Nam
1156 3853 1202 3909 si
1232 3852 1490 3909 adultera:
1516 3852 1773 3924 conjuges
1803 3859 1954 3908 reatu
1981 3862 2109 3909 sunt

532 3945 645 3999 suis
678 3946 812 4000 viris
849 3945 1127 4009 obnoxiae,
1163 3953 1370 4014 quanto
1409 3943 1579 4014 magis
1622 3943 1816 4008 viduae,
1841 3956 1963 4014 qua:
1994 3940 2108 3998 Deo

537 4034 940 4106 religiositatem
967 4042 1259 4099 voverunt,
1287 4031 1519 4089 crimine
1548 4031 1796 4087 adulterii
1837 4032 2106 4088 notabun-

536 4135 642 4189 tur,
689 4125 737 4180 si
782 4125 1153 4190 devotionem,
1206 4139 1367 4195 quam
1410 4131 1602 4194 sponte
1635 4123 1747 4179 Deo
1776 4122 2106 4188 obtulerunt,

534 4217 820 4275 libidinosa
850 4218 1129 4274 voluntate
1153 4219 1516 4290 corruperint,
1548 4229 1711 4290 atque
1740 4220 1807 4275 ad
1843 4219 2110 4275 secundas

536 4308 752 4378 nuptias
795 4309 1081 4365 transitum
1119 4310 1383 4377 fecerint;
1439 4326 1560 4381 quae
1594 4312 1705 4368 etsi
1746 4311 1996 4368 violentia
2040 4312 2112 4365 ir-

537 4406 729 4455 ruente
752 4399 821 4454 ab
857 4399 1043 4469 aliquo
1065 4408 1344 4469 prmreptte
1369 4400 1609 4468 fuerint,
1640 4417 1704 4458 ac
1727 4410 1913 4472 postea
1963 4400 2112 4457 dele-

536 4492 771 4547 ctatione
808 4492 1043 4547 libidinis
1068 4506 1385 4560 permanere
1416 4494 1468 4548 in
1496 4494 1746 4566 conjugio
1774 4493 2005 4564 raptoris
2029 4492 2113 4548 vel
2142 4497 2189 4557 ι)

544 4582 781 4638 violento
829 4583 949 4638 viro
996 4584 1398 4652 consenserint,
1467 4586 1813 4641 damnatione
1865 4586 2117 4655 superius

536 4674 930 4744 comprehensa
963 4682 1246 4731 teneantur
1286 4677 1551 4733 obnoxiae.
1599 4677 1675 4732 De
1724 4676 1939 4731 talibus
1969 4675 2115 4732 enim

543 4767 676 4821 dicit
701 4767 1025 4837 Apostolus:
1057 4767 1188 4824 Cum
1215 4769 1501 4825 luxuriata:
1521 4769 1720 4839 fuerint
1744 4807 1759 4836 ,
1789 4769 1981 4823 nubere
2027 4786 2116 4825 vo-

540 4856 655 4909 lunt
671 4896 687 4920 ,
714 4856 958 4912 habentes
975 4858 1366 4915 damnationem
1390 4900 1405 4925 ,
1434 4860 1561 4931 quia
1585 4859 1811 4929 primum
1835 4858 1992 4928 ﬁdem
2036 4860 2114 4913 ir-

536 4948 700 5001 ritam
726 4947 958 5016 fecerunt
990 4949 1076 5021 (II
1107 4949 1241 5005 Tim.
1270 4950 1347 5023 v).

546 5056 624 5111 De
638 5051 807 5114 viduis
819 5074 937 5141 aute
952 5061 1429 5141 viduitatem‘profe:
1442 5078 1516 5117 sa:
1531 5073 1650 5117 sunt
1665 5079 1841 5141 coram
1863 5064 2119 5135 episcopo.

868 5130 950 5185 Ex
973 5132 1192 5186 concilio
1232 5130 1588 5199 Arausicano,
1615 5150 1731 5205 cap.
1760 5134 1815 5189 9.

620 5240 681 5295 L.
725 5241 950 5313 (Concil.
991 5243 1231 5296 Aransic.
1287 5257 1346 5309 ι,
1409 5258 1457 5297 c.
1504 5243 1610 5312 27;
1663 5243 1970 5302 Buncnaan.
2030 5243 2121 5300 lib.

549 5325 686 5396 vm',
727 5331 1241 5403 ο.15.)νί‹1ιιίιίιιίς
1270 5336 1546 5390 servandtc
1592 5337 1983 5406 professionem
2031 5352 2123 5392 co-

552 5435 668 5476 ram
693 5422 944 5493 episcopo
970 5422 1270 5479 faciendam
1297 5432 1353 5479 et
1377 5425 1620 5480 habitum
1668 5426 1977 5497 impositum
2024 5428 2123 5481 mi-

553 5512 699 5569 nime
743 5513 1080 5581 violandum;
1132 5514 1248 5585 ejus
1298 5532 1424 5572 vero
1471 5527 1769 5588 raptorem,
1818 5516 2121 5588 vel'ipsam

2198 3250 2353 3304 datus
2380 3247 2565 3319 fueris,
2598 3254 2705 3302 etc.
2731 3243 2884 3299 Prius
2904 3238 3293 3312 perscrutanda
3316 3244 3398 3292 est
3418 3234 3789 3297 conscientia,

2200 3338 2246 3395 si
2271 3337 2325 3393 in
2358 3334 2506 3391 nullo
2530 3349 2629 3391 nos
2657 3332 3033 3403 reprehendit;
3059 3338 3113 3385 et
3140 3338 3261 3399 post
3287 3325 3480 3383 offerre
3508 3334 3608 3379 aut
3638 3339 3790 3379 com-

2200 3430 2479 3486 municare
2525 3428 2802 3485 debemus.
2849 3422 3078 3491 Quidam
3123 3421 3353 3477 dicunt:
3387 3418 3654 3474 Dominus
3681 3432 3790 3472 non

2186 3522 2497 3593 indignum,
2524 3519 2620 3575 sed
2641 3517 2859 3588 indigne
2879 3514 3249 3585 accipientem,
3271 3519 3483 3568 revocat
3515 3525 3543 3564 a
3567 3521 3789 3565 sancto.

2204 3612 2309 3669 Sed
2354 3612 2399 3668 si
2440 3612 2632 3681 dignus
2676 3608 2891 3679 indigne
2933 3605 3199 3661 accedens
3238 3601 3550 3662 retrahitur.
3584 3612 3793 3671 quanto

2204 3702 2377 3775 magis
2400 3701 2492 3772 qui
2536 3713 2645 3755 non
2680 3704 2861 3769 potest
2889 3696 3136 3766 accipere
3163 3694 3341 3766 digne.
3389 3692 3545 3749 Unde
3573 3698 3792 3764 oportet

2206 3805 2421 3847 cessare
2459 3805 2491 3844 a
2538 3788 2704 3853 vitiis,
2735 3793 2796 3842 ut
2839 3793 3088 3842 sanctum
3117 3782 3331 3840 Domini
3370 3795 3578 3852 corpus
3607 3790 3796 3837 sancte

2205 3882 2489 3954 percipias.
2534 3878 2728 3934 Probet
2775 3888 2970 3943 autem,
3001 3876 3055 3932 id
3081 3884 3196 3941 est,
3222 3881 3429 3946 quaerat
3474 3888 3545 3929 an
3602 3873 3797 3945 dignus

2206 3976 2297 4031 sit.
2325 3973 2430 4043 Qui
2457 3972 2603 4029 enim
2628 3970 2936 4035 manducat,
2964 3968 3249 4040 dupliciter
3272 3981 3400 4023 reus
3422 3964 3662 4023 eﬂ'ectus
3693 3974 3795 4031 est,

2208 4065 2641 4141 praesumptionis
2677 4062 2886 4118 scilicet
2930 4069 2989 4117 et
3018 4060 3223 4132 peccati
3256 4076 3270 4113 :
3305 4059 3432 4115 Non
3466 4060 3793 4130 dijudicans,

2211 4163 2267 4220 id
2307 4169 2411 4230 est,
2441 4176 2547 4216 non
2588 4158 2756 4232 5.38
2778 4157 3093 4213 discernens
3118 4169 3151 4210 a
3186 4152 3400 4209 caeteris
3424 4151 3592 4207 cibis.
3626 4150 3799 4222 (Apud

2211 4253 2417 4309 Bassa.
2444 4252 2497 4306 in
2524 4249 2630 4307 line
2650 4248 2773 4304 libri
2800 4246 2960 4319 primi
2985 4246 3050 4302 de
3074 4246 3330 4300 ministris
3350 4243 3643 4314 ecclesia.)
3666 4243 3797 4313 Ergo

2212 4359 2336 4400 cum
2363 4352 2511 4399 tanta
2551 4341 2624 4397 sit
2648 4339 2803 4410 plaga
2844 4338 3050 4409 peccati
3075 4347 3237 4407 sume
3264 4337 3502 4407 impetus
3532 4335 3713 4391 morbi
3746 4342 3797 4388 ut

2214 4436 2604 4494 medicamenta
2627 4432 2871 4503 corporis
2890 4439 2945 4488 et
2968 4430 3245 4503 sanguinis
3267 4429 3482 4485 Domini
3506 4427 3797 4485 diﬂ‘eremla

2218 4528 2348 4594 sint,
2393 4524 2715 4581 auctoritate
2761 4522 3021 4579 antistitis
3066 4520 3226 4576 debet
3270 4522 3507 4590 quisque
3548 4520 3626 4575 ab
3652 4520 3798 4589 altari

2219 4617 2484 4676 removeri
2526 4616 2594 4673 ad
2641 4614 2903 4687 agendam
2932 4612 3340 4685 pceuitentiam,
3381 4619 3436 4665 et
3485 4614 3688 4667 eadem
3717 4628 3798 4666 ae-

2218 4710 2473 4768 ctoritate
2498 4705 2856 4765 reconciliari.
2887 4705 3002 4761 Hoc
3023 4712 3110 4761 est
3136 4705 3282 4760 enim
3310 4703 3533 4774 indigne
3559 4706 3800 4776 accipere

2220 4817 2417 4874 corpus
2449 4808 2503 4858 et
2547 4799 2862 4871 sanguinem
2906 4796 3156 4862 Domini,
3206 4796 3251 4851 si
3294 4796 3412 4866 quis
3457 4810 3531 4851 eo
3568 4805 3800 4866 tempore

2224 4892 2451 4962 accipiat
2482 4905 2589 4961 quo
2615 4888 2773 4946 debet
2816 4903 2977 4958 agere
3002 4887 3398 4958 pmnitentiam.
3431 4884 3632 4941 Sancti
3665 4902 3798 4940 nam-

2222 4999 2326 5055 que
2365 4997 2435 5039 ac
2460 4979 2695 5052 religiosi
2725 4987 2781 5034 et
2813 4979 2926 5034 Deo
2969 4976 3327 5047 acceptabilcs
3367 4976 3655 5031 antistites
3697 4989 3797 5030 esst

2223 5075 2323 5130 sub
2370 5078 2569 5128 tectum
2616 5070 2708 5124 Dei
2740 5069 2971 5133 intrant,
3017 5067 3212 5122 ibidem
3261 5065 3525 5120 Dominus
3574 5080 3682 5135 per
3721 5078 3799 5118 eos

2223 5163 2551 5235 ingreditur,
2589 5169 2842 5230 tanquam
2891 5160 3059 5214 Deum
3105 5157 3420 5228 suscipiant.
3472 5155 3543 5211 Et
3600 5155 3800 5229 quando

2224 5267 2364 5325 pane
2388 5253 2513 5308 vita:
2535 5260 2588 5307 et
2610 5250 2800 5322 poculo
2820 5248 3038 5314 frueris,
3062 5249 3279 5319 quando
3303 5246 3608 5304 manducas
3629 5263 3798 5318 corpus

2228 5353 2285 5401 et
2310 5345 2449 5401 bibis
2496 5343 2810 5414 sanguinem
2854 5339 3097 5403 Domini,
3132 5348 3262 5395 tunc
3290 5338 3554 5393 Dominus
3604 5339 3707 5393 sub
3730 5344 3797 5389 te-

2229 5444 2374 5491 ctum
2404 5444 2550 5490 tuum
2594 5434 2906 5506 ingreditur.
2946 5432 3045 5488 Ubi
3075 5445 3204 5487 vero
3238 5429 3457 5500 indigne
3487 5430 3793 5501 ingreditur.

2230 5524 2302 5581 ibi
2330 5525 2396 5580 ad
2414 5524 2677 5595 judicium
2706 5523 3005 5596 ingreditur
3031 5521 3105 5577 illi
3131 5519 3436 5591 accipienti.

625 5671 776 5741 (359)
814 5672 946 5729 Vide
973 5687 1134 5742 supra
1164 5672 1214 5726 in
1247 5672 1429 5742 Appen
1453 5673 1555 5727 lice
1588 5672 1784 5741 prima,
1821 5684 1984 5742 capp.
2021 5672 2087 5726 47
2146 5673 2237 5722 SB.
