3848 5760
33 383 147 454 i597

821 379 910 451 bs
951 383 1230 449 schss.
1273 371 1551 444 DlSClPl..
1591 367 1770 438 nam
1813 379 1970 436 nuo.
2003 411 2071 418 —
2097 377 2340 434 uersu.
2383 359 2448 430 ti.

3133 345 3144 354 ’
3192 354 3298 427 an

35 516 180 570 Cum
213 513 450 568 sacerdos
475 511 714 576 moritur,
747 511 871 580 quid
898 511 962 564 de
993 509 1141 564 rebus
1168 505 1278 576 ejus
1306 505 1616 557 observetur.
1649 499 1694 559 Α
1724 494 2040 549 auctoritate
2071 493 2426 547 cohibendum
2471 489 2676 545 statuit.
2703 487 2856 545 Unde
2883 487 3173 556 congruam
3201 486 3297 540 de-

517 581 602 637 Ea:
622 579 842 636 concilio
873 579 1150 634 Ilerdensi.

113 675 247 732 LIV.
276 673 499 744 (Concil.
543 672 709 728 Ilerd.
747 687 796 728 c.
829 671 940 743 l6.)
969 671 1117 726 Licet
1163 669 1230 724 de
1273 682 1332 722 re
1376 678 1622 735 nttjusce-

31 767 212 824 modi.
255 779 416 835 quant
447 763 776 820 constituere
819 762 1020 818 salubri
1051 760 1393 818 ordinatione
1439 759 1623 813 decer-

31 858 244 922 nimus,
279 857 456 927 prisea
483 855 776 911 auctoritas
805 867 1071 910 canonum
1094 865 1431 922 nequaquam
1462 847 1620 904 silue-

27 949 134 1014 rit,
167 948 261 1003 sed
287 947 518 1004 evidenti
542 947 819 1003 sanctione
843 945 1158 1017 praeceperit
1179 952 1236 998 ut
1255 942 1622 1013 cujuscunque

29 1039 299 1094 Ecclesia!
325 1039 578 1108 pontifice
626 1036 901 1101 defuncto,
947 1051 1054 1090 non
1101 1033 1303 1105 passim
1331 1033 1428 1101 pro
1468 1029 1618 1084 libitu

27 1145 140 1187 suo
175 1131 230 1185 in
257 1143 445 1185 carum
472 1141 654 1186 rerum
682 1128 1061 1199 direptionem,
1091 1139 1226 1196 quas
1251 1123 1440 1178 obiens
1467 1121 1622 1176 derc-

25 1219 220 1290 liquit,
264 1219 506 1290 quisquis
550 1219 755 1284 irruat,
803 1217 1126 1287 domumque
1171 1214 1477 1278 subve‘rtat,
1525 1211 1622 1268 sed

21 1312 292 1366 sacerdos
335 1312 426 1380 qui
479 1309 864 1381 exsequiarum
913 1317 1157 1376 tempore
1216 1305 1397 1370 adest,
1439 1303 1620 1359 omnia

21 1415 156 1469 quae
181 1400 249 1454 ad
273 1399 556 1455 utilitatem
583 1408 638 1455 et
661 1398 1125 1454 conservationem
1148 1395 1436 1467 pertinent,
1465 1393 1624 1449 debet

18 1489 280 1560 diligenti
321 1489 804 1560 circumspectione
833 1487 1075 1553 munire;
1113 1495 1293 1542 tamen
1341 1485 1464 1556 quia
1505 1484 1622 1541 haec

17 1582 154 1650 ipsa
181 1581 413 1647 sanctio,
443 1581 585 1652 quod
611 1579 765 1652 pejus
789 1587 894 1644 est,
922 1594 952 1632 a
979 1576 1161 1633 multis
1187 1575 1400 1632 clericis
1423 1587 1622 1645 cogno-

15 1671 210 1726 scitur
237 1669 447 1736 violari,
478 1671 554 1725 ita
597 1677 657 1724 ut
684 1668 1040 1725 occumbente
1081 1665 1394 1728 sacerdote,
1423 1676 1617 1732 exspe-

13 1767 184 1814 ctato
228 1757 524 1831 [despecto]
573 1755 802 1822 affectu,
851 1765 1068 1827 totaque
1109 1753 1276 1829 5,39
1321 1753 1619 1824 disciplina

13 1849 325 1904 severitate
353 1849 691 1918 posthabita,
719 1847 1027 1902 immaniter
1053 1859 1174 1916 quae
1214 1845 1267 1898 in
1296 1843 1455 1898 domo
1481 1857 1616 1916 pon-
1647 1863 1690 1922 Β

13 1939 222 1994 tificali
266 1939 607 2010 reperiuntur
645 1938 902 1994 invadant
928 1946 985 1994 et
1013 1937 1358 2000 abstraham,
1391 1936 1444 1991 id
1475 1947 1618 1988 nunc

5 2045 198 2087 omne
239 2031 398 2101 hujus
441 2031 622 2102 placiti
649 2031 730 2087 vel
761 2029 1040 2086 constituti
1068 2031 1216 2100 inter
1240 2043 1339 2084 nos
1381 2039 1614 2082 censura

5 2123 238 2193 placuit
283 2123 586 2188 custodire,
635 2129 694 2178 ut
739 2121 993 2178 defuncto
1036 2121 1308 2186 antistite,
1337 2119 1422 2175 vel
1449 2119 1614 2174 etiam

5 2217 214 2271 adhuc
239 2216 290 2271 in
336 2215 600 2287 supremis
627 2224 840 2286 agente,
885 2213 1064 2269 nullus
1089 2213 1408 2268 clericorum
1440 2211 1618 2281 cujus-

2 2305 165 2360 libet
193 2305 421 2371 ordinis,
455 2303 636 2370 oliicii,
663 2311 755 2358 aut
780 2303 998 2374 gradus,
1027 2302 1319 2372 quidquam
1365 2301 1430 2354 de
1459 2301 1616 2355 domo

1 2398 252 2455 auferre
279 2409 600 2470 praesumat,
627 2400 712 2455 vel
744 2400 811 2455 de
851 2399 1102 2462 utilitate,
1141 2413 1260 2468 quae
1291 2397 1618 2452 instrumen-

1 2503 144 2548 tum
181 2491 576 2565 [instrumenti]
605 2493 795 2547 domus
822 2505 941 2546 esse
963 2489 1318 2560 dignoscitur,
1353 2487 1418 2542 de
1447 2486 1618 2542 mobi-

1 2585 174 2641 libus
206 2593 262 2637 et
304 2583 668 2639 immobilibus
693 2583 771 2638 rei
809 2580 1187 2638 ecclesiastica:
1213 2587 1441 2636 conetur
1468 2579 1618 2634 inva-

1 2675 192 2739 dere,
229 2671 364 2726 nihil
409 2671 572 2738 furto,
619 2671 754 2726 nihil
799 2669 884 2738 vi,
931 2669 1067 2725 nihil
1097 2669 1219 2725 dolo
1253 2669 1612 2740 supprimens,

1 2763 316 2826 auferens,
345 2772 506 2830 atque
542 2760 894 2817 abscondens.
926 2759 1032 2815 Sed
1063 2759 1109 2813 is
1137 2758 1222 2813 cui
1253 2759 1444 2813 domus
1468 2772 1615 2812 com-

1 2857 197 2911 missa
230 2861 331 2918 est,
354 2851 656 2923 subjuuctis
682 2851 784 2908 sibi
811 2867 932 2906 cum
959 2849 1184 2907 consilio
1206 2847 1404 2904 clerico
1435 2845 1612 2920 [cleri]

1 2959 138 3002 uno
167 2943 255 2998 vel
294 2943 501 2998 duobus
531 2941 876 3008 ﬁdelissimis,
905 2939 1086 2995 omnia
1117 2953 1288 3008 usque
1310 2939 1376 2993 ad
1405 2945 1614 3007 tempus

1 3032 307 3107 pontificis
335 3029 691 3088 substituendi
735 3031 895 3088 debet
936 3041 1257 3086 conservare
1279 3069 1294 3096 ,
1323 3038 1379 3083 et
1409 3029 1492 3084 his
1521 3029 1610 3097 qui

1 3129 62 3182 in
101 3125 276 3180 domo
320 3123 666 3178 inveniuntur
708 3121 922 3177 clericis
951 3129 1208 3176 consueta
1234 3119 1486 3174 alimenta
1517 3118 1612 3173 ad-

1 3217 364 3273 ministrare.
418 3213 676 3272 Subditus
720 3213 1112 3287 {substitutus}
1159 3221 1340 3268 autem
1387 3212 1613 3266 antistes
1641 3221 1684 3281 ί]

1 3313 282 3374 suscepta
303 3293 388 3369 ea,
405 3313 566 3374 prout
578 3303 848 3360 discessor
861 3301 1160 3375 [decessor]
1177 3318 1305 3358 suus
1323 3301 1611 3368 ordinavit,

2 3395 102 3450 vel
155 3394 290 3449 huic
321 3395 464 3449 Deus
504 3393 869 3464 inspiravcrit,
900 3394 976 3448 uti
1019 3393 1104 3449 bis
1150 3393 1312 3448 debet
1360 3406 1496 3462 quos
1527 3405 1618 3447 co-

2 3484 286 3557 gnoverit
325 3484 619 3555 disciplinte
663 3493 718 3540 et
759 3484 1012 3539 charitati
1043 3483 1343 3538 decessoris
1375 3481 1454 3537 sui
1487 3481 1617 3536 ﬁde-

3 3579 154 3632 liter
177 3574 450 3646 paruisse.
479 3574 632 3642 Quod
659 3575 706 3630 si
732 3575 1016 3646 quisquam
1046 3584 1166 3644 post
1192 3575 1310 3629 haec
1334 3571 1617 3644 cujuslibet

3 3669 260 3732 ordinis,
292 3680 352 3723 ut
378 3669 626 3739 superius
667 3667 870 3723 dictum
897 3675 1010 3732 est,
1036 3667 1264 3722 clericus
1296 3678 1617 3737 quacunque

3 3761 320 3817 occasione
366 3759 432 3814 de
461 3759 620 3816 demo
665 3758 906 3814 ecclesiae
935 3757 1017 3813 vel
1063 3757 1129 3812 de
1171 3757 1317 3812 omni
1365 3755 1618 3811 facultate

6 3850 308 3922 quippiam
334 3849 592 3920 probatus
619 3845 782 3904 fuerit
809 3847 1096 3903 abstulisse
1127 3847 1207 3902 vel
1239 3837 1466 3902 forsitan
1494 3845 1616 3902 dolo

7 3943 216 4012 aliquo
257 3940 643 4010 suppressisse,
673 3954 800 3994 reus
843 3937 1114 4009 sacrilegii
1156 3937 1438 4008 prolixiOri
1485 3951 1616 3991 ana-

7 4035 274 4088 themate
301 4031 706 4096 condemnetur,
743 4039 805 4084 ut
835 4029 926 4082 vix
971 4027 1258 4099 peregrina
1286 4028 1336 4082 ei
1368 4043 1614 4083 commu-

9 4127 114 4179 nio
145 4121 500 4178 concedatur.
531 4121 666 4189 Quia
707 4123 900 4178 durum
935 4129 1019 4176 est
1052 4127 1111 4174 ut
1143 4120 1198 4174 hi
1233 4135 1372 4189 quos
1407 4129 1616 4175 constat

7 4217 72 4270 in
105 4213 345 4270 servitio
371 4211 582 4268 Domini
621 4229 740 4268 cum
777 4214 964 4284 prima:
1001 4213 1145 4268 sedis
1179 4213 1418 4268 antistite
1454 4213 1614 4268 desu-

9 4308 194 4360 dasse
220 4345 234 4370 ,
279 4304 492 4360 illorum
522 4305 614 4375 qui
659 4319 878 4360 suarum
927 4319 1108 4358 rerum
1159 4303 1500 4358 incubatores
1533 4303 1616 4358 vel

11 4393 366 4449 utilitatibus
402 4394 700 4450 servientes
723 4403 884 4464 atque
913 4403 1166 4450 vacantes
1195 4393 1362 4450 fuisse
1385 4410 1616 4450 noscun-

9 4493 120 4538 tur
153 4483 502 4553 despectibus
531 4483 869 4554 aliquatenus
894 4484 1217 4540 crucientur.

1725 584 1921 644 votioui
1971 583 2086 652 ejus
2133 583 2450 637 sententiam
2495 581 2878 643 decernentes,
2925 579 3026 632 hoc
3069 577 3122 630 iu
3153 587 3304 630 conr-

1723 689 1885 728 mune
1931 672 2301 736 decrevimus,
2347 680 2404 726 ut
2454 671 2630 725 nullus
2660 671 2909 738 deinceps
2957 681 3024 722 ex
3079 665 3299 736 palatini

1722 765 1927 822 ordinis
1972 763 2141 836 gradu
2169 763 2254 818 vel
2299 761 2572 834 religionis
2603 769 2802 816 sancta:
2825 765 3092 815 "conventu
3143 757 3304 824 regite

1721 855 2036 911 subtilitatis
2060 854 2284 920 astutia,
2315 851 2398 908 vel
2445 851 2682 922 profanae
2709 851 2990 922 potestatis
3017 849 3300 912 instinctu,

1721 946 1834 1001 sive
1860 944 2223 1016 quorumlibet
2259 943 2538 1000 hominum
2583 942 2860 998 malitiosa:
2890 941 3183 996 voluntatis
3209 941 3303 995 ob-

1720 1043 1860 1108 nisu,
1891 1043 2028 1100 citra
2073 1041 2415 1098 manifestum
2445 1049 2498 1096 et
2546 1041 2766 1096 evidens
2810 1040 2976 1110 culpae
3019 1055 3128 1096 suae
3169 1041 3304 1095 indi-‘-

1720 1135 1895 1200 cium,
1949 1135 2018 1190 ab
2063 1135 2268 1190 honore
2314 1135 2396 1190 sui
2446 1133 2650 1188 ordinis
2701 1131 2782 1186 vel
2840 1131 3060 1186 servitio
3115 1133 3304 1186 domus

1719 1222 1879 1294 regiae
1908 1231 2178 1290 arceatur,
2221 1237 2326 1278 non
2374 1222 2711 1278 vinculorum
2755 1221 2983 1275 nexibus
3033 1220 3300 1291 alligetur,

1720 1336 1826 1376 non
1851 1321 2134 1392 quaestioni
2159 1330 2392 1394 aptetur,
2418 1338 2526 1378 non
2557 1319 2883 1392 quibuslibet
2905 1329 3304 1376 tormeutOrum

1719 1413 1805 1468 vel
1855 1411 2187 1485 flagellorum
2249 1413 2538 1485 generibus
2595 1421 2929 1477 ntaccretur,
2987 1425 3095 1466 non
3147 1410 3308 1464 rebus

1718 1505 1976 1576 privetur,
2023 1521 2128 1560 non
2173 1507 2338 1561 etiam
2387 1504 2750 1561 earceralibus
2795 1502 3055 1580 custodiis
3096 1501 3300 1556 manci-

1719 1611 1898 1674 petur,
1922 1617 2094 1672 neque
2119 1601 2374 1657 adhibitis
2397 1601 2524 1656 hinc
2548 1601 2669 1657 inde
2696 1599 2908 1669 iniustis
2928 1596 3306 1654 occasionibus

1719 1693 2035 1760 abdicetur,
2083 1707 2182 1765 per
2229 1693 2368 1764 quod
2417 1693 2494 1748 illi
2542 1693 2775 1748 violenta
2822 1700 2916 1746 aut
2963 1691 3170 1748 occulta
3221 1688 3308 1743 vel

1721 1785 2053 1842 fraudulenta
2097 1785 2256 1859 441
2294 1783 2560 1856 professio
2591 1786 2930 1841 extrahatur.
2967 1781 3074 1840 Sed
3115 1783 3160 1838 is
3207 1783 3300 1852 qui

1719 1891 2007 1938 accusatur
2053 1883 2279 1952 gradum
2315 1882 2396 1938 sui
2445 1881 2650 1936 ordinis
2691 1889 2901 1946 tenens,
2957 1887 3013 1934 et
3055 1876 3192 1932 nihil
3239 1876 3307 1930 de

1717 1973 2150 2044 supradictorum
2180 1973 2537 2043 capitulorum
2588 1971 2921 2028 nocibilitate
2975 1955 3302 2043 [nobilitate]

1717 2067 2094 2136 pet-sentiens,
2143 2065 2197 2120 in
2253 2065 2468 2135 publica
2532 2063 2874 2120 sacerdotum
2923 2062 3305 2130 seniorumque

1717 2165 1881 2227 atque
1910 2159 2074 2212 etiam
2123 2158 2504 2228 gardiugurum
2547 2156 2884 2212 discussione
2923 2155 3203 2218 deductus,
3252 2149 3308 2206 ct

1711 2244 2007 2315 iustissime
2035 2247 2380 2317 perquisitus,
2427 2256 2518 2300 aut
2563 2247 2829 2302 obnoxius
2863 2245 3036 2302 reatui
3081 2245 3305 2300 dozectat

1715 2336 1884 2406 culpa:
1924 2336 2099 2408 legum
2143 2340 2332 2406 poenas
2397 2337 2655 2406 excipiat,
2715 2346 2809 2391 aut
2857 2336 3124 2392 obnoxius
3158 2333 3304 2406 judi—

1716 2427 1803 2483 cio
1860 2429 2098 2483 omnium
2155 2427 2535 2500 comprobatus
2592 2437 2866 2500 appareat.
2935 2427 3057 2484 lllos
3121 2437 3300 2483 tamen

1716 2531 1852 2586 quos
1875 2519 1926 2572 iu
1957 2518 2090 2573 locis
2121 2518 2316 2574 talibus
2339 2534 2558 2575 manere
2589 2520 2893 2574 constiterit
2921 2520 3062 2574 unde
3095 2519 3304 2574 nocibin

1715 2605 1782 2661 lis
1807 2605 2038 2677 perfugii
2061 2607 2296 2678 suspicio
2322 2610 2410 2670 sit,
2445 2617 2536 2662 aut
2567 2624 2661 2664 eos
2689 2625 2825 2680 quos
2871 2625 2968 2680 pro
3013 2609 3306 2664 conturba-

1719 2697 1862 2752 tione
1893 2707 2052 2752 terrae
2081 2698 2391 2768 diligentius
2432 2707 2646 2767 oportet
2696 2701 2988 2765 custodire,
3039 2700 3136 2755 hos
3189 2700 3304 2753 sine

1715 2786 1897 2856 aliquo
1939 2787 2278 2842 vinculorum
2334 2789 2416 2844 vel
2465 2789 2678 2860 injuriae
2724 2791 2924 2846 damno
2973 2790 3075 2845 sub
3133 2791 3302 2845 libera

1714 2877 1952 2932 custodia
1995 2879 2294 2933 consistere
2339 2880 2627 2949 opertebit.
2685 2879 2778 2936 Sic
2829 2889 3031 2947 tamen,
3089 2881 3304 2950 repulso

1714 2970 1858 3024 omni
1901 2981 2128 3038 terrore,
2153 2973 2253 3026 sub
2284 2973 2674 3046 circuit'tspecta
2706 2983 2762 3028 et
2781 2974 3022 3046 diligenti
3057 2977 3304 3030 custodia

1713 3053 2015 3114 habeantur
2041 3073 2098 3116 ut
2123 3071 2332 3132 tempus
2366 3043 2734 3134 quo'judicari
2764 3079 2859 3120 eos
2885 3043 3127 3136 oportet,
3159 3067 3304 3122 nullo

1715 3153 1873 3206 modo
1903 3153 2002 3208 sub
2045 3152 2408 3208 fraudulentia
2440 3155 2716 3218 dilatetur,
2765 3169 2873 3224 quo
2919 3157 2985 3208 ab
3041 3158 3304 3212 uxoribus

1717 3240 1797 3294 vel
1821 3241 2136 3322 propinquis
2166 3251 2328 3314 atque
2348 3245 2512 3299 etiam
2554 3243 2716 3301 rebus
2758 3247 2872 3302 suis
2895 3247 3197 3303 diutissime
3219 3263 3306 3304 se"-

1715 3333 1912 3402 parati,
1954 3333 2348 3403 professionem
2389 3350 2541 3390 suam
2569 3337 2854 3394 vidcantur
2875 3337 3088 3394 dedisse
3114 3339 3300 3405 inviti;

1714 3436 1834 3490 qua:
1866 3425 2148 3478 tamenetsi
2187 3425 2311 3478 data
2348 3423 2540 3492 fuerit,
2581 3425 2756 3481 modis
2792 3428 3173 3483 otnnibus'nou
3208 3445 3298 3484 va-

1715 3513 1845 3568 lebit
1872 3531 1886 3580 ;
1917 3515 2032 3580 sed,
2051 3513 2204 3583 juxta
2234 3517 2568 3585 superiorem
2591 3518 2860 3584 ordinem,
2889 3519 3016 3573 illud
3048 3537 3146 3590 pro
3176 3531 3303 3576 vero

1715 3606 2012 3677 accipietur
2034 3606 2176 3676 quod
2207 3623 2272 3661 ex
2304 3623 2400 3662 ore
2431 3607 2547 3676 ejus
2593 3611 2832 3679 agnitum
2871 3612 3107 3682 generali
3143 3612 3306 3669 fuerit

1711 3699 1916 3770 judicio
1942 3701 2368 3770 comprobatum.
2425 3701 2558 3760 Nam
2601 3713 2656 3758 et
2697 3705 2764 3760 de
2805 3714 3122 3762 czeterorum
3159 3709 3308 3780 iuge-

1715 3807 1946 3846 nuorunt
1975 3793 2243 3863 personis,
2278 3794 2368 3864 qui
2397 3795 2646 3864 palatinis
2675 3795 2863 3852 ciliciis
2891 3815 2995 3853 non
3020 3799 3310 3857 conferunt

1717 3891 2066 3965 [laeserunt],
2121 3903 2177 3950 et
2229 3903 2410 3950 tamen
2461 3896 2706 3967 ingenuae
2761 3899 3038 3970 dignitatis
3091 3902 3304 3957 titulum

1719 3993 1997 4053 reportare
2055 3985 2338 4051 videntur,
2388 3987 2580 4043 similis
2640 3989 2775 4044 ordo
2829 3983 3160 4058 servabitur;
3213 3995 3303 4062 qui

1717 4075 1932 4129 etiamsi
1963 4090 2059 4145 pro
2085 4077 2258 4146 culpis
2303 4077 2563 4140 minimis,
2613 4088 2674 4133 ut
2702 4080 2919 4144 assolet,
2973 4079 3303 4151 ﬂageiloruut

1719 4169 1914 4222 ictibus
1958 4183 1987 4222 a
2037 4168 2280 4238 principe
2325 4171 2698 4236 verbercntur,
2745 4188 2850 4226 non
2885 4180 3060 4228 tamen
3092 4190 3160 4227 ex
3205 4159 3307 4230 hoc

1717 4275 1810 4322 aut
1838 4266 2204 4322 testimonium
2235 4267 2486 4324 amissuri
2509 4277 2652 4334 sunt,
2680 4271 2948 4326 autrcbus
2978 4271 3080 4326 sibi
3109 4271 3306 4328 debitis

1721 4359 2096 4430 privabantur.
2137 4357 2288 4426 Quod
2317 4359 2458 4415 side
2498 4360 2828 4417 infidelitatis
2875 4363 3102 4422 crimine
3151 4367 3308 4436 quid—

1719 4445 1880 4520 quam
1914 4449 1994 4504 eis
2021 4449 2293 4520 objicitur,
2333 4450 2515 4516 simili,
2573 4461 2630 4506 ut
2674 4455 2924 4524 superius
2969 4457 3304 4525 praemissum

9 4574 202 4650 ω
226 4549 313 4650 pe
355 4549 636 4650 acc,“qu—
655 4577 1032 4650 σαεεηιοηὺμε,
1062 4577 1349 4650 δευεῌεεεηη,
1379 4577 1614 4650 delum;
1649 4569 1692 4628 ι)
1720 4549 2332 4650 est-,ordiuejudicandi
2532 4552 2684 4650 Quod
2725 4556 2980 4626 s’ynoJale
3006 4556 3302 4624 decretum,

94 4641 336 4700 {natibus
381 4647 598 4718 palatii,
637 4657 787 4717 atque
831 4641 1120 4719 gardingz's.
1156 4647 1239 4702 Ea:
1265 4663 1411 4700 conc.
1448 4641 1612 4701 Telet.

95 4735 222 4790 LV.
260 4735 462 4808 (Concil
516 4735 680 4792 Tolet.
727 4753 858 4803 xnt,
887 4754 935 4793 c.
967 4738 1044 4808 2.)
1089 4737 1192 4793 Sed
1221 4745 1276 4792 et
1312 4731 1617 4794 collatidnis

7 4827 250 4898 objectu
283 4841 369 4882 res
397 4836 582 4884 nostro
611 4830 774 4884 (εωιυί
823 4829 1168 4900 lacrymanda
1213 4831 1467 4894 occurrit,
1497 4839 1617 4901 qua!

9 4925 185 4971 tanto
217 4917 390 4986 magis
427 4926 511 4972 est
541 4919 816 4990 synodalis
837 4919 1024 4990 judicii
1071 4921 1306 4990 pondere
1332 4921 1615 4992 abigenda,

7 5011 242 5078 Quanto
285 5006 541 5076 majorem
585 5021 818 5082 stragem
867 5012 1074 5082 populis
1119 5001 1276 5068 affert
1321 5015 1521 5082 pariter
1565 5025 1620 5072 et

11 5099 278 5154 ruinam.
329 5099 536 5158 Etenim
581 5103 826 5158 decursis
853 5111 996 5158 retro
1023 5106 1356 5176 temporibus
1388 5107 1618 5164 vidimus

9 5189 239 5246 multos
271 5197 328 5246 et
361 5191 601 5251 flevimus
631 5209 698 5251 ex
741 5194 960 5264 palatini
1005 5197 1208 5252 ordinis
1255 5195 1426 5254 cilicio
1471 5202 1616 5258 ceci-

11 5282 204 5346 disse,
239 5295 378 5352 quos
418 5293 470 5340 et
513 5287 744 5342 violenta
777 5282 1044 5354 professio
1071 5285 1138 5341 ab
1168 5289 1368 5343 honore
1399 5290 1614 5359 dejecit,

9 5383 76 5426 et
113 5371 332 5428 tranale
373 5387 550 5446 regum
583 5377 820 5432 factione
850 5374 1172 5449 [sanctione]
1210 5376 1470 5446 judicium
1520 5391 1616 5438 aut

14 5465 202 5518 morti
233 5475 326 5520 aut
355 5466 654 5537 ignominia:
683 5479 955 5540 perpetuae
979 5471 1304 5542 subjugavit.
1340 5473 1490 5542 Quod
1515 5477 1616 5530 im-

9 5555 308 5624 portabile
339 5558 525 5618 malum
554 5559 936 5632 et'impietatis
979 5560 1188 5618 facinus
1215 5565 1612 5624 exhorrendum

11 5644 282 5715 religiosi
321 5648 570 5723 principis
615 5651 786 5708 nostri
818 5653 1028 5710 animus
1053 5655 1268 5712 abolere
1307 5657 1612 5724 intendens,

11 5735 276 5760 4—A-_‘—A‘:
346 5741 464 5760 .-ι-.-.θ
719 5743 792 5760 ..Π

1720 4641 1882 4714 442
1913 4643 2113 4709 divino,
2149 4649 2207 4696 ut
2251 4643 2592 4710 confidimus,
2633 4643 2834 4715 Spiritu
2883 4649 3302 4720 promulgatum,

1720 4733 1764 4788 si
1811 4732 1932 4802 quis
1978 4747 2164 4803 regum
2207 4733 2462 4805 deinceps
2509 4743 2603 4790 aut
2658 4745 2986 4793 temeranter
3033 4741 3306 4796 custodire

1721 4825 2041 4896 neglexerit,
2076 4834 2170 4880 aut
2195 4826 2462 4884 malitiose
2487 4829 2766 4898 praeterire
2803 4831 3159 4901 praeelegerit,
3199 4839 3306 4902 quo

1719 4919 1948 4988 quisque
1971 4921 2038 4976 de
2065 4921 2310 4990 personis
2336 4923 2538 4978 laxatis
2579 4921 2734 4978 aliter
2765 4939 2928 4992 quam
2967 4925 3308 4994 praemissum

1720 5019 1802 5064 cst
1827 5011 2250 5079 praedamnetur,
2285 5021 2380 5068 aut
2419 5030 2490 5070 ex
2539 5013 2774 5069 factione
2802 5015 3060 5086 conjecta:
3101 5016 3154 5070 in
3183 5029 3306 5070 eum
3403 5060 3410 5096 τ

1721 5103 1940 5160 malitiae
1972 5104 2116 5178 [astu
2141 5113 2409 5176 congestae
2433 5107 2586 5178 mal.]
2619 5108 2939 5177 perimatur,
2965 5107 3052 5162 vel
3074 5105 3314 5172 dejectus

1720 5193 1802 5250 sui
1835 5195 2044 5252 ordinis
2065 5195 2183 5251 loco
2217 5195 2479 5266 privetur,
2511 5209 2566 5254 et
2594 5213 2716 5253 cum
2739 5199 2992 5255 omnibus
3019 5196 3108 5266 qui
3147 5195 3196 5249 ei
3245 5213 3310 5251 ex

1721 5285 2076 5344 delectatione
2101 5291 2494 5356 consenserint,
2526 5291 2578 5345 in
2609 5297 2901 5358 conspectu
2941 5284 3190 5341 altissimi
3221 5286 3314 5341 Dei

1721 5381 1898 5436 Patris
1927 5391 1982 5437 et
2025 5381 2284 5455 unigeniti
2325 5381 2450 5440 Filii
2505 5383 2622 5455 ejus
2654 5391 2814 5450 atque
2869 5380 3104 5451 Spiritus
3143 5382 3316 5434 sancti

1721 5477 1944 5546 perenni
1995 5477 2337 5531 anathemate
2387 5479 2564 5542 ultus,
2613 5482 2669 5530 et
2721 5472 2918 5529 divinis
2963 5470 3050 5526 vel
3098 5472 3319 5526 attcrnis

1721 5569 2000 5624 abdicetur
2050 5569 2380 5644 [addicetur]
2427 5569 2710 5627 ardoribus
2751 5565 3201 5624 concremandus.
3253 5566 3322 5620 Et

1723 5663 1944 5730 insuper
1999 5661 2262 5734 quidquid
2314 5675 2506 5717 contra
2559 5661 2701 5714 hanc
2745 5659 2990 5730 regulam
3038 5657 3320 5713 sentcntiae
