3920 6442
617 378 726 439 399
1513 395 1518 400 ς
1960 365 2294 425 STEPHANI
2330 362 2598 422 BALUZII
3734 351 3811 421 tuo

625 495 806 560 vigore
843 495 1119 550 suDStstat,
1151 501 1256 555 quo
1285 499 1508 555 pcrsona
1546 485 1658 554 ipsa
1689 483 1847 538 aliter
1894 497 2055 552 quam
2103 481 2196 536 de-
2229 482 2276 541 Α
2307 477 2665 534 accusa-udum
2699 491 2927 547 persona
2973 475 3293 540 inveniatur,
3331 476 3398 530 ad
3426 475 3540 542 ejus
3568 483 3812 535 accusatio-

624 579 897 635 cernimus
950 575 1188 645 judicata
1247 582 1338 627 aut
1395 573 1690 628 testimonii
1741 572 1824 627 sui
1883 570 2200 640 dignitatem
2302 583 2422 622 nem
2451 584 2554 621 non
2590 565 2883 636 judicetur,
2915 566 3016 622 nisi
3050 565 3138 621 ubi
3173 581 3270 637 pro
3315 565 3489 636 capite
3520 567 3665 638 regiae
3693 573 3810 639 maje-

625 671 856 732 atnittat,
885 675 974 720 aut
1006 674 1198 734 questu
1227 665 1302 718 rei
1349 664 1580 734 pr0pria:
1618 671 1822 718 careat.
1865 661 1975 716 Nec
2021 670 2200 715 tamen
2299 656 2452 712 statis
2477 671 2642 711 causa
2669 666 2936 712 versatur.

623 776 719 830 per
746 759 858 812 hanc
883 767 938 810 et
963 753 1270 824 hujusmodi
1294 761 1496 808 statuta
1539 752 1874 822 principibus
1895 747 2202 805 domestica:
2372 764 2520 836 (διο)
2556 764 2797 820 Remotis
2826 765 2988 836 igitur
3011 764 3080 818 ab
3108 763 3424 828 inimicitiis,
3472 763 3537 818 ab
3570 762 3759 827 insidiis,
3789 783 3810 820 λ

623 847 977 917 correptionis
1018 845 1184 918 [enim
1225 845 1340 899 haec
1379 853 1437 898 et
1463 841 1565 896 alia
1591 851 1903 914 prontentes
1941 841 2111 912 princ.
2144 837 2199 893 d.

2307 854 2616 922 mendaciis,
2652 855 2872 909 remotis
2899 855 2967 909 ab
2995 854 3141 909 omni
3183 869 3378 925 genere
3415 852 3711 924 ﬂagitiorum
3733 855 3809 910 site

623 937 878 1009 correct]
907 945 1146 1007 potestas
1171 935 1442 990 adimitur.
1475 931 1610 986 Nam
1632 932 1936 1002 specialiter
1958 931 2023 984 de
2052 929 2204 984 laicis

2307 944 2624 1010 facinorum,
2649 946 2780 1015 ipsis
2806 944 3012 999 scilicet
3036 945 3364 1017 presbyteris
3388 945 3480 1014 qui
3507 946 3712 1000 accusati
3733 945 3808 1000 luc-

625 1033 729 1088 illis
752 1046 887 1099 quos
935 1045 1040 1084 non
1072 1028 1229 1098 culpa
1282 1025 1615 1082 inﬁdelitatis
1655 1025 1926 1096 astringit,
1969 1023 2060 1078 sed
2111 1031 2206 1076 aut

2307 1036 2437 1100 rint,
2468 1037 2735 1104 quomodo
2777 1034 3187 1097 convincuntur,
3242 1042 3334 1088 aut
3377 1033 3636 1103 quomodo
3674 1033 3808 1087 deleu-

624 1120 830 1177 scrvitii
878 1119 958 1174 sui
990 1118 1163 1172 ollicio
1214 1124 1483 1187 torpentes
1529 1124 1621 1168 aut
1666 1115 1716 1169 itt
1762 1109 2064 1170 commissis
2103 1111 2203 1167 sibi

2307 1126 2517 1180 dantur.
2539 1125 2825 1194 Apostolus
2853 1126 2996 1179 enim
3044 1125 3111 1178 ad
3155 1124 3495 1179 Timotheum
3541 1123 3808 1193 loquiturdic

624 1212 836 1266 actibus
869 1210 1210 1282 reperiuntur
1252 1223 1370 1264 esse
1408 1207 1689 1262 mordaces
1719 1205 1800 1262 vel
1831 1199 2003 1276 potiuc
2044 1203 2206 1273 :tegli-
2305 1232 2470 1272 cens;
2503 1216 2763 1270 Αάυενεαε
2803 1215 3155 1286 ριοεειγμιεηιηι
3195 1216 3578 1269 αεσωαιίοηαη
3603 1215 3692 1267 non
3716 1215 3807 1267 mi.

625 1311 834 1378 gentes,
888 1301 992 1356 erit
1037 1299 1264 1370 principi
1320 1299 1526 1354 licitum
1590 1297 1890 1366 huiusmodi
1945 1309 2206 1366 personas

2307 1323 2441 1377 pere,
2473 1307 2573 1360 nisi
2597 1305 2690 1360 sub
2723 1305 2924 1358 duobus
2967 1314 3058 1358 aut
3097 1304 3260 1358 tribus
3295 1305 3528 1357 testibus.
3573 1301 3807 1356 Peccantem

625 1379 831 1464 absque
862 1390 1040 1459 aliqua
1069 1404 1256 1444 eorum
1279 1387 1496 1445 infamia
1522 1388 1604 1443 vel
1637 1387 1711 1443 rei
1741 1387 1970 1458 pr0prite
2011 1386 2207 1440 damno
2305 1415 2481 1452 comm
2535 1397 2772 1451 οηιηίθα,
2811 1413 3003 1466 argue,
3058 1407 3114 1450 ,η
3161 1397 3336 1451 “uer;
3385 1398 3612 1449 “morm
3648 1395 3805 1448 habe“,

627 1494 683 1538 et
712 1474 921 1540 servitii
953 1484 1250 1538 mutatione
1278 1483 1573 1552 corrigere,
1617 1490 1672 1536 et
1715 1482 1768 1534 in
1814 1480 1990 1535 lo;um
2022 1477 2204 1532 talium
2307 1492 2358 1562 (ι
2390 1491 2523 1548 Tim.
2550 1493 2626 1563 ν),
2655 1491 2915 1547 Dominus
2951 1491 3004 1544 in
3041 1489 3331 1560 Εναηςειίο
3368 1488 3565 1544 ,ιυιιεείε
3598 1487 3734 1541 dicit;
3764 1485 3806 1539 ιι

629 1572 974 1648 [commissos
1006 1567 1214 1645 talium]
1239 1567 1370 1628 alios
1393 1572 1484 1642 qui
1517 1571 1764 1643 placeant
1789 1579 2167 1625 transmittare.
2307 1583 2415 1654 tege
2444 1591 2610 1638 πειτα
2631 1583 2881 1650 “rimam
2915 1590 2989 1635 εει
3029 1582 3154 1652 quia
3182 1581 3406 1633 duorum
3436 1580 3676 1632 hominum
3708 1579 3804 1629 mn.

634 1685 716 1740 Ne
744 1686 861 1753 quis
899 1685 1012 1739 sine
1039 1695 1213 1740 actore
1232 1684 1623 1739 condemnetur.
1657 1681 1743 1738 Ea:
1787 1682 2006 1738 concilio
2055 1680 2208 1736 Tole-
2310 1674 2540 1728 monium
2572 1687 2746 1728 υϐτωη
2767 1681 2839 1726 εει
2866 1669 3051 1742 (Immo
3081 1670 3187 1739 |||)-
3224 1669 3301 1724 De
3329 1667 3703 1723 εοευεειῑοῖίδυδ
3722 1679 3805 1717 W0

1197 1764 1320 1809 εαηο
1349 1771 1423 1819 Vl.
1447 1756 1527 1808 ιὶιο
1554 1754 1644 1809 4οο
2311 1762 2632 1820 clericorum
2669 1762 2720 1816 in
2750 1760 3046 1816 canonibus
3070 1759 3200 1814 satis
3241 1758 3532 1822 invenitur,
3567 1764 3615 1810 et
3640 1754 3803 1808 maxime

699 1845 828 1902 LVI.
865 1845 1089 1919 (Concil.
1123 1845 1290 1900 Tolet.
1321 1861 1398 1911 vr,
1427 1861 1477 1899 c.
1508 1844 1617 1917 H.)
1650 1845 1875 1916 Dignum
1901 1853 2070 1900 estut
2100 1845 2207 1898 vita

2315 1855 2366 1908 in
2394 1852 2806 1920 Carthaginensi
2853 1849 3083 1906 concilio
3130 1858 3187 1902 ut
3245 1847 3574 1904 accusatoris
3611 1852 3803 1914 queratur

628 1937 971 1990 innocentum
1019 1951 1124 1990 non
1176 1934 1476 1990 maculelur
1523 1935 1763 2004 pernicie
1815 1935 2203 1997 accusantium,

629 2027 764 2082 adeo
787 2036 845 2080 ut
871 2025 1031 2098 M3
1069 2025 1314 2098 quisquis
1363 2041 1395 2080 a
1439 2025 1677 2095 quolibet
1715 2027 2053 2093 criminatur,
2101 2041 2208 2080 non

630 2127 754 2172 ante
789 2126 1072 2172 accusatus
1099 2117 1362 2187 supplicio
1392 2117 1670 2173 dedicetur
1716 2133 1880 2188 quam
1928 2126 2211 2173 accusator

624 2217 1002 2278 ‘praesentetttr,
1054 2217 1214 2279 atque
1268 2209 1442 2280 legum
1497 2219 1553 2264 et
1611 2220 1875 2266 canonum
1927 2209 2208 2265 sententias

627 2299 981 2367 exquirantur
1005 2297 1292 2372 [sententia
1323 2299 1692 2371 exquiratur];
1725 2307 1784 2354 ut
1811 2299 1856 2354 si
1889 2299 2112 2371 indigna
2141 2298 2208 2353 ad

2312 1943 2446 1998 ﬁdes
2473 1952 2527 1997 et
2569 1941 2926 1997 conversatio.
2960 1940 3018 1994 Si
3051 1948 3228 1994 autem
3259 1935 3555 2008 presbyteri
3579 1943 3626 1989 et
3659 1933 3800 1987 diaconi

2311 2032 2777 2096 fuerintaccusati,
2805 2028 3055 2099 adjuncto
3079 2030 3258 2098 sibilex
3281 2029 3474 2084 vicinis
3499 2027 3619 2082 locis
3637 2025 3801 2095 legitimo

2310 2138 2535 2180 numero
2556 2122 2903 2194 collegarum,
2928 2136 3063 2191 quos
3085 2122 3151 2175 ab
3172 2121 3431 2192 episcopo
3460 2117 3670 2174 accusati
3694 2114 3799 2185 pelle

2312 2216 2441 2280 rint,
2474 2229 2577 2267 una
2603 2227 2783 2268 secum
2815 2213 2867 2266 in
2897 2211 3212 2282 presbyterii
3265 2210 3486 2264 nomine
3517 2224 3618 2270 ses,
3662 2207 3702 2260 in
3735 2218 3795 2257 tto-

2315 2307 2460 2363 mitte
2489 2305 2720 2362 diaconii
2753 2313 2885 2370 tres,
2921 2304 3158 2374 ipsorum
3186 2317 3385 2358 causas
3411 2299 3686 2357 discutiant.

698 2486 844 2559 (5m)
887 2485 1010 2544 ΙΙωο
1048 2505 1152 2544 non
1188 2485 1462 2559 pertinent
1490 2487 1556 2547 ad
1598 2492 1738 2547 hunc
1763 2505 2024 2548 canonem
2056 2467 2398 2550 Toletanum.

2803 2674 3772 2702 —a.__——_—__.—__-——-—

2396 2684 2792 2699 ξ’*

1395 2835 2327 2952 STEPHANI
2403 2841 3157 2956 BALUZII

2050 3099 2480 3216 NOTAE
2595 3082 2600 3087 ’

863 3361 990 3458 AD
1050 3359 1387 3460 LlBBOS
1459 3357 1976 3459 REGINONIS
2049 3359 2176 3456 DE
2248 3361 2998 3462 ECCLESIASTICIS
3071 3361 3644 3467 MSCIPLINIS.

1996 3603 2530 3636 m

893 3742 1232 3816 ωλι-523
1273 3743 1360 3797 DE
1393 3740 1548 3796 VITA
1587 3739 1971 3799 REGINONIS.

708 3854 1038 3929 Reginonetn
1061 3855 1232 3925 patria
1257 3853 1585 3909 Germanum
1610 3853 1773 3909 fuisse
1793 3854 1979 3910 scribit
2000 3853 2217 3908 Trithc-

633 3949 794 4013 titius,
827 3964 893 4003 ex
924 3945 1254 4015 conjectura,
1283 3953 1342 3999 ut
1372 3946 1583 4014 opinor.
1632 3945 1861 3999 Videbat
1900 3947 2046 4000 enim
2091 3961 2214 4001 eum

636 4039 965 4095 monachum
1006 4045 1059 4092 et
1080 4035 1330 4091 abbatem
1365 4035 1530 4090 fuisse
1575 4035 1906 4089 Prutniensis
1946 4044 2221 4090 monaste-

634 4131 701 4186 rii
729 4120 1048 4184 in'ditecesi
1082 4125 1415 4190 Trevirensi,
1467 4125 1610 4194 quod
1658 4135 1774 4178 cum
1817 4125 2053 4178 omnibus
2083 4125 2220 4179 villis

634 4221 964 4277 dominicatis
994 4229 1041 4274 et
1080 4216 1422 4274 vassallorum
1457 4215 1698 4270 additum
1721 4230 1887 4287 regno
1917 4215 2222 4271 Germania:

633 4314 812 4370 fuerat
853 4329 918 4368 ex
970 4311 1143 4384 pactis
1190 4310 1360 4375 initis,
1414 4323 1556 4364 anno
1599 4309 1734 4374 870,
1783 4310 1924 4363 inter
1965 4309 2220 4364 Carolum

635 4403 856 4458 Calvum
883 4402 1124 4456 Francia}
1172 4398 1528 4454 occidentalis
1585 4413 1765 4468 regem
1797 4407 1852 4452 et
1880 4397 2215 4453 Ludovicum

635 4509 820 4564 regem
845 4491 1088 4546 Francite
1132 4491 1435 4555 orientalis,
1478 4490 1530 4545 id
1567 4498 1650 4545 est
1673 4490 2001 4555 Germaniae,
2035 4499 2094 4545 ut
2121 4505 2220 4560 pa-

642 4592 718 4637 tet
762 4597 830 4636 ex
860 4581 1015 4636 titulo
1041 4579 1110 4634 ’57
1146 4579 1517 4650 Capitulorum
1570 4577 1812 4647 ejusdem
1865 4580 2064 4636 Caroli.
2120 4580 2224 4635 Per

639 4691 702 4730 ea
751 4683 991 4742 tempora
1017 4671 1335 4736 Normanni,
1367 4669 1557 4725 Galliae
1589 4669 2000 4741 Germanizeque
2043 4680 2226 4726 vasta-

641 4776 807 4830 tores,
847 4779 1070 4834 regnum
1092 4762 1376 4832 Amulphi,
1409 4763 1501 4832 qui
1537 4760 1935 4818 Carolomanno
1964 4762 2224 4818 Ludovici

640 4857 774 4922 ﬁlio,
823 4857 960 4924 patri
1001 4864 1178 4910 autem
1232 4870 1350 4920 suo,
1389 4863 1742 4918 successerat,
1802 4856 2030 4927 ingressi
2081 4871 2224 4911 anno

642 4949 1095 5020 octingentesimo
1138 4948 1486 5019 nonagesimo
1526 4949 1784 5014 secundo,
1833 4949 1901 5004 ad
1953 4959 2226 5004 monaste-

641 5045 780 5097 rium
807 5041 1124 5096 Prumiense
1173 5041 1386 5096 tandem
1423 5049 1807 5110 pervenerunt.
1837 5040 1898 5094 Ei
1927 5048 2056 5096 tunc
2093 5055 2225 5111 prte-

643 5143 762 5188 erat
781 5133 1107 5188 Farabertus
1133 5131 1317 5186 abbas.
1348 5131 1446 5186 Hic
1459 5147 1588 5202 ergo
1615 5131 1791 5200 aliqua
1836 5133 2225 5186 monachorum
2256 5140 2306 5200 ι)
2331 5148 2451 5204 gem
2499 5131 2836 5202 Arnulphum
2866 5147 2881 5197 ;
2908 5139 2963 5187 et
2991 5145 3112 5185 cum
3149 5129 3476 5199 impetrasset
3515 5116 3571 5172 ab
3593 5127 3640 5166 ω

641 5231 860 5277 ειιοτιιιιι
889 5231 1044 5292 parte
1093 5221 1408 5285 comitatus,
1455 5221 1655 5276 cedens
1687 5221 1946 5290 tempori,
1972 5237 2029 5276 se
2060 5222 2112 5275 in
2145 5219 2226 5275 fu-

650 5329 773 5384 gam
797 5313 1045 5367 contulit.
1071 5312 1171 5380 Qui
1203 5313 1256 5366 in
1289 5313 1618 5367 monasterio
1644 5311 1963 5381 deprehensi
1988 5313 2225 5380 fuerunt,

643 5421 834 5458 ontncs
885 5405 966 5458 vel
1023 5404 1274 5458 trucidati
1303 5404 1386 5458 vcl
1426 5405 1478 5457 itt
1525 5405 1900 5473 captivitatem
1948 5405 2162 5460 abducti
2195 5422 2226 5460 a

645 5494 894 5551 barbaris
928 5503 1072 5550 sunt.
1100 5494 1138 5550 li
1170 5495 1364 5550 deinde
1410 5503 1719 5565 expugnato
1773 5495 2094 5565 direptoque
2150 5496 2230 5550 vi-

644 5589 770 5643 cino
797 5590 1029 5658 quodam
1066 5599 1270 5654 castro,
1303 5602 1424 5643 cum
1449 5587 1652 5658 ingenti
1679 5586 1860 5657 prarda
1890 5589 1955 5642 ad
1995 5587 2226 5643 classem

632 5669 898 5750 iregressi,
921 5680 1156 5735 oneratis
1178 5677 1428 5745 navibus,
1449 5693 1570 5733 cum
1592 5679 1842 5734 omnibus
1855 5677 2017 5750 524
2035 5679 2224 5749 copiis,

631 5782 706 5829 «ut
730 5773 934 5844 ltegino
949 5773 1132 5830 scribit
1150 5773 1201 5829 in
1220 5773 1356 5832 libro
1370 5772 1604 5830 secundo
1623 5768 2040 5841 Cltronicorutn,
2057 5780 2232 5828 trans-

2255 3764 2300 3826 C
2335 3763 2570 3818 marinas
2607 3769 2855 3834 repetunt
2892 3764 3170 3834 regiones,
3213 3765 3267 3819 id
3297 3774 3380 3820 est
3415 3761 3660 3820 Franciam
3693 3753 3780 3811 occi-

2325 3852 2613 3908 dentalem.
2672 3853 2907 3923 Accepta
2954 3868 3018 3908 ea
3046 3855 3357 3911 calamitate
3408 3853 3703 3911 Farabertus,
3738 3843 3779 3894 li-
3825 3925 3827 3930 η

2325 3954 2446 4000 ctus
2472 3953 2758 4015 propterea
2804 3945 2960 4000 taedio
3014 3961 3195 4000 rerum
3243 3937 3779 4008 humanarum,abdiwt

2324 4052 2384 4091 se
2419 4036 2736 4106 magistratu
2788 4037 3086 4095 constituit.
3117 4037 3256 4092 Tum
3312 4037 3553 4109 temporis
3598 4029 3700 4088 istud
3718 4040 3776 4079 non

2324 4127 2515 4183 licebat
2549 4129 2648 4183 nisi
2675 4146 2798 4184 cum
2842 4131 3163 4185 auctoritate
3196 4131 3511 4201 principum,
3537 4124 3650 4196 quod
3670 4117 3774 4174 omni:

2326 4219 2650 4273 monasteria
2694 4219 2746 4273 in
2779 4236 2964 4274 eorum
3009 4231 3277 4291 potestate
3333 4210 3774 4281 essent,tttidirimt5
3819 4215 3821 4291 1

2325 4309 2393 4364 ad
2421 4311 2705 4380 epistolam
2749 4311 2817 4365 29
2846 4311 2980 4382 Lupi
3029 4311 3417 4368 Ferrariensis.
3459 4311 3616 4378 Itaque
3649 4298 3773 4370 quoiies

2326 4400 2644 4454 monasterii
2683 4399 2981 4471 cujuspiatn
3016 4401 3183 4457 abbas
3231 4407 3569 4456 excesserate
3600 4389 3772 4448 τίνίε,ιυι

2328 4489 2396 4543 ab
2419 4489 2886 4546 administratione
2936 4491 3244 4556 recedebat,
3309 4507 3401 4547 rex
3441 4490 3488 4544 in
3514 4483 3636 4552 cujus
3652 4476 3770 4568 ditiotr

2327 4579 2680 4635 constitutum
2709 4590 2828 4635 erat
2879 4582 3292 4647 monasterium,
3329 4595 3516 4635 novum
3556 4573 3768 4651 abbatentttt

2329 4670 2504 4725 locum
2553 4669 2670 4738 ejus
2704 4671 3085 4725 substituebat.
3130 4671 3289 4725 Aliud
3340 4667 3588 4726 obtinebat
3618 4659 3650 4712 si
3676 4647 3766 4718 r9?“

2327 4766 2677 4830 auctoritate,
2701 4764 2753 4818 id
2781 4773 2866 4820 est
2895 4763 3186 4833 diplomate
3237 4780 3303 4819 ac
3353 4757 3616 4834 privilegio,
3651 4746 3764 4800 tributa

2326 4867 2444 4912 erat
2468 4855 2796 4910 monasterio
2850 4853 3081 4909 facultas
3103 4854 3332 4925 eligendi
3370 4853 3601 4907 abbatem.
3632 4837 3763 4892 Natum

2327 4963 2458 5004 casu
2504 4946 2755 5003 monachi
2813 4953 3065 5016 poterant
3119 4945 3318 5014 eligere
3371 4941 3588 4996 abbatem
3621 4947 3632 4989 ;
3665 4930 3763 5016 ιιξθφκ

2329 5043 2562 5098 dabatur
2585 5056 2616 5097 e
2640 5039 2861 5110 palatio.
2904 5039 3237 5094 Farabertus
3278 5021 3637 5157 igituraccelssil
3657 5013 3699 5157 2d

2334 5148 2448 5157 ωε..-
2509 5131 2834 5157 Α-.-..ι.ιι......
2866 5147 2880 5157 .
2910 5139 2958 5157 ,ιι
2993 5145 3110 5157 λη...
3149 5129 3474 5157 παι-,Αι-ηαωι
3517 5134 3538 5157 g
3593 5127 3640 5157 ρο
3681 5116 3701 5153 e
3750 5119 3760 5128 ‘

3681 5116 3760 5153 επ·

2328 5195 2621 5294 linquendo
2658 5222 2922 5292 regimine
2960 5221 3276 5276 monasterii
3324 5195 3756 5294 Prumiensis,

2327 5289 2568 5370 deseruit
2595 5289 2781 5368 curam
2803 5311 3151 5383 pastoralem.
3188 5309 3456 5365 Habebam
3489 5305 3628 5355 autem

2330 5407 2418 5463 chi
2447 5406 2816 5470 Prumienscs,
2862 5415 2922 5459 ut
2947 5420 3015 5459 ex
3053 5402 3325 5474 Reginone
3347 5368 3753 5477 disc:intus.__f‘!l“l_‘:l

2329 5498 2718 5562 auctoritatem,
2749 5468 2912 5550 idest
2948 5468 3182 5564 diplom'a
3236 5491 3449 5560 regium.
3487 5469 3666 5564 ειυοίθίξ

2331 5603 2544 5645 cessum
2565 5597 2682 5643 erat
2705 5588 2781 5642 uti
2801 5603 2867 5644 ex
2891 5601 2950 5641 se
2970 5587 3170 5656 eligere
3191 5590 3397 5656 possent
3413 5551 3748 5678 abbatem'gﬁ;

2336 5682 2516 5752 itaque
2571 5691 2861 5745 conventu,
2896 5679 3285 5735 monachorum
3332 5650 3747 5768 suﬂ‘ragianflfﬁ":

2339 5775 2392 5830 in
2428 5774 2760 5832 lteeinonem
2809 5781 3196 5831 convenerunt.
3224 5769 3404 5824 virum.
3433 5769 3480 5817 ut
3503 5743 3693 5810 εοιιῡεῑιυπ
3714 5739 3730 5774 θ
