3848 5412
39 443 127 500 ιρι

987 443 1194 534 ΝΟΤᾹΞ
1231 441 1322 497 AD
1361 439 1606 496 LIBROS
1643 439 1731 496 DE
1768 439 2050 496 ECCLES.
2093 439 2372 504 DlSCIPL.

3183 433 3308 498 ιοξι

41 549 182 608 libris
205 549 321 622 ejus
348 550 414 606 de
437 549 754 622 Discipliuis
779 555 1186 620 ecclesiasticis,
1233 555 1606 624 dignissimum
1637 555 1684 615 Α
1712 554 2025 610 clesiasticis
2047 597 2064 614 .
2131 557 2275 610 illam
2325 557 2649 614 descendere
2691 553 2897 612 faciens
2943 561 3026 638 ex;
3059 555 3286 626 impulsu

41 661 96 700 ea
124 658 273 706 cura,
320 642 702 714 dignissimum
727 663 790 704 ea
816 647 1096 718 dignitate.
1129 646 1328 706 Verum
1371 647 1494 716 quia
1526 645 1611 700 ni-

41 736 106 790 h'l
127 741 276 790 tan'o
315 749 378 788 ac
410 743 518 788 tam
541 739 778 798 miriﬁco
805 756 1068 798 consensu
1103 741 1279 812 agitur
1303 740 1444 794 inter
1470 753 1613 792 mor-

42 827 166 880 tales
191 824 316 894 quin
345 825 560 896 aliquos
589 845 804 902 semper
825 833 1024 888 habeat
1044 841 1408 904 repugnantes
1434 841 1487 886 et
1517 829 1613 884 ob-

43 925 344 980 ll'ecmmes.
395 929 522 990 pust
563 921 770 992 aliquot
799 921 994 977 eximie
1043 936 1238 986 annos,
1297 919 1613 974 annnlorum

41 1017 250 1057 suorum
283 1003 518 1070 artibus,
575 1019 634 1082 ut
667 1011 782 1080 ipse
833 1011 1016 1075 tradit,
1067 1009 1306 1085 dejectus
1336 1019 1441 1074 est,
1471 1023 1616 1062 anno

41 1095 292 1152 nimirum
330 1100 777 1172 octingentesimo
811 1103 1348 1174 nonagesimonono.
1381 1101 1614 1156 Omnino

41 1195 210 1243 autem
255 1205 352 1274 par
382 1202 466 1246 est
493 1179 809 1258 existimare
853 1195 1057 1250 factum
1107 1196 1249 1250 istud
1275 1211 1391 1250 esse
1430 1203 1615 1249 aucto-

43 1277 192 1333 ritate
217 1282 500 1352 principis.
528 1283 768 1348 Abbates
795 1285 936 1340 enim
968 1283 1078 1339 tum
1108 1293 1162 1340 et
1187 1285 1276 1340 diu
1303 1293 1422 1354 post
1448 1285 1612 1354 depo-

39 1369 360 1425 nebantura
416 1373 752 1442 principibus
809 1375 1012 1444 absque
1060 1375 1302 1447 synodali
1349 1374 1611 1445 jussionc,

39 1461 140 1514 sola
171 1463 412 1531 ipsormn
435 1467 776 1532 auctoritate,
809 1477 869 1521 ut
896 1467 1138 1537 pluribus
1160 1467 1376 1536 probari
1409 1475 1610 1536 posset.

39 1551 330 1620 Aggressus
357 1562 473 1607 erat
497 1552 706 1624 Regino
737 1557 1105 1626 narrationem
1135 1556 1292 1611 istius
1321 1572 1432 1610 suae
1469 1557 1614 1611 cala-

39 1641 232 1696 mitatis
297 1643 349 1698 in
401 1643 540 1700 libro
594 1648 830 1702 secundo
868 1647 1281 1708 Chronicorum.
1313 1647 1430 1716 Quo
1483 1665 1611 1705 casu

37 1730 226 1796 factum
257 1734 327 1788 sit
349 1743 405 1788 ut
431 1735 522 1789 illa
545 1751 650 1790 non
672 1739 980 1806 pervenerit
1003 1753 1172 1810 usque
1197 1740 1264 1796 ad
1287 1741 1402 1796 haec
1428 1739 1615 1796 ultima

37 1825 609 1904 tempora,_perienme
636 1829 1022 1884 monachorum
1051 1831 1448 1888 Prumiensium
1492 1841 1610 1886 arte

1707 647 1934 722 diaboli.
1969 647 2092 702 llaec
2119 657 2245 702 sunt
2291 647 2406 716 ejus
2435 650 2600 704 verba
2626 647 2894 718 loquentis
2923 647 2987 702 de
3015 635 3239 700 Rabano
3269 662 3286 706 :

1719 757 1737 790 ι
1775 739 2015 794 Tandem
2059 739 2295 794 oll'cusns
2343 741 2682 810 improbitate
2726 739 3113 793 monachorum
3165 751 3288 791 suo«

1715 845 1857 895 rum,
1887 829 1976 900 qui
2004 844 2127 884 eum
2158 829 2406 886 dicebant
2435 831 2657 886 nimium
2705 831 2990 900 scripturis
3018 829 3181 910 526
3209 821 3288 882 iu-

1715 930 1920 976 tentum
1947 921 2261 992 temporalia
2285 923 2574 994 negligere,
2600 931 2789 994 agente
2806 923 2860 982 id
2881 924 2936 986 in
2951 923 3033 977 eis
3055 921 3286 986 diabolo.

1716 1011 2106 1081 displicentiam
2131 1021 2318 1067 contra
2354 1027 2478 1076 eum
2530 1019 2912 1082 acceperunth
2937 1011 3289 1077 scandalizati

1717 1101 1860 1156 ineo
1891 1117 1998 1176 quo
2021 1102 2255 1166 maxime
2299 1101 2598 1156 debuerant
2626 1101 2900 1158 :edilicari.
2947 1101 3091 1156 Daus
3135 1100 3294 1171 igitur

1717 1191 1891 1256 locum
1921 1193 2036 1259 irae,
2061 1187 2180 1250 nec
2210 1209 2332 1249 cum
2365 1193 2589 1266 ingratis
2624 1193 2817 1247 ovibus
2841 1191 3044 1256 diutius
3071 1207 3292 1248 manere

1716 1285 2080 1350 consentiens,
2135 1286 2526 1340 monasterium
2555 1294 2610 1340 et
2638 1285 2754 1355 ejus
2779 1283 3112 1344 habitatores
3138 1283 3292 1348 desee

1717 1375 1844 1430 ruit.
1882 1395 1900 1428 ι
1937 1375 2040 1431 Sed
2069 1377 2136 1431 ad
2165 1377 2516 1448 lleginonem.
2547 1375 2642 1430 llis
2667 1376 2847 1444 itaque
2870 1373 3168 1445 nugatoriis
3201 1388 3292 1432 ac-

1715 1467 2082 1522 cusationibus
2127 1467 2458 1538 Reginonem
2503 1468 2824 1538 impetentes
2873 1466 3122 1521 monachi
3161 1463 3296 1520 Pru-

1715 1557 1968 1622 nienses,
2016 1554 2138 1610 eum
2169 1557 2272 1612 sibi
2302 1557 2463 1612 adimi
2493 1557 2836 1627 postularunt
2877 1557 2945 1611 ab
2983 1555 3288 1626 Arnulpho.

1717 1644 1990 1700 Postulata
2013 1661 2200 1702 eorum
2221 1646 2480 1714 juverunt
2510 1647 2967 1710 turbulentissima
2991 1647 3298 1716 reipublicae

1715 1748 1977 1809 tempora.
2021 1737 2155 1792 Nam
2185 1740 2310 1808 quia
2352 1737 2934 1807 Arnulpbusassiduis
2962 1736 3118 1800 bellis
3143 1737 3296 1790 αἰειῑη

1717 1831 1966 1896 uehatur,
1997 1829 2245 1900 adeoque
2266 1841 2486 1900 propter
2513 1829 2904 1890 hanc-causam
2953 1827 3126 1896 magis
3155 1827 3294 1880 indi-

39 1923 86 1966 et
109 1913 398 1980 industria,
439 1931 525 1981 ne,
559 1919 872 1988 quiescente
893 1920 1005 1989 jam
1047 1921 1422 1992 exstinctaque
1469 1922 1606 1976 invi-
1641 1911 1685 1970 Β
1712 1923 1872 1992 gebat
1915 1920 2266 1976 bellatoribus
2318 1935 2480 1991 quam
2525 1919 2678 1980 viris,
2710 1918 3004 1984 litteratis,
3053 1917 3136 1973 usi
3186 1919 3288 1972 ista

38 2005 136 2070 dia,
179 2013 346 2062 tantae
385 2007 620 2064 infamiae
679 2012 936 2067 memoria
981 2023 1312 2084 superesset,
1371 2030 1436 2069 an
1483 2015 1610 2084 quia

39 2095 234 2168 Begino
260 2099 530 2154 destinata
556 2117 661 2156 non
689 2105 1012 2174 composuit,
1039 2119 1132 2160 seu
1159 2106 1286 2175 quia
1316 2121 1378 2160 ea
1415 2121 1610 2160 narra-

37 2189 103 2248 tio
126 2189 288 2258 periit
316 2191 508 2260 injuria
536 2201 860 2262 temporum,
892 2194 1103 2260 difficile
1131 2196 1277 2250 dictu
1301 2205 1404 2252 est.
1435 2196 1610 2252 Unum

35 2277 294 2334 allirmare
313 2281 656 2363 licet,_525
689 2284 937 2352 lacunam
969 2286 1022 2342 in
1051 2287 1150 2342 hoc
1179 2287 1298 2344 loco
1329 2303 1449 2343 esse
1472 2289 1614 2358 apud

35 2367 380 2438 Reginonem.
408 2373 698 2441 Inquirenti
715 2383 894 2432 autem
919 2377 1048 2430 mihi
1074 2379 1128 2431 in
1154 2393 1346 2432 causas
1361 2380 1613 2448 dejectio-

31 2463 106 2516 nis
130 2463 368 2518 hominis
395 2473 503 2518 tam
529 2465 842 2520 excellentis
865 2469 1000 2521 nihil
1019 2467 1352 2538 probabilius
1372 2471 1612 2528 occurrit

29 2571 184 2624 quam
216 2571 372 2610 amor
399 2557 596 2611 veteris
619 2559 936 2630 disciplinae,
981 2559 1318 2616 fastidiosum
1357 2563 1509 2617 illum
1547 2580 1612 2620 ac

29 2635 248 2716 grave'm
284 2649 564 2703 monachis
585 2649 697 2705 suis
729 2649 894 2706 fuisse
919 2653 988 2707 ob
1015 2653 1238 2708 nimiam
1281 2656 1609 2714 mentionem

31 2746 275 2802 veterum,
295 2739 628 2809 regularum,
665 2741 906 2812 adeoque
949 2757 1138 2799 eorum
1189 2744 1310 2800 odia
1345 2747 1610 2816 promeri-

31 2837 138 2882 tum
164 2843 288 2883 esse
322 2827 620 2897 justissima
685 2833 751 2886 de
796 2847 977 2897 causa.
1029 2833 1166 2912 Quid
1199 2835 1342 2890 enim
1376 2837 1610 2907 iniquius

33 2926 118 2970 aut
151 2915 448 2987 indignius,
495 2919 624 2987 quid
651 2920 926 2986 insulsius,
977 2937 1139 2992 quam
1183 2933 1242 2979 ut
1271 2939 1338 2980 eo
1367 2933 1609 2996 tempore

33 3021 132 3076 quo
176 3007 360 3074 miseri
413 3010 660 3078 homines
705 3012 858 3076 bellis
912 3014 1224 3084 domesticis
1273 3025 1330 3071 et
1369 3020 1610 3074 externis

35 3085 206 3150 amicti
240 3106 638 3170 erant,_eorum_
665 3091 820 3171 quies
847 3112 972 3174 post
1003 3113 1083 3160 tot
1111 3105 1253 3160 mala
1296 3108 1608 3162 turbaretur

35 3190 188 3244 etiam
219 3191 684 3261 importunissima
710 3185 888 3254 rerum
917 3215 1178 3256 vanarum
1207 3217 1610 3270 commemora-

39 3283 194 3350 tione,
245 3285 298 3340 in
351 3287 556 3354 nulhun
615 3289 694 3344 rei
745 3291 972 3362 publica:
1009 3302 1103 3348 aut
1135 3295 1356 3365 privatae
1403 3298 1608 3351 usum?

37 3373 242 3440 Causati
275 3391 410 3449 ergo
434 3367 572 3450 apud
599 3375 927 3452 principem,
978 3386 1069 3454 qui
1125 3395 1237 3445 tum
1287 3387 1464 3443 adhuc
1491 3399 1610 3443 erat

37 3467 356 3540 Arnulphus,
389 3470 637 3534 abbatem
666 3457 1354 3545 Reginonem'monasterio
1393 3495 1493 3537 suo
1528 3482 1610 3536 in-

38 3557 210 3614 utilem
239 3575 307 3615 ac
333 3561 650 3626 damnosum
680 3579 822 3628 esse,
849 3575 909 3621 ut
939 3567 1100 3624 nimis
1146 3569 1386 3625 deditum
1417 3573 1611 3629 studiis

39 3648 354 3718 litterarum,
391 3654 592 3725 bonum
618 3659 966 3726 monachum,
997 3667 1058 3714 ut
1085 3659 1152 3715 de
1181 3659 1441 3726 Bahluino
1469 3663 1611 3719 Can-

41 3745 286 3801 tuariensi
325 3747 731 3820 archiepiscopo
760 3751 978 3807 dicebat
1006 3735 1134 3810 olim
1165 3752 1427 3811 Girardus
1453 3757 1611 3824 Cam-

39 3833 254 3902 brensis,
290 3841 386 3895 sed
417 3841 614 3895 malum
650 3843 924 3914 abbatem,
957 3847 1046 3916 qui
1083 3861 1184 3902 nec
1209 3862 1442 3916 praeesse
1473 3849 1610 3914 sciat

41 3939 128 3981 nec
152 3929 426 3998 prodesse,
459 3931 608 3986 illum
654 3933 780 3990 hinc
810 3937 1074 4004 removeri
1119 3947 1174 3992 et
1213 3939 1376 3992 alimn
1407 3939 1458 4007 in
1489 3939 1608 3993 loco

41 4015 140 4082 ejus
183 4022 526 4100 postularunt
561 4026 834 4092 substitui.
887 4025 964 4083 Ne
1009 4029 1136 4099 quis
1173 4045 1303 4086 vero
1335 4032 1610 4096 existimet

43 4122 118 4176 me
143 4109 192 4165 in
223 4113 327 4168 hac
360 4116 668 4190 conjectura
703 4118 995 4190 oberrare,
1019 4135 1194 4194 neque
1220 4136 1340 4182 eam
1367 4123 1609 4192 potuisse

42 4211 148 4266 esse
171 4207 556 4268 monachorum
587 4207 982 4274 Prumieusium
1010 4209 1335 4270 dementiam
1367 4226 1431 4265 ac
1463 4209 1608 4265 furo-

43 4305 144 4346 rem
179 4305 238 4349 ut
268 4295 517 4352 abbatem
549 4312 706 4352 suum
735 4299 804 4353 ob
841 4299 942 4353 hoc
973 4299 1186 4360 oderint
1230 4301 1356 4370 quia
1404 4301 1612 4356 littera-

45 4394 146 4442 ωτι]
175 4386 364 4441 studiis
390 4388 600 4444 deditus
623 4395 758 4455 erat,
792 4389 1074 4445 ostendam
1103 4406 1190 4446 me
1211 4407 1398 4446 verum
1427 4393 1607 4449 dicere

45 4476 270 4544 exemplo
301 4477 453 4532 valde
481 4479 674 4534 illustri
705 4479 943 4550 ejusdem
993 4479 1194 4547 steculi,
1233 4482 1374 4551 quod
1403 4482 1614 4548 editum

45 4563 184 4616 estin
209 4579 438 4635 persona
465 4570 642 4638 magni
681 4569 784 4624 viri
815 4568 1024 4625 Rabani
1053 4569 1222 4632 Mauri
1248 4571 1458 4626 abbatis
1483 4567 1608 4626 Ful4

47 4650 208 4709 densis
239 4656 292 4710 in
329 4659 517 4712 eodem
551 4659 853 4714 Germaniae
897 4675 1084 4732 regno.
1131 4661 1426 4732 Expulsum
1454 4661 1604 4718 illum

47 4753 197 4816 atque
241 4749 470 4818 ejectum
519 4769 550 4808 e
593 4755 921 4810 monasterio
955 4769 1056 4810 suo
1103 4755 1270 4811 fuisse
1309 4771 1450 4811 anno
1498 4757 1604 4812 842

47 4834 208 4892 docuit
229 4855 334 4897 nos
351 4851 537 4898 auctor
557 4844 806 4900 Chronici
831 4843 1326 4914 HildeSheimensis,
1353 4855 1408 4902 et
1431 4848 1602 4903 aliun-

45 4925 102 4977 de
129 4928 266 4984 illum
296 4947 360 4988 eo
391 4949 530 4988 anno
559 4935 846 5005 reliquisse
871 4938 1110 5008 regimen
1140 4939 1454 4993 monasterii
1477 4935 1626 4993 Ful-~

47 5013 210 5074 densis
257 5025 596 5092 probavimus
621 5028 942 5083 certissimis
989 5032 1326 5100 argumentis
1354 5030 1407 5085 in
1457 5031 1624 5088 notis.

47 5106 104 5158 ad
137 5111 406 5178 epistolam
450 5115 917 5186 quadragesimam
960 5117 1172 5176 Servati
1205 5118 1340 5190 Lupi
1390 5121 1603 5176 abbatis

51 5191 404 5260 licrrariensis.
456 5205 662 5276 Causas
677 5205 755 5264 ob
776 5219 912 5275 quas
951 5208 1140 5278 pulsus
1167 5216 1250 5262 est
1292 5225 1395 5264 non
1427 5209 1601 5264 dicam

48 5289 152 5352 (Ἧι,
180 5291 268 5343 sed
296 5301 444 5349 vetus
469 5295 638 5351 codex
671 5311 770 5352 ms.
801 5311 830 5348 a
859 5295 1079 5352 Nicolan
1107 5295 1318 5336 Remi"
1355 5300 1436 5321 ἠ
1465 5301 1476 5306 “

1715 2012 2172 2084 Opportunissima
2239 2012 2526 2070 occasione
2593 2011 2842 2068 monachi
2911 2009 3296 2070 Prumienses,

1715 2105 1960 2164 Gerardo
2003 2112 2064 2164 et
2105 2103 2388 2164 Matirido.
2413 2103 2732 2167 comitibus,
2801 2115 3030 2171 quorum
3104 2115 3302 2170 magna

1715 2194 2012 2252 auctoritas
2043 2194 2098 2248 in
2143 2193 2266 2246 aula
2309 2191 2573 2261 Arnulphi
2617 2199 2757 2257 erat,
2785 2205 2934 2260 spem
2971 2190 3113 2244 haud
3138 2189 3318 2246 dubie-

1715 2285 1958 2340 (ecerunt
1987 2285 2102 2340 fore
2125 2286 2202 2340 uti
2235 2285 2460 2346 fratrem
2485 2299 2670 2338 eorum
2694 2283 3012 2338 Richarium
3038 2283 3306 2354 eligerent,

1715 2375 1758 2430 si
1790 2375 2036 2430 obtinere
2081 2390 2112 2428 a
2139 2375 2384 2444 principe
2426 2384 2648 2444 possent
2675 2372 3032 2443 dejectionem
3061 2373 3296 2444 Regino-

1715 2466 1798 2520 nis
1845 2473 1901 2520 et
1943 2465 2186 2535 eligendi
2227 2472 2568 2536 potestatem.
2617 2463 2713 2519 His
2757 2464 2902 2520 enim
2950 2464 3162 2518 artibus
3215 2465 3304 2517 uti.

1714 2555 1900 2610 solitos
1919 2567 2016 2625 per
2042 2554 2130 2618 illa
2157 2563 2398 2626 tempora
2429 2555 2740 2620 monachos,
2767 2563 3030 2616 uteorum
3057 2553 3298 2608 favorem

1713 2653 2085 2702 mercarentur
2126 2647 2218 2716 qui
2267 2647 2591 2716 praecipuum
2637 2645 2914 2717 dignitatis
2979 2653 3071 2700 aut
3109 2645 3302 2716 gratiae

1713 2737 1892 2792 locum
1915 2737 2232 2792 obtinebant
2261 2737 2398 2807 apud
2426 2737 2684 2807 prmsules
2710 2751 2892 2791 rerum
2918 2738 3302 2798 humanarum,

1713 2839 1943 2886 testatur
1973 2829 2264 2900 Batpertus
2309 2830 2363 2886 in
2411 2830 2592 2901 capite
2639 2830 2800 2885 tertio
2852 2829 2972 2884 libri
3023 2829 3184 2898 primi
3230 2831 3304 2883 de

1711 2923 1931 2993 Origine
1957 2930 2012 2978 et
2029 2923 2257 2978 Casibus
2283 2923 2594 2978 monasterii
2619 2921 2794 2978 sancti
2816 2921 2974 2978 Galli.
3005 2920 3140 2976 Tum
3169 2923 3308 2978 illud.

1711 3033 1925 3087 quoque
1969 3032 2034 3072 ex
2081 3016 2397 3086 Luitprandi
2451 3017 2544 3070 lib.
2577 3031 2652 3081 tv,
2692 3030 2810 3085 cap.
2857 3014 2955 3080 l5,
3005 3014 3319 3078 discimus,

1710 3108 2058 3170 consuevisse
2109 3115 2390 3177 tnaguates
2435 3106 2584 3162 abuti
2637 3115 2940 3175 temporum
3005 3104 3302 3176 perturba;

1713 3198 1881 3261 tione,
1910 3206 1974 3254 ut
1993 3198 2238 3254 abbatias
2265 3198 2378 3256 sibi.
2399 3198 2624 3260 concedi
2668 3197 3002 3267 postularent
3024 3212 3054 3252 a
3083 3197 3289 3265 princi—

1713 3291 1892 3360 pibus.
1915 3289 2098 3360 Neque
2123 3289 2340 3348 dubimu
2367 3299 2452 3344 est
2471 3289 2768 3346 Gerardum
2795 3299 2960 3361 atque
2983 3289 3294 3344 .‘llatl‘ridum

1713 3385 1882 3441 multa
1926 3400 2087 3440 ausos
2133 3399 2253 3440 esse
2295 3384 2348 3438 in
2401 3385 2632 3454 gratiam
2687 3381 2946 3438 Richarii.
2981 3379 3294 3450 Arnulphus

1713 3490 1862 3546 ergo,
1889 3475 2076 3530 videns
2103 3476 2202 3529 hos
2229 3475 2362 3529 duos
2387 3473 2792 3544 potentissimos
2816 3471 3064 3528 homines
3095 3487 3304 3540 urgere

1713 3565 1816 3632 huc
1866 3565 2176 3634 negotium,
2218 3576 2276 3618 ut
2320 3565 2489 3620 frater
2535 3580 2723 3620 eorum
2773 3563 3062 3618 Richarius
3109 3564 3306 3618 sedem.

1713 3655 2026 3728 Reginouis,
2055 3671 2176 3711 cum
2209 3672 2376 3712 vacua
2408 3657 2566 3722 foret,
2602 3671 2868 3726 occupare
2909 3663 3114 3726 posset,
3145 3654 3310 3714 dedit,

1711 3765 1927 3815 manus,
1969 3748 2112 3803 vinci
2137 3764 2198 3804 se
2239 3763 2430 3819 passus
2472 3760 2574 3814 est,
2619 3749 3001 3817 abbatiamque
3029 3745 3292 3816 Reginoni

1711 3845 1916 3900 ademit
1974 3851 2034 3899 ut
2079 3843 2320 3900 Gerardo
2369 3853 2530 3914 atque
2579 3843 2827 3898 Matl‘rido
2872 3841 3289 3914 gratificaretur.

1709 3950 1939 4005 quorum
1982 3950 2082 4006 ope
2118 3943 2172 3990 et
2212 3936 2410 3991 auxilio
2457 3921 2731 4007 indigebat
2774 3937 2824 3990 in
2857 3936 2956 3990 hac
2988 3935 3135 4005 regni
3173 3949 3298 4004 pcr-

1711 4027 2041 4088 turbatione.
2091 4026 2418 4096 Temporum
2456 4029 2598 4083 enim
2632 4027 2894 4082 rationem
2942 4035 3102 4096 atque
3129 4026 3285 4079 incli-

1709 4116 1981 4170 nationem
2011 4117 2292 4188 permagni
2321 4117 2578 4172 momenti
2609 4132 2728 4173 esse
2756 4118 2810 4170 in
2843 4117 3118 4186 republica
3146 4125 3294 4170 recte

1707 4209 2050 4263 observatum
2079 4217 2164 4263 est
2191 4209 2338 4264 olim.
2385 4208 2458 4263 Ita
2505 4207 2711 4279 Regino
2743 4207 2805 4262 fit
2847 4223 2914 4262 ex
2943 4207 3140 4262 abbate
3167 4207 3295 4261 sim-

1708 4297 1832 4368 plex
1877 4299 2211 4365 monachus;
2263 4309 2317 4354 et
2349 4299 2640 4364 Richarius
2683 4297 2972 4362 admodum
2995 4297 3210 4368 juvenis
3241 4300 3294 4352 in

1707 4387 1826 4444 loco
1851 4385 1970 4456 ejus
1993 4389 2216 4456 ponitur
2242 4403 2404 4454 anno,
2455 4391 2534 4444 uti
2563 4389 2816 4454 diximus,
2844 4389 3294 4460 octingentesimo

1709 4479 2056 4551 nonagesimo
2079 4493 2255 4545 nono;
2291 4478 2730 4548 cnjushorrenda
2759 4479 2996 4534 facinora
3025 4494 3089 4534 ac
3114 4495 3304 4534 mores.

1709 4573 1904 4629 abbate
1929 4588 2118 4643 parum
2143 4573 2334 4643 dignos
2363 4573 2710 4629 vehementer
2733 4575 2975 4645 exagitat
2997 4572 3295 4628 Fulcuinus

1711 4664 1763 4718 in
1795 4664 1970 4734 capite
2005 4663 2072 4718 l9
2100 4665 2166 4719 de
2191 4663 2374 4720 Gestis
2403 4664 2658 4720 abbatum
2689 4665 3058 4720 Lobiensium.
3087 4663 3296 4718 Privati

1708 4755 1901 4820 deinde
1929 4757 2165 4814 hominis
2209 4757 2378 4818 vitam
2407 4757 2518 4828 egit
2545 4755 2784 4828 Regina,
2836 4772 2956 4812 cum
2985 4753 3139 4811 libris
3185 4756 3298 4810 suis
3339 4793 3345 4806 ..

1708 4860 1766 4901 se
1813 4847 2120 4916 oblectans,
2180 4864 2396 4920 semper
2450 4848 2648 4917 aliquid
2673 4846 2832 4918 527
2864 4847 3124 4902 scribens.
3160 4845 3331 4908 Huic,

1707 4936 1848 4993 illius
1875 4941 1988 4996 otio
2022 4950 2078 4995 et
2111 4941 2277 5012 quieti
2321 4941 2578 4995 debemus
2611 4939 2928 5010 praiclarum
2975 4938 3118 4992 istud
3159 4950 3298 5004 opus

1706 5030 1772 5085 de
1798 5033 2184 5088 ecclesiasticis
2224 5031 2530 5102 Disciplinis
2557 5041 2606 5086 et
2643 5031 2920 5102 Religione
2962 5029 3319 5096 Christiana“

1708 5124 1850 5200 quod
1873 5125 2028 5194 jussu
2064 5122 2335 5194 Rgthhodi
2365 5122 2750 5192 archiepiscopi
2801 5119 3150 5176 Trevircnsis.
3189 5116 3332 5190 elue:

1706 5213 1956 5284 cubravit
2011 5213 2156 5284 circa
2187 5229 2389 5270 annum
2419 5215 2630 5278 Domini
2657 5214 3143 5284 ._nongentesimum
3171 5223 3330 5279 sex-TA
