3920 6420
487 360 603 426 ’4οἆ

1826 351 2173 419 STEPHANI
2206 352 2479 412 BALIJZII

3656 359 3775 415 ιω

429 510 441 528 .
490 489 619 547 vero
665 481 907 541 tempore
952 466 1280 541 queladhuc
1322 452 1530 537 Regino
1573 465 1743 523 abbas
1783 479 1900 531 erat
1935 467 2071 530 Pru—
2101 480 2144 540 Α
2173 480 2336 535 esset,
2370 470 2603 527 secunda
2640 472 2824 538 rubra,
2859 473 3013 533 tertia
3059 487 3269 529 rursum
3314 481 3452 539 atra,
3491 482 3547 529 ct
3579 473 3670 529 sic
3701 474 3776 529 de

492 562 749 629 miensis,
802 559 953 631 Ilugo
983 557 1227 613 Lotharii
1255 558 1396 629 regis
1427 557 1568 614 ﬁlius
1613 557 1736 614 dolo
1783 567 1975 629 captus
2002 559 2071 614 ab

488 653 788 725 Arnulpbo,
828 651 1062 721 primum
1091 649 1264 706 oculis
1287 650 1530 720 privatus
1550 656 1634 713 est
1661 665 1759 722 pro
1782 664 1932 706 more
1956 650 2072 705 illo-

490 762 611 805 rum
640 753 964 813 temporum,
995 740 1189 796 deinde
1234 742 1287 797 in
1320 740 1709 797 monasterium
1736 740 1909 796 sancti
1932 739 2070 796 Galli

487 842 780 914 proiectus,
830 846 1107 910 postremo
1158 837 1490 909 temporibus
1526 835 1880 892 Zwentiboldi
1926 835 2072 907 regis

486 934 661 990 factus
706 930 1003 988 monachus
1032 929 1169 1000 apud
1201 929 1497 983 Prumiam.
1548 927 1806 1006 Testatur
1851 926 1904 982 id
1956 927 2071 996 ipse

486 1022 694 1093 Regino
744 1020 829 1076 his
857 1018 1035 1074 verbis
1065 1036 1078 1072 :
1110 1036 1135 1077 ς
1160 1016 1463 1073 Novissime
1495 1015 1827 1087 temperibus
1871 1015 2072 1070 Zundi-

486 1113 661 1182 bolchi
699 1113 840 1181 regis
867 1128 920 1166 ιιι
955 1110 1173 1171 Prumia
1206 1109 1537 1172 monasterio
1561 1123 1725 1163 manu
1751 1122 1869 1163 mea
1895 1114 2072 1169 atten-

484 1194 581 1258 Sus
609 1209 711 1257 est.
755 1200 916 1259 Eram
964 1200 1109 1255 enim
1156 1209 1285 1255 tunc
1329 1198 1688 1269 temporis'in
1735 1197 1922 1253 eodem
1953 1197 2070 1253 loco

486 1279 749 1350 Deininici
799 1294 992 1358 ovilis,
1067 1293 1317 1364 quamvis
1375 1308 1482 1348 non
1552 1292 1814 1356 idoneus,
1887 1301 2069 1347 tamen

486 1395 687 1442 custos.
717 1405 736 1437 ι
762 1385 937 1455 Atque
957 1385 1075 1440 haec
1097 1385 1163 1439 de
1186 1385 1303 1438 vita
1331 1384 1568 1439 hominis
1590 1384 1795 1438 dixisse
1820 1380 2066 1438 sulﬁciat.

773 1520 981 1579 ΝΟΤίΕ
1019 1520 1113 1575 AD
1154 1518 1464 1576 TITULUM
1501 1517 1787 1574 LIBELLI.

562 1632 750 1703 Incipit
771 1632 995 1688 libellus.
1019 1631 1119 1688 llic
1142 1640 1228 1689 est
1249 1646 1410 1689 verus
1432 1631 1619 1689 titulus
1646 1633 1873 1687 istorum
1905 1631 2069 1689 libro.-

487 1742 626 1783 rum.
665 1723 755 1780 Sic
803 1724 950 1779 enim
1000 1723 1222 1790 omnino
1259 1723 1422 1780 habet
1448 1723 1617 1779 codex
1648 1721 1971 1779 Viennensis
2000 1721 2069 1776 ab

483 1812 850 1881 Hildebrando
877 1810 1146 1879 laudatus,
1185 1820 1300 1867 tum
1352 1812 1516 1867 etiam
1563 1810 1734 1867 codex
1784 1825 1885 1866 ms.
1917 1809 2071 1865 Pari-
2103 1845 2149 1907 Β

483 1902 682 1959 siensis
707 1918 816 1973 quo
843 1917 945 1959 nos
975 1902 1058 1959 usi
1087 1918 1296 1959 sumus.
1326 1902 1465 1971 Quin
1487 1910 1543 1958 et
1571 1901 1856 1958 Trithemii
1883 1911 2069 1957 aucto-

480 1991 615 2049 ritas
649 1992 723 2046 ita
746 1990 1059 2064 conﬁrmat,
1082 1992 1224 2064 apud
1247 2007 1408 2065 quem
1432 1994 1505 2049 ita
1537 1991 1735 2064 legitur
1760 1992 1813 2047 in
1841 1991 1978 2048 libro
2003 1993 2074 2048 de

483 2083 853 2154 Scripteribus
900 2082 1309 2151 ecclesiasticis,
1356 2100 1482 2142 cum
1539 2086 1605 2141 de
1646 2085 1731 2141 bis
1774 2083 2073 2155 Regiuonis

481 2174 635 2229 libris
675 2174 826 2245 agit:
865 2191 889 2231 ι
916 2173 1145 2245 Scripsit
1186 2183 1366 2232 autem
1411 2174 1694 2245 praelatum
1733 2190 1890 2246 opus,
1923 2175 2068 2246 quod

478 2275 812 2346 prtenotatur
852 2267 920 2324 de
966 2266 1334 2339 ecclesiastica
1382 2268 1672 2339 Disciplina
1699 2278 1754 2326 et
1791 2269 2075 2340 Religione

481 2361 810 2428 Christiana,
855 2360 1086 2432 iubente
1131 2362 1420 2420 Rathbedo
1479 2364 1889 2435 archiepiscopo
1935 2363 2068 2418 TI‘B‘.

477 2454 713 2509 verensi.
755 2474 774 2507 ι
815 2454 1377 2521 Hildebrandus,cum
1423 2455 1611 2512 titulus
1656 2456 1869 2511 deesset
1899 2455 2068 2513 ineo:

426 2572 441 2585 -
480 2544 601 2600 dice
624 2544 916 2600 academizc
937 2543 1112 2612 .lulite,
1139 2555 1191 2601 et
1215 2546 1351 2604 nihil
1372 2546 1547 2601 adhuc
1571 2545 1705 2601 certi
1734 2553 2070 2615 compertum

480 2636 708 2695 haberet
745 2635 812 2691 de
842 2635 978 2689 libro
1006 2635 1319 2701 Viennensi,
1344 2636 1488 2692 hun‘c
1510 2635 1722 2690 titulum
1754 2633 1958 2691 fecerat
1983 2634 2068 2689 his

477 2728 635 2790 libris
673 2746 687 2783 :
722 2728 802 2782 De
822 2728 1007 2783 veteris
1034 2727 1335 2787 Germanici
1358 2727 1639 2797 disciplina
1689 2726 2065 2784 ecclesiastica.

478 2818 696 2888 Postea,
731 2834 853 2874 cum
894 2819 1092 2874 missus
1143 2819 1210 2873 ad
1252 2818 1403 2873 illum
1432 2819 1622 2874 fuisset
1664 2818 1849 2873 titulus
1880 2832 1943 2872 ex
1971 2832 2066 2872 co-

480 2912 601 2967 dice
639 2911 959 2975 Vicnnensi,
1010 2911 1114 2976 ista
1156 2910 1336 2982 posuit
1382 2911 1436 2965 in
1490 2909 1669 2965 fronte
1716 2909 1835 2965 libri
1869 2928 1883 2963 :
1915 2908 2069 2979 Regi-

480 3005 632 3070 nonis
665 3002 992 3061 Prumiensis
1033 3003 1097 3058 de
1127 3002 1405 3073 disciplina
1452 3002 1803 3058 ecclesiastica
1843 3011 2067 3057 ueterum

472 3097 768 3185 prmserlim
798 3092 1178 3150 Germanorum
1227 3095 1349 3149 libri
1389 3095 1517 3149 duo.
1544 3093 1709 3149 Nobis
1739 3094 1926 3165 religio
1967 3094 2068 3149 fuit

480 3188 760 3244 discedere
801 3203 829 3242 a
874 3187 1141 3256 scriptura
1186 3195 1430 3243 veterum
1482 3187 1751 3243 codicum.
1776 3185 1890 3275 Sed
1940 3195 2069 3241 ante
2097 3204 2143 3266 ρ
2176 3222 2214 3275 Α

482 3296 645 3351 quam
689 3280 829 3335 ultra
892 3279 1335 3350 progrediamur,
1380 3286 1512 3349 puto
1560 3294 1665 3333 non
1716 3274 2066 3346 iniucundum

483 3372 649 3451 528
669 3371 785 3428 fore
810 3371 1102 3427 lectoribus
1127 3371 1353 3427 eruditis
1380 3371 1424 3427 si
1447 3371 1537 3426 hic
1575 3384 1906 3441 proposuero
1937 3370 2065 3425 titus

481 3462 591 3528 him
628 3463 818 3518 horum
865 3462 1146 3526 librorum,
1174 3461 1349 3531 qualis
1391 3460 1645 3516 nimirum
1683 3460 1846 3516 hodie
1889 3467 1974 3516 est
2011 3459 2065 3514 in

482 3555 850 3612 vetustissimo
893 3554 1078 3610 codice
1124 3552 1446 3619 Parisiensi,
1486 3552 1679 3617 deinde
1726 3551 1902 3621 qualis
1944 3564 2066 3606 esse

482 3644 685 3714 debuit.
717 3645 809 3701 Sic
838 3645 1000 3729 igitur
1020 3644 1131 3699 illic
1159 3643 1390 3713 legitur:

901 3769 1102 3809 INCIPIT
1141 3768 1396 3809 LIBELLUS

912 3882 1227 3931 DISCII’LINIS
1257 3884 1327 3923 ΕΤ
1368 3884 1434 3922 IIE

909 3995 1216 4039 consecras
1252 3994 1324 4047 sx
1356 3997 1508 4038 JUSSU

910 4109 1180 4153 RATIIBODI
1219 4108 1535 4160 tantum;

907 4225 938 4263 Α
975 4221 1237 4264 REGINONE
1274 4222 1480 4271 ABBATE

900 4332 1226 4373 NONASTEIIII
1262 4334 1330 4373 EX
1368 4333 1420 4373 ιιι

912 4440 1174 4482 CONCILIIS
1212 4442 1282 4481 ET
1321 4440 1585 4484 DECRETIS

912 4549 1198 4601 FELICITER
1234 4550 1285 4589 IN
1321 4550 1407 4590 DEI
1447 4549 1667 4591 NOUI”.

969 4644 1183 4701 ΛΜΕΝ,

558 4758 944 4816 Ηυιιοιιιιιιιιηι
982 4758 1067 4814 vir
1102 4758 1502 4815 eruditissimus
1548 4759 1784 4815 Joannes
1826 4758 2073 4819 Morinos,

484 4869 566 4910 sic
592 4851 760 4908 edidit
789 4852 839 4906 in
871 4850 1170 4923 appendice
1200 4849 1327 4906 libri
1356 4853 1422 4908 de
1448 4851 1773 4909 Ptenitentia
1802 4867 1925 4924 pag.
1954 4851 2061 4907 39:

480 4943 674 5013 Incipit
725 4938 928 4996 libellus
981 4939 1046 4994 de
1098 4939 1389 5011 disciplinis
1438 4940 1741 4996 recollectns
1796 4957 1862 4995 ex
1907 4941 2068 5012 jussu
2114 4990 2127 4997 -

480 5033 746 5089 Ratltbodi
788 5030 1073 5087 Treverica:
1099 5048 1129 5085 a
1168 5029 1429 5102 Reginone
1452 5031 1637 5087 abbate
1662 5033 1965 5089 monasterii
2004 5049 2069 5087 ea:

478 5129 671 5189 diuinis.
706 5127 943 5185 conciliis
986 5136 1034 5182 et
1082 5126 1326 5192 decretis.
1374 5124 1594 5181 Scilicet
1637 5126 1925 5181 destitutus
1968 5122 2068 5179 fuit

479 5222 664 5278 codice
692 5222 747 5277 in
777 5236 882 5291 quo
922 5228 1166 5276 exstaret
1210 5220 1418 5290 integer
1448 5218 1650 5274 titulus.
1683 5217 1817 5273 Nam
1867 5219 1920 5273 in
1964 5218 2065 5272 isto

480 5314 710 5372 habetur
737 5324 947 5371 tantum
987 5316 1162 5371 media
1192 5332 1320 5386 pars
1366 5314 1535 5383 tituli,
1565 5330 1628 5368 ea
1662 5314 1919 5368 nimirum
1948 5327 2065 5384 qua:

478 5402 793 5465 charactere
819 5414 944 5463 atro.
968 5404 1133 5462 scribi
1156 5405 1359 5467 debuit.
1386 5402 1643 5459 Solebant
1664 5402 1869 5473 antiqui
1897 5402 2065 5456 libra-

480 5495 569 5561 rii,
600 5497 900 5554 venustatis
949 5512 1129 5561 causa,
1181 5495 1365 5552 titulos
1419 5494 1680 5551 librorum
1710 5477 1953 5550 scribere
1984 5493 2066 5548 in-

390 5634 395 5641 .
482 5584 694 5651 terdum
746 5599 871 5642 cum
921 5594 1245 5655 atramento,
1307 5583 1579 5642 interdum
1620 5599 1743 5640 cum
1791 5583 1977 5651 minio,
2009 5584 2064 5640 id

481 5684 583 5739 est,
618 5676 783 5731 rubro
813 5676 992 5734 colore
1018 5696 1031 5733 :
1061 5679 1203 5735 unde
1228 5678 1443 5735 rubrica
1467 5692 1566 5748 pro
1591 5675 1765 5732 titulo.
1790 5674 2064 5732 Interdum

486 5782 612 5837 vero
648 5777 875 5852 utroque
906 5769 1213 5837 utebantur,
1245 5769 1452 5827 scilicet
1491 5776 1549 5825 ut
1577 5766 1751 5853 prima
1782 5766 1921 5824 linea
1949 5775 2066 5822 atra

2175 561 2403 626 caeteris,
2426 560 2510 617 vel
2538 576 2570 616 e
2594 576 2872 618 converse.
2915 564 3179 619 Fortassis
3203 571 3381 619 autem
3423 564 3514 633 qui
3555 563 3773 619 librum

2174 653 2465 720 scribebat,
2492 668 2596 708 non
2637 653 2779 710 idem
2825 654 3090 710 miniabat
3124 656 3390 711 secundas
3427 655 3635 720 lineas,
3671 655 3776 710 sed

2170 740 2292 814 illas
2316 742 2408 798 alii
2434 744 2667 814 cuipiam
2702 743 2897 802 artiﬁci
2944 745 3247 801 miniandas
3288 745 3562 811 tradebat;
3617 745 3777 799 unde

2172 832 2484 906 contingere
2512 836 2834 904 quandoque
2863 845 3079 909 poterat
3108 843 3165 892 ut
3189 836 3436 895 secundae
3466 835 3637 889 linea:
3658 850 3775 887 non

2171 924 2608 982 describerentur
2635 942 2732 999 per
2760 928 3022 984 incuriam
3067 928 3408 984 librariorum
3436 920 3549 984 aut
3593 929 3773 983 aliam

2171 1015 2241 1071 ob
2270 1031 2509 1084 causam,
2538 1025 2599 1072 ut
2626 1018 2824 1074 accidit
2849 1019 2975 1075 huic
3004 1019 3142 1077 libro
3168 1020 3480 1091 llcginouis.
3516 1020 3696 1088 Quod
3716 1029 3777 1079 ut

2172 1107 2411 1178 apertius
2432 1110 2647 1177 evadat,
2668 1109 2757 1166 hic
2777 1111 2949 1166 visum
2973 1110 3139 1183 529,
3155 1120 3235 1167 est
3259 1112 3515 1167 exhibere
3536 1109 3776 1165 titulum

2171 1194 2396 1254 istorum
2441 1198 2737 1267 librorum,
2785 1201 2963 1271 qualis
3013 1201 3269 1256 nimirum
3311 1216 3428 1256 esse
3464 1199 3670 1255 debuit
3720 1199 3776 1253 in

2170 1290 2358 1346 codice
2385 1290 2698 1355 Parisiensi.
2729 1293 2927 1349 additis
2946 1309 3013 1348 ex
3043 1291 3335 1359 Viennensi
3364 1292 3523 1349 lineis
3548 1306 3695 1360 qua:
3720 1290 3781 1356 in

2169 1391 2356 1440 nostro
2385 1383 2578 1450 desunt

2524 1512 2723 1553 INCIPIT
2762 1513 3017 1554 LIBELLIJS

2522 1583 2588 1622 DE
2626 1582 3048 1623 ECCLESIASTICIS

2524 1653 2835 1693 DISCIPLINIS
2872 1655 2941 1694 Εἰ·
2977 1654 3043 1692 BE

2529 1723 2738 1771 LIGIONE
2777 1723 3100 1764 (ιιιιιιετιιιιιει

2525 1793 2832 1839 οοιιεετυε
2869 1794 2938 1833 EX
2976 1794 3129 1835 JUSSU

2528 1864 2715 1923 90mm
2755 1862 3193 1911 uernoreurant

2528 1934 2793 1975 RATIIBODI
2837 1934 3152 1975 τιιενειιιωε

2532 2006 2685 2047 ωιιιιε
2724 2005 2959 2046 ιιιιιεοορι

2527 2077 2560 2116 Δ
2599 2076 2860 2117 REGINONE
2900 2074 3113 2123 ABBA'I‘E

2523 2147 2773 2196 QUOSDAH
2813 2145 3126 2186 Ριιωιιειιδιε

2521 2218 2764 2258 IIONAS'I‘E
2774 2219 2847 2256 RII
2887 2218 2955 2256 EX
2994 2216 3047 2254 Dl

2524 2289 2708 2328 VEBSIS
2746 2287 3057 2327 SANCTOIIUII
3101 2283 3323 2326 PATBU‘

2522 2358 2784 2403 CONCILIIS
2822 2359 2891 2397 ET
2922 2354 3184 2396 DECRETIS

2523 2428 2846 2473 ROHANORUI
2888 2424 3212 2468 PONTIFICUII

2523 2499 2801 2547 FELICITER
2841 2500 2893 2547 IN
2934 2498 3020 2537 DEI
3061 2495 3277 2537 NOIINE.

2594 2545 2861 2622 AMEN.'

2242 2672 2373 2727 Illud
2397 2673 2560 2728 etiam
2594 2671 2987 2734 admonendum
3032 2669 3269 2732 videtur,
3309 2675 3514 2721 veteres
3539 2666 3684 2721 illos
3708 2664 3777 2719 lie

2173 2766 2387 2823 brarios
2410 2766 2589 2822 colore
2617 2781 2831 2836 quoque
2871 2763 3140 2829 interdum
3184 2761 3411 2816 cmrulco
3452 2769 3548 2814 aut
3605 2761 3779 2814 viridi

2173 2872 2299 2912 usos
2321 2872 2440 2911 esse
2465 2871 2562 2927 pro
2593 2856 2793 2921 minio,
2825 2865 2881 2910 ut
2919 2854 3103 2911 videre
3142 2862 3225 2909 est
3267 2852 3319 2907 in
3372 2852 3783 2911 vetustissimis

2172 2947 2447 3005 codicibus
2481 2948 2880 3018 manuscriptis.

2241 3037 2372 3101 luto.
2404 3069 2475 3079 ——
2501 3037 2793 3099 Rathbedo.
2823 3037 2949 3093 Fuit
2997 3037 3043 3091 is
3085 3035 3522 3105 archiepiscopus
3562 3033 3775 3089 Trevi-

2177 3131 2373 3196 rensis,
2403 3139 2461 3184 ut
2492 3128 2597 3185 l'ert
2636 3129 2840 3193 titulus,
2867 3128 3147 3189 ordinatus
3176 3140 3318 3180 anno
3343 3123 3470 3190 885,
3520 3139 3610 3178 vn
3646 3123 3777 3178 Idus

2224 3222 2396 3292 prilis,
2425 3230 2482 3275 ut
2521 3221 2728 3292 Regina
2767 3220 2931 3275 tradit
2977 3219 3031 3273 in
3060 3219 3196 3299 libro
3247 3216 3486 3272 secundo
3525 3231 3775 3272 suomm

2170 3311 2584 3370 Chronic-orum.
2639 3310 2774 3368 lluie
2820 3309 2963 3365 enim
3013 3305 3340 3364 credendum
3392 3314 3522 3375 puto
3580 3314 3774 3375 potius

2169 3419 2331 3475 quam
2356 3402 2675 3467 Trithemio,
2694 3402 2782 3472 qui
2805 3399 2994 3458 scribit
3015 3399 3066 3453 in
3095 3398 3364 3454 Chronico
3383 3395 3778 3467 llirsaugiensi

2169 3495 2474 3551 ordinatum
2505 3493 2651 3549 illum
2684 3492 2848 3549 fuisse
2897 3507 3041 3547 anno
3070 3489 3525 3561 octingentesimo
3571 3498 3771 3543 actua-

2168 3584 2374 3658 gesimo
2403 3593 2578 3639 sexto.
2601 3583 2728 3639 Erat
2752 3591 2931 3646 autem
2958 3582 3127 3637 abbas
3147 3579 3582 3637 Illedielacensis.
3605 3579 3775 3633 Auno

2168 3672 2367 3733 deinde
2423 3674 2527 3732 889
2592 3673 2808 3729 abbatia
2874 3673 3046 3728 sancti
3110 3670 3339 3726 Servatii
3392 3667 3770 3736 Trajectensis

2168 3766 2317 3821 unita
2342 3773 2425 3821 est
2453 3765 2694 3821 ecclesiae
2716 3764 3025 3820 Trevirensi
3061 3761 3322 3821 benelicie
3353 3772 3406 3815 et
3432 3761 3775 3815 auctoritate

2167 3858 2431 3929 Arnulphi
2463 3857 2769 3913 Germania:
2790 3857 2954 3927 regis,
2973 3865 3030 3909 ut
3059 3864 3207 3924 patet
3234 3869 3301 3908 ex
3322 3851 3439 3921 ejus
3463 3863 3767 3929 praecepto,

2168 3957 2310 4021 quod
2338 3950 2541 4005 editum
2570 3957 2655 4003 est
2695 3964 2726 4004 a
2773 3947 3067 4003 Willielmo
3113 3945 3417 4018 Kyriandro
3458 3959 3528 3999 ex
3578 3943 3776 4007 Gestls.

2172 4039 2557 4105 Treverorum,
2584 4038 2778 4095 deinde
2802 4053 2931 4094 vero
2954 4038 3021 4093 ab
3063 4037 3303 4092 Auberto
3330 4035 3551 4107 Myrm.
3582 4036 3765 4103 Quam

2168 4131 2514 4189 donationem
2568 4130 3030 4186 conﬁrmaverunt
3098 4136 3387 4200 sequentes
3450 4141 3636 4198 reges.
3689 4127 3767 4181 De

2169 4221 2455 4277 Rathbedo
2478 4234 2645 4291 porro
2674 4221 2794 4275 vide
2839 4235 2960 4292 qua:
3006 4219 3317 4276 scribuntur
3357 4217 3410 4280 in
3456 4217 3771 4285 Annalibus

2168 4310 2526 4368 Fuldcusibus
2555 4312 2621 4366 ad
2647 4326 2847 4367 annum
2879 4309 3369 4383 nongentesimum.

2239 4403 2370 4458 Iam.
2392 4433 2464 4443 -—
2491 4400 2775 4467 Quondam
2800 4400 3004 4456 abbate.
3036 4399 3346 4473 Legendum
3377 4398 3571 4453 abbate

2170 4494 2454 4569 quondam.
2491 4494 2656 4561 Error
2697 4492 2921 4564 contigit
2963 4507 3031 4550 ex
3078 4489 3499 4561 transpositiene
3521 4487 3762 4544 voeabu-

2094 4556 2147 4626 Β
2174 4556 2369 4643 lorum.

2329 4693 2540 4761 nom;
2573 4693 2665 4749 AD
2700 4690 3045 4763 camena
3083 4676 3573 4758 INQulsrrtoxts

2240 4806 2433 4878 Incipit
2463 4807 2754 4879 inquisitio.
2787 4806 2847 4861 In
2877 4805 3046 4863 veteri
3083 4804 3273 4860 codice
3305 4818 3409 4858 ms.
3456 4802 3763 4865 Parisicnsi

2171 4900 2286 4956 haec
2336 4908 2543 4955 tantum
2590 4898 2878 4962 habentur,
2923 4894 3141 4953 omissis
3167 4894 3418 4951 videlicet
3450 4894 3617 4949 lineis
3641 4909 3763 4962 qua:

2172 4991 2341 5057 minio
2369 4990 2703 5053 rubricandze
2736 4999 2911 5045 erant.

2524 5122 2626 5161 νει.
2663 5121 2786 5161 Εωε
2819 5120 3058 5161 ιιιΝιετιιι
3099 5119 3154 5159 IN
3190 5119 3289 5160 SUO

2520 5209 2803 5259 INQUIRERE
2840 5211 3083 5250 DEBEAN'I'
3125 5209 3226 5248 PER

2524 5302 2700 5351 unus;
2739 5300 3109 5342 ριιιιιιαεοιιιλς.

2171 5401 2279 5457 Nos
2318 5399 2526 5469 reliqua
2556 5397 2946 5470 supplevimus,
2972 5394 3174 5468 partim
3218 5409 3320 5467 ope
3372 5396 3573 5451 horum
3621 5394 3744 5450 duo-

2176 5506 2294 5546 rum
2324 5488 2611 5545 vcrborum
2667 5484 2815 5540 Finit
2863 5486 3157 5558 inquisitio,
3205 5498 3323 5556 quae
3370 5491 3596 5539 exstant
3638 5490 3740 5553 post

2173 5582 2582 5652 lnquisitienem
2632 5581 2686 5636 in
2721 5581 2907 5637 codice
2947 5579 3263 5645 Parisiensi,
3318 5588 3429 5634 tum
3476 5577 3643 5634 etiam
3684 5590 3739 5629 ex

2175 5676 2408 5732 editione
2436 5671 2917 5737 llelmarstadicnsi,
2945 5687 3064 5741 qua:
3086 5670 3165 5728 sic
3190 5671 3349 5725 habet
3377 5672 3428 5726 in
3457 5670 3564 5730 hoc
3588 5678 3728 5731 Ioui;
3778 5738 3783 5743 δ

2179 5765 2461 5821 lnstructio
2484 5765 2545 5819 tle
2573 5766 2652 5820 his
2710 5780 2826 5848 qum
2854 5763 2907 5816 in
2950 5760 3327 5817 risitationibus
3355 5760 3647 5833 cpiuepnm
3680 5764 3749 5827 ι-ιι,
