3920 6432
135 411 250 470 403

1076 413 1281 470 NOTAE
1315 413 1406 469 AD
1443 413 1688 470 LIBROS
1725 414 1813 470 DE
1850 415 2128 472 ECCLES.
2175 418 2450 474 DlSClPL.

3291 429 3396 486 406

137 531 260 599 ejus
313 530 576 583 ministros
615 546 708 598 per
743 530 899 594 vicos,
949 547 1131 600 pagos,
1184 540 1230 584 et
1275 529 1562 599 pat'mcltias
1609 544 1720 582 sua:
1749 535 1798 590 Λ
1823 527 1989 583 vitam
2031 529 2364 600 inquirerent
2391 575 2403 596 ,
2449 535 2522 588 uti
2564 536 2822 606 scriptum
2851 547 2934 593 cst
2984 541 3124 609 apud
3167 541 3395 612 Regino—

139 623 422 672 diaeceseos
453 620 712 688 inquirere
735 619 858 674 olim
887 621 1137 690 oportuit.

219 708 356 778 Ejus
402 708 645 761 ministri.
697 709 752 762 ld
800 717 922 775 est,
975 709 1362 774 archidiaconi,
1419 708 1722 778 archipres-

137 797 359 868 byteri,
417 798 612 866 quibus
667 798 766 854 sub
809 799 1059 870 episcopo
1117 800 1374 854 incumbit
1419 799 1724 855 sollicitudo

137 888 522 952 ecclesiarum,
569 889 966 946 Chartularium
1000 891 1058 946 S.
1110 893 1348 963 Dionysii
1390 893 1458 946 de
1509 893 1722 961 Capella

136 977 192 1030 in
227 977 451 1034 ὀίωοεεί
493 977 839 1044 Bituricensi,
885 995 1002 1050 cap.
1050 979 1162 1034 26:
1200 1000 1216 1031 ι
1253 980 1498 1035 Monachi
1543 979 1727 1048 saepis-

135 1067 278 1121 sime
307 1067 718 1133 calumniantes,
744 1071 1020 1125 venientes
1061 1070 1112 1126 in
1159 1071 1498 1140 praesentiam
1541 1071 1722 1126 domui

139 1158 445 1226 Richardi,
497 1159 740 1218 fecerunt
785 1163 1074 1218 clamorem
1125 1164 1192 1219 de
1249 1164 1722 1236 archipresbytero

136 1250 397 1305 ministro
454 1267 574 1305 suo.
610 1273 628 1304 ι
677 1254 806 1310 Vide
861 1254 1188 1326 Reginonem
1250 1255 1344 1310 lib.
1392 1271 1450 1319 ιι,
1505 1271 1624 1324 cap.
1669 1257 1720 1310 l.

131 1341 367 1394 Certum
398 1353 482 1396 est
512 1343 882 1399 ministrorum
918 1347 1154 1416 episc0pi
1204 1346 1463 1402 vocabulo
1493 1347 1723 1417 intelligi

133 1429 554 1486 archidiacouos
582 1441 638 1488 et
673 1435 1194 1508 archipresbyteros,
1241 1447 1300 1492 ut
1329 1437 1584 1496 diximus.
1616 1437 1720 1494 Sed

137 1527 326 1574 tamen
355 1521 442 1574 hic
471 1521 618 1577 lubet
661 1525 860 1581 addere
906 1528 1272 1582 testimonium
1315 1527 1602 1584 Lanfranci
1627 1545 1718 1584 ar-

132 1607 475 1680 chiepiscopi
511 1609 926 1686 Cantuariensis,
949 1616 1004 1670 in
1027 1617 1254 1686 epistola
1283 1617 1352 1672 ‘27
1391 1619 1458 1674 ad
1501 1617 1724 1690 Stigan-

131 1703 262 1756 dum
320 1705 630 1776 episcOpum
678 1706 1006 1764 Cistreusem
1070 1725 1084 1762 :
1148 1727 1168 1760 ι
1228 1708 1422 1764 Clerici
1471 1710 1720 1766 villarum

133 1803 475 1860 nostrarum,
501 1796 694 1867 inquit.
745 1799 836 1868 qui
883 1799 934 1853 in
959 1807 1138 1856 vestra
1187 1800 1410 1858 ὀίωοθεὶ
1455 1801 1716 1868 existunt,

1823 633 1947 672 nem
1975 617 2030 672 in
2053 620 2226 689 capite
2255 637 2395 676 nono
2417 623 2540 678 libri
2565 627 2754 694 primi;
2799 643 2906 697 qua
2933 630 3000 683 de
3049 645 3106 684 re
3153 631 3394 702 pluribus

1823 721 1995 776 nuper
2017 723 2046 762 a
2081 710 2237 765 nobis
2266 712 2466 766 dictum
2497 721 2580 768 est
2599 716 2664 769 ad
2691 715 3053 786 Agobardum.
3085 719 3404 794 Presbyteri

1825 799 1988 870 igitur
2007 801 2096 870 qui
2124 801 2308 870 plebes
2333 805 2626 874 regebant,
2673 808 2926 878 episcopo
2977 819 3070 864 aut
3125 811 3398 866 ministris

1823 890 1940 959 ejus
1965 893 2230 948 rationem
2247 896 2418 952 semel
2444 897 2504 949 iu.
2520 913 2662 952 anno
2689 900 2911 956 re.ldcre
2936 904 3257 958 tenebantur
3280 919 3390 958 sua:

1824 979 2196 1047 villicationis,
2244 990 2352 1038 tam
2401 984 2464 1039 de
2491 985 2596 1040 {ide
2635 988 2900 1044 catholica
2939 999 2994 1044 et
3045 992 3392 1044 administra-

1825 1071 1968 1126 tione
2019 1075 2502 1130 sacramentorum1
2527 1092 2686 1146 quam
2739 1081 2816 1131 de.
2852 1080 2992 1134 bono
3045 1081 3390 1136 basilicarum

1823 1167 1986 1216 statu.
2021 1161 2160 1216 Nulli
2189 1179 2332 1220 enim
2355 1165 2691 1222 sacerdotum
2733 1169 2927 1224 licebat
2953 1171 3198 1240 ignorare
3223 1187 3388 1226 cano-

1823 1265 1939 1306 nes.
1995 1249 2134 1306 Rudi
2166 1253 2357 1308 deinde
2383 1257 2610 1320 saeculo,
2641 1273 2762 1312 cum
2801 1262 3096 1331 presbyteri
3139 1272 3196 1315 ut
3228 1263 3392 1332 pluri—

1823 1355 1970 1395 mum
1995 1351 2246 1410 expertes
2275 1352 2430 1398 erant
2452 1346 2836 1402 ecclesiastica:
2891 1349 3186 1418 disciplina:
3211 1391 3224 1414 ,
3253 1365 3388 1404 exu-

1823 1440 1984 1502 taque
2005 1443 2146 1488 esset
2167 1437 2344 1490 onmis
2365 1437 2664 1508 priscorum
2699 1455 2998 1504 canonum,
3032 1450 3089 1496 ut
3117 1450 3385 1496 vetustate

1821 1522 2150 1576 exoletorum
2177 1563 2192 1588 ,
2227 1527 2526 1581 reverentia
2545 1568 2558 1592 ,
2603 1531 2968 1584 necessarium
2993 1531 3095 1584 fuit
3119 1530 3222 1584 illis
3244 1545 3392 1584 com-

1823 1613 1946 1680 poni
1973 1613 2352 1668 brevissimum
2409 1618 2714 1688 regularum
2768 1634 2986 1673 suarum
3032 1620 3388 1682 breviarium,

1822 1707 2036 1776 nequis
2063 1706 2373 1776 ignorantia:
2421 1719 2680 1778 praetextu
2708 1711 2926 1765 sctueri
2970 1719 3170 1781 posset.
3219 1711 3392 1778 Quam

1821 1795 1890 1850 ob
1917 1811 2029 1849 rem
2053 1796 2194 1850 edita
2233 1807 2316 1850 est
2347 1797 2653 1853 Admonitio
2683 1799 2770 1854 illa
2803 1816 2922 1869 qua:
2965 1815 3104 1854 mine
3156 1799 3390 1856 circnma

131 1887 314 1954 quesu
347 1887 502 1942 nobis
526 1897 652 1944 sum
688 1890 828 1959 quod
871 1892 1034 1946 veSu-i
1069 1892 1456 1960 archidiaconi,
1487 1894 1718 1965 repel-lis
1751 1870 1794 1928 Β
1822 1883 1995 1939 fertur
2013 1885 2112 1940 sub
2147 1887 2360 1940 nomine
2413 1887 2616 1943 Leonis
2641 1888 2704 1942 ιν
2729 1927 2744 1954 ,
2775 1889 2827 1942 in
2879 1903 2985 1958 qua
3037 1888 3390 1944 continentur

129 1975 534 2043 occasionibus,
559 1979 814 2048 pecunias
841 1981 909 2038 ab
949 1981 1028 2037 eis
1049 1983 1340 2052 exquirunt
1365 1993 1420 2041 et
1439 2001 1470 2040 a
1491 1987 1714 2056 quibus-

129 2065 256 2119 dam
278 2066 392 2136 jam
415 2077 757 2136 acceperunt.
793 2087 814 2122 ι
845 2071 912 2126 Ει
933 2071 1110 2126 infra:
1144 2091 1163 2126 ι
1193 2070 1508 2130 Mandamus
1533 2075 1716 2145 itaque

129 2163 192 2208 ut
223 2156 364 2212 male
396 2167 618 2230 accepta
643 2161 764 2216 sine
796 2162 1050 2218 dilatione
1073 2165 1222 2221 reddi
1238 2164 1498 2234 iubeatis,
1529 2177 1582 2224 et
1607 2169 1711 2224 mi-

131 2249 326 2302 uistris
359 2251 574 2316 vestris,
601 2267 670 2309 ne
697 2253 920 2312 ulterius
967 2257 1020 2312 id
1055 2269 1406 2328 praesumant,
1437 2264 1716 2320 servanda:

129 2338 418 2395 cbaritatis
449 2341 625 2398 studio
647 2344 998 2413 prohibeatis.
1037 2368 1056 2401 ι

207 2429 284 2484 Ex
308 2429 530 2500 epistola
557 2433 628 2487 52
655 2435 894 2506 ejusdem
916 2436 1204 2496 Lanfranci
1227 2441 1529 2514 colligimus
1549 2447 1713 2504 etiam

129 2519 280 2576 illius
309 2535 426 2602 ξιξνο
450 2527 880 2582 communionem
923 2531 1166 2599 corporis
1193 2541 1248 2587 et
1285 2537 1565 2606 sanguinis
1609 2535 1716 2596 Do-

128 2609 267 2664 mini
297 2599 461 2666 tribui
485 2614 696 2670 solitam
731 2618 932 2686 pueris.
971 2619 1260 2678 Consultus
1290 2599 1432 2680 enim
1461 2643 1624 2698 super
1649 2646 1710 2686 ea

127 2717 190 2756 re
219 2718 250 2756 a
288 2703 582 2762 Domnaldo
625 2708 898 2766 Hiberniae
947 2714 1242 2784 episcopo,
1302 2718 1368 2772 ad
1427 2734 1548 2774 eum
1611 2721 1712 2776 ista

127 2797 412 2867 rescripsit
437 2813 452 2852 :
511 2819 529 2852 ι
569 2801 774 2857 Revera
803 2813 858 2858 et
881 2807 1068 2874 procul
1097 2807 1248 2878 pulsa
1275 2811 1422 2866 omni
1447 2811 1712 2884 ambigui-

131 2895 242 2941 tate
278 2889 465 2945 sciatis
517 2907 688 2961 neque
743 2896 1134 2952 transmarinas
1195 2898 1484 2966 Ecclesias,
1539 2919 1714 2974 neque

128 2995 230 3034 nos
275 2981 478 3051 Anglos
515 2983 652 3038 hanc
703 2985 770 3040 de
815 2986 1110 3043 infantibus
1163 2999 1345 3046 tenere
1383 2997 1708 3050 sententiam

125 3085 290 3139 quam
339 3075 562 3142 putatis.
611 3075 894 3134 Credimus
947 3081 1088 3136 enim
1138 3085 1462 3154 generaliter
1518 3103 1711 3144 omnes

124 3162 382 3217 omnibus
419 3165 666 3221 aetatibus
695 3169 984 3237 plurimmn
1019 3176 1273 3244 expedire
1324 3186 1433 3233 tam
1465 3181 1708 3238 viventes

124 3267 290 3322 quam
321 3255 614 3312 morientes
644 3257 904 3316 Dominici
929 3266 1172 3333 corporis
1199 3275 1254 3322 et
1277 3270 1553 3338 sanguinis
1581 3287 1701 3342 per-

123 3341 377 3411 ceptione
417 3359 536 3400 sese
584 3349 812 3404 munire.
853 3371 873 3404 ι
905 3351 1036 3410 Vide
1065 3365 1222 3410 notas
1267 3358 1554 3416 clarissimi
1582 3341 1706 3416 iviri

123 3432 288 3488 Lucse
317 3434 567 3492 Dacherii
596 3439 662 3493 ad
692 3441 834 3496 hunc
873 3442 1072 3498 locum.

197 3525 326 3582 Car.
361 3528 410 3581 l.
447 3559 516 3568 -
540 3529 606 3586 In
631 3533 833 3600 primis.
863 3533 976 3590 Non
1003 3537 1281 3594 dtbitahat
1313 3539 1706 3602 Hildebrandus

125 3616 258 3686 quin
289 3617 394 3673 ista
417 3617 700 3690 Inquisitio
718 3625 1014 3693 pertineret
1039 3629 1106 3684 ad
1144 3629 1512 3686 collectionem
1542 3648 1705 3690 eano-

127 3724 256 3764 num
281 3725 312 3764 a
348 3724 406 3766 se
437 3713 658 3768 editam.
689 3715 794 3771 Sed
823 3726 1000 3776 tamen
1032 3736 1172 3777 nunc
1197 3731 1421 3779 .eertum
1467 3733 1551 3782 est
1581 3741 1702 3782 eam

123 3816 152 3856 a
183 3801 463 3871 Reginone
486 3806 712 3873 positam
739 3821 868 3864 esse
919 3811 972 3865 in
1025 3811 1180 3878 initio
1235 3813 1354 3870 libri
1415 3817 1595 3886 primi,
1625 3821 1702 3874 uti

119 3894 465 3950 ostendimus
515 3897 568 3950 in
615 3899 948 3968 praefatione.
1009 3901 1276 3960 Praeterea
1319 3920 1382 3960 ea
1425 3916 1604 3964 exstat
1647 3909 1702 3964 in

119 3987 312 4042 codice
343 3985 637 4056 Reginonis
668 4005 734 4047 eo
761 3993 951 4050 ordine
977 4009 1084 4066 quo
1113 4011 1210 4052 nos
1235 3997 1378 4051 illam
1407 3999 1700 4066 edidimus,

119 4077 173 4136 id
202 4085 310 4141 est,
347 4087 467 4147 post
499 4079 712 4135 titulum
751 4085 950 4152 operis.
983 4084 1224 4156 Denique
1274 4087 1606 4146 Trithemius
1635 4093 1702 4148 de

113 4167 226 4226 hac
255 4167 374 4237 ipsa
399 4166 772 4227 lucubratione
812 4188 1000 4242 agens,
1032 4175 1312 4246 primaque
1343 4177 1486 4234 illius
1511 4180 1694 4245 verba,

113 4268 174 4318 ut
203 4258 428 4321 assolet,
471 4261 732 4328 referens,
771 4265 872 4319 hoc
910 4265 1028 4337 ejus
1067 4269 1350 4324 exordium
1397 4269 1562 4326 fuisse
1605 4272 1700 4326 do-

113 4357 204 4404 cet
236 4391 246 4401 .
281 4349 350 4402 In
381 4352 560 4420 primis
588 4355 973 4424 inquirendum.
1005 4359 1062 4413 In
1101 4358 1506 4428 prmiatiuncula
1537 4377 1699 4431 porro

112 4453 240 4509 qua:
269 4440 440 4508 posita
469 4449 552 4496 est
589 4442 642 4496 in
683 4441 856 4499 fronte
883 4445 1002 4500 libri
1047 4448 1204 4517 primi
1231 4448 1344 4518 jam
1391 4451 1696 4507 monuimus

1819 1977 2030 2032 vivendi
2059 1985 2114 2032 et
2140 1977 2366 2034 docendi
2419 1979 2796 2036 ecclesiastica:
2843 1980 3058 2051 regulae.
3093 1979 3198 2036 Sed
3241 1989 3392 2034 ante~

1818 2084 1982 2138 quam
2005 2069 2070 2124 de
2097 2068 2184 2122 illa
2215 2071 2368 2140 plura
2394 2069 2641 2126 dicamus
2663 2111 2677 2136 ,
2705 2085 2882 2140 operte
2921 2071 3154 2140 pretium
3175 2081 3260 2126 est
3294 2071 3384 2124 ob-

1817 2173 2037 2215 servare
2062 2161 2408 2216 consuevisse
2439 2162 2833 2216 rustii-anarntn
2857 2161 3206 2217 ecclesiarum
3233 2175 3388 2230 pres-

1817 2245 2034 2322 byteros
2074 2251 2140 2306 ad
2179 2251 2453 2308 civitatem
2473 2253 2656 2308 venire
2679 2252 2904 2323 singulis
2923 2251 3078 2306 annis
3123 2251 3177 2306 in
3219 2251 3402 2306 Cinna.

1817 2341 2030 2396 Domini
2057 2383 2072 2408 ,
2105 2343 2314 2398 duabus
2335 2343 2402 2398 de
2424 2345 2598 2399 causis
2623 2361 2636 2398 :
2667 2345 2898 2414 primum
2927 2361 3022 2414 pro
3052 2343 3402 2414 inquisitione

1817 2434 2092 2490 ministerii
2112 2436 2231 2500 sui,
2263 2435 2454 2490 deinde
2507 2451 2601 2506 pro
2639 2436 2918 2490 chrismate
2962 2434 3300 2504 accipiendo,
3333 2439 3402 2506 ut.

1814 2525 1996 2582 verbis
2017 2525 2290 2582 Hincmari
2315 2537 2532 2582 utamur
2568 2543 2634 2582 ex
2655 2527 2915 2597 Capitulis
2944 2526 3060 2596 ejus
3083 2527 3164 2580 tit.
3189 2525 3242 2590 5,
3266 2541 3386 2594 cap.

1816 2617 1869 2672 5.
1902 2615 2074 2674 Simul
2102 2627 2316 2684 autem,
2357 2633 2424 2674 ex
2449 2617 2696 2674 instituto
2739 2617 3084 2673 Carlomanni
3131 2615 3388 2687 principis

1816 2706 1872 2762 iu
1905 2708 2112 2778 synodo
2137 2709 2222 2764 cui
2244 2718 2464 2764 sanctus
2491 2709 2799 2764 Bonifacius
2827 2707 3068 2764 interfuit
3089 2749 3104 2773 ,
3161 2706 3386 2762 reddere

1819 2797 2140 2854 tenebantur
2157 2799 2410 2870 episcopo
2431 2797 2696 2854 rationem
2718 2797 3000 2852 ministerii
3025 2795 3130 2862 sui,
3163 2804 3220 2850 ut
3236 2802 3408 2864 patet,

1815 2905 1880 2948 ex
1907 2891 2025 2962 ejus
2050 2891 2266 2949 decreto
2283 2934 2296 2957 ,
2323 2893 2466 2964 quod
2487 2903 2664 2948 exstat
2690 2894 2742 2948 in
2765 2892 2904 2948 libro
2925 2892 3114 2962 quinto
3171 2891 3386 2960 Capitu-

1815 2981 1940 3048 lar.,
1963 2999 2083 3054 cap.
2110 2984 2148 3038 2
2177 3003 2188 3038 :
2227 3006 2244 3036 ι
2277 2985 2622 3041 Decrevimus
2651 2999 2864 3056 quoque
2886 2985 3040 3056 juxta
3071 2995 3380 3039 sanctorum

1815 3089 2050 3132 canones
2077 3085 2138 3130 ut
2155 3073 2833 3149 unusquisque'preshyter
2865 3079 2917 3132 in
2963 3077 3238 3148 parmchia
3287 3077 3384 3130 ha-

1815 3165 1994 3222 bitans
2015 3167 2268 3238 episcopo
2299 3169 2571 3239 subjectus
2599 3169 2670 3224 sit
2701 3169 2776 3224 illi
2804 3170 2856 3224 in
2908 3167 3060 3237 cujus
3111 3166 3382 3236 parcet-hia

1813 3257 2053 3324 habitat,
2086 3267 2140 3314 et
2173 3274 2385 3328 semper
2433 3261 2486 3316 in
2551 3260 2964 3332 quadragesima
3017 3260 3282 3314 rationem
3329 3273 3385 3311 e:

1809 3347 2056 3402 ordinem
2089 3350 2375 3404 ministerii
2401 3352 2482 3406 sui
2509 3351 2622 3406 sive
2663 3351 2730 3406 de
2761 3352 3028 3422 baptismo
3050 3391 3064 3416 ,
3091 3351 3205 3406 sive
3225 3351 3290 3404 de
3320 3349 3388 3404 li-.

1809 3438 1874 3494 de
1903 3437 2200 3503 catholica,
2231 3441 2346 3494 sive
2367 3442 2432 3495 de
2455 3441 2708 3510 precibus
2748 3451 2803 3496 et
2825 3443 3012 3496 ordine
3049 3442 3338 3496 missarum
3364 3482 3380 3505 ,

1806 3529 2058 3598 episc0po
2089 3529 2277 3584 reddat
2301 3539 2356 3584 et
2375 3531 2643 3586 ostendat.
2683 3552 2700 3584 ι
2753 3532 2942 3586 Refert
2991 3532 3134 3586 istud
3194 3533 3382 3592 decre-

1806 3625 1921 3674 tum
1948 3628 2002 3673 et
2025 3619 2330 3675 Bonifacius
2357 3621 2412 3674 in
2457 3621 2684 3690 epistola
2737 3622 2870 3684 105.
2918 3622 2984 3676 ad
3023 3621 3378 3677 Cudbertum.

1803 3711 2046 3782 Capitula
2087 3712 2248 3784 532
2299 3712 2526 3768 [lerardi
2569 3716 2958 3786 archiepiscopi
3012 3715 3396 3780 Turonensis,.

1803 3817 1922 3872 cap.
1949 3802 2056 3858 73:
2092 3823 2110 3856 ι
2142 3804 2210 3859 Ut
2235 3804 2474 3860 discendi
2518 3807 2692 3875 gratia
2739 3807 2804 3860 ad
2835 3807 3108 3862 civitatem
3131 3847 3143 3870 ,
3185 3806 3266 3858 vel
3311 3805 3380 3859 ad

1802 3894 1916 3950 loca
1955 3897 2278 3962 constituta,
2309 3897 2610 3968 presbyteri
2666 3899 2884 3954 veniant
2925 3897 3394 3968 quadragesima"-

1802 3995 2066 4056 tempore.
2100 4007 2118 4039 ι
2173 3987 2366 4044 Postea
2411 4005 2538 4046 vero
2577 3990 2719 4046 istud
2766 3999 3028 4044 mutatura
3073 3999 3188 4055 est,
3243 3989 3380 4050 veti-

1801 4085 2024 4146 tumque
2064 4093 2132 4132 ne
2157 4077 2460 4147 presbyteri
2498 4077 2564 4134 ad
2591 4078 2868 4133 civitatem
2917 4079 3152 4134 discendi
3201 4079 3378 4147 gratia

1798 4170 2020 4224 veniant
2073 4169 2556 4239 quadragesimali,
2591 4180 2648 4224 ut
2679 4177 2824 4239 patet
2855 4184 2922 4224 ex
2952 4169 3226 4236 Reginone
3270 4168 3366 4222 lib.

1800 4272 1842 4322 ι,
1865 4271 1986 4327 cap.
2019 4256 2086 4312 76
2127 4275 2141 4310 :
2173 4259 2314 4313 unde
2339 4259 2394 4312 in
2427 4258 2564 4314 libro
2597 4274 2670 4314 vn
2712 4257 3030 4328 Capitular.,
3065 4257 3198 4322 108,
3231 4257 3370 4312 scri-

1797 4357 1948 4420 ptum
1995 4357 2079 4403 est
2117 4349 2432 4420 simpliciter
2477 4351 2680 4420 absque
2724 4359 2854 4405 nota
2907 4349 3200 4420 temporis:
3239 4367 3258 4400 ι
3301 4347 3374 4402 Ut

1797 4441 2137 4510 unusquique
2173 4440 2455 4512 presbyter
2481 4457 2576 4513 per
2617 4442 2854 4514 singulos
2907 4457 3074 4498 annos
3113 4443 3372 4512 episcopo

111 4530 528 4600 luqnisitiouem
595 4535 755 4614 istam
817 4534 985 4608 fuisse
1045 4537 1330 4594 formulam
1401 4541 1694 4597 secundum
1721 4563 1775 4625 Β
1801 4547 1900 4589 suo
1927 4534 2188 4590 rationem
2215 4535 2498 4592 ministerii
2519 4536 2602 4592 sui
2629 4537 2864 4598 reddat.
2897 4545 3008 4590 tam
3033 4535 3105 4592 de
3149 4535 3254 4590 lide
3279 4549 3370 4590 ca—

109 4635 282 4690 quam
335 4621 572 4692 episcopi
615 4632 671 4680 et
711 4639 900 4680 eorum
953 4627 1190 4684 ministri
1229 4631 1573 4703 presbyteros
1607 4631 1694 4688 iu-

111 4712 467 4783 terrogabant
515 4729 616 4784 per
665 4717 965 4786 parmeias,
1027 4733 1200 4790 eaque
1249 4717 1480 4776 formula
1532 4737 1690 4778 usmn

109 4803 288 4860 inisse
324 4804 494 4876 etiam
529 4804 878 4864 llincmarum
919 4810 1380 4882 archiepiscopum
1421 4812 1694 4870 Rhemen-

108 4909 252 4950 sem.
284 4893 437 4962 Quod
475 4896 656 4967 itaque
703 4905 831 4956 tunc
875 4902 930 4955 in
963 4902 1245 4958 aversione
1293 4912 1350 4958 et
1401 4905 1552 4973 quasi
1596 4920 1692 4975 per

109 4997 472 5042 transennam
500 4989 702 5044 dictum
747 4998 854 5055 est,
903 4998 1106 5048 tanltnn
1149 5004 1210 5048 ut
1244 5003 1434 5063 gustus
1469 4997 1692 5066 quidam

108 5073 274 5146 531
332 5074 486 5132 istius
535 5077 910 5147 lnquisitionis
941 5081 1159 5137 daretur
1202 5084 1415 5138 erudito
1462 5085 1652 5141 lectori
1673 5125 1700 5153 ,.

105 5184 258 5222 nunc
287 5168 445 5238 paulo
486 5171 708 5228 uberius
732 5171 1106 5242 explicandum
1157 5182 1242 5230 est
1275 5176 1343 5230 ob
1375 5177 1696 5247 dignitatem

107 5259 356 5316 materia:
379 5301 394 5326 ,
425 5276 528 5330 qua
554 5263 641 5318 vix
663 5263 771 5318 ulla
794 5273 878 5320 est
924 5264 1184 5322 illustrior-
1235 5266 1288 5320 iu
1337 5267 1440 5324 hoc
1493 5283 1692 5334 genere

106 5350 434 5404 studiorum.
463 5351 704 5408 Primum
733 5353 913 5424 itaque
933 5363 1136 5410 certum
1167 5363 1251 5411 est
1280 5370 1402 5410 eam
1433 5359 1688 5413 sollicitu-

106 5440 294 5496 dinem
324 5443 589 5512 episcopis
617 5443 912 5513 antiquitus
941 5445 1251 5501 incubuisse
1274 5453 1329 5500 ut
1351 5445 1536 5514 plebes
1559 5463 1694 5504 suas

105 5529 340 5602 singulis
363 5530 520 5588 annis
547 5546 646 5602 per
694 5547 752 5588 se
778 5533 1061 5588 visitarent
1085 5573 1100 5598 ,
1135 5533 1180 5590 si
1207 5533 1262 5588 id
1315 5533 1434 5590 ﬁeri
1481 5537 1688 5606 absque

107 5621 261 5690 gravi
287 5635 472 5674 eorum
495 5622 832 5680 incommodo
852 5633 1052 5694 posset,
1081 5624 1164 5680 sin
1196 5626 1390 5690 minus,
1418 5635 1566 5682 certe
1591 5643 1688 5696 per

107 5711 458 5781 presbyteros
481 5723 572 5767 aut
600 5713 856 5770 diaconos
887 5715 1179 5786 probabilis
1201 5717 1323 5772 vita:
1355 5759 1368 5782 ,
1420 5718 1512 5786 qui
1544 5719 1700 5784 redia

109 5811 196 5858 tus
261 5799 606 5860 hasilicnrum
639 5813 690 5860 et
737 5805 1104 5878 reparationes
1156 5815 1210 5864 et
1261 5809 1680 5866 ministrantium

1805 4623 2000 4680 tbolica
2021 4665 2038 4690 ,
2059 4639 2230 4695 quam.
2251 4626 2318 4681 de
2341 4627 2646 4696 baptismo,
2679 4635 2844 4698 atque
2879 4627 2946 4682 de
2985 4626 3132 4682 omni
3183 4625 3373 4680 ordine

1799 4715 2085 4774 ministerii
2111 4717 2215 4774 sui.
2247 4736 2268 4770 ι
2303 4715 2409 4772 Sed
2465 4717 2710 4788 quamvis
2753 4725 3018 4774 mutatum
3039 4725 3186 4772 esset
3232 4723 3372 4770 tem—
3399 4751 3409 4760 ..

1798 4822 1899 4878 pus
1939 4823 2045 4878 quo
2081 4809 2268 4864 venire
2321 4808 2390 4864 ad
2433 4809 2704 4864 civitatem
2759 4807 3058 4880 presbyteri
3101 4807 3372 4862 debebant

1798 4917 1900 4972 pro
1927 4901 2272 4971 inquisitione
2307 4900 2590 4956 ministerii
2621 4899 2704 4955 sui
2727 4908 2784 4954 et
2813 4907 2872 4954 ut
2897 4899 3054 4954 simul
3081 4897 3366 4952 redderent

1797 4991 2060 5046 rationem
2093 4990 2437 5046 villicationis
2455 5005 2596 5055 sum,
2627 4997 2806 5044 tamen
2843 4988 3094 5044 manebat
3117 4985 3394 5042 consula--

1797 5081 1871 5136 tio
1900 5080 1986 5134 illa
2009 5096 2128 5150 qua:
2177 5080 2519 5151 presbyteros
2565 5079 2734 5136 semel
2780 5079 2833 5134 in
2881 5093 3024 5132 anno
3061 5076 3250 5130 statuit
3301 5076 3370 5128 ad

1795 5172 2104 5242 episcopum
2131 5171 2184 5226 in
2207 5171 2480 5226 civitatem
2511 5171 2695 5226 venire
2739 5171 2943 5242 synodo
2971 5167 3088 5237 eius
3141 5165 3368 5220 interfu-

1799 5273 1948 5324 turus
1965 5302 1982 5327 ,
2014 5271 2071 5316 ut
2095 5270 2244 5332 patet
2269 5263 2432 5318 etiam
2459 5277 2528 5317 ex
2547 5263 2775 5318 concilio
2801 5258 3103 5314 Arelatensi
3127 5273 3209 5320 v1,
3239 5271 3358 5325 cap.

1793 5355 1926 5412 4..ln
1969 5355 2070 5410 hac
2123 5369 2251 5426 ergo
2299 5353 2536 5425 synodo,
2585 5363 2707 5425 post
2755 5352 2948 5408 lectum
2992 5348 3360 5420 Evangelium,

1795 5447 2054 5502 diaconus
2081 5445 2298 5515 publice
2329 5447 2536 5516 legebat
2565 5444 2984 5500 admonitionem
3014 5443 3079 5498 de
3110 5457 3214 5510 qua
3239 5457 3362 5496 mox

1793 5537 2105 5592 dicebamus
2129 5577 2143 5602 ,
2183 5545 2242 5591 ut
2269 5545 2412 5606 patet
2437 5552 2500 5591 ex
2546 5535 2779 5590 editione
2819 5534 3058 5604 ejusdem
3102 5531 3362 5587 Admoni-

1794 5627 1952 5681 tionis
1985 5642 2104 5697 qua:
2135 5627 2354 5696 praeﬁxa
2384 5636 2464 5682 est
2485 5628 2700 5682 decreto
2723 5624 3042 5690 Burchardi,
3069 5625 3160 5680 ubi
3183 5625 3259 5679 sic
3289 5623 3366 5680 lc-

1790 5719 1933 5788 gitur
1961 5737 1974 5772 :
2021 5737 2040 5770 ι
2069 5718 2375 5776 Adtnonitio
2407 5719 2458 5773 in
2490 5719 2724 5792 synodo,
2751 5719 2902 5774 linito
2951 5719 3270 5789 Evangelia,
3325 5735 3358 5773 a

1791 5811 2014 5866 diacono
2043 5809 2260 5885 legenda
2287 5851 2302 5880 ,
2325 5809 2572 5882 episeopo
2599 5819 2647 5864 et
2678 5811 2886 5866 caeteris
2911 5810 2964 5864 in
3027 5809 3220 5866 ordine
3269 5824 3362 5866 sev-
