3920 6426
499 379 605 468 φῖ

1821 400 2172 458 STEPHANI.
2198 405 2468 464 BALUZII
2534 368 2539 377 ’

3652 427 3758 482 ωε

500 502 770 604 dentibus.
804 523 823 556 ι
857 505 1479 604 istudipsumprobatur
1507 530 1570 570 ex
1619 524 1833 574 vetusto
1883 519 2071 576 codice
2101 525 2146 585 Α
2174 532 2330 578 erant
2354 528 2680 598 presbyteris
2709 529 2761 586 in
2804 533 3009 604 synodo
3040 535 3346 594 civitatensi
3380 541 3757 595 residentibus.

499 601 689 650 nostro
730 612 855 663 ms.,
906 600 997 654 ubi
1061 602 1177 657 hate
1231 601 1523 674 leguntur:
1563 624 1582 658 ι
1632 605 1829 664 Postea
1868 608 2080 680 legatur

498 691 844 768 Evangelium
895 693 1053 750 solito
1094 711 1262 751 more.
1319 695 1616 766 Respiciens
1663 700 1818 767 Iesus
1856 701 2081 771 discipu-

498 785 608 850 los,
648 786 780 841 dixit
809 786 1023 843 Simoni
1056 787 1257 844 Petro:
1320 788 1378 846 Si
1396 791 1682 861 peccaverit
1724 791 1779 846 in
1822 800 1873 847 te
1914 793 2080 862 frater

501 889 639 943 tuus.
671 877 983 948 Sequemur
1014 890 1221 951 septem
1256 882 1448 953 psalmi
1487 898 1607 938 cum
1656 883 1910 954 precibus
1958 885 2080 955 qni.-

497 969 598 1024 hns
627 969 949 1039 placuerint.
1001 970 1205 1039 Quibus
1234 973 1398 1029 futilis
1420 1016 1434 1040 ,
1479 976 1733 1045 episcopo
1774 972 1834 1031 et
1866 976 2078 1031 caneris

496 1057 552 1113 in
577 1059 766 1125 ordine
792 1061 1125 1126 sedentibus.
1153 1078 1184 1117 a
1216 1064 1449 1132 diacono
1482 1064 1691 1134 legatur
1717 1065 1839 1120 haec
1877 1064 2078 1120 Admo-

500 1150 674 1214 uitio:
703 1150 932 1214 Fratres
951 1153 1256 1224 presbyteri,
1290 1174 1306 1206 ο
1338 1164 1442 1211 etc.
1483 1155 1676 1213 Postea
1711 1154 2077 1213 introductum

504 1228 677 1308 estut
703 1241 851 1299 illam
881 1245 1164 1315 episcopus
1193 1245 1426 1316 legeret,
1457 1246 1501 1302 si
1535 1247 1709 1302 vellet.
1741 1246 1873 1302 Nam
1902 1247 1954 1302 in
1978 1247 2078 1304 0r-

505 1333 630 1388 dine
671 1331 937 1400 Romano,
966 1350 1090 1390 cum
1120 1345 1340 1392 ventum
1372 1348 1458 1393 est
1486 1339 1550 1392 ad
1583 1339 1725 1393 hunc
1760 1338 1956 1403 locum,
1979 1354 2079 1409 pro

505 1440 572 1482 oo
598 1425 741 1495 quod
769 1426 938 1481 codex
975 1436 1161 1483 noster
1186 1428 1349 1485 habet
1370 1446 1402 1483 a
1425 1429 1648 1496 diacono
1691 1427 1896 1499 legatur
1943 1439 2074 1493 etc.,

504 1517 581 1570 ita
604 1516 866 1587 scriptum
895 1526 1014 1572 est:
1051 1517 1122 1571 ab.
1146 1519 1260 1588 ipso
1286 1520 1524 1589 episcopo
1567 1520 1673 1575 sive
1696 1537 1729 1573 a
1752 1521 1975 1574 diacono
2014 1537 2081 1574 ex

497 1605 667 1676 ipsius
728 1623 952 1678 persona
998 1606 1205 1678 legatur
1255 1610 1366 1662 hac
1417 1609 1727 1664 admonitio.
1797 1608 2019 1666 Demnm
2059 1652 2074 1675 ,

496 1713 621 1762 uim
646 1698 848 1763 nollent
873 1700 1161 1755 diaconum
1213 1700 1299 1756 hic
1328 1715 1486 1771 agere
1532 1701 1843 1757 ministrum
1870 1703 2079 1772 episco-

497 1790 588 1859 pi,
637 1789 965 1845 mentionem
1021 1790 1138 1861 ejus
1179 1789 1247 1845 ab
1293 1792 1393 1846 hoc
1449 1790 1566 1846 loco
1613 1791 1964 1847 sustulerunt.
2020 1793 2075 1847 In

2182 614 2352 707 Quam
2401 621 2726 705 sententiam
2759 626 3040 683 conﬁrmat
3091 614 3147 685 et
3184 631 3478 687 hodiernus
3507 632 3761 687 Ecclesiz

2179 719 2331 771 usus,
2361 710 2657 766 secundum
2686 727 2849 782 quem
2877 728 2939 771 ea
2962 716 3301 785 Admonitio,
3333 712 3585 790 quamvis
3628 724 3761 775 mul-

2180 801 2292 849 tum
2318 796 2532 854 diversa
2581 808 2637 855 et
2678 809 2886 858 mutata
2929 805 2997 860 ab
3025 804 3116 861 illa
3147 807 3348 872 veteri,
3396 808 3465 863 ab
3507 792 3763 879 episcopo

2178 884 2400 948 mitrata
2430 888 2627 974 legitur
2672 885 2943 974 residente
2982 895 3038 951 in
3073 884 3170 953 sua
3197 898 3404 969 synodo
3430 900 3759 956 ditecesans.

2176 978 2449 1034 Praeterea
2474 988 2596 1036 cum
2620 972 2711 1039 illa
2738 972 3039 1056 antiquitus
3068 989 3121 1043 in
3154 989 3324 1044 variis
3343 989 3508 1061 535
3532 976 3769 1061 regioni;

2176 1072 2278 1127 bus
2303 1086 2368 1127 ac
2401 1073 2730 1131 dioecesibus
2756 1077 2955 1157 usitata
2983 1078 3145 1135 fuerit
3162 1123 3179 1149 ,
3213 1097 3313 1152 par
3336 1090 3419 1136 est
3446 1082 3766 1157 existimare

2179 1160 2379 1216 factum
2413 1162 2465 1217 id
2491 1164 2561 1218 ab
2591 1151 2867 1237 episcOpis'
2886 1156 2950 1222 es
2980 1151 3245 1225 formula."
3284 1170 3417 1225 Nam
3444 1187 3545 1226 usu
3574 1151 3761 1242 cogni-l

2180 1260 2288 1306 tam
2339 1252 2503 1309 fuisse
2549 1253 2602 1308 in
2648 1247 2911 1327 Hispania
2946 1244 3344 1339 Tarraconensi
3374 1276 3442 1316 ex
3475 1277 3543 1318 eo
3579 1262 3759 1334 colligi

2180 1345 2398 1399 abunde
2421 1355 2598 1414 potest
2628 1348 2785 1417 quod
2806 1339 3072 1421 descripta
3118 1334 3383 1423 reperitur
3420 1340 3475 1408 in
3503 1354 3758 1409 vetustis-

2180 1437 2316 1491 simo
2345 1428 2531 1492 codice
2557 1452 2658 1493 ms.
2696 1440 3008 1495 monasterii
3037 1441 3503 1515 Rivipulleusisin
3536 1444 3760 1500 dioecesi

2178 1526 2503 1581 Ausonensi.
2544 1525 2649 1582 Pro
2674 1526 2822 1582 Italia
2864 1519 3022 1585 ﬁdem
3055 1518 3217 1587 faciet
3239 1532 3534 1606 llatherius
3554 1534 3760 1605 episco-

2178 1629 2281 1683 pus
2305 1612 2631 1671 VeronenSis
2654 1654 2670 1683 ,
2697 1608 2804 1687 qui
2850 1617 2995 1674 illam
3027 1605 3201 1675 totam
3241 1621 3504 1692 integram
3532 1622 3762 1677 inseruit

2183 1707 2234 1761 in
2264 1722 2363 1763 suo
2392 1700 2645 1767 sermone
2670 1708 2949 1779 synodali,
2974 1712 3065 1782 qui
3091 1712 3269 1767 editus
3295 1722 3381 1767 est
3406 1713 3462 1767 in
3498 1721 3649 1768 tome
3681 1728 3763 1770 se-

2180 1800 2357 1855 cundo
2382 1798 2656 1871 Spicilegii
2684 1801 3028 1858 Dacheriani.
3066 1803 3124 1858 In
3160 1803 3509 1860 Germaniam
3530 1803 3764 1875 denique

501 1880 1076 1977 fontiticaliuquippe‘
1104 1868 1347 1977 Romano
1396 1883 1694 1977 Augustini;
1735 1884 1955 1977 Patricii
2011 1885 2078 1940 de
2112 1891 2153 1949 Β
2182 1868 2496 1961 penetrasse
2534 1868 2694 1949 docet
2734 1894 2902 1950 editio
2947 1894 3037 1977 illa
3078 1894 3383 1977 Burchardi
3404 1911 3571 1973 quam
3601 1868 3762 1967 supra

501 1972 926 2031 Pilocomiuihus
995 1973 1230 2044 episcopi
1286 1972 1518 2030 Pientini
1572 1991 1638 2031 ac
1683 1975 1737 2031 in
1798 1976 1905 2031 illis
1958 1992 2078 2048 quae

439 2139 443 2143 _
501 2076 685 2138 postea
715 2082 844 2124 cusa
898 2076 1023 2122 sunt
1049 2066 1128 2121 ita
1189 2067 1422 2138 legitur,
1465 2068 1609 2123 nulla
1658 2068 1873 2124 diaconi
1929 2084 2082 2125 men-

502 2160 688 2214 tione:
731 2178 750 2211 ι
784 2159 1008 2214 Demum
1040 2158 1282 2229 pontifex
1323 2160 1500 2216 adhuc
1552 2162 1607 2216 in
1647 2160 1774 2218 sede
1821 2163 2079 2232 praedicta

505 2267 630 2325 eum
695 2253 856 2307 mitra
919 2246 1145 2318 sedens,
1204 2253 1249 2307 si
1305 2252 1522 2323 placet,
1575 2244 1930 2325 congregatos
1982 2244 2091 2308 ad?

2182 1984 2637 2050 memoravimus,
2690 1992 2804 2041 tum
2855 1974 3204 2043 etiam‘vetu's
3232 1986 3402 2044 codex
3440 1986 3549 2044 ins.
3580 2004 3764 2061 mona-

2183 2076 2333 2132 sterii
2363 2068 2832 2157 Neresheimensis
2854 2078 2908 2134 in
2934 2079 3162 2157 dioecesi
3189 2082 3533 2153 Augustam,
3556 2082 3655 2138 ubi
3681 2082 3765 2137 illa

2185 2166 2421 2223 habetur
2447 2168 2547 2223 sub
2579 2155 2736 2225 titulo
2781 2155 3390 2242 sermonis-synodalis.
3459 2170 3624 2228 llunc
3662 2188 3761 2228 ser.

2185 2270 2397 2312 nionem
2445 2257 2660 2315 Marcus
2708 2258 2967 2317 Velserus
3012 2261 3279 2316 edendum
3332 2259 3483 2316 dedit
3531 2262 3768 2332 primum

506 2322 688 2401 monet
716 2354 771 2399 et
798 2338 1118 2398 exhortatur
1142 2343 1242 2401 sub
1276 2322 1580 2412 huiusmodi
1603 2322 1828 2406 verbis:
1861 2337 2087 2397 Fratres
2183 2348 2385 2405 Jacobo
2415 2350 2673 2407 Gretscro
2703 2351 2757 2407 in
2787 2351 2935 2409 calce
2958 2353 3234 2425 Apologite
3265 2322 3613 2419 Baronianaz,
3646 2371 3763 2426 pag.

500 2426 660 2505 533
689 2433 979 2499 carissimi,
1012 2453 1029 2485 ι
1064 2442 1168 2490 etc.
1222 2433 1328 2490 Sed
1369 2434 1654 2491 redeamus
1682 2435 1759 2489 ad
1791 2428 2089 2506 antiquita-

2189 2439 2323 2505 457.7
2361 2440 2562 2509 deinde
2579 2434 2708 2495 vero
2735 2440 2999 2497 Severino
3032 2442 3189 2499 Binio
3218 2444 3270 2498 in
3308 2444 3546 2498 secunda
3580 2442 3770 2499 Conci-

501 2532 633 2583 tem.
674 2522 877 2579 Deinde
904 2522 1189 2594 episcopus
1227 2523 1278 2578 in
1309 2526 1514 2597 synodo
1541 2518 1964 2596 uniuscujusque
1987 2520 2084 2595 ’ρη-
2186 2528 2380 2592 liorum
2410 2532 2664 2592 editione.
2726 2532 2951 2594 FruSIra
2990 2548 3154 2604 porro
3189 2543 3274 2589 est
3310 2533 3453 2588 idem
3480 2533 3769 2597 Velserus;

503 2614 708 2682 rtecias,
750 2629 874 2673 cum
919 2613 1244 2670 visitatiOnis
1273 2631 1468 2670 munus
1495 2617 1700 2701 obibat,
1736 2610 2085 2688 presbyteros
2185 2624 2277 2693 qui
2308 2633 2589 2694 propterea
2628 2612 2771 2694 quod
2813 2623 2985 2683 codex
3012 2624 3106 2679 ille
3140 2606 3613 2680 Neresheimensis
3639 2626 3769 2679 scri-

502 2705 878 2776 interrogabat
902 2704 1199 2759 secundum
1224 2704 1801 2760 titulosAdmonitione
1824 2705 1912 2760 illa
1937 2720 2086 2761 com-
2186 2722 2310 2783 ptus
2331 2722 2595 2769 est'anno
2643 2714 2783 2770 {009
2826 2706 3103 2770 existimat
3155 2724 3408 2772 sanctum
3462 2715 3769 2771 Udalricum

476 2794 823 2887 prehensus.
871 2794 1147 2887 Synodum
1195 2796 1383 2850 vocavi
1424 2796 1787 2887 visitationem
1821 2795 2085 2867 episcopi.
2186 2804 2498 2873 episcopum
2543 2805 2912 2876 Augustanum
2968 2806 3124 2862 istius
3181 2790 3454 2862 sermonis
3500 2816 3772 2862 auctorem

503 2885 720 2977 concilii
788 2886 1234 2959 Rothomag-ehsis
1310 2888 1633 2943 auelorilale
1688 2886 1860 2944 fretus
1902 2905 1919 2942 ε
1954 2886 2085 2953 ωδε.
2189 2908 2328 2950 esse.
2371 2893 2599 2950 Frustra
2629 2888 3030 2965 inquam,'cum
3058 2910 3125 2952 ex
3151 2895 3239 2952 his
3259 2910 3381 2966 quae
3407 2896 3554 2952 dicta
3590 2897 3771 2951 hacte-

502 2987 668 3049 prout
701 2994 735 3033 a
779 2978 1057 3050 Reginone
1086 2978 1354 3044 laudatur
1391 2978 1444 3033 in
1477 2978 1631 3034 initio
1675 2978 1797 3035 libri
1840 2979 2087 3043 secundi,

530 3083 535 3087 ’
647 3068 1229 3140 ipiturarchidiaconis
1257 3080 1316 3124 ct
1355 3068 1836 3143 archipresbyteris
1872 3070 1964 3140 qui
1994 3085 2090 3140 pa-

504 3083 706 3220 mas
728 3160 951 3220 visitant
976 3179 1098 3220 cum
1128 3156 1402 3220 eriiscooo.
1427 3164 1506 3219 uti
1533 3165 1656 3218 eum
1685 3164 1731 3220 is
1759 3159 1826 3219 ad
1852 3163 2088 3220 alienam

537 3160 706 3222 (ecias
728 3160 951 3222 visitant
976 3179 1098 3220 cum
1128 3164 1402 3235 episcopo,
1427 3164 1506 3219 uti
1533 3165 1656 3218 eum
1685 3164 1731 3221 is
1759 3159 1826 3219 ad
1852 3163 2088 3233 aliquam

2190 3000 2295 3040 nus
2335 2994 2463 3042 sunt
2509 2984 2667 3041 facile
2696 2986 2871 3059 colligi
2919 2978 3093 3057 possit
3134 2987 3581 3073 Admonitionem
3636 2988 3771 3042 illam

2192 3078 2364 3134 multo
2393 3079 2756 3149 antiquiorem
2786 3094 2907 3135 esse
2933 3088 3121 3136 sancto
3142 3070 3775 3162 Uldarico.‘Existimant

2193 3171 2354 3243 vulgo
2374 3171 2649 3226 conditam
2677 3170 2822 3225 illam
2850 3170 3018 3227 fuisse
3043 3185 3072 3225 a
3094 3169 3280 3226 Leone
3294 3167 3363 3223 ιν
3392 3166 3657 3240 pontiﬁce
3676 3169 3775 3223 llo.

508 3248 792 3338 QCCICSiam
827 3268 1148 3309 accessurus
1174 3263 1258 3309 εει
1278 3293 1294 3319 9
1325 3255 1373 3309 εἰ
1404 3261 1644 3323 Primam
1682 3267 1791 3308 ιιηο
1836 3251 1920 3308 νει
1957 3252 2085 3306 ϐυο-
2115 3249 2160 3311 C
2191 3279 2353 3318 mano
2375 3303 2389 3330 ,
2444 3263 2529 3318 cui
2579 3262 2723 3318 illam
2770 3264 3011 3320 tribuunt
3036 3263 3277 3319 nonnulli
3307 3263 3513 3319 vetusti
3543 3264 3771 3319 codices.

512 3349 612 3406 bus
638 3346 852 3407 diebus.
879 3344 1197 3415 plebemque
1224 3345 1550 3399 admoneant
1585 3352 1640 3398 ut
1678 3359 1855 3399 omnes
1881 3343 1951 3397 ad
1972 3344 2088 3413 ejus

505 3440 765 3513 synodum
800 3436 1275 3492 die'denominata
1326 3434 1745 3505 imprwtermisse
1787 3442 2086 3488 occurrant.

509 3516 619 3588 scd
640 3530 777 3600 ‘quid
806 3542 943 3598 opus
964 3569 979 3592 ,
1006 3522 1245 3595 inquies,
1286 3534 1347 3579 ut
1386 3525 1573 3595 plebes
1609 3522 1754 3580 adsit
1787 3524 1840 3579 in
1863 3523 2090 3585 ecclesia

507 3610 631 3692 cum
660 3616 941 3692 episcopo,
965 3618 1183 3689 quando
1206 3618 1293 3674 ille
1318 3619 1500 3675 visitet
1527 3612 1794 3690 parmcias
1820 3634 1932 3674 suae
1954 3618 2092 3672 dius-

508 3689 731 3787 éeseos‘?
749 3689 1277 3782 Priiﬁum,quopiain
1294 3712 1582 3782 episcopus
1598 3712 1955 3783 inquisiturus
1975 3722 2094 3772 erat

507 3799 576 3880 de
596 3809 707 3862 vita
753 3815 809 3860 et
846 3801 1255 3863 conversatione
1299 3798 1735 3878 presbyterorum
1774 3797 1838 3861 ac
1866 3820 2093 3875 sequen-

514 3892 649 3960 tium
684 3898 1027 3967 clericorum,
1054 3891 1423 3955 testimonium
1453 3897 1756 3954 habendum
1792 3905 1915 3952 erat
1937 3897 2095 3951 Chri-

510 3979 707 4045 stianae
736 3990 905 4061 plebis
934 3992 1055 4062 qua:
1093 3991 1201 4048 illic
1236 3983 1356 4048 vice
1383 3990 1588 4047 Christi
1616 3980 1924 4063 regebatur.
1985 3990 2095 4047 Sed

512 4080 777 4164 prieterea
813 4084 1099 4154 episcopus
1119 4082 1175 4140 in
1194 4084 1398 4156 synodo
1421 4078 1508 4139 illa
1537 4083 1903 4154 interrogabat
1927 4081 2094 4138 etiam

510 4168 580 4233 de
603 4169 720 4233 'vita
749 4176 1040 4243 laicorum,‘
1060 4176 1106 4233 si
1136 4176 1258 4248 quis
1287 4164 1533 4232 videlicet
1553 4176 1815 4232 incestum
1838 4215 1853 4240 ,
1884 4173 2093 4229 adulte-

508 4268 653 4324 rium
684 4266 785 4323 aut"
825 4264 1177 4325 homicidium
1221 4254 1607 4331 commisisset,
1650 4265 1694 4320 si
1740 4265 1864 4346 quis
1888 4262 2096 4318 alienas

508 4348 606 4417 res
628 4361 936 4432 rapuisset,
985 4370 1039 4418 et
1067 4358 1299 4432 plurima
1324 4353 1697 4429 hujuscemodi
1721 4399 1736 4424 ,
1766 4364 1826 4413 tit
1852 4364 2003 4428 patet
2029 4371 2097 4412 ex

513 4453 793 4526 Reginone
836 4453 938 4511 lib:
963 4456 1003 4521 ις
1032 4439 1155 4524 cap.
1183 4448 1431 4518 1etl0,’
1456 4460 1513 4507 et
1548 4448 1644 4507 lib.
1686 4465 1746 4515 ιι,
1774 4452 1896 4531 cap.
1926 4450 1980 4504 5.
2020 4446 2113 4504 Ea‘

2191 3344 2298 3411 sed
2336 3350 2436 3427 ego
2480 3364 2609 3426 puto
2650 3355 2793 3410 illam
2839 3355 3021 3412 Leone
3066 3355 3429 3426 antiquiorem
3462 3370 3589 3410 esse
3614 3365 3669 3410 ct
3693 3370 3780 3435 eo:

2191 3449 2317 3505 dem
2348 3465 2569 3521 prorsus
2614 3462 2855 3521 tempore
2898 3450 3187 3507 emersisse
3205 3464 3312 3521 quo
3344 3448 3639 3519 inquisitio
3660 3463 3774 3519 pro-

2192 3541 2313 3597 diit.
2351 3541 2407 3595 lu
2436 3531 2500 3597 ea
2541 3534 2672 3597 vero
2699 3543 2964 3598 sententia
2998 3542 3219 3598 omnino
3244 3557 3396 3607 sum,
3431 3551 3497 3596 ut
3525 3543 3771 3613 quoniam

2193 3631 2448 3686 nonnulla
2484 3632 2537 3687 in
2568 3616 2919 3703 Inquisnione
2944 3631 3290 3707 continentur
3326 3632 3597 3687 adversus
3624 3646 3773 3702 paga-

2195 3736 2295 3777 nos
2324 3730 2378 3776 et
2404 3718 2584 3778 mores
2603 3730 2676 3777 ac‘
2691 3720 3104 3792 superstitiones
3134 3737 3165 3777 a
3187 3721 3413 3794 paganis
3441 3722 3773 3779 descenden-

2194 3818 2297 3877 tes,
2324 3819 2507 3883 putem
2540 3804 2683 3866 illam
2712 3803 2882 3866 fuisse
2905 3800 3178 3867 conditam
3209 3793 3337 3866 'aevo
3363 3812 3540 3866 sancti
3569 3793 3776 3867 Bonifa-

2193 3901 2262 3957 cii
2289 3900 2681 3971 archiepiscopi
2703 3900 3023 3971 Moguntini,
3057 3887 3326 3962 aut‘certe
3354 3915 3464 3955 non
3494 3900 3568 3955 ita
3618 3900 3773 3955 multo

2192 4002 2337 4065 post,
2368 3990 2596 4049 subinde
2623 3988 2751 4050 v’ero
2778 4001 2991 4049 auctam
3021 4001 3078 4047 et
3095 3977 3444 4049 emendatam
3476 4006 3585 4062 pro
3618 3993 3773 4048 variis

2193 4082 2557 4141 Ecclesiarum
2580 4099 2645 4140 ac
2665 4085 3062 4155 provinciarum
3081 4082 3573 4140 consuetudinibus
3595 4092 3652 4140 et
3670 4099 3783 4159 mo-_

2193 4175 2347 4232 ribus
2382 4175 2722 4247 populorum.
2781 4162 3006 4232 Multum
3048 4161 3264 4230 interim
3312 4173 3580 4230 debemus
3620 4173 3768 4246 Rege

2195 4268 2343 4333 noni,
2372 4268 2465 4339 qui
2492 4266 2646 4323 nobis
2684 4266 2893 4322 illustre
2934 4256 3039 4323 hoc
3085 4254 3423 4336 antiquitatis
3462 4281 3772 4321 monumen-

2196 4368 2311 4415 tum
2358 4352 2700 4415 conservavit
2746 4359 3011 4431 integrum
3037 4398 3052 4424 ,
3104 4359 3345 4430 adeoque
3394 4358 3576 4414 locum
3639 4358 3769 4414 dedit

2195 4449 2321 4506 huic
2349 4457 2547 4506 nostra:
2573 4436 2956 4505 observationi.
2995 4434 3297 4537 Optandum
3333 4459 3518 4505 autem
3555 4458 3699 4507 esset
3718 4459 3767 4503 ut

516 4538 680 4599 causa
705 4537 828 4600 erat
863 4544 1163 4600 adunanda:
1188 4543 1360 4615 plebis
1386 4541 1787 4599 ecclesiasticae.
1837 4542 2014 4612 Atque
2042 4541 2093 4595 in
2124 4612 2155 4615 _
2196 4539 2647 4612 quemadmodum
2674 4539 3285 4596 Admonitio.retinetur
3310 4556 3507 4613 magna
3553 4557 3625 4597 ex
3658 4557 3769 4613 par-

517 4636 709 4711 eancta
740 4634 1158 4706 illa'priscorum
1189 4612 1577 4705 episcoporum
1617 4648 1748 4690 cura
1778 4641 1835 4690 et
1871 4632 2095 4704 diligen-
2124 4612 2174 4672 D
2202 4645 2275 4700 te,
2302 4635 2376 4690 ita
2401 4632 2683 4703 Inquisitio
2706 4642 3051 4689 revocaretur
3076 4633 3128 4688 in
3157 4647 3313 4689 usum
3351 4648 3380 4689 a
3422 4636 3781 4711 sanctissimis

404 4744 415 4755 δ
516 4694 592 4783 tia
617 4721 828 4798 positus
850 4694 995 4806 haud
1030 4726 1189 4782 dubie
1212 4694 1331 4782 erat
1374 4694 1995 4806 nervusecclesiaslicm
2012 4725 2095 4779 di-
2196 4694 2376 4795 seculi
2398 4694 2568 4781 nostri
2597 4714 2889 4806 episc0pis,
2916 4732 2977 4780 ttt
2996 4739 3102 4780 una
3127 4718 3420 4795 disciplina:
3447 4724 3625 4781 forma
3642 4735 3771 4782 esset

515 4805 792 4891 scipliuaij
829 4800 1162 4891 qua'ruente
1184 4858 1201 4885 ,
1247 4802 1473 4899 necesse
1499 4802 1591 4876 est
1626 4803 1904 4899 omniain
1941 4816 2097 4888 pejus
2195 4820 2248 4876 in
2263 4804 2532 4883 omnibus,
2550 4824 2602 4873 et
2622 4817 2683 4872 ut
2700 4800 2995 4873 miserrimi
3016 4817 3409 4872 rusticanarum
3426 4817 3769 4874 ecclesiarum

517 4900 677 4972 ruere
705 4923 761 4971 et
805 4922 953 4971 retro
986 4906 1218 4986 collapsa
1254 4896 1467 4970 referri.
1544 4909 1714 4984 igitur
1760 4896 1822 4967 ut
1869 4910 1937 4967 ad
1980 4927 2092 4966 rem
2195 4910 2518 4983 presbyteri,
2562 4909 2651 4980 qui
2693 4908 2985 4963 maximam
3002 4898 3224 4978 partem
3261 4905 3421 4979 535
3443 4921 3640 4963 eorum
3667 4920 3772 4978 qua

519 5005 693 5077 ipsam
726 4998 1037 5072 veniamus,
1078 4998 1158 5063 sic
1180 5005 1506 5062 constituere
1532 4998 1841 5077 possumus,
1869 5003 2095 5079 lnquisi-
2196 5000 2579 5079 Admonitione
2641 4988 3099 5069 et'lnquisitione
3156 4994 3509 5077 continentur
3560 5011 3783 5071 prorsus

521 5084 721 5179 tionem
771 5097 915 5179 illam
933 5091 959 5165 ',
992 5104 1056 5152 ut
1094 5103 1149 5154 et
1175 5088 1634 5162 Admonitionem,
1677 5110 1785 5151 non
1814 5078 1976 5150 unius
2003 5110 2095 5151 cu-
2201 5078 2492 5173 ignorant,
2542 5092 2609 5147 ad
2647 5090 3006 5162 cognitionem
3048 5089 3417 5179 traherentur
3440 5096 3501 5145 et
3546 5086 3773 5145 studium

514 5176 748 5262 jnspiam
778 5176 1076 5246 diieeeseos
1121 5181 1321 5255 ﬁxisse,
1368 5187 1461 5244 sed
1496 5184 1800 5261 generalem
1831 5185 2095 5251 omnium,

524 5272 767 5354 adeoque
788 5275 888 5336 usu
920 5278 1194 5350 receptam
1223 5291 1323 5349 per
1358 5273 1552 5335 omnes
1588 5265 1899 5335 Occidentis
1920 5264 2115 5354 regio-_‘

520 5362 642 5430 nes.
682 5360 1122 5429 Admonitionem
1155 5364 1306 5437 sane,
1350 5368 1438 5425 cui
1464 5362 1792 5448 respondent
1833 5367 1970 5424 tituli
2010 5366 2097 5448 ln-

523 5456 849 5537 quisitionis,
878 5456 1206 5537 per'omnes
1248 5454 1449 5534 ubique
1491 5462 1640 5519 orbis
1682 5460 1852 5517 nostri
1884 5460 2101 5532 provin-

526 5562 640 5635 cias
682 5548 997 5638 usurpatam
1038 5550 1203 5615 fuisse
1250 5550 1375 5613 hinc
1413 5548 1610 5638 colligi.
1642 5546 1817 5626 potest
1859 5555 2001 5625 quod
2047 5554 2099 5609 in

526 5645 707 5720 fronte
734 5636 1066 5718 Burchardi,
1096 5649 1172 5705 uti
1197 5646 1310 5719 jam
1344 5636 1739 5715 adnotavimus,
1772 5655 1827 5704 et
1851 5646 1907 5702 in
1931 5647 2100 5704 veteri

526 5731 712 5825 codice
754 5750 940 5796 nostro
991 5757 1095 5797 ms.
1127 5740 1402 5812 descripta
1451 5748 1533 5796 est
1580 5746 1836 5810 tanquam
1874 5732 2123 5795 formula

528 5817 715 5925 {enim
770 5847 887 5903 qua:
944 5833 1011 5887 ab
1059 5847 1381 5903 unoquoque
1434 5831 1686 5905 episcopo
1735 5829 2097 5888 annuntianda

2201 5170 2593 5240 earumrerum
2619 5188 2754 5252 quas
2788 5181 2932 5250 ipsos
2974 5180 3114 5236 scire
3153 5178 3523 5255 necessarium
3565 5180 3776 5237 omnino

2201 5279 2286 5328 est
2308 5280 2368 5327 ut
2395 5272 2531 5328 iram
2559 5260 2733 5326 vitare
2758 5259 2970 5340 possint
3009 5260 3207 5350 summi
3236 5267 3475 5340 pastoris
3508 5278 3775 5340 pastorum

2205 5348 2424 5422 Domini
2463 5365 2633 5441 nostri
2674 5361 2804 5443 ’.ιδεμ
2848 5355 3072 5419 Christi.
3123 5348 3328 5430 Quotus
3361 5358 3512 5417 enim
3556 5363 3772 5435 quisque

2203 5468 2287 5514 est
2306 5456 2487 5523 hodie,
2516 5455 2813 5527 praesertim
2837 5454 2891 5509 in
2917 5449 3210 5529 provinciis
3235 5450 3303 5509 ab
3327 5453 3667 5509 humanitate
3687 5451 3771 5507 soli

2204 5547 2432 5604 Parisini
2460 5532 2682 5612 dissitis,
2708 5544 2793 5601 cui
2819 5546 2933 5601 haec
2954 5554 3080 5601 nota
3107 5545 3253 5599 sint?
3280 5540 3386 5599 Sed
3405 5543 3771 5614 episcoporum

2207 5639 2309 5695 ista
2340 5654 2469 5694 cura
2497 5644 2611 5703 est,
2637 5635 3120 5695 nonclericorum.
3181 5636 3367 5709 Itaque
3394 5635 3499 5705 ipsi
3530 5626 3783 5692 viderint;

2206 5731 2317 5802 Ego
2341 5746 2427 5787 me
2447 5728 2603 5801 culpa
2633 5729 2820 5785 libero.

2214 5870 2221 5875 .
2275 5824 2402 5881 Car.
2441 5824 2523 5881 10.
2568 5854 2639 5866 .-
2679 5813 2881 5880 Missa].
2919 5822 3122 5894 plenar.
3162 5822 3238 5879 ita
3265 5821 3431 5879 codex
3461 5816 3765 5899 Parisiensis
