3848 5408
119 447 232 522 tua

1035 442 1242 500 NOTIE
1285 442 1374 496 AD
1415 441 1656 497 LIBROS
1699 441 1788 496 ΒΕ
1823 441 2102 498 ECCLES.
2145 443 2428 502 DlSClPL'.

3273 451 3380 508 M0

119 571 181 630 et
205 555 373 614 editio
399 556 920 622 ilelinmsmdicnsis;
951 565 1004 611 et
1023 555 1368 610 censentium
1394 557 1556 610 etiam
1584 571 1699 609 om—
1727 563 1776 620 Α
1809 577 1824 608 ι
1859 573 1996 613 unus
2021 575 2241 616 mansus
2267 575 2484 617 cum'xu
2509 563 2788 620 bunvariis
2814 563 2876 620 de
2905 572 3043 620 terra
3069 567 3258 623 arabili
3287 569 3379 624 deo

121 659 224 700 nes
251 645 514 700 editiones
539 645 952 700 Admonitionis.
999 645 1292 700 Walterius
1324 653 1502 699 tamen
1532 645 1704 698 Aure-

121 721 402 802 lianensis,
427 751 546 806 cap.
571 737 626 802 7,
649 739 830 802 habet,
861 737 1150 802 Missalem,
1187 737 1522 792 Psalterium.
1553 737 1702 792 lianc

121 813 410 904 lectionem
432 827 649 897 adjuvat
669 837 828 897 caput
851 828 920 881 ’12
943 826 1064 882 libri
1091 827 1248 896 primi
1272 827 1658 896 Capitularium
1685 843 1699 880 :

121 921 468 990 Evangelium
510 933 556 976 et
599 921 922 977 Psalterium
964 933 1014 976 et
1061 921 1297 976 Misaale.
1363 923 1494 976 Vide
1540 921 1702 975 etiam

117 1011 322 1067 Bedam
365 1011 420 1066 in
463 1013 638 1093 capite
686 1013 923 1068 secundo
963 1011 1084 1092 libri
1111 1012 1176 1066 de
1209 1011 1480 1087 Remediis
1509 1025 1700 1098 pecca-

119 1111 326 1158 torum.

187 1213 321 1294 cur.
357 1213 442 1292 11.
466 1245 534 1280 έ-
555 1213 765 1292 Retiati.
795 1213 973 1269 Editio
1006 1211 1494 1284 llelmtestadiensis
1521 1219 1574 1268 et
1601 1211 1701 1286 Ca-

117 1287 288 1376 pitula
332 1289 604 1380 l-‘lhincmari
655 1287 854 1358 habent
881 1303 1100 1368 recitati,
1151 1303 1295 1356 nullo
1317 1343 1330 1366 ,
1365 1311 1418 1356 nt
1447 1303 1698 1365 arbitror,

117 1383 308 1472 sensu.
363 1393 500 1472 Nam
531 1395 690 1471 isthic
737 1411 840 1449 non
874 1395 1050 1466 agitur
1085 1393 1151 1449 de
1192 1394 1508 1448 recitatione
1536 1393 1700 1448 divini

113 1485 282 1540 ofﬁcii
311 1526 326 1551 ,
366 1487 460 1541 sed
490 1501 558 1540 an
589 1485 712 1542 libri
741 1487 808 1540 ad
853 1501 966 1542 rem
1006 1485 1238 1540 divinam
1282 1485 1577 1539 faciendam
1610 1499 1702 1537 ne-

114 1575 346 1632 cessarii
373 1576 482 1630 sint
518 1577 656 1632 bene
691 1576 897 1646 religati
927 1583 981 1630 et
1012 1575 1296 1660 compacti.
1343 1575 1702 1648 Quemadmo-

112 1667 246 1721 dum
279 1666 422 1721 enim
462 1681 671 1721 summa
698 1657 1198 1744 curaprovidcbant
1231 1673 1292 1743 ut
1319 1667 1436 1720 libri
1467 1667 1538 1721 illi
1569 1668 1701 1722 bene

112 1743 348 1838 correcti
379 1743 564 1836 essent
604 1767 658 1816 et
686 1743 1111 1834 emendatissimi
1131 1799 1144 1820 .
1179 1767 1236 1812 nt
1267 1767 1411 1828 paret
1440 1775 1506 1814 ex
1537 1758 1700 1814 variis

109 1851 251 1924 locis
277 1850 667 1921 Capitularium
695 1860 750 1906 et
773 1867 838 1906 ex
871 1851 1692 1926 institutionibus-episcoporum

1801 657 1908 702 tur.
1945 669 1962 700 ι
1999 649 2336 719 Praeceptum
2362 652 2541 708 Caroli
2577 653 2724 710 Calvi
2757 670 2854 725 pro
2889 658 3220 712 monasterio
3260 673 3378 728 sane

1801 738 1873 792 cti
1926 739 2129 794 Bertini
2167 741 2222 794 in
2275 741 2454 797 Sithiu
2509 761 2522 798 :
2575 762 2595 795 ι
2637 744 2883 800 Mansum
2933 746 3380 808 indominicatntn,

1799 848 1925 888 cum
1975 835 2256 889 hunvariis
2304 837 2510 891 decem.
2541 857 2561 889 ι
2593 836 2794 892 Charta
2842 838 3098 894 Macharii
3143 849 3198 894 et
3238 839 3382 896 Gon-

1801 920 1982 977 dradae
2011 939 2110 992 pro
2151 924 2380 980 ecclesia
2421 927 2819 992 Cameracensi,
2858 930 2998 999 apud
3040 929 3380 984 Baldericum

1801 1012 1894 1068 lib.
1920 1030 1958 1080 1,
1991 1028 2110 1084 cap.
2133 1015 2204 1070 52
2238 1033 2252 1069 :
2287 1035 2305 1066 ι
2327 1013 2570 1070 Mansnm
2618 1019 3001 1080 dominicattun
3047 1036 3168 1074 cum
3217 1021 3384 1074 casti-

1802 1103 1912 1168 tiis,
1945 1103 2010 1158 ad
2053 1120 2216 1174 quem
2262 1107 2561 1176 respiciunt
2587 1110 2658 1162 de
2700 1115 2840 1162 terra
2883 1110 3071 1164 arabili
3121 1109 3384 1164 hnnvaria

1799 1202 2050 1262 quatuor.
2083 1213 2101 1246 ι
2151 1196 2484 1250 Glossarium
2539 1197 2712 1268 Papiae
2741 1217 2752 1252 :
2803 1219 2822 1250 ι
2853 1199 3203 1268 Bunvarium,
3237 1219 3388 1256 men-

1801 1301 1926 1340 sura
1974 1289 2214 1356 quaedam
2257 1297 2434 1354 terra},
2469 1291 2602 1345 sicut
2627 1292 2836 1362 jugera.
2861 1312 2878 1344 ι
2911 1293 3074 1363 igitur
3109 1311 3206 1362 per
3233 1311 3386 1349 man-

1801 1393 1918 1433 sum
1962 1378 2248 1434 habentem
2299 1381 2560 1436 bunvaria
2615 1384 2894 1438 duodecim
2949 1384 3170 1455 intelligi
3227 1387 3388 1440 debet

1804 1487 2026 1526 mansus
2079 1472 2131 1526 i-n
2171 1488 2280 1542 quo
2314 1481 2520 1528 tantum
2551 1485 2708 1529 terra:
2751 1476 2972 1530 arabilis
3015 1477 3086 1530 sit
3120 1487 3386 1545 quantum

1802 1575 1936 1631 opus
1983 1569 2066 1616 est
2115 1563 2180 1616 ad
2209 1564 2586 1619 seminandum
2627 1567 2910 1620 duodecim
2956 1567 3182 1622 modios.
3224 1565 3387 1622 Juvat

1802 1654 1943 1710 hanc
1981 1655 2484 1725 interpretationem
2531 1665 2687 1713 vetus
2731 1658 2918 1712 charta
2957 1656 3105 1712 Jonas
3143 1659 3384 1728 episcopi

1801 1745 2322 1817 Angustodnnensis,
2372 1747 2513 1802 edita
2561 1749 2612 1801 in
2649 1757 2796 1803 temo
2819 1749 2932 1804 Vlll
2969 1749 3240 1819 Spicilegii
3273 1749 3382 1803 Da-

1801 1837 2047 1892 cheri-ani
2071 1877 2086 1902 ,
2136 1853 2257 1908 pag.
2308 1838 2430 1902 H7,
2466 1839 2586 1904 ubi,
2633 1853 2732 1908 pro
2763 1855 2828 1893 eo
2861 1839 3004 1908 quod
3032 1839 3120 1894 hic
3155 1839 3383 1892 habetur

48 1945 60 1958 '
107 1921 262 1996 illius
299 1939 430 2004 :evi,
487 1940 560 1994 ita
601 1939 842 2010 profecto
891 1923 1156 1996 debebant
1185 1941 1338 2011 provi
1362 1943 1468 1995 ἔοι-ιε
1505 1957 1570 2012 ne
1599 1957 1689 2011 per

1800 1927 2052 1982 bunvaria
2080 1928 2394 1994 duodecim,
2425 1929 2638 2012 legitur,
2679 1929 2832 1984 Dono
2871 1931 3036 1983 etiam.
3071 1929 3124 1984 in
3151 1929 3264 1984 loco
3295 1931 3382 2000 qui

107 2031 380 2088 incuriam
413 2031 662 2102 dissipari
707 2040 924 2101 possent
969 2031 1013 2087 si
1070 2032 1277 2104 religati
1325 2049 1388 2088 ac
1426 2034 1692 2104 compacti

105 2123 279 2204 probe
303 2137 408 2200 non
431 2121 674 2198 fuissent.
701 2123 772 2202 Ea
800 2123 864 2177 de
889 2109 1052 2178 causa
1081 2123 1362 2200 cpiscopus
1387 2123 1696 2196 inquirebat

108 2231 210 2285 per
245 2217 513 2288 parmcias
541 2231 607 2270 an
633 2217 769 2278 bene
801 2216 988 2288 retiati
1010 2224 1208 2286 essent.
1241 2213 1487 2290 Betiatos
1515 2225 1692 2270 autem

109 2310 388 2376 dixerunt,
420 2320 478 2366 ut
499 2312 713 2381 opinor,
744 2313 1097 2368 similitudine
1137 2312 1298 2366 ducta
1322 2327 1352 2365 a
1382 2311 1587 2365 retibus
1618 2311 1695 2365 fa-

99 2399 220 2474 ctis
259 2416 325 2455 ex
375 2401 556 2476 nervis
580 2441 595 2466 ,
640 2409 848 2472 partem
874 2417 973 2472 pro
1016 2409 1128 2458 toto
1173 2401 1519 2472 accipientes.
1559 2399 1691 2455 Nam

99 2490 232 2564 ljbri
263 2491 316 2544 in
347 2491 509 2545 dorso
539 2490 834 2561 religantur
863 2491 928 2544 ad
956 2506 1167 2547 nervos.
1251 2499 1276 2524 ⁸

175 2601 310 2656 CAP.
341 2601 428 2656 12.
454 2631 521 2642 -
543 2599 808 2658 Cerarios.
839 2601 960 2657 Lib.
991 2618 1024 2656 v
1058 2601 1381 2672 Capitular.,
1411 2618 1531 2672 cap.
1572 2603 1687 2669 [28,

95 2699 154 2759 et
185 2689 282 2743 lib.
317 2706 374 2744 Ill
403 2689 532 2761 Leg.
572 2691 938 2762 Longobard.,
983 2691 1066 2747 tit.
1107 2692 1162 2757 5,
1191 2708 1311 2762 cap.
1342 2692 1366 2746 1
1399 2709 1412 2746 :
1441 2691 1517 2747 De
1545 2709 1692 2746 cera-

100 2781 198 2852 riis
221 2789 272 2835 et
298 2781 575 2836 tabulariis
605 2791 654 2836 et
681 2783 1018 2836 chartulariia
1059 2783 1190 2854 sicut
1220 2800 1250 2836 a
1281 2782 1435 2852 longo
1463 2792 1691 2854 tempore

103 2871 206 2940 fuit
257 2871 572 2926 observetur.
613 2871 866 2936 Cerarios
905 2872 1334 2948 Lindenbrogius
1375 2873 1689 2944 interpreta-

103 2970 191 3014 tur
224 2976 319 3016 eos
363 2962 452 3032 qui
480 2978 602 3018 cera
647 2963 934 3038 obsignant
973 2965 1180 3032 litteras
1203 2983 1222 3040 :4
1241 2980 1402 3034 quem
1445 2967 1690 3036 sequitur

103 3051 487 3122 Spelmannus.
525 3053 632 3112 liic.
651 3063 828 3114 tamen
846 3056 985 3126 apud
1011 3055 1340 3124 lteginonem
1365 3055 1520 3128 longe
1540 3055 1685 3118 aliud

105 3143 380 3213 signiﬁcat
429 3143 528 3216 hoe
570 3143 912 3206 vocabulum.
977 3143 1139 3209 Moris
1181 3146 1320 3200 haud
1366 3146 1524 3200 dubie
1573 3155 1683 3202 tum

106 3243 244 3300 erat,
278 3235 420 3305 quod
451 3243 506 3290 ct
544 3235 702 3302 hodie
727 3250 942 3306 quoque
983 3235 1122 3306 apud
1159 3233 1472 3312 Lemovices
1497 3237 1684 3294 obser-
1713 3253 1756 3314 ρ

105 3333 288 3390 vatur,
319 3335 380 3380 ut
420 3325 472 3379 in
506 3340 824 3397 unaquaque
853 3324 1078 3380 ecclesia
1121 3335 1266 3380 esset
1297 3333 1475 3382 certus
1503 3339 1687 3398 cereo-

108 3431 226 3468 rum
258 3429 516 3470 numerus
539 3456 554 3481 ,
587 3415 680 3470 sed
725 3429 1004 3470 cereorum
1035 3414 1124 3483 qui
1157 3413 1390 3468 hominis
1421 3421 1683 3468 staturam

107 3513 416 3574 a‘quarent,
465 3505 536 3559 ita
567 3519 729 3574 porro
758 3505 930 3561 crassi
969 3513 1149 3559 essent
1174 3512 1235 3558 ut
1267 3519 1359 3559 eos
1381 3503 1543 3559 homo
1573 3519 1686 3558 am-

109 3595 276 3658 babus
303 3595 552 3650 manibus
577 3595 824 3666 amplecti
848 3605 940 3652 aut
960 3596 1416 3664 comprehendere
1444 3596 1532 3650 vix
1563 3609 1686 3666 pos-

109 3693 206 3750 set,
263 3683 434 3741 moles
487 3699 790 3752 cereorum,
845 3695 902 3740 ut
951 3685 1114 3760 536
1162 3694 1323 3748 vocat
1365 3685 1685 3756 vigilantius

109 3772 242 3848 apud
287 3771 694 3846 Hieronymum.
749 3759 1229 3850 Cereus,lutidixi,
1259 3773 1559 3844 istiusmodi
1585 3790 1685 3846 pro

109 3862 370 3936 cujusque
400 3863 750 3942 facultatibus
792 3865 974 3937 plures
1017 3877 1110 3921 aut
1153 3867 1439 3936 pauciores
1483 3853 1686 3924 habent

112 3955 348 4012 ecclesiae
391 3957 772 4040 Lemovicum,
815 3957 906 4030 qui
949 3959 1001 4013 in
1040 3957 1236 4026 multos
1263 3975 1432 4014 annos
1462 3959 1680 4030 durant,

109 4047 329 4126 etCires
367 4057 650 4128 vocantur,
692 4049 835 4122 quod
877 4050 1210 4126 vocabulum
1242 4049 1375 4120 nihil
1420 4059 1681 4120 prieterea

112 4135 375 4208 signiﬁcat
406 4155 568 4210 quam
610 4141 751 4196 istud
776 4155 1056 4196 cereorum
1098 4156 1284 4213 genus.
1322 4141 1361 4195 li
1388 4155 1518 4212 ergo
1541 4140 1680 4196 intra

113 4231 391 4307 ecclesiam
424 4233 780 4310 servabantur
830 4233 882 4287 in
925 4241 1076 4310 certo
1121 4233 1261 4299 loco,
1309 4234 1362 4288 in
1389 4241 1680 4310 conspectu

116 4329 287 4378 tamen
316 4323 552 4380 fidelium
589 4341 802 4406 semper
823 4325 1013 4397 positi;
1047 4311 1478 4406 accendebantur
1499 4335 1678 4382 autem

115 4411 162 4492 in
194 4417 472 4487 praecipuis
518 4416 930 4483 festivitatibus,
976 4427 1086 4472 tum
1121 4418 1284 4494 etiam
1334 4417 1679 4498 circumfere-

113 4503 297 4562 bantur
326 4507 378 4562 in
423 4511 877 4580 processionihus.
915 4509 1051 4564 Nam
1094 4509 1195 4566 ista
1227 4509 1306 4582 sic
1349 4509 1506 4588 hodie
1546 4509 1680 4564 tinnt

116 4608 174 4646 ex
202 4595 366 4651 veteri
397 4597 536 4653 haud
564 4600 722 4655 dubie
749 4599 1016 4655 instituto.
1063 4599 1130 4654 Et
1159 4601 1283 4670 quia
1309 4601 1452 4656 cerei
1481 4601 1552 4654 illi
1585 4601 1698 4656 diu:

115 4683 408 4755 durabant,
459 4693 889 4746 numerabantur
934 4693 987 4746 in
1041 4693 1357 4762 supellectili
1403 4693 1672 4766 Ecclesize.

115 4773 234 4858 fiam
263 4779 442 4850 itaque
468 4782 537 4836 ob
563 4799 779 4838 causam
814 4781 1159 4853 inquirebant
1200 4783 1326 4840 olim
1360 4791 1490 4855 quot
1525 4800 1677 4840 cera-

116 4865 226 4944 rios;
246 4869 466 4954 haberet
495 4889 830 4952 unaquaeque
859 4873 1105 4930 ecclesia.

1797 2016 2094 2089 appellatur
2113 2016 2236 2071 Biat
2267 2029 2458 2072 terram
2485 2003 2744 2072 arabilem
2769 2018 3060 2072 att-modios
3083 2019 3378 2086 duodecim.

1865 2105 1994 2162 Cn.
2026 2105 2112 2160 18.
2140 2135 2212 2148 -
2247 2107 2407 2161 Laico
2455 2117 2546 2160 aut
2589 2107 2818 2176 fantium.
2853 2106 3164 2164 Admonitio
3208 2123 3377 2178 syno-

1798 2196 1936 2251 dal-is
1977 2197 2196 2266 antiqua
2224 2211 2242 2248 :
2279 2215 2296 2248 ι
2335 2197 2399 2251 Et
2429 2197 2608 2252 nullus
2649 2207 2941 2267 przesumat
2983 2197 3197 2253 tradere
3233 2213 3380 2252 com-

1796 2289 2106 2344 munionem
2130 2289 2270 2345 laico
2291 2299 2384 2344 aut
2405 2290 2620 2346 femina:
2641 2292 2706 2346 ad
2735 2290 3081 2346 deferendum
3107 2291 3340 2346 inﬁrmo.
3357 2313 3386 2352 ι,

1797 2380 1892 2434 Vir
1931 2379 2262 2434 clarissimus
2305 2379 2464 2450 537
2509 2379 2774 2436 Henricus
2803 2381 3070 2446 Valesius,
3107 2397 3226 2436 eum
3275 2397 3380 2435 non

1797 2469 2254 2524 animadverteret
2277 2469 2710 2525 Admonitionem
2739 2470 2894 2524 istam
2922 2470 3090 2524 multo
3113 2471 3394 2540 antiquio-_

1795 2575 1908 2615 rem
1945 2573 2068 2613 esse
2102 2575 2218 2614 aevo
2245 2559 2490 2614 Ratherii
2518 2559 2754 2628 episcOpi
2783 2559 3110 2614 Veronensis
3137 2569 3192 2613 et
3221 2558 3378 2614 Udal-

1795 2649 1891 2702 rici
1919 2649 2156 2718 episcopi
2187 2646 2508 2718 Angustani,
2537 2664 2602 2703 ex
2633 2663 2697 2703 eo
2727 2647 2846 2702 loco
2873 2647 3086 2718 collegit
3125 2663 3278 2702 usum
3319 2647 3384 2701 il-

1793 2738 1902 2793 lum
1936 2742 2178 2796 tradendi
2213 2741 2650 2796 communionem
2679 2739 2834 2794 laicis
2865 2754 2930 2795 ac
2959 2739 3170 2800 feminis
3193 2740 3258 2794 ad
3283 2741 3380 2800 de-

1793 2831 2076 2888 ferendum
2105 2833 2335 2890 intirmis
2362 2822 2743 2902 persevera-sse
2771 2833 2823 2888 in
2853 2831 3092 2889 Ecclesia
3119 2848 3288 2901 usque
3312 2833 3378 2886 ad

1792 2919 2364 2979 decimum'saeculum
2413 2943 2425 2978 :
2467 2939 2630 2994 quam
2681 2925 3046 2994 conjecturam
3099 2923 3380 2994 amplexus

1791 3023 1976 3084 postea
2018 3023 2101 3069 est
2148 3014 2231 3068 vir
2277 3016 2521 3070 eruditus
2548 3016 2638 3085 qui
2673 3031 2843 3086 nuper
2889 3017 2940 3070 in
2992 3016 3165 3072 lucem
3197 3017 3385 3076 emisit

1791 3103 2070 3158 historiam
2115 3103 2474 3160 eucharistire.
2512 3105 2668 3161 Falsa
2709 3107 3122 3176 argumentatio.
3155 3105 3290 3160 Nam
3331 3109 3376 3162 si

1791 3193 1894 3248 isto
1921 3195 2330 3263 argumentandi
2377 3211 2576 3265 genere
2619 3197 2708 3251 uti-
2745 3197 2966 3260 liceret,
3002 3197 3116 3266 pari
3168 3197 3376 3252 ratione

1791 3287 2096 3340 necessario
2117 3287 2493 3358 colligeremns
2515 3303 2626 3344 rem
2649 3306 2808 3360 quam
2829 3307 3017 3362 omnes
3037 3293 3236 3347 scimus
3257 3307 3376 3347 esse

1789 3376 2170 3444 falsissimam,
2217 3380 2474 3435 nimirum
2513 3383 2764 3437 eumdem
2809 3398 2964 3437 usum
3005 3383 3245 3438 mittendi
3280 3397 3390 3445 eu-\

1787 3468 2102 3524 charistiam
2148 3469 2375 3524 infirmis
2401 3485 2498 3540 per
2527 3471 2693 3526 laicus
2722 3487 2786 3526 ac
2813 3471 3043 3527 feminas
3077 3473 3372 3526 etiamnum
3405 3459 3408 3463 ’

1787 3571 2140 3626 perseverare
2169 3557 2222 3611 in
2251 3557 2493 3614 Ecclesia
2512 3599 2526 3624 ,
2569 3574 2693 3614 cum
2723 3559 2776 3614 in
2807 3560 3184 3614 Admonitit‘me
3213 3575 3364 3628 syno-

1785 3647 1892 3702 dali
1919 3661 2040 3717 quae
2067 3662 2164 3718 per
2199 3648 2481 3704 universas
2509 3648 2816 3706 Occidentis
2841 3649 3110 3704 Ecclesias
3145 3648 3386 3719 singulis

1763 3737 1944 3791 annis
1969 3736 2166 3807 legitur
2189 3739 2258 3792 ab
2285 3739 2556 3809 episc0pis
2583 3739 2634 3793 in
2669 3739 2784 3794 suis
2808 3739 3024 3809 synodis
3051 3737 3390 3805 dimcesanis,

1787 3827 1858 3880 ita
1889 3827 2148 3898 scriptum
2184 3829 2450 3885 habeatur
2474 3830 2526 3883 in
2554 3829 2860 3884 Pontificali
2884 3828 3162 3884 Romano:
3193 3846 3212 3878 ι
3241 3827 3386 3896 Nu]:

1784 3915 1870 3972 ius
1893 3926 2182 3986 praesumat
2217 3920 2432 3973 tradere
2469 3919 2902 3973 communionem
2929 3917 3068 3972 laico
3091 3927 3180 3972 aut
3209 3917 3368 3970 femi-

1767 4023 1868 4060 nae
1897 4007 1965 4062 ad
1995 4007 2346 4064 deferendum
2375 4008 2610 4064 infirmo.
2643 4025 2662 4059 ι
2699 4007 2844 4062 Vide.
2865 4007 3003 4061 infra
3051 4007 3144 4060 lib.
3177 4021 3214 4070 ι,
3243 4019 3362 4074 cap.
3417 4015 3422 4022 '

1785 4096 1889 4151 120
1917 4105 1972 4152 et
2000 4098 2124 4154 1-99.

1853 4185 1982 4239 Car.
2011 4185 2100 4240 26.
2129 4216 2199 4228 -—
2229 4185 2296 4240 lu
2325 4186 2533 4240 radium
2561 4187 2708 4239 dare.
2731 4184 2948 4254 Pignori
2979 4183 3210 4246 tradere,
3233 4182 3365 4235 dou-

1785 4292 1880 4330 ner
1903 4293 1964 4330 en
1993 4293 2140 4347 gage.
2175 4277 2280 4332 Pro
2303 4293 2412 4346 quo
2435 4287 2492 4332 et
2513 4286 2646 4332 tetas
2681 4275 2954 4330 Hincmari
2985 4283 3039 4328 et
3079 4273 3376 4342 sequentia,

1773 4367 1978 4424 smcula
2001 4369 2256 4423 dixerunt
2277 4369 2442 4424 etiam
2467 4367 2850 4432 vadimonium,
2877 4366 2938 4421 ut
2959 4365 3098 4420 infra
3129 4365 3370 4426 adnota—_

1781 4460 1832 4515 bi
1841 4468 1946 4513 tur.
1979 4458 2107 4515 Inde
2131 4457 2429 4521 iuvadiare,
2463 4474 2706 4530 engager.
3147 4497 3154 4504 .

1685 4587 1756 4645 ιι)
1849 4551 1978 4606 CAP.
2011 4551 2100 4606 59.
2121 4580 2194 4596 -η
2211 4549 2280 4604 In
2307 4567 2484 4604 amore
2503 4559 2733 4604 sanctor.
2761 4547 2903 4603 Infra
2917 4548 3009 4603 lib.
3033 4563 3072 4612 ι,
3105 4546 3360 4618 οεψ.215,

1785 4663 1875 4700 nec
1901 4647 2102 4716 precari
2125 4647 2180 4698 in
2211 4646 2386 4698 amore
2425 4653 2727 4698 sanctorum
2757 4640 2835 4696 vel
2869 4642 3033 4712 ipsius
3063 4641 3252 4694 animo:
3283 4640 3362 4700 bi.-

1785 4740 1920 4792 bere.
1955 4737 2090 4794 Vide
2119 4738 2415 4794 Caesarium
2444 4737 2810 4793 Arelatensem
2839 4735 3059 4792 homilia
3091 4745 3250 4790 sexta
3287 4737 3365 4787 in-

1784 4839 1866 4886 ter
1886 4846 1980 4885 cas
2008 4846 2127 4900 qme
2157 4847 2188 4884 a
2217 4831 2375 4886 nobis
2395 4831 2554 4886 editae
2579 4844 2752 4899 nuper
2773 4838 2918 4884 sunt.

1855 4919 2050 4990 Turpia
2091 4921 2237 4991 joca.
2273 4920 2416 4976 Infra
2448 4934 2568 4990 cap.
2595 4918 2703 4975 215
2730 4919 2854 4975 libri
2893 4918 3052 4989 primi
3081 4919 3160 4971 vel
3189 4917 3362 4982 turpia

177 5000 298 5060 CAP.
329 5007 414 5060 15.
450 5037 518 5050 --
553 5006 836 5064 Bonvaria.
886 5007 1064 5062 Edilio
1113 5007 1490 5072 lleltna'stad.,
1539 5006 1675 5060 bona
1774 5009 1918 5078 joca.
1951 5008 2042 5066 Sic
2069 5022 2180 5066 tum
2223 5009 2478 5068 dicebant
2521 5025 2619 5079 pro
2659 5019 2834 5078 turpes
2866 5012 3035 5080 jocos.
3086 5007 3364 5060 Falluntnr

113 5103 248 5144 arva.
283 5093 556 5152 Hincmari
586 5097 831 5167 Capitula
875 5098 956 5152 tit.
989 5098 1048 5162 2,
1073 5113 1192 5166 cap.
1226 5097 1298 5151 2:
1338 5115 1356 5148 ι
1387 5097 1443 5152 Si
1479 5096 1676 5152 habeat

1778 5115 1910 5169 ergo
1931 5101 2023 5172 qui
2047 5101 2150 5157 ista
2175 5109 2388 5158 tentant
2407 5099 2699 5158 emendare
2723 5100 2790 5152 ad
2813 5099 2956 5169 leges
2979 5095 3361 5167 grammaticae.

117 5194 344 5250 mansum
401 5189 687 5246 habentem
755 5189 1058 5248 bunnuaria
1117 5189 1422 5245 duodecim.
1450 5205 1474 5241 ι
1527 5187 1670 5245 Idem
1779 5189 2078 5246 Concilium
2111 5191 2436 5250 Rhemense.
2465 5190 2568 5246 sub
2594 5187 2792 5242 Carolo
2813 5189 3022 5258 Magno,
3047 5199 3166 5254 cap.
3194 5185 3282 5246 t7,
3314 5195 3364 5236 et

115 5269 416 5336 m'mmsrnq
437 5285 488 5338 in
507 5282 842 5328 nnucmnlnlv
857 5282 1135 5322 nnnilnlnr
1197 5297 1296 5320 non
1333 5283 1356 5318 4
1403 5281 1470 5318 An
1485 5280 1672 5327 Alinlm
1699 5313 1716 5320 -

1781 5283 1997 5326 Διιιιίιίη
2018 5299 2075 5326 ιιι
2109 5282 2395 5326 “annulo:-
2461 5297 2565 5320 nan
2609 5279 2674 5314 ΑΩ
2697 5295 2710 5308 ·
2745 5278 2812 5316 Π)
2835 5276 3054 5318 puniet-nni
3091 5285 3133 5300 ιι

3165 5275 3310 5300 -ι.ι....
3355 5293 3366 5295 -
