3920 6404
561 403 626 457 4|
645 402 663 456 l
1867 385 2230 450 STEPIIANII
2268 387 2540 446 BALUZII
3675 399 3749 454 ne

562 532 751 574 versus
780 515 1081 578 avaritiam,
1112 529 1231 584 pag.
1262 512 1364 568 425
1388 518 1672 582 postremte
1702 508 1980 568 editionis.
2004 505 2020 507 ’
2161 506 2208 565 Α
2237 505 2634 564 admitteretur.
2687 507 2790 562 nisi
2817 508 2959 568 forte
2997 524 3185 565 eorum
3226 511 3416 580 petitio
3445 521 3531 567 aut
3557 513 3749 574 voluntas

630 607 758 662 CAP.
788 605 876 661 42.
901 634 968 645 -
986 601 1044 656 Si
1067 603 1277 656 "lissam
1300 610 1495 656 can’al.
1522 599 1665 655 Infra
1692 599 1784 654 lib.
1812 616 1851 665 ι,
1873 614 1992 668 cap.
2012 597 2136 660 I99,
2239 608 2527 652 accesserit
2544 597 2635 667 qui
2655 597 2855 668 aliquid
2877 599 2979 658 sibi
3009 600 3060 654 in
3086 615 3180 656 eos
3209 603 3480 658 vindicant
3501 611 3746 674 potestatis;

563 699 772 752 Dictum
794 706 868 750 eat
892 696 1058 758 nobis,
1087 703 1195 748 etc.
1227 693 1372 748 Istud
1387 693 1784 762 prohibebatur
1807 691 1972 762 538
1995 691 2111 745 han

2240 687 2330 756 qui
2382 686 2529 743 locus
2580 687 2781 743 relatus
2835 697 2917 745 est
2972 690 3026 745 in
3081 691 3216 747 libro
3258 693 3484 764 septimo
3511 695 3746 766 Capitular.

534 837 536 839 .
561 789 721 843 dubie
742 801 810 842 ne
829 785 1152 842 sacriﬁcium
1170 785 1337 839 videri
1359 782 1921 854 possetimperfectum
1938 783 1981 838 si
1997 798 2082 852 pre

2240 794 2358 849 cap.
2391 779 2478 834 54.
2509 779 2634 835 Inde
2653 797 2830 835 servus
2857 798 2888 835 a
2917 783 3186 838 nativitate
3215 784 3266 838 in
3293 784 3513 854 epistola
3539 787 3626 842 107
3649 788 3749 845 inter

559 883 734 954 byteri
772 897 877 938 non
918 879 1467 956 communicarentde
1485 893 1710 949 corpore
1736 877 1968 932 Domini.
1988 878 2137 944 Quod
2239 869 2635 944 Bonifacianas.
2669 870 2728 926 In
2773 872 3003 943 epistola
3046 873 3278 945 denique
3316 875 3445 930 cleri
3483 875 3749 936 Ravennatis

562 976 768 1030 crimen
815 975 951 1029 adeo
977 989 1230 1044 magnum
1260 973 1526 1042 putabant
1569 971 1867 1040 antiquitus
1911 980 1970 1024 ut
2001 971 2141 1025 inter
2241 959 2306 1012 ad
2337 957 2588 1014 Camlum
2637 959 2942 1029 ,ἱυηίοΐθῐηι
2987 977 3109 1032 quae
3153 979 3183 1018 a
3219 962 3475 1019 CordeSiO
3515 967 3638 1020 edita
3677 979 3747 1030 esi.

559 1076 786 1122 caeteras
837 1065 1185 1137 gravissimas
1241 1064 1615 1120 accusationes
1672 1063 1931 1118 adversus
1977 1061 2107 1118 Joan

2240 1048 2390 1106 aiunt
2423 1050 2563 1106 hanc
2594 1053 3044 1107 consuetudinem
3068 1068 3190 1110 esse
3235 1055 3288 1108 in
3333 1055 3564 1110 Ecclesia
3595 1058 3748 1115 Raven-

558 1174 681 1214 nem
704 1157 796 1213 XII
821 1157 1124 1228 propositas
1139 1158 1194 1211 in
1222 1156 1452 1212 concilio
1473 1157 1655 1211 Romae
1683 1156 1868 1212 habito
1884 1171 2025 1212 anno
2037 1157 2105 1214 96

2241 1141 2469 1206 natcnsi,
2511 1151 2569 1196 ut
2596 1142 2688 1211 qui
2722 1143 2789 1197 ad
2817 1145 3106 1200 sacerdotii
3134 1145 3450 1217 dignitatem
3485 1149 3750 1206 ordinandus

559 1258 786 1304 ιρδιριυι.
831 1249 1176 1305 continuato,
1218 1248 1534 1316 Luilpmndi
1576 1247 1649 1303 lib
1681 1263 1759 1313 γι,
1801 1262 1922 1317 ηερ,
1952 1249 2006 1314 7,
2045 1250 2142 1305 οι),
2241 1239 2348 1296 est,
2372 1231 2417 1284 is
2437 1230 2796 1302 interrogetur
2823 1233 2868 1286 si
2887 1233 3062 1308 servili
3091 1244 3180 1288 aut
3208 1237 3507 1306 originaria:
3527 1241 3751 1295 conditioni

549 1337 756 1406 jcctum
784 1338 860 1393 illi
894 1337 1061 1394 fuisse
1083 1339 1224 1408 quod
1265 1339 1485 1394 missam
1507 1337 1793 1406 aliquando
1819 1339 2097 1394 celebrasst

2231 1321 2508 1376 'obnoxius
2536 1323 2626 1377 sit.
2653 1322 2927 1378 Ebbonem
2954 1323 3316 1382 Rhemcnsem
3356 1329 3748 1402 archiepiscopum

555 1440 611 1483 et
657 1443 762 1482 non
790 1429 1270 1484 communicasset.
1317 1448 1335 1482 ι
1365 1429 1581 1493 Petrus,
1622 1428 1818 1497 inquit,
1853 1429 2143 1486 cardinalis
2241 1410 2408 1468 fuisse
2431 1429 2494 1468 ειτ
2520 1413 2858 1484 originalium
2895 1432 3164 1472 δετυοηιτη
3203 1419 3366 1490 stirpe
3396 1423 3752 1495 εθτίδίιτιιεελ-

556 1518 837 1588 presbyter
861 1532 920 1574 se
944 1519 1141 1573 vidisse
1172 1518 1320 1572 illum
1365 1519 1585 1572 missam
1621 1516 1926 1574 celebrasse
1951 1527 2004 1573 et
2035 1535 2138 1574 non
2241 1520 2342 1559 “"5
2369 1504 2423 1558 ίη
2451 1519 2570 1574 οθΡ·
2590 1504 2660 1559 44
2682 1505 2746 1560 de
2768 1504 2948 1563 GeSliS
2972 1506 3226 1568 LUdOVici
3257 1511 3362 1567 Pii.
3391 1512 3606 1569 Omnino
3623 1524 3749 1570 autem

556 1612 982 1666 communicasse
1010 1620 1236 1666 ιθεωιυε
1264 1620 1366 1665 ρει,
1401 1630 1419 1662 ,
2241 1605 2370 1665 puto
2408 1610 2688 1652 servorum
2737 1598 2988 1664 nomine,
3027 1609 3226 1669 praeter
3267 1603 3535 1673 propriam
3567 1605 3750 1660 vocabuli

625 1703 755 1758 Car.
788 1704 876 1758 5i.
906 1735 976 1744 —
1007 1703 1065 1760 Si
1115 1705 1348 1772 indi/fer.
1387 1704 1632 1769 baptizet.
1685 1703 1739 1757 Id
1789 1712 1907 1768 est,
1958 1712 2138 1758 utrum

2241 1687 2710 1758 signiﬁcationem,
2752 1688 2975 1760 intelligi
3005 1691 3246 1757 colonos,
3278 1692 3330 1747 id
3359 1702 3442 1748 est
3482 1709 3567 1749 eos
3592 1695 3664 1764 qui
3687 1695 3749 1748 do-

556 1793 758 1864 absque
805 1796 1132 1851 necessitate
1177 1795 1413 1866 baptizet
1455 1796 1560 1852 alio
1607 1804 1844 1867 tempore
1875 1811 2035 1866 quam
2087 1797 2137 1852 in
2175 1852 2212 1867 ,ε
2243 1778 2404 1832 minis
2429 1777 2670 1833 Ῐοθονυίη
2701 1780 3024 1835 θινίηπυηι
3074 1783 3142 1836 δι’
3177 1783 3390 1854 οτίὲῖηθ
3424 1801 3515 1839 sua
3549 1784 3751 1840 debebam

555 1852 818 1941 paséhale
839 1895 896 1941 ει
919 1852 1261 1943 Ρεηιρεοειρξ
1715 1852 1730 1867 ’
1892 1852 1909 1866 ³
2168 1852 2214 1910 Β
2241 1885 2433 1940 operas
2463 1887 2562 1941 pro
2589 1870 2830 1926 colendis
2876 1874 3040 1944 agris.
3070 1876 3204 1931 Cum
3242 1852 3391 1932 enim
3420 1877 3627 1932 dominis
3659 1893 3764 1948 Opus.

631 1973 758 2030 CAP,
795 1973 884 2029 57.
913 2006 986 2016 _
1016 1976 1101 2031 Ex
1121 1977 1275 2032 εονάε
1305 1995 1421 2032 δυο,
1451 1977 1582 2034 mud
1609 1978 1723 2032 γυιι
1750 1979 2050 2049 ῐηίιυίείιιο,
2079 1987 2139 2034 ,η
2239 1969 2385 2017 esset
2437 1961 2671 2032 plurima
2728 1962 3044 2018 colonorum
3097 1964 3408 2035 huiusmodi
3460 1965 3749 2027 multitudine,

554 2080 676 2120 cum
707 2067 992 2138 presbyter
1012 2071 1286 2138 exceperit
1310 2069 1704 2126 confessionem
1730 2071 2063 2142 paenitentis,
2087 2072 2135 2127 ei
2240 2051 2492 2107 nolebant
2515 2066 2619 2142 eos
2641 2051 2754 2107 ﬁeri
2783 2051 3011 2108 clericos
3037 2093 3052 2119 ,
3099 2068 3169 2108 ne
3195 2055 3325 2124 quid
3354 2054 3652 2112 utilitatibus
3673 2057 3749 2110 suis

554 2156 926 2225 ptenitentiatn
963 2157 1209 2230 injnngat
1238 2160 1395 2231 juxta
1434 2161 1651 2217 modum
1697 2140 1890 2232 culpas,
1925 2179 2029 2216 non
2073 2179 2102 2217 e

2241 2141 2535 2198 decideret.
2588 2140 2698 2198 Sed
2726 2151 3076 2213 posteaquam
3119 2144 3224 2198 ista
3275 2153 3480 2199 mutata
3525 2154 3648 2210 sunt,
3672 2154 3747 2198 tum

551 2249 708 2304 corde
735 2266 852 2314 suo,
903 2250 956 2304 id
1000 2259 1105 2314 est,
1149 2266 1256 2306 non
1285 2267 1352 2306 ex
1383 2253 1550 2308 animi
1597 2252 1680 2308 sui
1712 2260 1885 2318 motu,
1933 2268 2039 2309 non
2069 2267 2099 2308 e

2239 2234 2417 2290 coloni
2449 2249 2668 2306 quoque
2721 2234 2849 2290 facti
2895 2243 3022 2292 sunt
3047 2235 3233 2292 clerici
3297 2237 3502 2307 absque
3542 2237 3749 2293 voluntate

552 2336 755 2407 impetu
799 2340 1032 2409 quodam
1077 2341 1275 2397 mentis
1317 2350 1373 2396 et
1414 2343 1710 2410 voluntate,
1753 2346 1846 2402 sed
1877 2355 2036 2417 prout
2082 2348 2098 2402 i

2239 2325 2602 2382 dominorum.
2629 2326 2862 2397 lteperio
2889 2334 3068 2401 tamen
3089 2326 3144 2382 in
3173 2327 3347 2383 veteri
3382 2339 3579 2398 regesto
3602 2327 3747 2382 arcbii-i

551 2423 917 2483 Pmnitentiali
949 2429 1210 2500 scriptum
1240 2439 1345 2495 est,
1374 2433 1425 2486 in
1455 2449 1564 2504 quo
1589 2435 1766 2489 omnia
1793 2444 2099 2506 peccatorut

2239 2419 2375 2490 regii
2435 2418 2619 2475 Paris.
2697 2419 3163 2486 transactionem,
3227 2427 3294 2474 ut
3347 2428 3566 2484 vocant,
3618 2421 3746 2474 initam

552 2519 811 2585 remedia,
839 2536 1028 2576 omnes
1051 2537 1228 2592 paenae
1256 2525 1625 2580 continentur.
1656 2528 1786 2582 Eam
1811 2529 1881 2584 ob
1917 2544 2100 2584 causai

2237 2525 2382 2567 anno
2420 2511 2519 2566 271
2553 2512 2693 2567 inter
2719 2511 2989 2568 dominam
3023 2519 3079 2568 et
3113 2507 3337 2567 colonos
3379 2513 3445 2568 de
3477 2511 3745 2581 Vendopeta,

551 2609 780 2664 edicitur
807 2610 946 2666 infra
976 2612 1028 2666 in
1060 2614 1240 2683 capite
1267 2614 1337 2668 95
1363 2616 1516 2670 istius
1541 2617 1907 2686 lnquisitionis
1935 2625 1994 2672 ut
2015 2618 2099 2688 qui

2240 2601 2397 2673 vulgo
2432 2600 2760 2666 Vandeuvre,
2786 2601 2841 2655 in
2871 2616 2975 2672 qua
3004 2601 3147 2656 inter
3169 2609 3369 2658 ctetera
3391 2601 3663 2674 continetur
3678 2615 3746 2653 non

530 2695 683 2752 libet
711 2700 993 2769 presbyter
1029 2701 1224 2756 habeat
1261 2703 1658 2770 Pwnitentiale,
1702 2715 1812 2760 «.ut
1841 2709 2134 2762 secundum
2241 2707 2397 2761 P0559
2421 2689 3490 2746 θίίοειιδδίίδίοτυπιί¹¹ίυ⁵Ῐ⁰⁰ί⁰Πθτ¹¹ί²δ
3505 2689 3745 2745 defleam

553 2787 694 2854 quod
741 2786 813 2842 ibi
858 2789 1120 2857 scriptum
1167 2801 1250 2846 est
1296 2791 1596 2862 interroget
1634 2794 2010 2860 confitentem,
2045 2811 2101 2850 au

2300 2792 2437 2839 mter
2459 2797 2785 2838 consensum
2807 2781 3172 2853 dominorum,
3207 2782 3344 2836 alias
3368 2783 3484 2837 illos
3504 2781 3746 2836 htercditatc

553 2875 804 2932 confesso
835 2879 1051 2933 modum
1084 2883 1417 2948 poenitentia:
1445 2883 1707 2954 imponat.
1743 2903 1762 2936 ι
1801 2884 1869 2939 Ει
1909 2886 2101 2941 Carqu

2300 2884 2461 2929 llel'lla
2487 2873 2779 2944 privandos
2809 2887 2927 2927 esse
2952 2873 3042 2942 qui
3065 2882 3256 2928 contra
3283 2869 3746 2944 promoverenturad

553 2969 777 3040 Magnus
805 2972 856 3026 in
886 2972 991 3029 ﬁne
1016 2973 1344 3045 Capitularis
1366 2978 1431 3032 ad
1463 2978 1584 3032 Salz
1611 2980 1866 3034 admonet
1889 2990 1947 3034 ut
1971 2997 2136 3037 unus-
2239 2968 2455 3022 ordines
2475 2965 2885 3022 CCCleSiaSliCOS-
2914 2965 3039 3020 "me
3068 2972 3193 3021 Sunt
3213 2966 3380 3020 verba
3410 2964 3590 3020 veteris
3608 2962 3746 3016 instru-
3848 3011 3849 3020 χ

553 3061 781 3128 quisque
806 3063 1086 3133 presbyter
1116 3084 1134 3116 ι
1167 3067 1231 3120 de
1255 3067 1550 3122 eanonibns
1571 3069 1760 3124 doctus
1784 3070 1875 3134 sit,
1904 3080 1959 3124 et
1979 3086 2101 3125 suur

2239 3057 2434 3111 menti:
2453 3056 2518 3110 Et
2540 3055 2605 3111 iis
2629 3073 2690 3110 ne
2715 3066 2965 3125 pourront
2989 3055 3122 3123 faire
3143 3055 3286 3109 leurs
3307 3054 3468 3127 5M
3484 3054 3643 3121 enfans
3658 3050 3743 3104 vim

551 3147 930 3206 Pmnitentiale
958 3151 1094 3208 bene
1123 3154 1278 3208 sciat.
1315 3175 1334 3208 ι
1367 3155 1634 3222 Quantum
1667 3167 1846 3213 autem
1877 3157 2099 3214 absumu

2195 3203 2205 3222 ,
2237 3163 2292 3201 se
2315 3147 2441 3201 n’est
2463 3163 2561 3216 par
2588 3145 2640 3199 Ia
2664 3144 2862 3203 volente
2889 3144 2952 3199 de
2969 3144 3158 3199 ladicte
3187 3145 3342 3199 dame
3367 3155 3414 3199 et
3440 3145 3508 3197 du
3527 3143 3677 3195 derant
3695 3141 3743 3190 dit

553 3257 583 3294 ιι
606 3202 1634 3315 vntodestiaﬂ
1667 3202 1846 3213 “mu
1877 3202 2133 3215 “unum
2163 3202 2207 3265 Ο
2238 3202 2478 3308 εεὶθηειιέ
2497 3245 2545 3292 et
2567 3236 2631 3290 de
2655 3235 2792 3290 leurs
2821 3236 2983 3290 hoirs.
3023 3235 3092 3290 Et
3115 3235 3208 3290 cils
3242 3237 3334 3308 qui
3357 3235 3404 3290 Ie
3425 3234 3596 3304 ferant,
3621 3241 3742 3286 terant

539 3379 542 3381 Α
623 3335 753 3390 ΟΑΡ,
785 3336 874 3390 66.
906 3366 977 3376 _
1006 3334 1138 3393 Cum
1182 3337 1276 3392 illa
1323 3339 1466 3394 alba,
1512 3341 1822 3398 Αάιιιοηίιίο
1864 3341 2137 3414 synodali;
2239 3345 2303 3385 en
2334 3330 2384 3384 la
2410 3328 2568 3384 merci
2594 3329 2657 3383 de
2680 3327 2732 3382 la
2760 3327 2945 3384 denunt
2968 3328 3105 3384 dicte
3128 3329 3283 3383 dame
3306 3337 3354 3382 et
3376 3344 3442 3381 au
3465 3327 3681 3396 :eigneur.
3700 3317 3743 3372 Et

554 3425 777 3494 antiqua
810 3443 824 3480 :
868 3443 887 3476 ι
917 3425 1104 3481 Nullus
1149 3427 1199 3481 in
1246 3428 1364 3483 alba
1391 3444 1497 3499 qua
1527 3430 1580 3484 in
1625 3445 1752 3486 suos
1796 3445 1928 3487 usus
1967 3433 2137 3488 υιῑιιη·
2237 3421 2479 3476 ottroient
2502 3435 2600 3491 que
2627 3417 2664 3474 li
2689 3419 2823 3474 clere
2846 3421 2936 3490 qui
2964 3421 3117 3476 seruit
3153 3421 3252 3490 fait
3280 3417 3579 3476 encoutrela
3605 3414 3744 3471 colenti

554 3525 846 3584 praesumat
871 3526 1092 3572 cantare
1126 3520 1368 3574 missam.
1418 3540 1436 3572 ι
1471 3521 1780 3592 Capitulare
1809 3523 2000 3579 Riculﬁ
2025 3526 2102 3596 cpi

2237 3529 2306 3567 au
2332 3513 2574 3584 seigneur
2602 3528 2665 3566 ne
2684 3511 2894 3582 preigne
2922 3512 3059 3567 riens
3087 3513 3140 3567 es
3173 3512 3318 3567 biens
3347 3511 3417 3565 du
3439 3526 3546 3579 pere
3564 3525 3617 3562 ne
3641 3504 3741 3559 dele

558 3607 704 3676 scopi
729 3608 1135 3665 Suessionensis
1167 3625 1284 3679 cap.
1313 3612 1384 3666 7:
1422 3631 1438 3664 ε
1467 3611 1580 3668 Hoc
1605 3622 1784 3668 autem
1812 3615 2135 3674 omnimodis
2235 3621 2393 3669 mere.
2443 3604 2642 3668 ainrois
2683 3607 2906 3658 εετοὶεηι
2954 3621 3027 3658 au
3076 3604 3338 3674 seigneur-
3381 3602 3600 3671 Denique
3627 3598 3740 3654 etiam

549 3699 914 3768 prohibemus,
938 3708 996 3754 ut
1020 3716 1178 3756 nemo
1203 3702 1290 3755 illa
1318 3703 1437 3758 alba
1465 3712 1649 3759 utatur
1676 3705 1730 3759 in
1752 3707 1922 3761 sacris
1941 3716 2135 3778 myste—
2237 3695 2461 3767 Philippi
2487 3695 2556 3750 IV
2584 3711 2699 3750 ³³νο
2730 3697 2834 3750 hoc
2855 3694 2945 3764 lus
2975 3696 3214 3751 νθιυῖεεθ
3237 3696 3384 3751 ίηῑθΐ
3407 3693 3621 3749 Francos
3641 3696 3743 3759 Pam

552 3790 649 3844 riis
678 3805 781 3860 qua
815 3791 868 3844 in
897 3792 1210 3860 quotidiano
1242 3793 1324 3847 vel
1369 3795 1627 3849 exteriori
1675 3812 1776 3850 usu
1820 3797 2076 3852 induitur.

2235 3801 2302 3840 ex
2330 3785 2526 3842 litteris
2549 3785 2704 3843 istius
2735 3786 2992 3856 principis
3018 3801 3152 3856 quas
3180 3787 3403 3842 edemus
3435 3786 3484 3839 in
3517 3779 3740 3852 appendice

552 3879 689 3934 Hine
718 3895 847 3950 ergo
871 3881 1144 3952 colligitur
1170 3884 1514 3954 presbyteros
1542 3885 1660 3939 alba
1685 3901 1896 3957 semper
1918 3888 2100 3944 induto

2235 3883 2480 3930 actorum
2517 3883 2784 3929 veterum.
2816 3875 2951 3931 Vide
2984 3891 3147 3946 porro
3193 3875 3455 3932 formulas
3489 3885 3665 3930 veteres
3687 3869 3738 3922 in-

552 3968 718 4025 fnisse
744 3969 1058 4039 antiquitus,
1093 3985 1262 4041 eaque
1289 3985 1415 4028 nota
1446 3975 1733 4032 distinctos
1763 3977 1929 4033 fuisse
1960 3995 1990 4033 a
2018 3979 2100 4035 cle

2236 3966 2368 4020 certi
2405 3967 2640 4022 auctoris
2670 3981 2787 4037 cap.
2825 3966 2858 4022 8
2889 3975 2944 4021 et
2982 3983 3099 4038 cap.
3134 3967 3215 4021 Eo
3245 3967 3521 4023 lubentius.
3549 3966 3603 4020 de
3639 3977 3735 4017 serv.

550 4059 677 4113 ricis
733 4058 1047 4115 inferiorum
1100 4063 1384 4128 ordinum,
1437 4067 1632 4134 quibus
1673 4067 1807 4122 albae
1841 4085 1971 4125 usus
2013 4085 2098 4126 era

2233 4071 2341 4111 non
2395 4056 2575 4110 ordin.
2628 4071 2695 4112 ex
2752 4055 2891 4112 libro
2939 4073 2972 4111 χ
3031 4058 3316 4128 Regcstor.
3374 4053 3638 4112 Innocentii
3678 4048 3733 4110 lll,

549 4150 869 4206 interdictus
923 4161 1079 4218 extra
1132 4161 1341 4224 tempus
1387 4156 1678 4213 oblationis
1724 4159 1808 4215 vel
1855 4160 2125 4219 lectionis.
2234 4145 2388 4215 θρίει·
2426 4145 2514 4205 ⁷⁵η

547 4238 860 4332 Concilium
877 4239 1304 4332 Carthaginiense
1333 4261 1406 4312 tv,
1441 4261 1561 4316 cap.
1597 4247 1631 4303 4
1675 4265 1689 4303 :
1731 4267 1750 4302 ι
1781 4249 1849 4306 Ut
1873 4251 2131 4311 diaconus
2303 4254 2430 4311 Car.
2467 4255 2568 4330 '85.
2597 4286 2668 4297 —-
2706 4256 2848 4314 Bene
2893 4257 3079 4329 legere.
3132 4258 3209 4313 Ea
3259 4259 3421 4332 igitur
3458 4266 3564 4313 erat
3606 4251 3736 4310 seculi

551 4335 791 4398 tempore
815 4330 1103 4423 oblationis
1127 4341 1336 4390 tantum
1361 4337 1443 4393 vel
1472 4337 1717 4395 lectionis
1742 4341 1862 4395 alba
1887 4351 2123 4398 utatur.)
2234 4346 2378 4403 illius
2407 4347 2694 4404 infelicitas
2722 4359 2781 4403 ut
2808 4363 3028 4404 necesse
3057 4359 3200 4406 esset
3234 4330 3563 4423 presbyteros
3584 4346 3640 4401 ab
3658 4342 3734 4411 epi-

619 4418 750 4514 cap.
777 4420 867 4476 69.
895 4451 967 4462 —
1078 4424 1214 4481 diem
1245 4425 1508 4483 Dominic.
1547 4427 1683 4484 Vide
1705 4440 1860 4487 notas
1893 4432 1959 4488 ad
1987 4433 2134 4502 Λεο-
2233 4439 2410 4508 scopis
2432 4439 2750 4511 interrogari
2787 4449 2968 4494 utrum
2990 4441 3125 4496 bene
3164 4418 3345 4514 legere
3389 4418 3604 4497 nossent.
3623 4431 3730 4503 Quod

547 4507 798 4620 “mu-Ti
828 4524 953 4581 1’38-
977 4510 1068 4578 2οο
1093 4521 1148 4568 et
1175 4515 1244 4570 ad
1265 4515 1506 4573 Οοηοίιίει
1533 4518 1720 4576 Gallia!
1743 4518 2126 4592 NarbonenBiS,
2156 4556 2213 4620 Β
2235 4507 2341 4586 non
2371 4531 2544 4586 solum
2585 4507 2660 4586 inv
2683 4531 3014 4603 presbyteris
3052 4507 3398 4589 inferioribus
3435 4527 3729 4620 contingebat.

548 4613 673 4697 Ρθξζ
810 4692 832 4697 _
1574 4616 1585 4625 ’
2156 4599 2212 4620 υ
2233 4621 2327 4678 sed
2354 4623 2516 4680 etiam
2541 4622 2598 4677 in
2621 4599 2728 4678 illis
2754 4599 3023 4679 interdum
3048 4623 3138 4697 qui
3166 4624 3234 4680 ad
3260 4637 3519 4679 summum
3544 4615 3730 4676 sacerdo-

624 4689 1068 4767 539htgemtis.
1086 4697 1142 4754 Id
1168 4697 1468 4763 est,'liberaz
1480 4703 2133 4777 conditionis.Gregorius
2234 4713 2366 4768 tium
2411 4711 2764 4784 eligebantur.
2796 4711 2974 4769 Testis
2999 4689 3227 4769 Carolus
3252 4713 3448 4769 Calvus
3480 4711 3526 4766 in
3565 4701 3734 4779 epistola

547 4787 880 4850 Turonensis
896 4790 1062 4858 lib.x,
1084 4808 1204 4864 cap.
1217 4793 1308 4861 29,
1331 4795 1399 4852 de
1419 4795 1618 4853 Aredio
1631 4797 1824 4854 abbate
1853 4817 1866 4854 :
1891 4819 1909 4852 ‹
1938 4799 2130 4857 Lemo-
2231 4801 2299 4857 ad
2328 4800 2605 4858 Nicolaum
2633 4815 2846 4873 papam,
2874 4800 3099 4872 loquens
3139 4805 3207 4859 de
3242 4803 3526 4860 Gislemaro
3544 4841 3557 4866 ,
3587 4797 3656 4868 qui
3681 4790 3726 4846 ad

546 4879 739 4937 vicinae
778 4882 927 4938 urbis
961 4883 1136 4941 incola
1186 4885 1308 4952 fuit,
1352 4903 1460 4944 non
1503 4890 1865 4947 mediocribus
1895 4893 2128 4964 regionis
2229 4892 2572 4963 pontiﬁcatus
2600 4893 2864 4947 honorem
2903 4893 3111 4950 electus
3149 4903 3268 4948 erat
3293 4895 3345 4949 in
3385 4890 3599 4949 Ecclesia
3625 4884 3724 4940 Rbe-

547 4985 657 5026 snte
691 4981 845 5028 ortus
871 4976 1206 5044 parentibus,
1249 4978 1342 5032 sed
1383 4978 1540 5035 valde
1572 4981 1856 5052 ingenuus,
1886 5001 1905 5034 ι
1955 4982 2009 5037 id
2043 4991 2125 5038 est
2230 4986 2400 5040 mensi
2432 5004 2444 5038 :
2476 5004 2495 5036 ι
2524 4985 2625 5049 Qui
2655 4985 2780 5038 dum
2809 4994 2934 5039 ante
2959 4987 3240 5057 episeOpos
3264 4983 3604 5042 discutiendus
3623 4987 3722 5030 asse-

544 5064 760 5120 nobilis.
792 5065 920 5125 Inde
948 5083 1138 5125 servus
1157 5069 1242 5126 vel
1266 5071 1488 5142 colonus
1515 5074 1607 5143 qui
1640 5074 1899 5131 beneﬁcio
1924 5077 2124 5133 domini
2229 5078 2416 5142 disset,
2440 5076 2653 5131 oblatus
2673 5083 2756 5129 est
2784 5076 2831 5130 ei
2859 5084 3036 5133 textus
3061 5078 3414 5148 evangelicns.
3453 5074 3570 5129 Cum
3593 5074 3720 5122 autem

547 5153 852 5212 libertatem
892 5170 1215 5217 consecutus
1251 5173 1390 5230 erat,
1445 5165 1711 5236 ingenuus
1758 5168 2037 5225 dicebatur
2071 5177 2127 5224 et
2229 5167 2404 5236 ipsum
2449 5165 2788 5234 aliquatenus
2837 5165 3049 5236 legere,
3101 5166 3233 5224 nihil
3283 5175 3454 5220 tamen
3494 5158 3720 5225 intelligere

547 5243 874 5314 ingenuitate
897 5250 1143 5308 donatus.
1168 5252 1302 5310 Ilinc
1321 5256 1508 5310 charta
1531 5256 1878 5326 ingenuitatis
1900 5260 1952 5314 in
1975 5261 2126 5318 libris
2227 5271 2416 5312 omnes
2461 5255 2665 5326 pariter
2717 5255 3114 5322 cognovissent,
3173 5255 3478 5325 reprobatus
3527 5265 3580 5304 ac
3617 5244 3718 5298 velut

545 5331 950 5405 Capitularinm,
982 5342 1036 5396 in
1068 5342 1184 5412 lege
1211 5344 1711 5418 Longobardorum,
1740 5358 1793 5404 et
1821 5349 1970 5406 alibi.

2227 5347 2484 5418 insipiens
2527 5345 2595 5400 ab
2646 5345 2898 5403 omnibus
2948 5355 3033 5400 est
3067 5343 3324 5414 deiectus.
3355 5364 3373 5397 ι
3424 5341 3552 5399 Istud
3591 5337 3714 5406 ipsum

625 5424 815 5483 Servili
843 5433 1156 5489 conditione.
1185 5435 1241 5490 Id
1271 5445 1372 5503 est,
1407 5439 1452 5494 si
1493 5454 1680 5496 servus
1708 5440 1779 5497 sit
1818 5441 2120 5511 originalis,
2227 5439 2510 5510 deplorant
2541 5438 2781 5509 episcopi
2809 5438 2860 5493 in
2903 5439 3136 5496 concilio
3173 5437 3450 5496 Valentino
3476 5424 3714 5502 congregati

547 5523 706 5570 natus
729 5532 760 5572 e
784 5521 975 5576 servis.
1003 5521 1260 5580 Vetuerat
1305 5528 1449 5583 enim
1489 5538 1709 5586 sanctus
1740 5529 1872 5595 Leo,
1911 5530 1977 5585 ad
2008 5534 2120 5603 epi-
2226 5546 2366 5587 anno
2386 5529 2603 5587 855.bis
2630 5529 2808 5585 verbis
2836 5546 2854 5586 :«
2903 5548 2927 5582 ι
2951 5529 3018 5587 Ει
3054 5531 3178 5600 quia
3219 5526 3487 5585 indiscussi
3511 5532 3556 5578 ct
3579 5521 3712 5573 ineu-

545 5618 738 5676 scopos
789 5623 886 5678 per
926 5613 1312 5684 Campaniam,
1367 5617 1659 5686 Picenum,
1723 5629 1778 5676 et
1828 5620 2118 5677 Thusciant
2223 5620 2433 5686 minati,
2458 5619 3117 5688 scientiaeqnelitterarum
3140 5634 3272 5692 pene
3292 5617 3475 5691 ignari,
3496 5614 3712 5673 minusqu

544 5698 870 5755 constitutos
887 5705 1150 5771 scribens,
1186 5724 1251 5762 ne
1279 5709 1400 5780 quis
1427 5725 1610 5764 eorum
1635 5711 1724 5780 qui
1750 5711 1996 5782 originali
2027 5723 2120 5768 aut
2222 5711 2527 5779 apostolicae
2576 5711 2920 5781 praeceptioni
2979 5713 3454 5783 appmpinquantcs
3475 5749 3488 5772 ,
3536 5694 3708 5773 ρυοωιίε

547 5786 706 5851 alicui
735 5793 1026 5850 conditioni
1075 5797 1294 5869 obligati
1341 5808 1482 5864 sunt,
1517 5801 1582 5855 ad
1611 5801 1854 5855 ordinem
1902 5816 2116 5860 sacrum
2220 5803 2421 5862 nostris
2449 5807 2747 5881 agentibus,
2773 5824 2868 5887 per
2894 5809 3140 5864 civitates
3164 5806 3390 5884 episcopi
3410 5800 3705 5859 ordinanti!“
