3920 6432
168 361 288 416 415

1175 365 1384 426 NOTAE
1422 369 1513 424 AD
1550 367 1679 424 LIB.
1722 369 1742 424 1
1785 370 1872 424 DE
1915 371 2199 430 ECCLES.
2243 376 2525 436 DISCIPL.

3346 392 3451 447 “4

164 471 337 538 Quod
361 472 644 526 adversum
673 487 729 527 se
758 475 1017 545 scriptum
1043 491 1164 530 esse
1185 477 1342 531 docet
1363 476 1686 533 llincmarus
1713 478 1764 532 in
1796 483 1843 542 Α
1871 481 1995 536 alia.
2019 503 2037 535 ι
2065 485 2191 540 Inde
2213 489 2472 558 sapientia
2501 506 2597 561 pro
2619 492 2839 547 scientia
2866 495 2946 550 vel
2970 507 3085 553 arte
3110 499 3245 555 infra
3269 503 3358 558 lib.
3387 522 3448 561 ιι»

174 563 364 630 capite
390 561 458 617 36
480 563 796 631 posterioris
821 565 999 633 operis
1022 565 1279 621 adversus
1306 565 1764 621 Gotteschalcum.

175 653 326 721 Quid
372 661 550 713 autem
595 653 799 708 faciunt
836 653 995 712 hodie
1031 657 1121 726 qui
1164 657 1421 712 librorum
1465 658 1766 711 divinorum

172 745 454 798 editiones
502 753 791 813 procurant
833 761 994 816 quam
1033 756 1089 800 ut
1125 749 1564 818 presbyterorum
1596 748 1766 803 nostri

172 835 366 889 saeculi
399 834 666 889 inscitiam
703 836 951 905 prodant,
982 853 1102 892 cum
1127 838 1178 890 in
1214 836 1519 894 Missalibus
1549 845 1605 893 et
1633 837 1762 892 Bree

171 923 371 977 viariis
420 931 609 977 notant
647 925 950 980 accentus?
984 924 1177 985 Annon
1207 926 1280 980 ita
1322 927 1380 980 fit
1424 927 1548 996 quia
1577 934 1768 996 putant

169 1012 350 1067 libros
383 1013 502 1068 illos
531 1014 584 1068 in
615 1030 808 1071 manus
844 1015 1027 1070 talium
1060 1017 1497 1087 presbyterorum
1527 1017 1766 1073 incidere

169 1119 342 1173 posse
385 1105 476 1172 qui
527 1103 664 1160 bene
702 1104 882 1176 legere
923 1107 1184 1172 nesciant,
1219 1107 1460 1176 adeoque
1499 1107 1765 1178 juvandos

167 1210 300 1254 esse
333 1195 610 1250 notatione
636 1199 994 1254 accentuum?

245 1287 380 1342 Car.
419 1288 510 1346 8i.
536 1319 604 1327 —
634 1287 716 1342 Ea:
741 1293 915 1346 corde.
961 1290 1292 1356 Memoriter,
1329 1308 1428 1360 par
1463 1309 1618 1346 cwur.
1659 1291 1766 1346 Ile-

166 1377 299 1445 gula
335 1379 508 1433 sancti
536 1376 834 1443 Benedicti,
865 1392 984 1449 cap.
1008 1379 1042 1435 9
1071 1396 1085 1433 :
1123 1397 1142 1430 ι
1172 1380 1298 1436 Post
1323 1382 1419 1436 bos
1444 1381 1600 1436 lectio
1623 1382 1764 1452 Apo-

167 1469 297 1524 stoli
366 1479 642 1539 sequatur,
711 1485 778 1525 ex
832 1473 994 1526 corde
1048 1473 1342 1528 recitando.
1378 1493 1395 1525 ι
1456 1473 1764 1542 Capitulare

164 1561 447 1632 Abytonis
482 1562 719 1632 episcopi
763 1562 1120 1630 Basileensis,
1160 1581 1281 1635 cap.
1318 1565 1351 1625 4
1394 1584 1405 1618 :
1454 1583 1472 1616 ι
1524 1565 1592 1625 Ut
1630 1565 1762 1623 fides

83 1639 90 1650 ’
167 1652 351 1705 sancti
375 1651 657 1706 Athanasii
688 1667 717 1705 a
745 1653 1117 1708 sacerdotibus
1146 1653 1300 1726 541
1334 1654 1592 1720 discatur,
1623 1667 1762 1712 etex

167 1741 340 1796 corde
369 1741 455 1796 die
499 1741 780 1798 Dominico
825 1743 890 1797 ad
930 1744 1118 1800 horam
1156 1746 1380 1814 primam
1426 1750 1698 1805 recitetur.
1737 1767 1756 1801 ι

1867 587 1984 645 cap.
2013 576 2138 632 568.

1869 719 2168 800 ΝΟΤᾸΕ
2251 724 2382 800 AD
2451 726 2961 807 CAPITULA
3026 734 3305 813 LIBRI
3374 739 3442 817 Ι.

1940 850 2024 904 Ea:
2057 852 2298 921 capitulis
2336 855 2525 925 synod.
2567 856 2770 926 Duplex
2802 873 2930 929 ergo
2962 861 3319 931 capitulorum
3365 881 3448 921 re-

1866 943 2074 1013 giorum
2114 958 2282 1015 genus
2308 955 2444 1001 erat.
2481 947 2545 1002 Et
2577 947 2678 1002 alia
2705 951 2918 1018 quidem
2946 962 3101 1007 erant
3138 956 3284 1026 regia
3315 957 3447 1010 sim-

1865 1032 2094 1101 pliciter,
2129 1035 2179 1090 id
2205 1043 2310 1101 est,
2346 1037 2397 1091 in
2433 1037 2660 1093 consilio
2702 1040 2959 1110 principis
2989 1042 3207 1099 inventa
3237 1054 3291 1100 et
3337 1055 3446 1101 sta-

1867 1130 1999 1177 tuta.
2047 1123 2161 1178 Alia
2193 1140 2318 1180 vero
2360 1135 2516 1180 erant
2550 1129 2848 1198 synodalia,
2894 1132 3040 1202 regia
3077 1148 3229 1199 sane,
3266 1137 3358 1191 sed
3393 1135 3447 1191 iu

1865 1215 2082 1286 synodis
2105 1214 2266 1280 facta,
2290 1227 2344 1272 et
2369 1226 2425 1271 ut
2453 1218 2738 1286 plurimum
2763 1220 2830 1277 de
2857 1223 3017 1277 rebus
3040 1223 3443 1288 ecclesiasticis,

1865 1305 2042 1374 qualia
2094 1317 2218 1362 sunt
2264 1307 2385 1362 ista.
2429 1308 2751 1366 Hincmarus
2803 1311 2856 1364 in
2899 1313 3124 1382 cpistola
3173 1314 3241 1370 59
3283 1322 3338 1370 et
3388 1316 3443 1369 in

1865 1396 2002 1452 libro
2038 1397 2102 1452 de
2145 1397 2376 1454 divortio
2414 1399 2654 1455 Lotharii
2703 1409 2755 1455 et
2798 1399 3078 1472 Tetbergtc
3121 1403 3175 1457 in
3222 1418 3446 1473 respon-

1864 1487 2014 1540 sione
2045 1486 2110 1540 ad
2141 1496 2346 1544 sextam
2375 1490 2852 1560 interrogationem
2883 1509 2896 1545 :
2935 1509 2954 1544 ι
2983 1491 3092 1548 Nec
3116 1502 3443 1562 praetereun-

1864 1577 1989 1634 dum
2030 1579 2154 1649 quia
2204 1579 2429 1650 legimus
2471 1582 2525 1636 in
2565 1581 2828 1651 Capitulis
2870 1583 3230 1654 Augustorum
3278 1584 3445 1640 fuisse

1864 1669 2083 1722 vetitum
2113 1668 2319 1740 frigidae
2342 1685 2493 1740 aqute
2511 1669 2794 1739 judicium,
2823 1671 2916 1725 sed
2947 1687 3050 1726 non
3081 1672 3186 1729 illis
3213 1673 3447 1744 synoda-

1863 1758 2002 1816 libus
2032 1773 2151 1829 qua:
2178 1759 2246 1814 de
2273 1761 2434 1816 certis
2460 1761 2767 1832 accepimus
2792 1762 3029 1833 synodis.
3063 1782 3081 1813 ι

164 1831 343 1898 Quem
395 1831 568 1886 locum
636 1833 792 1888 facile
841 1833 1071 1904 explicat
1121 1849 1356 1906 sequens
1399 1845 1560 1907 caput
1601 1838 1754 1892 istius
1789 1841 1830 1900 Β
1928 1848 2056 1904 οη,
2107 1850 2160 1904 5,
2208 1880 2278 1889 _
2324 1849 2543 1920 Ρνοριεν
2586 1831 2736 1910 {mam
2787 1831 3030 1923 φιῑειεηι,
3082 1851 3234 1907 Haud
3283 1852 3444 1910 dubie

164 1926 560 2004 Inquisition‘s.
596 1926 729 1982 Vide
757 1925 916 1991 infra,
945 1925 1036 1980 lib.
1066 1943 1101 1989 ι,
1130 1943 1246 1998 cap.
1274 1928 1398 1982 272.

236 2018 372 2076 (λιιι).
413 2017 831 2086 Sil—Agendi:
866 2017 1161 2086 defunctor.
1205 2018 1258 2071 ld
1289 2028 1388 2080 est,
1429 2019 1478 2073 in
1507 2019 1758 2088 precibus

163 2107 400 2178 publicis
421 2122 538 2175 qnze
567 2107 700 2160 liuut
722 2121 820 2175 pro
849 2106 1093 2167 mortuis.
1118 2105 1260 2160 lleda
1291 2107 1379 2161 lib.
1417 2124 1468 2162 ιιι
1502 2107 1638 2164 Hist.
1667 2123 1756 2163 ec-

164 2201 299 2255 cles.
328 2213 445 2268 cap.
476 2201 509 2254 5
538 2218 551 2252 :
584 2218 601 2250 ι
633 2199 866 2268 Agendze
897 2198 1107 2252 illorum
1139 2197 1452 2253 snlemniter
1473 2199 1755 2260 celebran-

163 2301 275 2356 tur.
318 2309 337 2342 ι
398 2289 639 2359 Capitula
699 2289 925 2351 llerardi
982 2289 1371 2359 archiepiscopi
1425 2289 1756 2345 Turonensis

165 2399 290 2454 cap.
322 2383 463 2438 116ε
502 2403 519 2435 ‹
553 2383 628 2438 De
653 2381 987 2437 orationibus
1010 2389 1066 2435 et
1093 2381 1451 2451 eleemosynis
1484 2389 1535 2435 ct
1567 2381 1757 2435 missa-

162 2495 286 2534 rum
308 2478 761 2535 celebrationibns
782 2491 881 2546 pro
906 2475 1151 2530 ﬁdelibus
1173 2473 1439 2529 defunctis
1461 2475 1696 2545 agendis.
1730 2493 1749 2527 ι

161 2571 386 2643 Agenda
422 2570 583 2641 igitur
617 2570 757 2624 dicta
790 2570 857 2623 ab
896 2569 1100 2638 agendo
1139 2566 1378 2621 missam.
1425 2565 1540 2619 Lib.
1575 2581 1625 2623 Vl
1657 2567 1758 2621 Ca-

163 2661 412 2731 pitular.,
461 2676 577 2731 cap.
619 2660 711 2715 101
752 2677 764 2714 :
810 2679 828 2710 ι
861 2657 963 2724 Qui
1013 2657 1064 2712 in
1111 2659 1270 2712 denm
1315 2671 1410 2711 sua
1459 2658 1751 2712 oratorium

163 2750 435 2813 habuerit,
478 2765 636 2803 orare
675 2749 871 2805 ibidem
918 2755 1113 2818 potest.
1158 2746 1347 2801 Missas
1377 2755 1553 2801 tamen
1597 2747 1648 2800 in
1690 2760 1755 2806 eo

162 2842 438 2896 celebrare
475 2857 577 2896 non
611 2841 806 2895 audeat
843 2855 942 2895 nec
983 2852 1141 2909 agere
1187 2839 1436 2907 cuiquam
1478 2839 1755 2907 permittat

159 2934 280 3000 sine
319 2934 587 3002 permissu
615 2934 697 2988 vel
727 2933 1070 2987 dedicatione
1117 2932 1354 3001 episcopi
1402 2931 1504 2986 loci
1537 2931 1694 2986 illius.
1731 2951 1747 2982 ι

163 3024 464 3080 Concilium
495 3024 922 3095 Carthagincnse
952 3023 1266 3086 secundum,
1293 3038 1410 3092 cap.
1439 3024 1510 3078 9:
1549 3043 1566 3073 ‹
1597 3023 1753 3089 Quis-

163 3116 283 3178 quis
322 3115 604 3183 presbyter
643 3112 943 3171 inconsulto
978 3113 1231 3184 episc0p0
1262 3114 1464 3184 agonia
1498 3113 1548 3167 in
1581 3113 1751 3183 quoii.

1859 1938 2029 1994 moles
2058 1940 2394 2008 negotiorqu
2439 1939 2612 2009 major
2641 1927 2904 1997 incumbit
2942 1941 3198 2013 episcopo
3223 1957 3346 1998 cum
3386 1944 3441 1999 in

1859 2029 2081 2084 civitate
2110 2039 2193 2084 cst
2215 2045 2377 2104 quam
2405 2047 2525 2086 cum
2555 2031 2609 2084 in
2648 2030 2815 2086 rurali
2843 2031 3082 2101 partecia
3118 2031 3282 2102 degit,
3307 2047 3442 2102 prte-

1859 2120 2044 2183 sertim
2070 2121 2114 2176 si
2151 2136 2214 2175 ea
2246 2121 2470 2176 multum
2501 2130 2705 2177 remota
2735 2137 2765 2176 a
2803 2122 3021 2179 civitate
3046 2123 3138 2178 sit.
3167 2121 3337 2190 Quam
3369 2123 3438 2179 ob

1857 2226 2074 2266 causam
2105 2211 2276 2266 Visum
2307 2221 2389 2268 est
2419 2212 2688 2270 interdum
2717 2212 3007 2280 nonnullis,
3039 2212 3132 2285 qui
3171 2212 3441 2269 liberioris

1857 2315 1921 2358 ac
1956 2300 2238 2371 quietioris
2263 2301 2386 2356 vitae
2421 2301 2672 2371 cupidine
2698 2303 3055 2368 ducebantur,
3085 2301 3439 2358 deserendam

1856 2405 1976 2444 esse
2003 2391 2317 2446 cathedram
2345 2391 2694 2462 principalem
2721 2399 2781 2446 ut
2808 2392 2875 2448 ad
2897 2393 3225 2448 rusticanum
3251 2406 3440 2463 quam-

1855 2479 1998 2549 piam
2032 2477 2324 2549 paroeciam
2355 2494 2414 2536 se
2445 2479 2773 2536 conferrent.
2815 2479 3044 2537 Istorum
3078 2481 3441 2538 temeritatem

1855 2569 2186 2640 compescuit
2217 2569 2454 2640 synodus
2485 2569 2674 2650 quinta
2708 2570 3188 2642 Carthaginensis,
3235 2573 3288 2627 in
3333 2585 3441 2642 qua

1857 2657 1935 2712 sic
1964 2656 2224 2728 scriptum
2259 2668 2341 2714 est
2370 2674 2385 2714 :
2425 2677 2444 2711 ι
2475 2659 2684 2716 Placuit
2727 2669 2785 2714 ut
2824 2661 3024 2716 nemini
3057 2661 3128 2716 sit
3171 2660 3399 2717 facultas
3421 2701 3437 2725 .

1857 2748 2047 2804 relicta
2076 2749 2358 2818 principali
2388 2750 2664 2816 cathedra,
2705 2751 2772 2805 ad
2801 2750 3033 2822 aliquam
3068 2751 3353 2807 ecclesiam
3384 2751 3438 2805 in

1857 2839 2080 2895 dimcesi
2108 2841 2455 2896 constitutam
2483 2856 2541 2897 se
2567 2843 2831 2897 conferre.
2870 2861 2888 2896 ι
2923 2842 3078 2897 Tanti
3110 2853 3291 2897 autem
3326 2858 3440 2897 mo-

1857 2931 2024 2987 menti
2048 2931 2241 2988 Carolo
2265 2932 2454 3004 Magno
2483 2933 2595 2988 visa
2625 2943 2708 2990 est
2735 2935 2848 3004 lucc
2876 2933 3057 3004 regula
3079 2941 3139 2988 ut
3161 2948 3279 2989 eam
3309 2933 3443 3004 legis

1857 3025 2027 3080 vicem
2078 3024 2130 3079 in
2175 3023 2346 3080 Gallia
2395 3025 2639 3081 obtinere
2681 2990 2948 3090 voluerit,
3001 3025 3075 3080 ita
3123 3025 3447 3095 pnecipiens

1857 3115 1949 3169 lib.
1985 3114 2322 3186 ICapitular.
2364 3131 2483 3186 cap.
2525 3117 2589 3172 41
2623 3135 2636 3170 :
2681 3133 2698 3168 ι
2740 3117 2808 3172 Ut
2852 3131 2957 3171 non
2994 3116 3153 3172 liceat
3189 3117 3443 3188 episcopo

163 3205 249 3258 bet
273 3204 394 3258 loco
417 3204 952 3267 volneritcelebrare,
982 3205 1095 3274 ipse
1119 3204 1310 3259 honori
1332 3220 1428 3260 suo
1449 3206 1750 3262 contrarius
1779 3197 1823 3261 C
1854 3208 2201 3279 principalem
2252 3210 2563 3264 cathedram
2611 3225 2720 3266 suae
2765 3211 3034 3281 parochiae
3077 3211 3346 3283 negligere
3386 3221 3444 3270 et

160 3296 366 3355 existit.
399 3314 416 3345 ι
459 3293 710 3355 lli-fertur
749 3295 836 3350 hic
874 3294 1025 3350 locus
1067 3295 1119 3349 in
1162 3295 1300 3350 libro
1348 3305 1500 3350 sexto
1533 3297 1756 3368 Capitus

160 3387 285 3450 lar.,
322 3399 442 3455 cap.
485 3384 612 3452 254,
645 3393 699 3440 et
728 3386 1016 3441 Additione
1045 3401 1120 3453 tv,
1150 3401 1263 3456 cap.
1299 3386 1385 3450 50,
1434 3387 1524 3442 ubi
1555 3389 1750 3459 legitur

157 3481 417 3550 agendam
447 3496 545 3551 pro
574 3496 638 3536 eo
671 3483 812 3552 quod
843 3481 1107 3536 editiones
1145 3481 1355 3535 concilii
1386 3480 1625 3537 Africani
1656 3484 1752 3539 ha-

155 3571 285 3624 bent
317 3571 541 3640 agenda.
572 3571 628 3625 In
658 3570 794 3626 libro
827 3579 1006 3632 tamen
1037 3570 1244 3640 quinto,
1276 3585 1396 3641 cap.
1427 3571 1517 3636 58,
1545 3572 1748 3642 agenda

155 3660 358 3730 legitur
399 3668 506 3713 tam
551 3661 604 3714 in
655 3659 807 3716 libris
845 3661 1003 3715 editis
1043 3676 1206 3729 quam
1249 3660 1300 3718 in
1348 3662 1746 3731 manuscriptis.

153 3745 293 3807 Vide
341 3751 760 3806 eruditissimum
803 3753 975 3806 virum
1019 3752 1294 3823 llugoncm
1343 3751 1653 3808 Menardum
1696 3753 1747 3805 iu

150 3843 304 3904 notis
343 3841 409 3894 ad
438 3840 790 3896 Concordiam
829 3841 1154 3912 regularum,
1185 3858 1310 3914 pag.
1347 3843 1470 3898 555.

225 3933 360 3989 CAP.
383 3933 470 3988 92.
487 3965 555 3973 —-
572 3932 904 4003 Computum.
929 3934 1174 4005 Capitula
1199 3935 1334 3990 Hera
1347 3936 1446 4000 rdi,
1472 3951 1587 4004 cap.
1616 3935 1746 3993 19.3:

157 4047 178 4082 ι
211 4024 287 4080 Ut
328 4027 625 4096 presbyteri
667 4035 978 4098 computum
1026 4026 1258 4084 discant.
1289 4045 1306 4078 ι
1349 4025 1492 4081 Istud
1541 4041 1748 4082 summa

149 4131 294 4172 cura
331 4123 441 4169 tmn
481 4115 835 4186 providebant
868 4118 1123 4189 epise0pi,
1165 4127 1223 4172 ut
1269 4119 1443 4180 nullus
1474 4119 1613 4187 pres?
1635 4128 1750 4190 yte-

148 4223 346 4263 rerum
388 4208 662 4278 ignoraret
705 4218 1049 4278 computum;
1091 4208 1346 4263 nimirum
1388 4218 1444 4262 ut
1489 4224 1553 4263 eo
1594 4219 1750 4278 pacto

150 4297 406 4356 invenire
429 4297 586 4356 facile
607 4308 825 4369 possent
847 4307 1087 4368 cpactas,
1107 4309 1514 4365 concurrentes,
1543 4298 1750 4354 littems

148 4391 564 4457 Dominicalcs,
610 4389 748 4455 festa
798 4391 1056 4457 mobilia,
1103 4397 1160 4447 et
1204 4390 1308 4447 alia
1357 4389 1744 4460 hujuscemodi.

146 4482 352 4548 Exstat
393 4492 572 4537 autem
610 4482 675 4536 de
718 4481 820 4542 hoc
851 4488 1171 4551 argumento
1214 4480 1458 4553 dialogus
1498 4478 1744 4552 Rabani,

146 4573 397 4627 Macario
421 4573 688 4633 monacho
712 4571 954 4637 dicatus;
983 4569 1135 4650 cujus
1163 4572 1525 4627 meminerunt
1554 4571 1746 4626 Rudol-

145 4663 241 4721 fus
271 4664 568 4720 monachus
591 4671 647 4718 et
671 4662 1020 4727 Trithemius.

227 4754 433 4826 Sapiat.
462 4754 627 4812 Sciat.
653 4752 960 4810 Bonifacius
980 4754 1137 4825 epist.
1163 4752 1284 4819 152,
1305 4752 1372 4808 ad
1388 4753 1704 4818 Zachariam
1725 4773 1738 4809 :

154 4868 177 4902 ς
211 4847 506 4903 Consilium
531 4856 584 4900 et
602 4854 928 4916 przeceptum
954 4853 1146 4901 vestrm
1177 4845 1531 4910 auctoritatis,
1560 4845 1612 4900 id
1637 4853 1738 4911 est,

149 4936 466 5008 apostolicae
493 4936 671 5001 sedis,
702 4937 900 4991 habere
930 4945 985 4990 et
1018 4939 1206 5004 sapere
1232 4935 1417 4991 debeo.
1451 4954 1468 4987 ι
1501 4935 1620 4990 Lib.
1665 4951 1739 4998 vn

147 5026 476 5096 Capitular.,
532 5042 654 5095 cap.
705 5027 844 5091 100,
895 5035 951 5081 et
1002 5027 1141 5096 apud
1191 5025 1405 5081 lvonem
1461 5035 1615 5096 parte
1669 5041 1742 5094 v1,

76 5100 108 5132 τ’
148 5137 277 5191 cap.
310 5118 415 5173 500
446 5136 460 5171 :
497 5137 515 5169 ι
553 5116 873 5178 Sacerdotes
901 5117 993 5188 qui
1035 5117 1136 5171 rite
1175 5132 1278 5172 non
1325 5117 1542 5184 sapiunt
1574 5116 1745 5170 adim-

146 5213 304 5284 plere
351 5210 707 5265 ministerium
755 5225 932 5264 suum.
965 5228 982 5261 ›
1031 5207 1195 5269 Jonas
1235 5207 1518 5277 episcopus
1561 5207 1747 5278 Αιιειιτ

148 5299 503 5357 stodunensis
541 5299 593 5353 in
633 5307 775 5355 tomo
820 5308 1014 5353 octavo
1058 5295 1330 5367 Spicilegii
1377 5295 1694 5350 Dacheriani
1725 5337 1738 5361 ,

147 5407 281 5462 pag.
322 5389 445 5456 146,
483 5409 499 5441 ι
534 5404 630 5459 pro
656 5405 811 5460 posse
841 5398 895 5444 et
923 5403 1131 5460 sapere.
1169 5408 1187 5438 ι
1237 5388 1526 5443 llatherius
1569 5387 1738 5444 Vero-

149 5465 343 5540 nensis
366 5484 419 5539 in
444 5493 588 5540 temo
611 5485 846 5539 secundo
868 5481 1104 5551 ejusdem
1133 5481 1429 5553 Spicilegii,
1453 5497 1574 5554 pag.
1600 5482 1735 5541 505:

157 5596 176 5631 ι
204 5576 360 5642 Quod
382 5576 427 5631 si
450 5577 530 5631 vis
544 5576 612 5631 ad
632 5574 915 5631 ecclesiam
933 5576 1102 5629 sancti
1127 5573 1402 5630 Michaelis
1421 5573 1518 5638 ire,
1542 5572 1733 5643 sapias,

153 5668 289 5724 dicit
329 5665 616 5722 Ratherius
651 5666 955 5738 cpiscopus,
983 5665 1123 5735 quod
1168 5663 1328 5736 542
1354 5680 1458 5719 ιιοιι
1487 5663 1743 5718 libentius

161 5767 216 5824 te
247 5758 452 5841 recipit
486 5759 536 5812 in
569 5759 800 5813 secunda
833 5759 961 5812 feria
996 5773 1212 5813 sanctus
1245 5755 1466 5821 Michael
1497 5771 1656 5837 quam
1690 5755 1742 5809 in

1854 3296 2091 3370 aliquam
2135 3297 2420 3354 ecclesiam
2465 3299 2518 3355 in
2568 3314 2662 3354 sua
2707 3298 2926 3355 ditccesi
2975 3300 3144 3371 magis
3188 3299 3444 3370 frequena

1854 3395 1985 3444 tare.
2023 3407 2042 3442 ι
2109 3388 2278 3456 Quem
2335 3389 2511 3447 locum
2564 3406 2630 3446 ex
2686 3391 2919 3446 concilio
2968 3391 3392 3463 Rotbomagensi
3421 3433 3436 3457 ,

1853 3495 1970 3550 cap.
2011 3480 2100 3545 16,
2132 3480 2298 3535 refert
2324 3481 2670 3536 Burchardus
2701 3481 2794 3536 lib.
2833 3499 2886 3545 ι,
2937 3497 3055 3552 cap.
3087 3482 3177 3538 81.
3212 3481 3440 3537 Nolebat

1851 3569 1995 3624 enim
2025 3569 2176 3624 illum
2208 3569 2428 3626 laudare
2454 3585 2519 3626 ex
2557 3569 2706 3625 libris
2734 3569 3139 3642 Capitularium.
3177 3570 3278 3637 Qui
3309 3586 3442 3641 ergo

1851 3660 2115 3729 privatum
2137 3674 2407 3721 secessum
2427 3662 2742 3730 quaerebant
2761 3669 2979 3732 propter
3001 3675 3150 3716 suam
3175 3661 3430 3731 quietem,

1853 3751 2010 3806 iidem
2043 3768 2137 3822 pro
2164 3769 2261 3806 sua
2292 3753 2458 3823 quiete
2489 3762 2535 3807 et
2571 3752 2918 3823 voluptatibus
2949 3752 3030 3825 (ut
3072 3754 3271 3809 acriter
3308 3768 3440 3808 conq

1852 3842 2097 3912 queritur
2127 3841 2448 3904 llincmarus
2477 3842 2530 3896 in
2568 3843 2791 3913 cpistola
2829 3842 2918 3910 45,
2963 3858 3082 3914 cap.
3131 3843 3232 3914 26)
3280 3844 3438 3899 chor-

1851 3933 2128 4002 episcopos
2148 3931 2246 3986 sub
2270 3946 2329 3988 se
2349 3931 2646 3998 habebant;
2672 3941 2731 3986 ut
2752 3932 2969 3988 interim
2997 3933 3122 3992 dum
3149 3931 3247 4002 ipsi
3270 3947 3436 3986 vena-

1853 4024 2018 4089 tioni,
2067 4023 2411 4093 aucupationi
2457 4029 2509 4076 et
2550 4022 2760 4078 caeteris
2805 4021 2986 4078 saeculi
3027 4021 3437 4077 oblectamentis

1851 4131 2069 4186 operam
2102 4114 2323 4179 dabant,
2356 4113 2499 4182 quod
2527 4114 2612 4182 agi
2641 4113 2857 4170 solitum
2888 4126 2917 4166 a
2949 4111 3219 4182 plerisque
3253 4111 3440 4172 saeculi

1851 4205 1996 4264 illius
2019 4203 2289 4282 episcopis
2317 4210 2545 4258 testatur
2575 4201 2918 4270 Agobardus,
2947 4198 3320 4268 chorepiscopi
3349 4199 3436 4254 νῆ-.

1847 4313 1966 4352 cem
1996 4311 2183 4351 eorum
2214 4297 2268 4350 iu
2293 4293 2439 4349 omni
2463 4292 2761 4349 ministerio
2787 4291 3073 4364 episcopali
3100 4289 3435 4360 supplerent,

1847 4398 1903 4444 et
1936 4387 2158 4442 omnino
2187 4385 2332 4456 ipsos
2359 4383 2504 4439 fasce
2531 4383 2774 4442 levarent
2798 4381 3110 4459 episcopali.
3143 4375 3303 4452 5&3
3330 4378 3439 4434 ltaq

1848 4494 1954 4550 que
1970 4479 2158 4540 Patres
2181 4474 2398 4532 concilii
2423 4472 2732 4539 Meldensis,
2749 4473 2843 4554 qui
2867 4473 2922 4528 in
2952 4472 3055 4527 isto
3077 4471 3252 4542 capite
3279 4471 3430 4525 inve-

1776 4542 1824 4602 υ
1851 4542 2054 4634 buntur
2083 4571 2340 4630 adversus
2367 4568 2648 4640 episcopos
2672 4542 2891 4637 propter
2927 4579 3079 4622 suam
3103 4565 3338 4636 quietem
3367 4563 3444 4626 ad:

1852 4662 2140 4720 remotiora
2179 4661 2297 4718 loca
2326 4659 2640 4717 secedentes
2664 4699 2680 4725 ,
2719 4658 2771 4714 in
2803 4658 2978 4729 capite
3009 4657 3134 4714 dein
3172 4655 3243 4710 44
3279 4657 3442 4711 dam-

1850 4763 2043 4808 nantes
2069 4768 2164 4809 eos
2191 4752 2281 4822 qui
2317 4750 2676 4807 ministerium
2701 4765 2856 4806 suum
2887 4748 3234 4805 committunt
3271 4747 3444 4802 chorq.

1845 4843 2131 4914 episcopis,
2165 4842 2362 4898 malum
2409 4841 2535 4896 illud
2573 4848 2748 4897 ortum
2780 4854 2900 4896 esse
2940 4839 3092 4895 aiunt
3134 4852 3202 4893 ex
3231 4831 3434 4892 desidia

1845 4938 2242 5007 episcoporum.
2283 4935 2350 4990 Et
2376 4943 2534 4988 antea
2581 4932 2806 4988 Carolus
2852 4931 3076 5002 Magnus
3115 4933 3432 4991 monuerat,

1855 5029 1946 5083 lib.
1978 5027 2360 5098 viCapitular.,
2380 5041 2498 5094 cap.
2519 5025 2641 5090 119,
2673 5025 3091 5094 ehorepiscopos
3116 5021 3284 5075 factos
3313 5030 3438 5074 esse.

1853 5119 1919 5172 ab
1954 5117 2218 5188 episcopis
2263 5115 2494 5171 indoctis
2527 5131 2582 5171 et
2607 5115 2696 5185 qui
2737 5115 2994 5185 quietibus
3029 5128 3091 5165 ac
3132 5108 3432 5164 delectatio-

1852 5209 2001 5262 nibus
2027 5209 2134 5265 suis
2158 5208 2510 5263 inhaerebant.
2541 5208 2783 5263 Viderint
2805 5205 3040 5277 episcopi
3068 5211 3338 5258 nostrates
3358 5215 3438 5262 att

1849 5299 1965 5354 haec
2001 5299 2216 5369 querela
2249 5300 2301 5353 in
2348 5299 2466 5354 illos
2495 5287 2800 5369 competat,
2837 5297 2897 5351 id‘
2930 5303 3033 5361 est,
3068 5301 3249 5348 utrum
3277 5290 3430 5345 volu—

1847 5391 2086 5460 ptatibus
2112 5391 2225 5446 suis
2260 5391 2430 5462 magis
2481 5389 2647 5450 dediti
2702 5388 2812 5444 sint
2856 5401 3019 5457 quam
3067 5398 3210 5440 cura:
3249 5375 3443 5456 gregis

1845 5482 2128 5539 Dominici.

1895 5573 2023 5630 Car.
2043 5573 2128 5627 11.
2144 5603 2214 5612 -
2227 5569 2455 5627 Placuit.
2477 5570 2556 5627 Ex
2573 5568 2800 5626 concilio
2817 5564 3134 5623 Bracarensi
3153 5581 3212 5631 ιι,
3236 5557 3354 5636 cap.
3372 5563 3431 5623 Ξ.

1918 5665 2062 5719 Duos
2085 5663 2299 5720 solidos.
2323 5662 2586 5718 Nimirum
2613 5677 2712 5732 pro
2728 5658 2852 5728 jure
2877 5659 3220 5733 visitationis,
3249 5665 3307 5712 ut
3331 5656 3431 5711 h5~

1825 5743 1933 5813 “die
1963 5753 2250 5836 loquimur.
2310 5753 2384 5808 Eo
2415 5752 2660 5810 fortassis
2707 5749 2829 5828 jure
2887 5748 3045 5811 nixus
3096 5747 3439 5812 Causberltta
