3848 5502
501 431 610 488 415

1771 428 2131 485 STEPHANII
2170 428 2438 497 BALUZII
3647 438 3733 488 ιιι

500 549 864 605 Cadurcorum
889 549 1189 619 episcopus,
1241 547 1332 617 qui
1378 546 1523 601 circa
1552 559 1751 600 annum
1797 544 1901 609 9,45
1939 558 2061 609 eam
2089 543 2140 606 Α
2166 543 2451 614 episcopis,
2483 543 2678 615 quibus
2713 543 2938 601 vetitum
2975 550 3093 605 erat
3120 558 3191 603 ne
3219 555 3617 599 cousecranent
3655 560 3731 598 nec

499 642 809 696 cathedram
838 640 1030 705 tenuit,
1052 639 1291 707 ecclesiae
1326 648 1529 695 sanctae
1574 639 1757 693 Mariae
1793 639 2069 693 Carbona-

500 731 677 786 censis
708 729 950 797 tribuens
1010 728 1294 784 nonnullas
1344 743 1453 792 res,
1510 729 1655 786 banc
1708 725 2069 783 conditionem

499 819 718 893 apponit
762 818 958 875 tabulis
1000 819 1343 873 donationis:
1380 835 1400 871 ι
1428 816 1532 873 Sed
1573 817 1873 881 annuatim,
1918 815 2072 877 festi—

496 910 665 964 vitate
686 908 859 978 sancti
883 908 1168 979 Stephani,
1196 923 1316 979 quae
1333 906 1640 975 celebratur
1682 923 1755 963 vu
1808 907 1924 962 Kal.
1980 907 2071 962 Ja-

497 999 695 1069 nuarii,
722 999 966 1069 partibus
990 999 1193 1064 nostris
1227 1015 1707 1071 successurumque
1762 1008 2069 1055 nostrorum

496 1090 650 1155 solidi
673 1090 778 1146 duo
806 1088 1227 1160 persolvantnr.»

567 1180 1114 1238 Car.12.—Delata.
1156 1183 1328 1253 Caput
1379 1183 1518 1238 istud
1557 1196 1662 1245 non
1700 1192 1877 1241 exstat
1914 1184 2073 1252 hodie

496 1268 640 1343 inter
664 1286 899 1340 canones
918 1271 1133 1325 concilii
1158 1271 1537 1327 Triburiensis.
1591 1271 1843 1332 Refertur
1891 1283 2069 1329 tamen

496 1361 667 1427 etiam,
711 1376 741 1415 a
785 1360 1117 1433 Burchardo.
1175 1362 1281 1427 Sed
1328 1363 1374 1419 is
1411 1364 1618 1433 accepit
1654 1380 1722 1420 ex
1774 1364 2068 1434 Reginone.

499 1449 697 1505 Sancta
724 1451 965 1522 profecto
995 1452 1310 1520 constitutio
1335 1461 1391 1517 et
1427 1454 1785 1515 sanctissimis
1804 1455 2071 1526 episcopis

497 1543 831 1615 dignissima.
862 1544 1195 1613 Prmiverant
1224 1553 1403 1601 autem
1448 1547 1554 1602 illis
1597 1545 1820 1602 Carolus
1874 1536 2071 1603 Calvus

497 1620 878 1704 iit-Capitulari
905 1634 1187 1699 Tolosano,
1220 1650 1340 1705 cap.
1372 1635 1428 1701 6,
1459 1644 1515 1699 et
1539 1637 1773 1707 episcopi
1797 1638 1936 1706 apud
1964 1636 2070 1703 Va-

495 1722 716 1778 lentiam
751 1724 804 1778 in
836 1723 1125 1793 Visnnenlsi
1152 1724 1428 1795 provincia
1450 1726 1757 1797 congregati
1780 1740 1922 1782 anno
1942 1725 2066 1789 855.

494 1813 629 1875 Yide
653 1813 746 1870 lib.
769 1830 803 1867 v
829 1813 896 1869 de
918 1814 1238 1881 Concordia,
1271 1830 1390 1885 cap.
1426 1815 1518 1881 51,
1546 1815 1580 1899 ᾗ,
1602 1815 1654 1870 7.

2170 648 2267 689 vas
2296 634 2554 691 ecclesias
2575 634 2747 691 donec
2773 635 2853 691 eis
2880 640 3152 700 constaret
3175 633 3299 697 illas
3346 647 3474 689 esse
3516 630 3732 695 delatas,

2169 724 2403 795 aliquam
2442 741 2693 798 agrorum
2732 741 2951 789 suorum
2996 734 3203 803 partem
3242 723 3605 796 assignabant
3653 737 3733 791 pro

2169 813 2295 872 dote
2324 812 2583 876 ecclesiis.
2617 816 2769 874 Unde
2803 816 2962 873 facile
2981 815 3246 886 colligitur
3265 814 3618 870 verissimam
3632 828 3734 867 esse

2156 894 2453 966 'CIarissimi
2482 909 2582 965 viri
2604 902 2877 965 Francisci
2897 907 2964 964 de
2983 907 3131 981 Roye
3162 896 3535 966 antecesseris
3577 905 3733 960 Ande-

2170 999 2415 1073 gavensis
2468 999 2833 1071 conjecturam
2866 1040 2880 1064 ,
2935 999 3027 1073 qui
3082 999 3359 1057 existimat
3403 997 3737 1053 fundatorem

2171 1070 2291 1152 ideo
2317 1070 2643 1159 appellatum
2671 1104 2792 1151 esse
2817 1070 3104 1160 patronum
3139 1090 3284 1163 quod
3304 1089 3591 1162 quondam
3641 1085 3735 1145 ine-

2172 1180 2236 1234 rit
2266 1180 2513 1236 dominus
2537 1194 2725 1236 eorum
2746 1196 2811 1236 ex
2841 1181 3036 1251 quibus
3081 1180 3301 1239 fundata
3345 1187 3435 1235 est
3486 1175 3732 1234 Ecclesia.

2170 1270 2275 1327 Sed
2302 1285 2366 1326 ex
2391 1269 2583 1337 litteris
2630 1269 2780 1333 Ionas
2804 1272 3037 1342 episcopi
3072 1270 3590 1343 Augustodunensis
3637 1267 3733 1323 col-

2168 1360 2383 1431 ligimus
2406 1376 2512 1416 non
2551 1362 2842 1424 absurdam
2870 1377 2991 1418 esse
3023 1361 3236 1418 illorum
3290 1362 3612 1433 opinionem
3657 1358 3735 1429 qui

2166 1458 2357 1522 putant
2383 1450 2697 1519 fundatores
2723 1451 3073 1508 ecclesiarum
3096 1451 3394 1523 appellatos
3442 1448 3623 1503 fuisse
3659 1462 3737 1518 pa-

2170 1548 2355 1597 tronos
2382 1555 2415 1595 a
2443 1543 2746 1616 patrocinio
2773 1542 2915 1614 quod
2938 1542 3045 1598 illis
3064 1550 3321 1614 praestare
3345 1540 3576 1596 debent.
3618 1538 3734 1592 Nam

2168 1630 2414 1693 conditor
2441 1631 2684 1687 ecclesize
2709 1630 2905 1692 Montis
2945 1631 3169 1687 Buznini
3196 1628 3339 1687 hanc
3379 1629 3733 1686 conditionem

2167 1722 2387 1790 apponit
2412 1720 2572 1795 545
2594 1722 2647 1778 in
2671 1718 2913 1779 chartula
2944 1718 3084 1780 dotis
3118 1740 3133 1778 :
3169 1742 3188 1775 ι
3214 1722 3293 1778 Ea
3338 1720 3597 1777 videlicet
3627 1735 3736 1774 coa-

2168 1801 2373 1868 ditione
2392 1821 2451 1868 ut
2478 1814 2605 1870 dum
2626 1802 2726 1870 nos
2747 1812 2832 1869 vel
2861 1829 3003 1870 unus
3028 1801 3280 1883 legalium
3308 1812 3595 1870 baeredum
3625 1827 3732 1880 pro-

566 1903 888 1963 Mansiones.
915 1905 971 1971 id
992 1915 1076 1960 est
1102 1907 1533 1974 procurationes,
1557 1915 1616 1961 ut
1655 1921 1887 1977 sequens
1933 1917 2064 1965 aetas
2093 1902 2137 1964 B
2164 1901 2416 1972 pinquior
2458 1903 2775 1972 superstites
2823 1904 3233 1974 apparuerimus
3257 1941 3281 1969 ι
3310 1917 3422 1958 non
3472 1911 3587 1955 lam
3626 1898 3733 1967 in":

490 1994 723 2051 vocavit.
769 1993 904 2067 Nam
953 1994 1079 2055 alibi
1131 1994 2067 2067 mansionunrnominejntelligun-

493 2092 582 2153 tur
608 2088 751 2140 aedes
781 2094 836 2141 et
863 2085 1117 2155 hospitia.
1141 2086 1434 2157 GregOrius
1453 2085 1782 2153 Turonensis
1830 2088 1924 2142 lib.
1981 2103 2064 2152 ιιι,

492 2187 613 2244 cap.
639 2174 743 2230 l5:
778 2194 797 2228 ι
830 2176 1111 2262 Ingressus
1142 2177 1472 2241 mansionem
1515 2178 1717 2243 domini
1748 2179 1850 2234 sui.
1886 2198 1904 2231 ι
1938 2177 2062 2234 Lib.

490 2279 547 2325 vi
573 2263 896 2341 Capitular.,
924 2281 1042 2337 cap.
1071 2266 1140 2322 82
1170 2284 1184 2322 :
1216 2285 1234 2319 ι
1265 2268 1322 2323 Si
1345 2268 1466 2341 quis
1492 2268 1696 2325 bomini
1739 2270 1917 2341 aliquo
1938 2285 2063 2341 per-

384 2386 393 2391 ~
488 2355 636 2427 genti
684 2357 1018 2428 mansionem
1069 2359 1355 2429 velaverit.
1383 2378 1402 2412 ι
1454 2358 1522 2414 Ει
1564 2359 1690 2417 alibi
1740 2362 2061 2418 sexcenties.

488 2444 1192 2521 Hincmansionaticuspro
1229 2448 1352 2519 jure
1400 2450 1613 2522 hospitii
1659 2453 1801 2522 quod
1848 2453 2066 2509 domino

488 2533 786 2600 debebatur
822 2537 1077 2606 expensis
1126 2538 1477 2608 possessoris,
1521 2540 1575 2596 id
1616 2549 1699 2597 est
1736 2543 2058 2611 procuratio.

488 2623 621 2680 Vide
648 2623 991 2696 Sirmondum
1014 2625 1073 2695 in.
1100 2629 1243 2685 notis
1276 2628 1344 2684 ad
1381 2628 1624 2703 Capitula
1665 2623 1843 2689 Caroli
1893 2626 2061 2699 Calvi,

470 2704 610 2794 pag.
646 2718 769 2781 105..

559 2805 687 2879 Cap.
706 2806 800 2879 25.
831 2838 895 2865 —_—
929 2805 1051 2864 Nisi
1077 2818 1229 2865 antea
1251 2814 1441 2867 dotem.
1466 2812 1585 2868 Lib.
1624 2830 1643 2869 ι
1671 2813 2063 2885 Antiquitatum
2088 2831 2094 2836 ·

486 2895 766 2969 Eulaeus"
805 2914 928 2970 pag.
959 2895 1106 2955 526:
1157 2918 1177 2952 ι
1214 2899 1339 2958 llaec
1386 2911 1471 2958 est
1510 2903 1608 2960 dos
1653 2912 1709 2959 et
1755 2906 2066 2973 terminatio

486 3001 610 3055 cum
631 3002 739 3058 qua
763 2989 982 3044 dotatur
1001 3001 1057 3047 et
1070 2991 1455 3047 'sanctilicatur
1482 2993 1711 3063 ecclesia
1736 2994 2065 3066 Estigenlehl

462 3144 463 3147 η
486 3076 555 3142 ab
577 3077 885 3134 Erhenaldo
905 3079 1066 3154 544
1085 3082 1512 3154 archiepiscopo,
1543 3085 1757 3154 quando
1788 3085 1947 3141 simul
1965 3085 2062 3142 ab-

483 3166 584 3222 bas
610 3174 666 3222 et
690 3169 977 3240 episc0pus
1019 3171 1248 3227 exstitit.
1284 3191 1304 3226 ι
1355 3172 1546 3245 Opera:
1597 3176 1829 3246 pretium
1878 3175 2060 3243 fuerit,

2166 1992 2546 2050 dotniuationis
2588 2000 2644 2051 et
2696 1991 3027 2051 hereditatis
3085 2006 3248 2067 quam
3305 1989 3652 2053 delensionis
3691 1998 3735 2042 et

2164 2083 2518 2153 protectionis
2562 2084 2618 2140 in
2666 2082 3093 2153 mundeburdum
3140 2081 3288 2146 omni
3336 2089 3586 2150 tempore
3632 2078 3735 2131 vita

2166 2183 2365 2230 nostra:
2385 2168 2585 2232 habere
2610 2174 2908 2243 valeamus.
2947 2195 2972 2235 ι,
2993 2172 3154 2229 Certe
3182 2170 3541 2241 innocentius
3580 2166 3647 2223 Ill
3692 2168 3736 2219 is

2166 2263 2398 2322 concilii
2423 2262 2810 2337 Lateranensi,
2835 2280 2955 2336 cap.
2996 2264 3085 2330 ιε,
3129 2264 3411 2320 adnotavit
3444 2259 3541 2330 jus
3575 2260 3736 2330 patre-

2165 2363 2325 2409 natus
2362 2355 2639 2415 inventum
2668 2369 2789 2412 esse
2829 2353 2897 2411 ad
2920 2344 3268 2411 "defensionis
3325 2350 3653 2410 subsidium,
3690 2356 3737 2400 ut

2166 2457 2314 2505 recte
2332 2440 2672 2520 observatum
2701 2458 2785 2507 est
2812 2450 2880 2507 ab
2906 2451 3094 2522 eodem
3117 2459 3484 2505 antecessore.

2234 2541 2364 2611 Car.
2388 2540 2479 2605 24.
2519 2571 2589 2583 —
2617 2540 2837 2607 Mantus
2882 2542 3099 2615 integer.
3148 2532 3206 2595 Id
3255 2548 3379 2605 est,
3408 2538 3507 2623 qui
3558 2535 3738 2592 habes.

2165 2628 2427 2704 bunvaria
2457 2631 2739 2698 duodecim
2764 2672 2779 2699 ,
2830 2643 2890 2687 ut
2917 2633 3117 2699 dictum
3161 2641 3249 2695 est
3290 2632 3344 2687 in
3372 2629 3730 2700 lnquisitione.

2167 2716 2320 2787 Unde
2381 2721 2729 2799 conqueritur
2784 2720 3111 2778 Hincmarus
3165 2720 3501 2778 Rhemensis
3562 2716 3736 2772 Atlol:

2165 2817 2371 2864 curtem
2421 2809 2622 2865 habere
2673 2817 2881 2878 tantum
2936 2809 3194 2877 bunvaria
3240 2818 3453 2880 septem
3495 2808 3563 2862 de
3608 2815 3735 2860 terra

2166 2897 2377 2953 arabili.
2410 2892 2577 2967 Recte
2605 2914 2734 2971 ergo
2760 2899 3032 2956 Adrianus
3044 2898 3293 2962 Valesius
3319 2898 3405 2952 vir
3417 2895 3739 2952 clarissimus

2166 2988 2220 3043 in
2261 2989 2399 3047 libro
2443 3007 2551 3061 xxiv
2592 2990 2792 3046 Rerum
2828 2990 3207 3061 Francicarum
3256 2989 3488 3061 loquens
3538 2990 3605 3044 de
3630 3003 3735 3058 pos-

2165 3080 2498 3141 sessionibus
2540 3096 2675 3155 quas
2702 3080 2928 3148 Carolus
2953 3081 3228 3153 Mlartellus
3254 3081 3460 3147 ademit
3501 3082 3736 3162 episcopo

2166 3171 2662 3240 Antissiodorensi,
2712 3174 2799 3230 cui
2862 3184 3078 3229 centum
3127 3183 3337 3229 tantum
3403 3171 3589 3228 mansi
3609 3212 3640 3233 ,.
3696 3184 3737 3225 ιι·

485 3257 553 3312 ad
577 3256 949 3315 illustrandum
979 3261 1121 3318 hunc
1156 3278 1417 3321 canonem
1445 3265 1927 3335 Wormaliensem,
1974 3283 2058 3324 re-

2169 3260 2430 3319 Robertus
2460 3264 2669 3330 scribit,
2709 3264 2887 3320 relicti
2912 3274 3058 3331 sunt,
3082 3265 3149 3321 de
3168 3264 3271 3327 his,
3304 3263 3555 3334 inquam,
3586 3278 3736 3339 agens

495 3346 639 3403 ferre
667 3347 876 3407 litteras
901 3348 1051 3407 Jonas
1070 3353 1312 3425 episcopi
1330 3354 1828 3428 Augustodunensis
1939 3358 2063 3425 dote

2169 3352 2408 3409 Valesius
2434 3353 2817 3441 interpretatur
2844 3370 3064 3413 mansos
3090 3353 3210 3411 illos
3237 3353 3407 3410 fuisse
3435 3353 3738 3409 duodenum

484 3446 541 3492 et
587 3441 993 3497 consecratione
1043 3442 1279 3527 basilica:
1338 3446 1510 3502 sancti
1566 3435 1872 3518 Sebastiani
1920 3450 2061 3524 apud
2162 3442 2380 3499 cirCiler
2401 3435 2651 3518 iugerum
2682 3445 2941 3523 Singulos.

489 3529 720 3588 Montem
747 3531 1074 3603 Buzninnm.
1101 3524 1428 3593 Praeclarum
1457 3539 1702 3609 profecto
1765 3530 2060 3612 antiquita-
2231 3534 2457 3609 Aliquod
2479 3537 2765 3601 servitium.
2815 3539 2943 3594 Haec
2969 3534 3054 3594 lex
3080 3537 3322 3595 ostendit
3342 3553 3508 3611 agros
3545 3546 3599 3593 ει
3621 3552 3736 3609 905'

484 3621 554 3677 tis
582 3633 1009 3693 monumentum,
1032 3626 1119 3680 cui
1147 3626 1355 3684 edendo
1401 3644 1508 3685 non
1552 3629 1678 3686 alibi
1728 3630 2064 3687 commodior
2161 3626 2429 3683 sessiones
2451 3643 2571 3698 qua:
2601 3629 2667 3685 ad
2694 3629 2978 3686 ecclesiam
3000 3629 3294 3703 pertinenl.
3333 3630 3613 3685 immunes
3630 3642 3739 3682 esse

479 3713 586 3775 erit
613 3713 781 3778 locus.
816 3714 1273 3788 Dabimusitaque
1301 3731 1422 3789 post
1443 3730 1599 3777 notas
1649 3721 1704 3776 in
1752 3721 2061 3792 Appendice
2161 3732 2190 3771 a
2213 3717 2571 3791 ρθιιείιδιίοηθ
2609 3722 2932 3788 tributorum
2974 3738 3038 3779 ac
3065 3722 3409 3794 vectigalium
3431 3763 3447 3789 .
3492 3736 3734 3785 mansum

482 3812 725 3873 actorum
747 3812 1012 3859 veterum.
1044 3804 1264 3861 interim
1319 3808 1407 3864 hic
1463 3809 1841 3865 adnotabimus
1895 3812 2062 3874 [aneos
2161 3793 2413 3864 nimirum
2470 3810 2618 3878 illum
2669 3812 2736 3867 de
2777 3829 2885 3888 quo
2929 3812 3087 3888 paulo
3133 3793 3262 3870 ante
3304 3813 3517 3871 dictum
3547 3821 3658 3875 est,
3687 3822 3736 3864 et

481 3892 573 3961 qui
610 3891 907 3949 {undabant
934 3902 990 3951 et
1011 3896 1269 3952 dotahant
1294 3899 1576 3966 ecclesias,
1614 3900 1715 3956 sibi
1769 3900 2061 3965 retinuisse
2158 3911 2349 3957 omnes
2397 3898 2620 3955 omnino
2679 3915 2766 3958 res
2793 3885 3013 3972 quaead
3040 3902 3322 3968 ecclesiam
3350 3903 3662 3973 pertinent;
3692 3901 3735 3954 id

480 3982 739 4039 ecclesias
758 3999 790 4039 a
819 3998 878 4040 se
899 3985 1111 4041 dotatas
1138 3996 1192 4043 et
1222 3997 1546 4065 potestatem,
1576 3992 1846 4063 tribuendi
1896 3992 2060 4058 bene-
2158 3989 2302 4057 quod
2349 4003 2581 4059 sequens
2611 3999 2742 4047 aetas
2772 3993 2982 4060 vocavit
3026 3992 3215 4049 iiscum
3265 3993 3698 4065 presbyteralem
3718 4031 3732 4053 ι

480 4075 608 4140 licii,
638 4091 760 4132 cum
785 4076 1015 4155 ecclesia
1044 4080 1255 4145 viduata
1286 4092 1465 4159 esset,‘
1493 4092 1758 4153 tanquam.
1790 4084 2055 4154 patronis.
2161 4076 2376 4158 fcudum
2404 4080 2769 4155 presbyterale
2797 4082 2881 4138 vel
2910 4084 3244 4141 sacerdotale
3265 4127 3281 4153 ,
3315 4085 3447 4140 item
3498 4083 3735 4139 ministe-

479 4163 597 4231 Quo
624 4165 790 4221 ﬁebat
821 4173 889 4241 ut
928 4168 1021 4252 qui
1053 4168 1313 4237 ecclesias
1349 4171 1593 4227 obtinere
1617 4189 1646 4227 a
1671 4173 1918 4243 patronis
1965 4189 2059 4229 vo-
2160 4168 2297 4238 rium
2325 4160 2711 4250 presbyterale.
2732 4172 2804 4227 At
2823 4173 2866 4228 si
2883 4173 3308 4246 presbyteri,qui
3334 4174 3603 4230 ecclesias
3626 4173 3733 4227 illas

479 4254 817 4334 lebant,‘eas‘
839 4257 926 4326 vel
961 4270 1241 4329 numerata
1288 4262 1515 4332 pecunia
1560 4262 1653 4336 vel
1686 4263 1843 4320 {mdis
1896 4264 2057 4321 obse-
2159 4267 2373 4329 regunt,
2396 4260 2604 4330 aliquos
2633 4276 2793 4331 agros
2829 4262 3031 4319 habent
3056 4264 3157 4320 sibi
3182 4264 3464 4335 proprios,
3487 4278 3732 4338 agrorum

456 4336 620 4417 quiis
665 4346 1028 4415 acquirerem.
1075 4348 1352 4413 Declamat
1404 4352 1752 4425 vehementer
1798 4355 2057 4417 adversus
2157 4350 2277 4406 illos
2320 4352 2717 4409 conditionibus
2760 4355 3020 4411 obnoxios
3057 4370 3191 4412 esse.
3221 4355 3358 4412 Vide
3390 4336 3734 4428 exceptiones

475 4428 892 4503 perditissimam
922 4439 1076 4519 illam
1118 4444 1559 4513 consuetudinem
1606 4444 1928 4502 l-lincmarus
1970 4463 2057 4516 ar-
2142 4440 2372 4513 ‘Egherti
2402 4441 2792 4515 archiepisc0pi
2835 4445 3209 4513 Eboracensis.
3240 4460 3361 4517 οειρ-
3389 4446 3485 4521 25-

474 4521 848 4594 chiepiscOpus
878 4526 1199 4596 Illnemensis
1223 4530 1276 4585 in
1304 4533 1417 4588 suis
1437 4534 1696 4605 Capitulis
1743 4536 1905 4605 ιίιηιι,
1933 4552 2051 4608 cap.
2077 4590 2120 4608 ,_
2225 4531 2351 4586 Car.
2376 4532 2467 4586 27.
2493 4562 2565 4572 -
2599 4531 2731 4588 Cum
2759 4552 2855 4589 sua
2882 4535 3011 4605 lege.
3038 4536 3095 4592 ιιι
3137 4546 3263 4603 est,
3283 4524 3375 4607 qui
3405 4537 3511 4591 ista
3548 4537 3736 4593 fecisse

473 4611 525 4675 5,
551 4622 737 4682 aperte
763 4615 1008 4702 scribens
1037 4621 1382 4698 presbyteros
1407 4625 1498 4694 qui
1515 4600 1624 4679 ista
1655 4600 1944 4697 faciebant,
1992 4600 2051 4695 se
2077 4600 2131 4663 D
2156 4621 2435 4677 convictus
2465 4621 2688 4691 fuisset,
2724 4640 2830 4679 non
2866 4625 3035 4689 solum
3064 4625 3239 4691 ablata
3261 4613 3621 4691 restitueret,
3648 4627 3735 4681 sed

450 4715 710 4772 ﬁliosque
730 4699 981 4791 nutritos,
1007 4708 1059 4764 id
1083 4719 1172 4779 est.
1195 4699 1417 4769 clericos
1440 4714 1493 4769 in
1514 4715 1756 4773 ecclesiis
1779 4718 1891 4776 suis
1914 4722 2048 4777 edu-
2156 4716 2375 4788 insuper
2426 4716 2565 4799 legis.
2606 4718 2776 4787 multa
2821 4720 2871 4774 ei
2925 4720 3294 4792 irrogaretur,
3344 4720 3398 4775 id
3432 4731 3560 4787 est,
3610 4716 3735 4790 legis

472 4804 627 4874 catos
644 4804 700 4852 et
721 4796 877 4864 altos,
916 4798 972 4854 in
1018 4800 1448 4873 maledictionem
1490 4796 1720 4878 mittere,
1765 4826 1880 4869 cum
1923 4814 2048 4875 dato
2154 4810 2450 4885 secundum
2498 4796 2659 4884 quam
2693 4811 2994 4885 presbyteri
3049 4814 3303 4869 vixerint.
3351 4813 3492 4869 Nam
3533 4824 3651 4870 tum
3686 4817 3732 4867 in

448 4885 706 4975 patronis
729 4887 944 4975 prwmio
974 4889 1195 4959 vobiset
1218 4889 1321 4948 illis
1342 4905 1609 4973 peccatum
1662 4899 1850 4954 amitis.
1911 4900 2047 4955 Rur-
2156 4918 2322 4972 regno
2341 4884 2682 4973 Francorum
2711 4943 2726 4968 ,
2755 4911 2816 4957 ut
2854 4884 3078 4959 diversa:
3105 4914 3321 4975 gentes,
3381 4905 3460 4959 ita
3510 4906 3735 4960 diverse

446 4974 700 5063 ,sumqui
726 4974 1025 5050 fundabant
1043 4977 1317 5047 ecclesias,
1364 4997 1426 5039 ea
1469 4998 1648 5057 mente
1700 4987 1817 5043 illas
1855 4989 2047 5044 funda-
2151 4992 2297 5066 leges
2343 5004 2519 5068 erant.
2566 4993 2760 5049 Franci
2794 4994 2937 5069 enim
2970 5010 3066 5050 sua
3116 4974 3231 5069 lege
3264 4995 3570 5064 vivebant,
3601 4996 3735 5051 ιου-

468 5063 598 5117 bant
623 5074 679 5120 ut
708 5068 1053 5155 presbyteros
1100 5070 1156 5141 in
1194 5074 1623 5144 possessionibus
1681 5077 1794 5134 suis
1848 5078 2049 5152 habere
2149 5063 2373 5155 go'hardi
2403 5063 3109 5164 SnatBurgundionesitem
3134 5063 3471 5165 ethSagi‘ones
3500 5063 3605 5142 sua
3627 5127 3643 5152 ,
3676 5100 3733 5139 ac

465 5159 796 5228 possentqui
825 5159 905 5215 eis
930 5161 1111 5218 dtvma
1158 5163 1332 5235 cilicia
1382 5180 1447 5222 ac
1495 5170 1750 5240 mysteria
1807 5169 2051 5226 celebra-
2150 5189 2245 5229 sua
2282 5176 2474 5251 Gothi,
2514 5159 2570 5231 et
2614 5176 2694 5231 sic
2736 5176 2804 5231 de
2847 5159 3000 5243 aliis,
3033 5178 3111 5233 uti
3162 5177 3400 5233 diximus
3421 5159 3505 5231 ad
3537 5179 3729 5233 librum

464 5255 612 5321 rent.
644 5257 700 5305 ut
730 5267 950 5337 necesse
971 5253 1077 5310 illis
1100 5271 1205 5311 non
1236 5267 1382 5313 esset
1408 5258 1489 5314 ire
1541 5261 1609 5316 ad
1646 5261 1917 5331 ecclesias
1947 5278 2044 5338 pa-
2148 5261 2414 5330 Agobar-li
2473 5281 2497 5290 λ
2524 5265 2538 5278 “

440 5336 717 5424 ἰξοφιξὶιιιᾳε
756 5341 895 5396 intra
929 5336 1165 5431 quarum,
1205 5345 1406 5420 limites
1457 5364 1610 5419 novae
1657 5350 1759 5405 illa:
1805 5351 1926 5396 ero"
1984 5351 1996 5363 ’

461 5423 870 5482 ludiﬁcabantur
894 5471 907 5478 -
949 5423 1314 5478 (itmmrirlmmt.
