  <div class='ocr_page' id='page_1' title='image "/cluster/home/n/w/nwhite01/storage/ocr_20150623/132/hvd.32044015471733/214.png"; bbox 0 0 3920 6440; ppageno 0'>
   <div class='ocr_carea' id='block_1_1' title="bbox 177 365 292 420">
    <p class='ocr_par' dir='ltr' id='par_1_1' title="bbox 177 365 292 420">
     <span class='ocr_line' id='line_1_1' title="bbox 177 365 292 420; baseline -0.017 0"><span class='ocrx_word' id='word_1_1' title='bbox 177 365 292 420; x_wconf 81' lang='grc' dir='ltr'><strong>-ΗἹ</strong></span> 
     </span>
    </p>
   </div>
   <div class='ocr_carea' id='block_1_2' title="bbox 175 473 1206 552">
    <p class='ocr_par' dir='ltr' id='par_1_2' title="bbox 175 473 1206 552">
     <span class='ocr_line' id='line_1_2' title="bbox 175 473 1206 552; baseline -0.005 -20"><span class='ocrx_word' id='word_1_2' title='bbox 175 478 316 532; x_wconf 85' lang='lat' dir='ltr'><strong>lario</strong></span> <span class='ocrx_word' id='word_1_3' title='bbox 362 475 602 532; x_wconf 79' lang='lat' dir='ltr'><strong>ecclesiae</strong></span> <span class='ocrx_word' id='word_1_4' title='bbox 649 473 1150 552; x_wconf 84' lang='lat' dir='ltr'><strong>Augustodunensis</strong></span> <span class='ocrx_word' id='word_1_5' title='bbox 1192 491 1206 528; x_wconf 88' lang='lat'><strong>:</strong></span> 
     </span>
    </p>
   </div>
   <div class='ocr_carea' id='block_1_3' title="bbox 174 552 1758 634">
    <p class='ocr_par' dir='ltr' id='par_1_3' title="bbox 174 552 1758 634">
     <span class='ocr_line' id='line_1_3' title="bbox 174 552 1758 634; baseline -0.005 -13"><span class='ocrx_word' id='word_1_6' title='bbox 174 552 576 622; x_wconf 82' lang='lat' dir='ltr'><strong>incontinentes</strong></span> <span class='ocrx_word' id='word_1_7' title='bbox 597 565 791 619; x_wconf 85' lang='lat' dir='ltr'><strong>manus</strong></span> <span class='ocrx_word' id='word_1_8' title='bbox 811 563 878 618; x_wconf 91' lang='lat' dir='ltr'><strong>ad</strong></span> <span class='ocrx_word' id='word_1_9' title='bbox 897 563 1097 632; x_wconf 89' lang='lat' dir='ltr'><strong>aliquid</strong></span> <span class='ocrx_word' id='word_1_10' title='bbox 1111 561 1250 634; x_wconf 84' lang='lat' dir='ltr'><strong>juris</strong></span> <span class='ocrx_word' id='word_1_11' title='bbox 1263 561 1498 632; x_wconf 65' lang='lat' dir='ltr'><strong>praefatae</strong></span> <span class='ocrx_word' id='word_1_12' title='bbox 1517 561 1758 618; x_wconf 75' lang='lat' dir='ltr'><strong>ecclesia:</strong></span> 
     </span>
    </p>
   </div>
   <div class='ocr_carea' id='block_1_4' title="bbox 171 649 1760 724">
    <p class='ocr_par' dir='ltr' id='par_1_4' title="bbox 171 649 1760 724">
     <span class='ocr_line' id='line_1_4' title="bbox 171 649 1760 724; baseline -0.003 -14"><span class='ocrx_word' id='word_1_13' title='bbox 171 655 569 721; x_wconf 69' lang='lat' dir='ltr'><strong>extenderent,</strong></span> <span class='ocrx_word' id='word_1_14' title='bbox 619 653 758 708; x_wconf 78' lang='lat' dir='ltr'><strong>infra</strong></span> <span class='ocrx_word' id='word_1_15' title='bbox 803 653 1161 724; x_wconf 76' lang='lat' dir='ltr'><strong>quadraginta</strong></span> <span class='ocrx_word' id='word_1_16' title='bbox 1197 652 1312 708; x_wconf 86' lang='lat' dir='ltr'><strong>dies</strong></span> <span class='ocrx_word' id='word_1_17' title='bbox 1338 666 1406 708; x_wconf 81' lang='lat' dir='ltr'><strong>ex</strong></span> <span class='ocrx_word' id='word_1_18' title='bbox 1435 666 1544 722; x_wconf 93' lang='lat' dir='ltr'><strong>quo</strong></span> <span class='ocrx_word' id='word_1_19' title='bbox 1597 649 1760 724; x_wconf 91' lang='lat' dir='ltr'><strong>positi</strong></span> 
     </span>
    </p>
   </div>
   <div class='ocr_carea' id='block_1_5' title="bbox 171 741 1762 812">
    <p class='ocr_par' dir='ltr' id='par_1_5' title="bbox 171 741 1762 812">
     <span class='ocr_line' id='line_1_5' title="bbox 171 741 1762 812; baseline -0.003 -14"><span class='ocrx_word' id='word_1_20' title='bbox 171 753 366 800; x_wconf 82' lang='lat' dir='ltr'><strong>essent</strong></span> <span class='ocrx_word' id='word_1_21' title='bbox 410 746 478 800; x_wconf 89' lang='lat' dir='ltr'><strong>ad</strong></span> <span class='ocrx_word' id='word_1_22' title='bbox 529 745 794 798; x_wconf 90' lang='lat' dir='ltr'><strong>rationem</strong></span> <span class='ocrx_word' id='word_1_23' title='bbox 821 783 838 808; x_wconf 91' lang='lat'><strong>,</strong></span> <span class='ocrx_word' id='word_1_24' title='bbox 883 759 995 800; x_wconf 91' lang='lat' dir='ltr'><strong>rem</strong></span> <span class='ocrx_word' id='word_1_25' title='bbox 1024 743 1258 798; x_wconf 90' lang='lat' dir='ltr'><strong>ablatam</strong></span> <span class='ocrx_word' id='word_1_26' title='bbox 1309 743 1428 798; x_wconf 85' lang='lat' dir='ltr'><strong>sine</strong></span> <span class='ocrx_word' id='word_1_27' title='bbox 1457 741 1576 812; x_wconf 86' lang='lat' dir='ltr'><strong>lege</strong></span> <span class='ocrx_word' id='word_1_28' title='bbox 1607 741 1762 797; x_wconf 85' lang='lat' dir='ltr'><strong>resti-</strong></span> 
     </span>
    </p>
   </div>
   <div class='ocr_carea' id='block_1_6' title="bbox 173 831 1762 904">
    <p class='ocr_par' dir='ltr' id='par_1_6' title="bbox 173 831 1762 904">
     <span class='ocr_line' id='line_1_6' title="bbox 173 831 1762 904; baseline -0.003 -16"><span class='ocrx_word' id='word_1_29' title='bbox 173 843 420 890; x_wconf 89' lang='lat' dir='ltr'><strong>tuerent.</strong></span> <span class='ocrx_word' id='word_1_30' title='bbox 475 833 582 889; x_wconf 90' lang='lat' dir='ltr'><strong>Sed</strong></span> <span class='ocrx_word' id='word_1_31' title='bbox 629 834 674 888; x_wconf 89' lang='lat' dir='ltr'><strong>si</strong></span> <span class='ocrx_word' id='word_1_32' title='bbox 723 832 866 888; x_wconf 85' lang='lat' dir='ltr'><strong>infra</strong></span> <span class='ocrx_word' id='word_1_33' title='bbox 895 833 1252 904; x_wconf 87' lang='lat' dir='ltr'><strong>quadraginta</strong></span> <span class='ocrx_word' id='word_1_34' title='bbox 1296 833 1411 888; x_wconf 92' lang='lat' dir='ltr'><strong>dies</strong></span> <span class='ocrx_word' id='word_1_35' title='bbox 1452 846 1560 886; x_wconf 90' lang='lat' dir='ltr'><strong>non</strong></span> <span class='ocrx_word' id='word_1_36' title='bbox 1608 831 1762 886; x_wconf 88' lang='lat' dir='ltr'><strong>ﬁeret</strong></span> 
     </span>
    </p>
   </div>
   <div class='ocr_carea' id='block_1_7' title="bbox 147 912 1762 997">
    <p class='ocr_par' dir='ltr' id='par_1_7' title="bbox 147 912 1762 997">
     <span class='ocr_line' id='line_1_7' title="bbox 147 912 1762 997; baseline -0.003 -17"><span class='ocrx_word' id='word_1_37' title='bbox 147 912 494 990; x_wconf 81' lang='lat' dir='ltr'><strong>restitutio,</strong></span> <span class='ocrx_word' id='word_1_38' title='bbox 528 925 670 980; x_wconf 90' lang='lat' dir='ltr'><strong>ultra</strong></span> <span class='ocrx_word' id='word_1_39' title='bbox 699 925 1054 997; x_wconf 86' lang='lat' dir='ltr'><strong>quadraginta</strong></span> <span class='ocrx_word' id='word_1_40' title='bbox 1106 924 1222 980; x_wconf 90' lang='lat' dir='ltr'><strong>dies</strong></span> <span class='ocrx_word' id='word_1_41' title='bbox 1272 922 1500 996; x_wconf 87' lang='lat' dir='ltr'><strong>capitale</strong></span> <span class='ocrx_word' id='word_1_42' title='bbox 1559 922 1762 978; x_wconf 89' lang='lat' dir='ltr'><strong>rediret</strong></span> 
     </span>
    </p>
   </div>
   <div class='ocr_carea' id='block_1_8' title="bbox 175 1020 525 1090">
    <p class='ocr_par' dir='ltr' id='par_1_8' title="bbox 175 1020 525 1090">
     <span class='ocr_line' id='line_1_8' title="bbox 175 1020 525 1090; baseline -0.011 -16"><span class='ocrx_word' id='word_1_43' title='bbox 175 1035 308 1074; x_wconf 92' lang='lat' dir='ltr'><strong>cum</strong></span> <span class='ocrx_word' id='word_1_44' title='bbox 334 1020 468 1090; x_wconf 87' lang='lat' dir='ltr'><strong>lege.</strong></span> <span class='ocrx_word' id='word_1_45' title='bbox 505 1038 525 1070; x_wconf 80' lang='grc' dir='ltr'><strong><em>ι</em></strong></span> 
     </span>
    </p>
   </div>
   <div class='ocr_carea' id='block_1_9' title="bbox 253 1109 1758 1182">
    <p class='ocr_par' dir='ltr' id='par_1_9' title="bbox 253 1109 1758 1182">
     <span class='ocr_line' id='line_1_9' title="bbox 253 1109 1758 1182; baseline -0.001 -16"><span class='ocrx_word' id='word_1_46' title='bbox 253 1111 390 1166; x_wconf 78' lang='lat' dir='ltr'><strong>CAP.</strong></span> <span class='ocrx_word' id='word_1_47' title='bbox 413 1110 503 1166; x_wconf 79' lang='grc'><strong>56.</strong></span> <span class='ocrx_word' id='word_1_48' title='bbox 533 1141 606 1152; x_wconf 93' lang='grc'><strong><em>-</em></strong></span> <span class='ocrx_word' id='word_1_49' title='bbox 627 1112 706 1166; x_wconf 86' lang='lat' dir='ltr'><strong>De</strong></span> <span class='ocrx_word' id='word_1_50' title='bbox 731 1119 900 1182; x_wconf 79' lang='lat' dir='ltr'><strong>o‘pere.</strong></span> <span class='ocrx_word' id='word_1_51' title='bbox 951 1109 1256 1180; x_wconf 71' lang='lat' dir='ltr'><strong>Iustissima</strong></span> <span class='ocrx_word' id='word_1_52' title='bbox 1285 1111 1392 1167; x_wconf 83' lang='lat' dir='ltr'><strong>lex.</strong></span> <span class='ocrx_word' id='word_1_53' title='bbox 1436 1111 1576 1178; x_wconf 84' lang='lat' dir='ltr'><strong>Quid</strong></span> <span class='ocrx_word' id='word_1_54' title='bbox 1615 1109 1758 1166; x_wconf 89' lang='lat' dir='ltr'><strong>enim</strong></span> 
     </span>
    </p>
   </div>
   <div class='ocr_carea' id='block_1_10' title="bbox 165 1196 1760 1274">
    <p class='ocr_par' dir='ltr' id='par_1_10' title="bbox 165 1196 1760 1274">
     <span class='ocr_line' id='line_1_10' title="bbox 165 1196 1760 1274; baseline -0.001 -18"><span class='ocrx_word' id='word_1_55' title='bbox 165 1204 388 1272; x_wconf 66' lang='lat' dir='ltr'><strong>sequius</strong></span> <span class='ocrx_word' id='word_1_56' title='bbox 421 1211 582 1274; x_wconf 86' lang='lat' dir='ltr'><strong>quam</strong></span> <span class='ocrx_word' id='word_1_57' title='bbox 609 1208 668 1256; x_wconf 85' lang='lat' dir='ltr'><strong>ut</strong></span> <span class='ocrx_word' id='word_1_58' title='bbox 701 1203 754 1256; x_wconf 77' lang='lat' dir='ltr'><strong>lii</strong></span> <span class='ocrx_word' id='word_1_59' title='bbox 782 1196 1124 1272; x_wconf 85' lang='lat' dir='ltr'><strong>suppeditent</strong></span> <span class='ocrx_word' id='word_1_60' title='bbox 1165 1211 1410 1272; x_wconf 90' lang='lat' dir='ltr'><strong>sumptus</strong></span> <span class='ocrx_word' id='word_1_61' title='bbox 1445 1203 1510 1256; x_wconf 86' lang='lat' dir='ltr'><strong>ad</strong></span> <span class='ocrx_word' id='word_1_62' title='bbox 1557 1212 1760 1256; x_wconf 88' lang='lat' dir='ltr'><strong>restau-</strong></span> 
     </span>
    </p>
   </div>
   <div class='ocr_carea' id='block_1_11' title="bbox 170 1281 1755 1364">
    <p class='ocr_par' dir='ltr' id='par_1_11' title="bbox 170 1281 1755 1364">
     <span class='ocr_line' id='line_1_11' title="bbox 170 1281 1755 1364; baseline 0 -18"><span class='ocrx_word' id='word_1_63' title='bbox 170 1293 412 1347; x_wconf 88' lang='lat' dir='ltr'><strong>randam</strong></span> <span class='ocrx_word' id='word_1_64' title='bbox 458 1293 743 1348; x_wconf 84' lang='lat' dir='ltr'><strong>ecclesiam</strong></span> <span class='ocrx_word' id='word_1_65' title='bbox 773 1291 863 1363; x_wconf 89' lang='lat' dir='ltr'><strong>qui</strong></span> <span class='ocrx_word' id='word_1_66' title='bbox 909 1293 1050 1347; x_wconf 89' lang='lat' dir='ltr'><strong>bona</strong></span> <span class='ocrx_word' id='word_1_67' title='bbox 1079 1285 1318 1364; x_wconf 82' lang='lat' dir='ltr'><strong>ejusdem</strong></span> <span class='ocrx_word' id='word_1_68' title='bbox 1345 1281 1587 1346; x_wconf 74' lang='lat' dir='ltr'><strong>ecclesia:</strong></span> <span class='ocrx_word' id='word_1_69' title='bbox 1639 1306 1755 1362; x_wconf 89' lang='lat' dir='ltr'><strong>pos-</strong></span> 
     </span>
    </p>
   </div>
   <div class='ocr_carea' id='block_1_12' title="bbox 169 1381 1760 1454">
    <p class='ocr_par' dir='ltr' id='par_1_12' title="bbox 169 1381 1760 1454">
     <span class='ocr_line' id='line_1_12' title="bbox 169 1381 1760 1454; baseline 0.001 -18"><span class='ocrx_word' id='word_1_70' title='bbox 169 1383 403 1438; x_wconf 79' lang='lat' dir='ltr'><strong>sident?</strong></span> <span class='ocrx_word' id='word_1_71' title='bbox 427 1381 534 1438; x_wconf 89' lang='lat' dir='ltr'><strong>Sed</strong></span> <span class='ocrx_word' id='word_1_72' title='bbox 560 1383 604 1438; x_wconf 91' lang='lat' dir='ltr'><strong>si</strong></span> <span class='ocrx_word' id='word_1_73' title='bbox 643 1381 803 1438; x_wconf 85' lang='lat' dir='ltr'><strong>hodie</strong></span> <span class='ocrx_word' id='word_1_74' title='bbox 832 1383 917 1437; x_wconf 85' lang='lat' dir='ltr'><strong>lex</strong></span> <span class='ocrx_word' id='word_1_75' title='bbox 957 1381 1060 1438; x_wconf 82' lang='lat' dir='ltr'><strong>ista</strong></span> <span class='ocrx_word' id='word_1_76' title='bbox 1090 1381 1265 1439; x_wconf 89' lang='lat' dir='ltr'><strong>locmn</strong></span> <span class='ocrx_word' id='word_1_77' title='bbox 1297 1383 1518 1438; x_wconf 85' lang='lat' dir='ltr'><strong>haberet</strong></span> <span class='ocrx_word' id='word_1_78' title='bbox 1541 1423 1555 1449; x_wconf 90' lang='lat'><strong>,</strong></span> <span class='ocrx_word' id='word_1_79' title='bbox 1581 1391 1632 1439; x_wconf 90' lang='lat' dir='ltr'><strong>et</strong></span> <span class='ocrx_word' id='word_1_80' title='bbox 1668 1381 1760 1454; x_wconf 88' lang='lat' dir='ltr'><strong>qui</strong></span> 
     </span>
    </p>
   </div>
   <div class='ocr_carea' id='block_1_13' title="bbox 171 1475 1761 1546">
    <p class='ocr_par' dir='ltr' id='par_1_13' title="bbox 171 1475 1761 1546">
     <span class='ocr_line' id='line_1_13' title="bbox 171 1475 1761 1546; baseline -0.001 -18"><span class='ocrx_word' id='word_1_81' title='bbox 171 1475 422 1530; x_wconf 89' lang='lat' dir='ltr'><strong>decimas</strong></span> <span class='ocrx_word' id='word_1_82' title='bbox 445 1475 743 1532; x_wconf 85' lang='lat' dir='ltr'><strong>inl&#39;eodatas</strong></span> <span class='ocrx_word' id='word_1_83' title='bbox 767 1475 965 1540; x_wconf 84' lang='lat' dir='ltr'><strong>tenent,</strong></span> <span class='ocrx_word' id='word_1_84' title='bbox 997 1486 1053 1530; x_wconf 92' lang='lat' dir='ltr'><strong>et</strong></span> <span class='ocrx_word' id='word_1_85' title='bbox 1096 1477 1187 1546; x_wconf 90' lang='lat' dir='ltr'><strong>qui</strong></span> <span class='ocrx_word' id='word_1_86' title='bbox 1227 1477 1514 1546; x_wconf 86' lang='lat' dir='ltr'><strong>pensiones</strong></span> <span class='ocrx_word' id='word_1_87' title='bbox 1573 1483 1632 1528; x_wconf 90' lang='lat' dir='ltr'><strong>ut</strong></span> <span class='ocrx_word' id='word_1_88' title='bbox 1669 1489 1761 1528; x_wconf 90' lang='lat' dir='ltr'><strong>vo-</strong></span> 
     </span>
    </p>
   </div>
   <div class='ocr_carea' id='block_1_14' title="bbox 173 1559 1760 1634">
    <p class='ocr_par' dir='ltr' id='par_1_14' title="bbox 173 1559 1760 1634">
     <span class='ocr_line' id='line_1_14' title="bbox 173 1559 1760 1634; baseline 0.003 -18"><span class='ocrx_word' id='word_1_89' title='bbox 173 1567 356 1630; x_wconf 73' lang='lat' dir='ltr'><strong>‘cant,</strong></span> <span class='ocrx_word' id='word_1_90' title='bbox 415 1569 576 1634; x_wconf 78' lang='lat' dir='ltr'><strong>super</strong></span> <span class='ocrx_word' id='word_1_91' title='bbox 630 1564 905 1620; x_wconf 89' lang='lat' dir='ltr'><strong>beneﬁciis</strong></span> <span class='ocrx_word' id='word_1_92' title='bbox 982 1565 1361 1622; x_wconf 88' lang='lat' dir='ltr'><strong>ecclesiasticis</strong></span> <span class='ocrx_word' id='word_1_93' title='bbox 1440 1559 1760 1620; x_wconf 80' lang='lat' dir='ltr'><strong>constitutas</strong></span> 
     </span>
    </p>
   </div>
   <div class='ocr_carea' id='block_1_15' title="bbox 171 1653 1760 1725">
    <p class='ocr_par' dir='ltr' id='par_1_15' title="bbox 171 1653 1760 1725">
     <span class='ocr_line' id='line_1_15' title="bbox 171 1653 1760 1725; baseline -0.001 -18"><span class='ocrx_word' id='word_1_94' title='bbox 171 1653 405 1718; x_wconf 84' lang='lat' dir='ltr'><strong>habent,</strong></span> <span class='ocrx_word' id='word_1_95' title='bbox 431 1654 466 1707; x_wconf 92' lang='lat' dir='ltr'><strong>ii</strong></span> <span class='ocrx_word' id='word_1_96' title='bbox 487 1669 672 1709; x_wconf 90' lang='lat' dir='ltr'><strong>omnes</strong></span> <span class='ocrx_word' id='word_1_97' title='bbox 699 1669 796 1724; x_wconf 91' lang='lat' dir='ltr'><strong>pro</strong></span> <span class='ocrx_word' id='word_1_98' title='bbox 825 1669 920 1707; x_wconf 88' lang='lat' dir='ltr'><strong>sua</strong></span> <span class='ocrx_word' id='word_1_99' title='bbox 946 1655 1172 1725; x_wconf 90' lang='lat' dir='ltr'><strong>quisque</strong></span> <span class='ocrx_word' id='word_1_100' title='bbox 1185 1655 1431 1725; x_wconf 90' lang='lat' dir='ltr'><strong>portione</strong></span> <span class='ocrx_word' id='word_1_101' title='bbox 1450 1661 1760 1708; x_wconf 85' lang='lat' dir='ltr'><strong>tenerentur</strong></span> 
     </span>
    </p>
   </div>
   <div class='ocr_carea' id='block_1_16' title="bbox 170 1745 1760 1816">
    <p class='ocr_par' dir='ltr' id='par_1_16' title="bbox 170 1745 1760 1816">
     <span class='ocr_line' id='line_1_16' title="bbox 170 1745 1760 1816; baseline 0 -18"><span class='ocrx_word' id='word_1_102' title='bbox 170 1745 243 1798; x_wconf 85' lang='lat' dir='ltr'><strong>ad</strong></span> <span class='ocrx_word' id='word_1_103' title='bbox 275 1747 674 1814; x_wconf 85' lang='lat' dir='ltr'><strong>reparationem</strong></span> <span class='ocrx_word' id='word_1_104' title='bbox 708 1745 1079 1801; x_wconf 84' lang='lat' dir='ltr'><strong>ecclesiarum.</strong></span> <span class='ocrx_word' id='word_1_105' title='bbox 1106 1745 1306 1802; x_wconf 79' lang='lat' dir='ltr'><strong>Verum</strong></span> <span class='ocrx_word' id='word_1_106' title='bbox 1331 1745 1412 1801; x_wconf 85' lang='lat' dir='ltr'><strong>sic.</strong></span> <span class='ocrx_word' id='word_1_107' title='bbox 1437 1745 1760 1816; x_wconf 83' lang='lat' dir='ltr'><strong>gravissima</strong></span> 
     </span>
    </p>
   </div>
   <div class='ocr_carea' id='block_1_17' title="bbox 171 1831 1455 1906">
    <p class='ocr_par' dir='ltr' id='par_1_17' title="bbox 171 1831 1455 1906">
     <span class='ocr_line' id='line_1_17' title="bbox 171 1831 1455 1906; baseline 0.002 -20"><span class='ocrx_word' id='word_1_108' title='bbox 171 1835 381 1902; x_wconf 87' lang='lat' dir='ltr'><strong>injuria</strong></span> <span class='ocrx_word' id='word_1_109' title='bbox 411 1833 560 1888; x_wconf 88' lang='lat' dir='ltr'><strong>ﬁeret</strong></span> <span class='ocrx_word' id='word_1_110' title='bbox 578 1833 687 1904; x_wconf 89' lang='lat' dir='ltr'><strong>juri</strong></span> <span class='ocrx_word' id='word_1_111' title='bbox 717 1834 858 1904; x_wconf 91' lang='lat' dir='ltr'><strong>quod</strong></span> <span class='ocrx_word' id='word_1_112' title='bbox 887 1849 1031 1890; x_wconf 92' lang='lat' dir='ltr'><strong>nunc</strong></span> <span class='ocrx_word' id='word_1_113' title='bbox 1053 1834 1322 1906; x_wconf 91' lang='lat' dir='ltr'><strong>publicum</strong></span> <span class='ocrx_word' id='word_1_114' title='bbox 1353 1831 1455 1890; x_wconf 87' lang='lat' dir='ltr'><strong>est.</strong></span> 
     </span>
    </p>
   </div>
   <div class='ocr_carea' id='block_1_18' title="bbox 247 1921 1760 1994">
    <p class='ocr_par' dir='ltr' id='par_1_18' title="bbox 247 1921 1760 1994">
     <span class='ocr_line' id='line_1_18' title="bbox 247 1921 1760 1994; baseline 0.001 -18"><span class='ocrx_word' id='word_1_115' title='bbox 247 1921 441 1976; x_wconf 77' lang='lat' dir='ltr'><strong>Nonas</strong></span> <span class='ocrx_word' id='word_1_116' title='bbox 471 1931 517 1976; x_wconf 85' lang='lat' dir='ltr'><strong>et</strong></span> <span class='ocrx_word' id='word_1_117' title='bbox 557 1923 804 1978; x_wconf 74' lang='lat' dir='ltr'><strong>decimas.</strong></span> <span class='ocrx_word' id='word_1_118' title='bbox 853 1923 912 1978; x_wconf 89' lang='lat' dir='ltr'><strong>Id</strong></span> <span class='ocrx_word' id='word_1_119' title='bbox 959 1932 1063 1989; x_wconf 88' lang='lat' dir='ltr'><strong>est,</strong></span> <span class='ocrx_word' id='word_1_120' title='bbox 1120 1924 1364 1994; x_wconf 89' lang='lat' dir='ltr'><strong>quintam</strong></span> <span class='ocrx_word' id='word_1_121' title='bbox 1412 1926 1618 1994; x_wconf 84' lang='lat' dir='ltr'><strong>partem</strong></span> <span class='ocrx_word' id='word_1_122' title='bbox 1648 1923 1760 1977; x_wconf 83' lang='lat' dir='ltr'><strong>fru-</strong></span> 
     </span>
    </p>
   </div>
   <div class='ocr_carea' id='block_1_19' title="bbox 169 2005 1760 2084">
    <p class='ocr_par' dir='ltr' id='par_1_19' title="bbox 169 2005 1760 2084">
     <span class='ocr_line' id='line_1_19' title="bbox 169 2005 1760 2084; baseline -0.001 -16"><span class='ocrx_word' id='word_1_123' title='bbox 169 2023 366 2068; x_wconf 90' lang='lat' dir='ltr'><strong>ctuum</strong></span> <span class='ocrx_word' id='word_1_124' title='bbox 417 2029 484 2070; x_wconf 78' lang='lat' dir='ltr'><strong>ex</strong></span> <span class='ocrx_word' id='word_1_125' title='bbox 525 2015 741 2084; x_wconf 62' lang='lat' dir='ltr'><strong>praediis</strong></span> <span class='ocrx_word' id='word_1_126' title='bbox 767 2029 884 2084; x_wconf 65' lang='lat' dir='ltr'><strong>quae</strong></span> <span class='ocrx_word' id='word_1_127' title='bbox 915 2013 1036 2069; x_wconf 88' lang='lat' dir='ltr'><strong>laici</strong></span> <span class='ocrx_word' id='word_1_128' title='bbox 1067 2016 1135 2070; x_wconf 91' lang='lat' dir='ltr'><strong>ab</strong></span> <span class='ocrx_word' id='word_1_129' title='bbox 1154 2013 1394 2070; x_wconf 89' lang='lat' dir='ltr'><strong>ecclesiis</strong></span> <span class='ocrx_word' id='word_1_130' title='bbox 1419 2005 1680 2070; x_wconf 19' lang='lat' dir='ltr'><strong>tenebant.</strong></span> <span class='ocrx_word' id='word_1_131' title='bbox 1704 2013 1760 2067; x_wconf 87' lang='lat' dir='ltr'><strong>in</strong></span> 
     </span>
    </p>
   </div>
   <div class='ocr_carea' id='block_1_20' title="bbox 169 2099 1760 2174">
    <p class='ocr_par' dir='ltr' id='par_1_20' title="bbox 169 2099 1760 2174">
     <span class='ocr_line' id='line_1_20' title="bbox 169 2099 1760 2174; baseline 0.001 -19"><span class='ocrx_word' id='word_1_132' title='bbox 169 2099 436 2168; x_wconf 81' lang='lat' dir='ltr'><strong>l‘eudum,</strong></span> <span class='ocrx_word' id='word_1_133' title='bbox 484 2102 785 2174; x_wconf 86' lang='lat' dir='ltr'><strong>cujusmodi</strong></span> <span class='ocrx_word' id='word_1_134' title='bbox 845 2101 921 2156; x_wconf 90' lang='lat' dir='ltr'><strong>illi</strong></span> <span class='ocrx_word' id='word_1_135' title='bbox 977 2102 1188 2174; x_wconf 75' lang='lat' dir='ltr'><strong>generis</strong></span> <span class='ocrx_word' id='word_1_136' title='bbox 1239 2107 1454 2168; x_wconf 76' lang='lat' dir='ltr'><strong>essent;</strong></span> <span class='ocrx_word' id='word_1_137' title='bbox 1501 2111 1559 2157; x_wconf 92' lang='lat' dir='ltr'><strong>ut</strong></span> <span class='ocrx_word' id='word_1_138' title='bbox 1615 2110 1760 2156; x_wconf 88' lang='lat' dir='ltr'><strong>recte</strong></span> 
     </span>
    </p>
   </div>
   <div class='ocr_carea' id='block_1_21' title="bbox 168 2189 1762 2265">
    <p class='ocr_par' dir='ltr' id='par_1_21' title="bbox 168 2189 1762 2265">
     <span class='ocr_line' id='line_1_21' title="bbox 168 2189 1762 2265; baseline -0.001 -16"><span class='ocrx_word' id='word_1_139' title='bbox 168 2194 422 2265; x_wconf 73' lang='lat' dir='ltr'><strong>explicat</strong></span> <span class='ocrx_word' id='word_1_140' title='bbox 452 2195 550 2248; x_wconf 89' lang='lat' dir='ltr'><strong>&#39;vir</strong></span> <span class='ocrx_word' id='word_1_141' title='bbox 585 2194 979 2250; x_wconf 87' lang='lat' dir='ltr'><strong>illustrissimus</strong></span> <span class='ocrx_word' id='word_1_142' title='bbox 1018 2191 1212 2252; x_wconf 84' lang='lat' dir='ltr'><strong>Petrus</strong></span> <span class='ocrx_word' id='word_1_143' title='bbox 1239 2196 1318 2264; x_wconf 55' lang='lat' dir='ltr'><strong>Ide</strong></span> <span class='ocrx_word' id='word_1_144' title='bbox 1359 2189 1533 2249; x_wconf 83' lang='lat' dir='ltr'><strong>Marca</strong></span> <span class='ocrx_word' id='word_1_145' title='bbox 1585 2193 1762 2249; x_wconf 89' lang='lat' dir='ltr'><strong>archi-</strong></span> 
     </span>
    </p>
   </div>
   <div class='ocr_carea' id='block_1_22' title="bbox 169 2272 1760 2358">
    <p class='ocr_par' dir='ltr' id='par_1_22' title="bbox 169 2272 1760 2358">
     <span class='ocr_line' id='line_1_22' title="bbox 169 2272 1760 2358; baseline -0.001 -18"><span class='ocrx_word' id='word_1_146' title='bbox 169 2287 468 2357; x_wconf 86' lang='lat' dir='ltr'><strong>episcopus</strong></span> <span class='ocrx_word' id='word_1_147' title='bbox 480 2286 548 2340; x_wconf 91' lang='lat' dir='ltr'><strong>Pa</strong></span> <span class='ocrx_word' id='word_1_148' title='bbox 558 2285 798 2342; x_wconf 86' lang='lat' dir='ltr'><strong>risicnsis</strong></span> <span class='ocrx_word' id='word_1_149' title='bbox 812 2286 862 2340; x_wconf 90' lang='lat' dir='ltr'><strong>in</strong></span> <span class='ocrx_word' id='word_1_150' title='bbox 878 2286 1014 2340; x_wconf 91' lang='lat' dir='ltr'><strong>libro</strong></span> <span class='ocrx_word' id='word_1_151' title='bbox 1025 2287 1199 2358; x_wconf 90' lang='lat' dir='ltr'><strong>primo</strong></span> <span class='ocrx_word' id='word_1_152' title='bbox 1215 2286 1461 2342; x_wconf 72' lang='lat' dir='ltr'><strong>llistorize</strong></span> <span class='ocrx_word' id='word_1_153' title='bbox 1471 2272 1760 2350; x_wconf 49' lang='lat' dir='ltr'><strong>Balearn&quot;</strong></span> 
     </span>
    </p>
   </div>
   <div class='ocr_carea' id='block_1_23' title="bbox 171 2377 1762 2450">
    <p class='ocr_par' dir='ltr' id='par_1_23' title="bbox 171 2377 1762 2450">
     <span class='ocr_line' id='line_1_23' title="bbox 171 2377 1762 2450; baseline -0.001 -19"><span class='ocrx_word' id='word_1_154' title='bbox 171 2393 304 2448; x_wconf 81' lang='lat' dir='ltr'><strong>cap.</strong></span> <span class='ocrx_word' id='word_1_155' title='bbox 322 2377 417 2444; x_wconf 74' lang='lat'><strong>28,</strong></span> <span class='ocrx_word' id='word_1_156' title='bbox 445 2378 474 2450; x_wconf 83' lang='lat'><strong>§</strong></span> <span class='ocrx_word' id='word_1_157' title='bbox 499 2377 584 2432; x_wconf 83' lang='lat' dir='ltr'><strong>l5.</strong></span> <span class='ocrx_word' id='word_1_158' title='bbox 619 2377 756 2432; x_wconf 82' lang='lat' dir='ltr'><strong>Hinc</strong></span> <span class='ocrx_word' id='word_1_159' title='bbox 779 2393 1040 2432; x_wconf 90' lang='lat' dir='ltr'><strong>nonarum</strong></span> <span class='ocrx_word' id='word_1_160' title='bbox 1068 2387 1121 2432; x_wconf 91' lang='lat' dir='ltr'><strong>et</strong></span> <span class='ocrx_word' id='word_1_161' title='bbox 1153 2379 1478 2433; x_wconf 90' lang='lat' dir='ltr'><strong>decimarum</strong></span> <span class='ocrx_word' id='word_1_162' title='bbox 1504 2379 1762 2434; x_wconf 87' lang='lat' dir='ltr'><strong>vestitura</strong></span> 
     </span>
    </p>
   </div>
   <div class='ocr_carea' id='block_1_24' title="bbox 173 2469 1756 2540">
    <p class='ocr_par' dir='ltr' id='par_1_24' title="bbox 173 2469 1756 2540">
     <span class='ocr_line' id='line_1_24' title="bbox 173 2469 1756 2540; baseline 0.001 -18"><span class='ocrx_word' id='word_1_163' title='bbox 173 2470 232 2523; x_wconf 90' lang='lat' dir='ltr'><strong>in</strong></span> <span class='ocrx_word' id='word_1_164' title='bbox 268 2469 564 2538; x_wconf 86' lang='lat' dir='ltr'><strong>diplomate</strong></span> <span class='ocrx_word' id='word_1_165' title='bbox 609 2469 954 2526; x_wconf 76' lang='lat' dir='ltr'><strong>Carlom‘anni</strong></span> <span class='ocrx_word' id='word_1_166' title='bbox 987 2470 1129 2540; x_wconf 85' lang='lat' dir='ltr'><strong>regis</strong></span> <span class='ocrx_word' id='word_1_167' title='bbox 1179 2485 1278 2540; x_wconf 91' lang='lat' dir='ltr'><strong>pro</strong></span> <span class='ocrx_word' id='word_1_168' title='bbox 1326 2469 1556 2526; x_wconf 89' lang='lat' dir='ltr'><strong>ecclesia</strong></span> <span class='ocrx_word' id='word_1_169' title='bbox 1583 2470 1756 2524; x_wconf 89' lang='lat' dir='ltr'><strong>Aure-</strong></span> 
     </span>
    </p>
   </div>
   <div class='ocr_carea' id='block_1_25' title="bbox 175 2555 1764 2628">
    <p class='ocr_par' dir='ltr' id='par_1_25' title="bbox 175 2555 1764 2628">
     <span class='ocr_line' id='line_1_25' title="bbox 175 2555 1764 2628; baseline 0.002 -19"><span class='ocrx_word' id='word_1_170' title='bbox 175 2556 444 2611; x_wconf 85' lang='lat' dir='ltr'><strong>lianensi.</strong></span> <span class='ocrx_word' id='word_1_171' title='bbox 492 2555 632 2612; x_wconf 82' lang='lat' dir='ltr'><strong>Hinc</strong></span> <span class='ocrx_word' id='word_1_172' title='bbox 678 2557 999 2612; x_wconf 88' lang='lat' dir='ltr'><strong>Lambertus</strong></span> <span class='ocrx_word' id='word_1_173' title='bbox 1028 2557 1452 2614; x_wconf 89' lang='lat' dir='ltr'><strong>Cenomanensis</strong></span> <span class='ocrx_word' id='word_1_174' title='bbox 1479 2557 1764 2628; x_wconf 89' lang='lat' dir='ltr'><strong>episcopus</strong></span> 
     </span>
    </p>
   </div>
   <div class='ocr_carea' id='block_1_26' title="bbox 174 2647 1761 2718">
    <p class='ocr_par' dir='ltr' id='par_1_26' title="bbox 174 2647 1761 2718">
     <span class='ocr_line' id='line_1_26' title="bbox 174 2647 1761 2718; baseline 0.001 -15"><span class='ocrx_word' id='word_1_175' title='bbox 174 2647 252 2703; x_wconf 86' lang='lat' dir='ltr'><strong>ad</strong></span> <span class='ocrx_word' id='word_1_176' title='bbox 283 2647 710 2704; x_wconf 81' lang='lat' dir='ltr'><strong>Hildebrandum</strong></span> <span class='ocrx_word' id='word_1_177' title='bbox 765 2647 1078 2717; x_wconf 90' lang='lat' dir='ltr'><strong>Sagiensem</strong></span> <span class='ocrx_word' id='word_1_178' title='bbox 1109 2649 1418 2718; x_wconf 89' lang='lat' dir='ltr'><strong>episcopum</strong></span> <span class='ocrx_word' id='word_1_179' title='bbox 1443 2648 1633 2704; x_wconf 88' lang='lat' dir='ltr'><strong>scribit</strong></span> <span class='ocrx_word' id='word_1_180' title='bbox 1667 2663 1761 2704; x_wconf 79' lang='lat' dir='ltr'><strong>ex-</strong></span> 
     </span>
    </p>
   </div>
   <div class='ocr_carea' id='block_1_27' title="bbox 173 2738 1762 2812">
    <p class='ocr_par' dir='ltr' id='par_1_27' title="bbox 173 2738 1762 2812">
     <span class='ocr_line' id='line_1_27' title="bbox 173 2738 1762 2812; baseline -0.001 -18"><span class='ocrx_word' id='word_1_181' title='bbox 173 2739 645 2794; x_wconf 86' lang='lat' dir='ltr'><strong>communicatum</strong></span> <span class='ocrx_word' id='word_1_182' title='bbox 674 2754 704 2793; x_wconf 88' lang='lat' dir='ltr'><strong>a</strong></span> <span class='ocrx_word' id='word_1_183' title='bbox 735 2754 795 2795; x_wconf 90' lang='lat' dir='ltr'><strong>se</strong></span> <span class='ocrx_word' id='word_1_184' title='bbox 819 2738 983 2794; x_wconf 83' lang='lat' dir='ltr'><strong>fuisse</strong></span> <span class='ocrx_word' id='word_1_185' title='bbox 1012 2739 1311 2794; x_wconf 79' lang='lat' dir='ltr'><strong>RainOnem</strong></span> <span class='ocrx_word' id='word_1_186' title='bbox 1339 2739 1646 2810; x_wconf 85' lang='lat' dir='ltr'><strong>quemdam,</strong></span> <span class='ocrx_word' id='word_1_187' title='bbox 1670 2738 1762 2812; x_wconf 91' lang='lat' dir='ltr'><strong>qui</strong></span> 
     </span>
    </p>
   </div>
   <div class='ocr_carea' id='block_1_28' title="bbox 172 2823 1478 2886">
    <p class='ocr_par' dir='ltr' id='par_1_28' title="bbox 172 2823 1478 2886">
     <span class='ocr_line' id='line_1_28' title="bbox 172 2823 1478 2886; baseline 0.002 -3"><span class='ocrx_word' id='word_1_188' title='bbox 172 2843 387 2885; x_wconf 87' lang='lat' dir='ltr'><strong>nonam</strong></span> <span class='ocrx_word' id='word_1_189' title='bbox 417 2837 474 2884; x_wconf 88' lang='lat' dir='ltr'><strong>et</strong></span> <span class='ocrx_word' id='word_1_190' title='bbox 496 2828 760 2883; x_wconf 87' lang='lat' dir='ltr'><strong>decimam</strong></span> <span class='ocrx_word' id='word_1_191' title='bbox 797 2823 1037 2884; x_wconf 56' lang='lat' dir='ltr'><strong>ecclesiae</strong></span> <span class='ocrx_word' id='word_1_192' title='bbox 1057 2845 1168 2884; x_wconf 86' lang='lat' dir='ltr'><strong>suae</strong></span> <span class='ocrx_word' id='word_1_193' title='bbox 1195 2825 1478 2886; x_wconf 88' lang='lat' dir='ltr'><strong>retinebat.</strong></span> 
     </span>
    </p>
   </div>
   <div class='ocr_carea' id='block_1_29' title="bbox 253 2917 1760 2988">
    <p class='ocr_par' dir='ltr' id='par_1_29' title="bbox 253 2917 1760 2988">
     <span class='ocr_line' id='line_1_29' title="bbox 253 2917 1760 2988; baseline 0.003 -17"><span class='ocrx_word' id='word_1_194' title='bbox 253 2917 502 2972; x_wconf 84' lang='lat' dir='ltr'><strong>Bannum</strong></span> <span class='ocrx_word' id='word_1_195' title='bbox 531 2928 786 2972; x_wconf 80' lang='lat' dir='ltr'><strong>nostrum.</strong></span> <span class='ocrx_word' id='word_1_196' title='bbox 836 2918 891 2973; x_wconf 91' lang='lat' dir='ltr'><strong>ld</strong></span> <span class='ocrx_word' id='word_1_197' title='bbox 940 2927 1054 2984; x_wconf 88' lang='lat' dir='ltr'><strong>est,</strong></span> <span class='ocrx_word' id='word_1_198' title='bbox 1107 2920 1345 2975; x_wconf 84' lang='lat' dir='ltr'><strong>bannum</strong></span> <span class='ocrx_word' id='word_1_199' title='bbox 1389 2919 1718 2977; x_wconf 88' lang='lat' dir='ltr'><strong>dominicum</strong></span> <span class='ocrx_word' id='word_1_200' title='bbox 1745 2963 1760 2988; x_wconf 92' lang='lat'><strong>,</strong></span> 
     </span>
    </p>
   </div>
   <div class='ocr_carea' id='block_1_30' title="bbox 175 3005 1762 3084">
    <p class='ocr_par' dir='ltr' id='par_1_30' title="bbox 175 3005 1762 3084">
     <span class='ocr_line' id='line_1_30' title="bbox 175 3005 1762 3084; baseline 0.002 -18"><span class='ocrx_word' id='word_1_201' title='bbox 175 3010 428 3066; x_wconf 80' lang='lat' dir='ltr'><strong>bannr‘tm</strong></span> <span class='ocrx_word' id='word_1_202' title='bbox 475 3009 704 3080; x_wconf 88' lang='lat' dir='ltr'><strong>regium.</strong></span> <span class='ocrx_word' id='word_1_203' title='bbox 749 3008 995 3065; x_wconf 89' lang='lat' dir='ltr'><strong>Bannum</strong></span> <span class='ocrx_word' id='word_1_204' title='bbox 1027 3011 1128 3067; x_wconf 93' lang='lat' dir='ltr'><strong>hoc</strong></span> <span class='ocrx_word' id='word_1_205' title='bbox 1157 3012 1276 3069; x_wconf 89' lang='lat' dir='ltr'><strong>loco</strong></span> <span class='ocrx_word' id='word_1_206' title='bbox 1298 3013 1436 3068; x_wconf 91' lang='lat' dir='ltr'><strong>idem</strong></span> <span class='ocrx_word' id='word_1_207' title='bbox 1469 3015 1610 3084; x_wconf 90' lang='lat' dir='ltr'><strong>quod</strong></span> <span class='ocrx_word' id='word_1_208' title='bbox 1635 3005 1720 3069; x_wconf 80' lang='lat' dir='ltr'><strong>lex</strong></span> <span class='ocrx_word' id='word_1_209' title='bbox 1747 3054 1762 3082; x_wconf 84' lang='lat'><strong>,</strong></span> 
     </span>
    </p>
   </div>
   <div class='ocr_carea' id='block_1_31' title="bbox 174 3099 1760 3174">
    <p class='ocr_par' dir='ltr' id='par_1_31' title="bbox 174 3099 1760 3174">
     <span class='ocr_line' id='line_1_31' title="bbox 174 3099 1760 3174; baseline 0.002 -21"><span class='ocrx_word' id='word_1_210' title='bbox 174 3100 378 3164; x_wconf 75' lang='lat' dir='ltr'><strong>multa,</strong></span> <span class='ocrx_word' id='word_1_211' title='bbox 393 3114 487 3154; x_wconf 89' lang='lat' dir='ltr'><strong>seu</strong></span> <span class='ocrx_word' id='word_1_212' title='bbox 509 3099 756 3164; x_wconf 89' lang='lat' dir='ltr'><strong>emenda,</strong></span> <span class='ocrx_word' id='word_1_213' title='bbox 781 3111 841 3154; x_wconf 92' lang='lat' dir='ltr'><strong>ut</strong></span> <span class='ocrx_word' id='word_1_214' title='bbox 861 3101 1020 3157; x_wconf 89' lang='lat' dir='ltr'><strong>hodie</strong></span> <span class='ocrx_word' id='word_1_215' title='bbox 1040 3101 1330 3174; x_wconf 79' lang='lat' dir='ltr'><strong>loquimur.</strong></span> <span class='ocrx_word' id='word_1_216' title='bbox 1349 3103 1400 3156; x_wconf 85' lang='lat' dir='ltr'><strong>Il</strong></span> <span class='ocrx_word' id='word_1_217' title='bbox 1418 3103 1760 3158; x_wconf 78' lang='lat' dir='ltr'><strong>l‘amendem.</strong></span> 
     </span>
    </p>
   </div>
   <div class='ocr_carea' id='block_1_32' title="bbox 173 3175 1834 3267">
    <p class='ocr_par' dir='ltr' id='par_1_32' title="bbox 173 3175 1834 3267">
     <span class='ocr_line' id='line_1_32' title="bbox 173 3175 1834 3267; baseline 0.004 -24"><span class='ocrx_word' id='word_1_218' title='bbox 173 3189 332 3244; x_wconf 78' lang='lat' dir='ltr'><strong>Infra</strong></span> <span class='ocrx_word' id='word_1_219' title='bbox 357 3205 512 3262; x_wconf 85' lang='lat' dir='ltr'><strong>capp.</strong></span> <span class='ocrx_word' id='word_1_220' title='bbox 561 3190 685 3256; x_wconf 67' lang='grc' dir='ltr'><strong>ευ,</strong></span> <span class='ocrx_word' id='word_1_221' title='bbox 711 3191 814 3245; x_wconf 75' lang='lat' dir='ltr'><strong>sat</strong></span> <span class='ocrx_word' id='word_1_222' title='bbox 842 3200 896 3246; x_wconf 90' lang='lat' dir='ltr'><strong>et</strong></span> <span class='ocrx_word' id='word_1_223' title='bbox 939 3191 1064 3259; x_wconf 76' lang='lat'><strong>368,</strong></span> <span class='ocrx_word' id='word_1_224' title='bbox 1088 3193 1298 3250; x_wconf 89' lang='lat' dir='ltr'><strong>bannus</strong></span> <span class='ocrx_word' id='word_1_225' title='bbox 1329 3195 1584 3267; x_wconf 80' lang='lat' dir='ltr'><strong>episcopi.</strong></span> <span class='ocrx_word' id='word_1_226' title='bbox 1627 3195 1762 3249; x_wconf 85' lang='lat' dir='ltr'><strong>Nam</strong></span> <span class='ocrx_word' id='word_1_227' title='bbox 1791 3175 1834 3236; x_wconf 82' lang='lat' dir='ltr'>C</span> 
     </span>
    </p>
   </div>
   <div class='ocr_carea' id='block_1_33' title="bbox 178 3281 1762 3360">
    <p class='ocr_par' dir='ltr' id='par_1_33' title="bbox 178 3281 1762 3360">
     <span class='ocr_line' id='line_1_33' title="bbox 178 3281 1762 3360; baseline 0.005 -26"><span class='ocrx_word' id='word_1_228' title='bbox 178 3281 317 3336; x_wconf 80' lang='lat' dir='ltr'><strong>alibi</strong></span> <span class='ocrx_word' id='word_1_229' title='bbox 369 3283 577 3337; x_wconf 88' lang='lat' dir='ltr'><strong>bannus</strong></span> <span class='ocrx_word' id='word_1_230' title='bbox 621 3283 892 3339; x_wconf 88' lang='lat' dir='ltr'><strong>interdum</strong></span> <span class='ocrx_word' id='word_1_231' title='bbox 939 3286 1208 3356; x_wconf 89' lang='lat' dir='ltr'><strong>signiﬁcat</strong></span> <span class='ocrx_word' id='word_1_232' title='bbox 1263 3289 1496 3344; x_wconf 90' lang='lat' dir='ltr'><strong>edictum</strong></span> <span class='ocrx_word' id='word_1_233' title='bbox 1520 3289 1635 3343; x_wconf 90' lang='lat' dir='ltr'><strong>sive</strong></span> <span class='ocrx_word' id='word_1_234' title='bbox 1662 3305 1762 3360; x_wconf 91' lang='lat' dir='ltr'><strong>pu-</strong></span> 
     </span>
    </p>
   </div>
   <div class='ocr_carea' id='block_1_34' title="bbox 177 3371 1761 3450">
    <p class='ocr_par' dir='ltr' id='par_1_34' title="bbox 177 3371 1761 3450">
     <span class='ocr_line' id='line_1_34' title="bbox 177 3371 1761 3450; baseline 0.006 -26"><span class='ocrx_word' id='word_1_235' title='bbox 177 3371 384 3425; x_wconf 86' lang='lat' dir='ltr'><strong>blicam</strong></span> <span class='ocrx_word' id='word_1_236' title='bbox 427 3372 890 3429; x_wconf 87' lang='lat' dir='ltr'><strong>denuntiationem</strong></span> <span class='ocrx_word' id='word_1_237' title='bbox 933 3375 1130 3432; x_wconf 79' lang='lat' dir='ltr'><strong>iactam</strong></span> <span class='ocrx_word' id='word_1_238' title='bbox 1159 3381 1254 3446; x_wconf 84' lang='lat' dir='ltr'><strong>per</strong></span> <span class='ocrx_word' id='word_1_239' title='bbox 1281 3385 1586 3450; x_wconf 72' lang='lat' dir='ltr'><strong>praeconem</strong></span> <span class='ocrx_word' id='word_1_240' title='bbox 1611 3420 1624 3442; x_wconf 91' lang='lat'><strong>,</strong></span> <span class='ocrx_word' id='word_1_241' title='bbox 1676 3379 1761 3433; x_wconf 94' lang='lat' dir='ltr'><strong>in-</strong></span> 
     </span>
    </p>
   </div>
   <div class='ocr_carea' id='block_1_35' title="bbox 179 3461 1766 3544">
    <p class='ocr_par' dir='ltr' id='par_1_35' title="bbox 179 3461 1766 3544">
     <span class='ocr_line' id='line_1_35' title="bbox 179 3461 1766 3544; baseline 0.005 -28"><span class='ocrx_word' id='word_1_242' title='bbox 179 3461 402 3516; x_wconf 86' lang='lat' dir='ltr'><strong>terdum</strong></span> <span class='ocrx_word' id='word_1_243' title='bbox 435 3477 565 3518; x_wconf 87' lang='lat' dir='ltr'><strong>vero</strong></span> <span class='ocrx_word' id='word_1_244' title='bbox 605 3463 1065 3544; x_wconf 77' lang='lat' dir='ltr'><strong>confiscationem,</strong></span> <span class='ocrx_word' id='word_1_245' title='bbox 1112 3467 1576 3540; x_wconf 84' lang='lat' dir='ltr'><strong>proscriptionem,</strong></span> <span class='ocrx_word' id='word_1_246' title='bbox 1619 3469 1766 3524; x_wconf 85' lang='lat' dir='ltr'><strong>exsi-</strong></span> 
     </span>
    </p>
   </div>
   <div class='ocr_carea' id='block_1_36' title="bbox 181 3549 1762 3630">
    <p class='ocr_par' dir='ltr' id='par_1_36' title="bbox 181 3549 1762 3630">
     <span class='ocr_line' id='line_1_36' title="bbox 181 3549 1762 3630; baseline 0.008 -28"><span class='ocrx_word' id='word_1_247' title='bbox 181 3549 347 3616; x_wconf 85' lang='lat' dir='ltr'><strong>lium,</strong></span> <span class='ocrx_word' id='word_1_248' title='bbox 373 3559 430 3604; x_wconf 90' lang='lat' dir='ltr'><strong>ut</strong></span> <span class='ocrx_word' id='word_1_249' title='bbox 453 3551 671 3607; x_wconf 87' lang='lat' dir='ltr'><strong>adnotat</strong></span> <span class='ocrx_word' id='word_1_250' title='bbox 693 3553 1013 3613; x_wconf 85' lang='lat' dir='ltr'><strong>Sirmondus</strong></span> <span class='ocrx_word' id='word_1_251' title='bbox 1034 3558 1100 3612; x_wconf 91' lang='lat' dir='ltr'><strong>ad</strong></span> <span class='ocrx_word' id='word_1_252' title='bbox 1126 3559 1366 3630; x_wconf 84' lang='lat' dir='ltr'><strong>Capitula</strong></span> <span class='ocrx_word' id='word_1_253' title='bbox 1391 3559 1566 3615; x_wconf 86' lang='lat' dir='ltr'><strong>Caroli</strong></span> <span class='ocrx_word' id='word_1_254' title='bbox 1595 3559 1762 3615; x_wconf 85' lang='lat' dir='ltr'><strong>Calvi.</strong></span> 
     </span>
    </p>
   </div>
   <div class='ocr_carea' id='block_1_37' title="bbox 257 3635 1768 3717">
    <p class='ocr_par' dir='ltr' id='par_1_37' title="bbox 257 3635 1768 3717">
     <span class='ocr_line' id='line_1_37' title="bbox 257 3635 1768 3717; baseline 0.007 -20"><span class='ocrx_word' id='word_1_255' title='bbox 257 3644 601 3714; x_wconf 84' lang='lat' dir='ltr'><strong>Beneﬁcium.</strong></span> <span class='ocrx_word' id='word_1_256' title='bbox 627 3646 892 3714; x_wconf 84' lang='lat' dir='ltr'><strong>Feudum,</strong></span> <span class='ocrx_word' id='word_1_257' title='bbox 922 3635 1349 3707; x_wconf 82' lang='lat' dir='ltr'><strong>ecclesiasticum</strong></span> <span class='ocrx_word' id='word_1_258' title='bbox 1379 3653 1636 3707; x_wconf 90' lang='lat' dir='ltr'><strong>nimirum</strong></span> <span class='ocrx_word' id='word_1_259' title='bbox 1661 3693 1678 3717; x_wconf 93' lang='lat'><strong>,</strong></span> <span class='ocrx_word' id='word_1_260' title='bbox 1709 3659 1768 3707; x_wconf 92' lang='lat' dir='ltr'><strong>ut</strong></span> 
     </span>
    </p>
   </div>
   <div class='ocr_carea' id='block_1_38' title="bbox 179 3737 1766 3814">
    <p class='ocr_par' dir='ltr' id='par_1_38' title="bbox 179 3737 1766 3814">
     <span class='ocr_line' id='line_1_38' title="bbox 179 3737 1766 3814; baseline 0.006 -26"><span class='ocrx_word' id='word_1_261' title='bbox 179 3743 342 3806; x_wconf 88' lang='lat' dir='ltr'><strong>patet</strong></span> <span class='ocrx_word' id='word_1_262' title='bbox 369 3749 438 3789; x_wconf 77' lang='lat' dir='ltr'><strong>ex</strong></span> <span class='ocrx_word' id='word_1_263' title='bbox 463 3737 641 3792; x_wconf 79' lang='lat' dir='ltr'><strong>verbis</strong></span> <span class='ocrx_word' id='word_1_264' title='bbox 681 3737 842 3808; x_wconf 83' lang='lat' dir='ltr'><strong>legis,</strong></span> <span class='ocrx_word' id='word_1_265' title='bbox 868 3747 924 3794; x_wconf 90' lang='lat' dir='ltr'><strong>et</strong></span> <span class='ocrx_word' id='word_1_266' title='bbox 951 3739 1107 3796; x_wconf 92' lang='lat' dir='ltr'><strong>docet</strong></span> <span class='ocrx_word' id='word_1_267' title='bbox 1135 3743 1293 3796; x_wconf 90' lang='lat' dir='ltr'><strong>etiam</strong></span> <span class='ocrx_word' id='word_1_268' title='bbox 1319 3752 1480 3814; x_wconf 89' lang='lat' dir='ltr'><strong>caput</strong></span> <span class='ocrx_word' id='word_1_269' title='bbox 1511 3743 1582 3796; x_wconf 77' lang='grc'><strong>43</strong></span> <span class='ocrx_word' id='word_1_270' title='bbox 1612 3743 1766 3798; x_wconf 88' lang='lat' dir='ltr'><strong>istius</strong></span> 
     </span>
    </p>
   </div>
   <div class='ocr_carea' id='block_1_39' title="bbox 179 3823 1764 3904">
    <p class='ocr_par' dir='ltr' id='par_1_39' title="bbox 179 3823 1764 3904">
     <span class='ocr_line' id='line_1_39' title="bbox 179 3823 1764 3904; baseline 0.008 -28"><span class='ocrx_word' id='word_1_271' title='bbox 179 3823 314 3878; x_wconf 84' lang='lat' dir='ltr'><strong>libri</strong></span> <span class='ocrx_word' id='word_1_272' title='bbox 342 3862 357 3888; x_wconf 91' lang='lat'><strong>,</strong></span> <span class='ocrx_word' id='word_1_273' title='bbox 389 3824 622 3895; x_wconf 87' lang='lat' dir='ltr'><strong>itemque</strong></span> <span class='ocrx_word' id='word_1_274' title='bbox 660 3825 746 3880; x_wconf 78' lang='grc'><strong>47.</strong></span> <span class='ocrx_word' id='word_1_275' title='bbox 779 3825 1133 3885; x_wconf 68' lang='lat' dir='ltr'><strong>Haereditaria</strong></span> <span class='ocrx_word' id='word_1_276' title='bbox 1162 3841 1342 3886; x_wconf 87' lang='lat' dir='ltr'><strong>autem</strong></span> <span class='ocrx_word' id='word_1_277' title='bbox 1372 3843 1431 3887; x_wconf 92' lang='lat' dir='ltr'><strong>ut</strong></span> <span class='ocrx_word' id='word_1_278' title='bbox 1470 3833 1764 3904; x_wconf 90' lang='lat' dir='ltr'><strong>plurimum</strong></span> 
     </span>
    </p>
   </div>
   <div class='ocr_carea' id='block_1_40' title="bbox 181 3913 1762 3994">
    <p class='ocr_par' dir='ltr' id='par_1_40' title="bbox 181 3913 1762 3994">
     <span class='ocr_line' id='line_1_40' title="bbox 181 3913 1762 3994; baseline 0.007 -26"><span class='ocrx_word' id='word_1_279' title='bbox 181 3921 353 3968; x_wconf 86' lang='lat' dir='ltr'><strong>erant</strong></span> <span class='ocrx_word' id='word_1_280' title='bbox 380 3913 468 3969; x_wconf 87' lang='lat' dir='ltr'><strong>illa</strong></span> <span class='ocrx_word' id='word_1_281' title='bbox 497 3915 777 3985; x_wconf 87' lang='lat' dir='ltr'><strong>beneﬁcia,</strong></span> <span class='ocrx_word' id='word_1_282' title='bbox 804 3928 864 3973; x_wconf 93' lang='lat' dir='ltr'><strong>ut</strong></span> <span class='ocrx_word' id='word_1_283' title='bbox 899 3929 1048 3990; x_wconf 89' lang='lat' dir='ltr'><strong>patet</strong></span> <span class='ocrx_word' id='word_1_284' title='bbox 1076 3938 1143 3978; x_wconf 78' lang='lat' dir='ltr'><strong>ex</strong></span> <span class='ocrx_word' id='word_1_285' title='bbox 1173 3924 1324 3978; x_wconf 87' lang='lat' dir='ltr'><strong>libris</strong></span> <span class='ocrx_word' id='word_1_286' title='bbox 1354 3923 1762 3994; x_wconf 90' lang='lat' dir='ltr'><strong>Capitularium.</strong></span> 
     </span>
    </p>
   </div>
   <div class='ocr_carea' id='block_1_41' title="bbox 182 4004 1764 4084">
    <p class='ocr_par' dir='ltr' id='par_1_41' title="bbox 182 4004 1764 4084">
     <span class='ocr_line' id='line_1_41' title="bbox 182 4004 1764 4084; baseline 0.006 -27"><span class='ocrx_word' id='word_1_287' title='bbox 182 4004 428 4065; x_wconf 68' lang='lat' dir='ltr'><strong>Insignis</strong></span> <span class='ocrx_word' id='word_1_288' title='bbox 451 4014 534 4060; x_wconf 90' lang='lat' dir='ltr'><strong>est</strong></span> <span class='ocrx_word' id='word_1_289' title='bbox 561 4007 614 4060; x_wconf 93' lang='lat' dir='ltr'><strong>in</strong></span> <span class='ocrx_word' id='word_1_290' title='bbox 643 4019 762 4062; x_wconf 88' lang='lat' dir='ltr'><strong>eam</strong></span> <span class='ocrx_word' id='word_1_291' title='bbox 809 4025 924 4064; x_wconf 91' lang='lat' dir='ltr'><strong>rem</strong></span> <span class='ocrx_word' id='word_1_292' title='bbox 961 4009 1114 4068; x_wconf 92' lang='lat' dir='ltr'><strong>locus</strong></span> <span class='ocrx_word' id='word_1_293' title='bbox 1156 4005 1222 4068; x_wconf 58' lang='lat' dir='ltr'><strong>e‘x</strong></span> <span class='ocrx_word' id='word_1_294' title='bbox 1270 4014 1481 4084; x_wconf 82' lang='lat' dir='ltr'><strong>dialogo</strong></span> <span class='ocrx_word' id='word_1_295' title='bbox 1509 4015 1574 4068; x_wconf 90' lang='lat' dir='ltr'><strong>de</strong></span> <span class='ocrx_word' id='word_1_296' title='bbox 1625 4023 1764 4069; x_wconf 86' lang='lat' dir='ltr'><strong>statu</strong></span> 
     </span>
    </p>
   </div>
   <div class='ocr_carea' id='block_1_42' title="bbox 182 4093 1768 4166">
    <p class='ocr_par' dir='ltr' id='par_1_42' title="bbox 182 4093 1768 4166">
     <span class='ocr_line' id='line_1_42' title="bbox 182 4093 1768 4166; baseline 0.007 -18"><span class='ocrx_word' id='word_1_297' title='bbox 182 4093 438 4149; x_wconf 64' lang='lat' dir='ltr'><strong>ecclesiae</strong></span> <span class='ocrx_word' id='word_1_298' title='bbox 491 4111 652 4166; x_wconf 88' lang='lat' dir='ltr'><strong>quem</strong></span> <span class='ocrx_word' id='word_1_299' title='bbox 691 4099 776 4152; x_wconf 84' lang='lat' dir='ltr'><strong>vir</strong></span> <span class='ocrx_word' id='word_1_300' title='bbox 823 4099 1157 4157; x_wconf 86' lang='lat' dir='ltr'><strong>clarissimus</strong></span> <span class='ocrx_word' id='word_1_301' title='bbox 1201 4097 1438 4158; x_wconf 74' lang='lat' dir='ltr'><strong>Joannes</strong></span> <span class='ocrx_word' id='word_1_302' title='bbox 1477 4103 1768 4159; x_wconf 89' lang='lat' dir='ltr'><strong>Cordesius</strong></span> 
     </span>
    </p>
   </div>
   <div class='ocr_carea' id='block_1_43' title="bbox 182 4183 1766 4266">
    <p class='ocr_par' dir='ltr' id='par_1_43' title="bbox 182 4183 1766 4266">
     <span class='ocr_line' id='line_1_43' title="bbox 182 4183 1766 4266; baseline 0.009 -29"><span class='ocrx_word' id='word_1_303' title='bbox 182 4183 484 4238; x_wconf 88' lang='lat' dir='ltr'><strong>canonicus</strong></span> <span class='ocrx_word' id='word_1_304' title='bbox 531 4185 928 4244; x_wconf 90' lang='lat' dir='ltr'><strong>Lemovicensis</strong></span> <span class='ocrx_word' id='word_1_305' title='bbox 969 4191 1138 4246; x_wconf 90' lang='lat' dir='ltr'><strong>edidit</strong></span> <span class='ocrx_word' id='word_1_306' title='bbox 1183 4207 1304 4246; x_wconf 89' lang='lat' dir='ltr'><strong>cum</strong></span> <span class='ocrx_word' id='word_1_307' title='bbox 1335 4193 1577 4262; x_wconf 83' lang='lat' dir='ltr'><strong>epistolis</strong></span> <span class='ocrx_word' id='word_1_308' title='bbox 1607 4193 1766 4266; x_wconf 66' lang='lat'><strong>547</strong></span> 
     </span>
    </p>
   </div>
   <div class='ocr_carea' id='block_1_44' title="bbox 189 4271 1768 4353">
    <p class='ocr_par' dir='ltr' id='par_1_44' title="bbox 189 4271 1768 4353">
     <span class='ocr_line' id='line_1_44' title="bbox 189 4271 1768 4353; baseline 0.008 -28"><span class='ocrx_word' id='word_1_309' title='bbox 189 4271 491 4327; x_wconf 81' lang='lat' dir='ltr'><strong>Hincmari.</strong></span> <span class='ocrx_word' id='word_1_310' title='bbox 543 4274 728 4345; x_wconf 85' lang='lat' dir='ltr'><strong>Itaque</strong></span> <span class='ocrx_word' id='word_1_311' title='bbox 780 4277 834 4330; x_wconf 87' lang='lat' dir='ltr'><strong>in</strong></span> <span class='ocrx_word' id='word_1_312' title='bbox 879 4277 1090 4348; x_wconf 87' lang='lat' dir='ltr'><strong>dialogo</strong></span> <span class='ocrx_word' id='word_1_313' title='bbox 1149 4277 1238 4336; x_wconf 83' lang='lat' dir='ltr'><strong>illo</strong></span> <span class='ocrx_word' id='word_1_314' title='bbox 1278 4279 1355 4338; x_wconf 89' lang='lat' dir='ltr'><strong>sic</strong></span> <span class='ocrx_word' id='word_1_315' title='bbox 1397 4277 1622 4353; x_wconf 69' lang='lat' dir='ltr'><strong>legitur“.</strong></span> <span class='ocrx_word' id='word_1_316' title='bbox 1657 4302 1676 4335; x_wconf 86' lang='grc'><em>‹</em></span> <span class='ocrx_word' id='word_1_317' title='bbox 1707 4283 1768 4338; x_wconf 86' lang='lat' dir='ltr'><strong>In</strong></span> 
     </span>
    </p>
   </div>
   <div class='ocr_carea' id='block_1_45' title="bbox 187 4363 1768 4442">
    <p class='ocr_par' dir='ltr' id='par_1_45' title="bbox 187 4363 1768 4442">
     <span class='ocr_line' id='line_1_45' title="bbox 187 4363 1768 4442; baseline 0.007 -24"><span class='ocrx_word' id='word_1_318' title='bbox 187 4363 448 4418; x_wconf 70' lang='lat' dir='ltr'><strong>Samnite</strong></span> <span class='ocrx_word' id='word_1_319' title='bbox 503 4375 682 4419; x_wconf 87' lang='lat' dir='ltr'><strong>autem</strong></span> <span class='ocrx_word' id='word_1_320' title='bbox 728 4375 784 4421; x_wconf 89' lang='lat' dir='ltr'><strong>et</strong></span> <span class='ocrx_word' id='word_1_321' title='bbox 827 4365 1134 4424; x_wconf 69' lang='lat' dir='ltr'><strong>Germaniae</strong></span> <span class='ocrx_word' id='word_1_322' title='bbox 1187 4372 1431 4442; x_wconf 87' lang='lat' dir='ltr'><strong>partibus</strong></span> <span class='ocrx_word' id='word_1_323' title='bbox 1478 4375 1768 4442; x_wconf 87' lang='lat' dir='ltr'><strong>quamdam</strong></span> 
     </span>
    </p>
   </div>
   <div class='ocr_carea' id='block_1_46' title="bbox 185 4442 1767 4534">
    <p class='ocr_par' dir='ltr' id='par_1_46' title="bbox 185 4442 1767 4534">
     <span class='ocr_line' id='line_1_46' title="bbox 185 4442 1767 4534; baseline 0.008 -28"><span class='ocrx_word' id='word_1_324' title='bbox 185 4442 439 4507; x_wconf 81' lang='lat' dir='ltr'><strong>umbram</strong></span> <span class='ocrx_word' id='word_1_325' title='bbox 476 4453 698 4521; x_wconf 74' lang='lat' dir='ltr'><strong>justitize</strong></span> <span class='ocrx_word' id='word_1_326' title='bbox 729 4456 779 4509; x_wconf 90' lang='lat' dir='ltr'><strong>in</strong></span> <span class='ocrx_word' id='word_1_327' title='bbox 813 4458 916 4512; x_wconf 90' lang='lat' dir='ltr'><strong>hac</strong></span> <span class='ocrx_word' id='word_1_328' title='bbox 955 4475 1015 4514; x_wconf 91' lang='lat' dir='ltr'><strong>re</strong></span> <span class='ocrx_word' id='word_1_329' title='bbox 1055 4461 1230 4516; x_wconf 88' lang='lat' dir='ltr'><strong>adhuc</strong></span> <span class='ocrx_word' id='word_1_330' title='bbox 1283 4463 1552 4517; x_wconf 86' lang='lat' dir='ltr'><strong>reservari</strong></span> <span class='ocrx_word' id='word_1_331' title='bbox 1585 4464 1767 4534; x_wconf 90' lang='lat' dir='ltr'><strong>opinio</strong></span> 
     </span>
    </p>
   </div>
   <div class='ocr_carea' id='block_1_47' title="bbox 185 4540 1766 4626">
    <p class='ocr_par' dir='ltr' id='par_1_47' title="bbox 185 4540 1766 4626">
     <span class='ocr_line' id='line_1_47' title="bbox 185 4540 1766 4626; baseline 0.009 -30"><span class='ocrx_word' id='word_1_332' title='bbox 185 4551 296 4597; x_wconf 88' lang='lat' dir='ltr'><strong>est.</strong></span> <span class='ocrx_word' id='word_1_333' title='bbox 331 4540 695 4598; x_wconf 81' lang='lat' dir='ltr'><strong>lnthronizato</strong></span> <span class='ocrx_word' id='word_1_334' title='bbox 739 4545 884 4600; x_wconf 88' lang='lat' dir='ltr'><strong>enim</strong></span> <span class='ocrx_word' id='word_1_335' title='bbox 909 4549 1180 4620; x_wconf 88' lang='lat' dir='ltr'><strong>episcopo,</strong></span> <span class='ocrx_word' id='word_1_336' title='bbox 1223 4567 1412 4608; x_wconf 91' lang='lat' dir='ltr'><strong>omnes</strong></span> <span class='ocrx_word' id='word_1_337' title='bbox 1458 4554 1766 4626; x_wconf 90' lang='lat' dir='ltr'><strong>quicunque</strong></span> 
     </span>
    </p>
   </div>
   <div class='ocr_carea' id='block_1_48' title="bbox 187 4631 1764 4718">
    <p class='ocr_par' dir='ltr' id='par_1_48' title="bbox 187 4631 1764 4718">
     <span class='ocr_line' id='line_1_48' title="bbox 187 4631 1764 4718; baseline 0.011 -33"><span class='ocrx_word' id='word_1_338' title='bbox 187 4631 448 4686; x_wconf 78' lang='lat' dir='ltr'><strong>Ecclesiae</strong></span> <span class='ocrx_word' id='word_1_339' title='bbox 503 4633 764 4689; x_wconf 86' lang='lat' dir='ltr'><strong>beneﬁcia</strong></span> <span class='ocrx_word' id='word_1_340' title='bbox 823 4643 1048 4706; x_wconf 90' lang='lat' dir='ltr'><strong>tenent,</strong></span> <span class='ocrx_word' id='word_1_341' title='bbox 1101 4650 1226 4697; x_wconf 90' lang='lat' dir='ltr'><strong>ante</strong></span> <span class='ocrx_word' id='word_1_342' title='bbox 1296 4645 1460 4714; x_wconf 89' lang='lat' dir='ltr'><strong>pedes</strong></span> <span class='ocrx_word' id='word_1_343' title='bbox 1526 4647 1764 4718; x_wconf 88' lang='lat' dir='ltr'><strong>episcopi</strong></span> 
     </span>
    </p>
   </div>
   <div class='ocr_carea' id='block_1_49' title="bbox 183 4723 1765 4810">
    <p class='ocr_par' dir='ltr' id='par_1_49' title="bbox 183 4723 1765 4810">
     <span class='ocr_line' id='line_1_49' title="bbox 183 4723 1765 4810; baseline 0.011 -33"><span class='ocrx_word' id='word_1_344' title='bbox 183 4723 540 4777; x_wconf 85' lang='lat' dir='ltr'><strong>intbronizati</strong></span> <span class='ocrx_word' id='word_1_345' title='bbox 605 4741 669 4780; x_wconf 87' lang='lat' dir='ltr'><strong>ea</strong></span> <span class='ocrx_word' id='word_1_346' title='bbox 720 4727 1031 4798; x_wconf 88' lang='lat' dir='ltr'><strong>deponunt,</strong></span> <span class='ocrx_word' id='word_1_347' title='bbox 1080 4734 1134 4788; x_wconf 84' lang='lat' dir='ltr'><strong>in</strong></span> <span class='ocrx_word' id='word_1_348' title='bbox 1197 4745 1462 4806; x_wconf 86' lang='lat' dir='ltr'><strong>potestate</strong></span> <span class='ocrx_word' id='word_1_349' title='bbox 1527 4731 1765 4810; x_wconf 88' lang='lat' dir='ltr'><strong>episcopi</strong></span> 
     </span>
    </p>
   </div>
   <div class='ocr_carea' id='block_1_50' title="bbox 181 4815 1765 4899">
    <p class='ocr_par' dir='ltr' id='par_1_50' title="bbox 181 4815 1765 4899">
     <span class='ocr_line' id='line_1_50' title="bbox 181 4815 1765 4899; baseline 0.012 -34"><span class='ocrx_word' id='word_1_350' title='bbox 181 4829 354 4884; x_wconf 85' lang='lat' dir='ltr'><strong>quem</strong></span> <span class='ocrx_word' id='word_1_351' title='bbox 401 4815 670 4872; x_wconf 90' lang='lat' dir='ltr'><strong>honorare</strong></span> <span class='ocrx_word' id='word_1_352' title='bbox 721 4820 943 4890; x_wconf 89' lang='lat' dir='ltr'><strong>antiquo</strong></span> <span class='ocrx_word' id='word_1_353' title='bbox 1007 4823 1270 4881; x_wconf 88' lang='lat' dir='ltr'><strong>beneﬁcio</strong></span> <span class='ocrx_word' id='word_1_354' title='bbox 1325 4828 1411 4882; x_wconf 92' lang='lat' dir='ltr'><strong>vel</strong></span> <span class='ocrx_word' id='word_1_355' title='bbox 1457 4845 1618 4899; x_wconf 90' lang='lat' dir='ltr'><strong>quem</strong></span> <span class='ocrx_word' id='word_1_356' title='bbox 1667 4846 1765 4886; x_wconf 75' lang='lat' dir='ltr'><strong>ex-</strong></span> 
     </span>
    </p>
   </div>
   <div class='ocr_carea' id='block_1_51' title="bbox 183 4903 1766 4978">
    <p class='ocr_par' dir='ltr' id='par_1_51' title="bbox 183 4903 1766 4978">
     <span class='ocr_line' id='line_1_51' title="bbox 183 4903 1766 4978; baseline 0.011 -20"><span class='ocrx_word' id='word_1_357' title='bbox 183 4903 426 4974; x_wconf 87' lang='lat' dir='ltr'><strong>spoliare</strong></span> <span class='ocrx_word' id='word_1_358' title='bbox 469 4907 619 4960; x_wconf 89' lang='lat' dir='ltr'><strong>malit</strong></span> <span class='ocrx_word' id='word_1_359' title='bbox 665 4907 1052 4978; x_wconf 88' lang='lat' dir='ltr'><strong>relinquentes.</strong></span> <span class='ocrx_word' id='word_1_360' title='bbox 1106 4916 1292 4970; x_wconf 79' lang='lat' dir='ltr'><strong>tVide</strong></span> <span class='ocrx_word' id='word_1_361' title='bbox 1337 4927 1493 4974; x_wconf 87' lang='lat' dir='ltr'><strong>notas</strong></span> <span class='ocrx_word' id='word_1_362' title='bbox 1550 4927 1766 4976; x_wconf 86' lang='lat' dir='ltr'><strong>nostras</strong></span> 
     </span>
    </p>
   </div>
   <div class='ocr_carea' id='block_1_52' title="bbox 183 4997 1456 5072">
    <p class='ocr_par' dir='ltr' id='par_1_52' title="bbox 183 4997 1456 5072">
     <span class='ocr_line' id='line_1_52' title="bbox 183 4997 1456 5072; baseline 0.015 -22"><span class='ocrx_word' id='word_1_363' title='bbox 183 4997 254 5051; x_wconf 87' lang='lat' dir='ltr'><strong>ad</strong></span> <span class='ocrx_word' id='word_1_364' title='bbox 287 4997 598 5066; x_wconf 88' lang='lat' dir='ltr'><strong>Capitulare</strong></span> <span class='ocrx_word' id='word_1_365' title='bbox 619 5001 1049 5072; x_wconf 87' lang='lat' dir='ltr'><strong>Compendiense</strong></span> <span class='ocrx_word' id='word_1_366' title='bbox 1069 5007 1246 5065; x_wconf 89' lang='lat' dir='ltr'><strong>Caroli</strong></span> <span class='ocrx_word' id='word_1_367' title='bbox 1285 5012 1456 5070; x_wconf 85' lang='lat' dir='ltr'><strong>Calvi.</strong></span> 
     </span>
    </p>
   </div>
   <div class='ocr_carea' id='block_1_53' title="bbox 259 5089 1770 5174">
    <p class='ocr_par' dir='ltr' id='par_1_53' title="bbox 259 5089 1770 5174">
     <span class='ocr_line' id='line_1_53' title="bbox 259 5089 1770 5174; baseline 0.015 -30"><span class='ocrx_word' id='word_1_368' title='bbox 259 5089 392 5144; x_wconf 64' lang='lat' dir='ltr'><strong>Car.</strong></span> <span class='ocrx_word' id='word_1_369' title='bbox 424 5091 514 5146; x_wconf 71' lang='lat' dir='ltr'><strong>4i.</strong></span> <span class='ocrx_word' id='word_1_370' title='bbox 553 5123 621 5132; x_wconf 90' lang='lat'><strong>-—-</strong></span> <span class='ocrx_word' id='word_1_371' title='bbox 666 5093 840 5165; x_wconf 88' lang='lat' dir='ltr'><strong>Caput</strong></span> <span class='ocrx_word' id='word_1_372' title='bbox 898 5098 1039 5155; x_wconf 91' lang='lat' dir='ltr'><strong>istud</strong></span> <span class='ocrx_word' id='word_1_373' title='bbox 1080 5111 1350 5174; x_wconf 86' lang='lat' dir='ltr'><strong>sumptum</strong></span> <span class='ocrx_word' id='word_1_374' title='bbox 1399 5115 1482 5162; x_wconf 91' lang='lat' dir='ltr'><strong>est</strong></span> <span class='ocrx_word' id='word_1_375' title='bbox 1519 5123 1584 5164; x_wconf 74' lang='lat' dir='ltr'><strong>ex</strong></span> <span class='ocrx_word' id='word_1_376' title='bbox 1630 5109 1770 5166; x_wconf 90' lang='lat' dir='ltr'><strong>libro</strong></span> 
     </span>
    </p>
   </div>
   <div class='ocr_carea' id='block_1_54' title="bbox 183 5181 1000 5257">
    <p class='ocr_par' dir='ltr' id='par_1_54' title="bbox 183 5181 1000 5257">
     <span class='ocr_line' id='line_1_54' title="bbox 183 5181 1000 5257; baseline 0.011 -24"><span class='ocrx_word' id='word_1_377' title='bbox 183 5182 432 5235; x_wconf 88' lang='lat' dir='ltr'><strong>secundo</strong></span> <span class='ocrx_word' id='word_1_378' title='bbox 457 5181 777 5252; x_wconf 88' lang='lat' dir='ltr'><strong>Capitular.,</strong></span> <span class='ocrx_word' id='word_1_379' title='bbox 803 5203 922 5257; x_wconf 88' lang='lat' dir='ltr'><strong>cap.</strong></span> <span class='ocrx_word' id='word_1_380' title='bbox 948 5189 1000 5242; x_wconf 83' lang='lat'><strong>5.</strong></span> 
     </span>
    </p>
   </div>
   <div class='ocr_carea' id='block_1_55' title="bbox 261 5271 1770 5356">
    <p class='ocr_par' dir='ltr' id='par_1_55' title="bbox 261 5271 1770 5356">
     <span class='ocr_line' id='line_1_55' title="bbox 261 5271 1770 5356; baseline 0.014 -31"><span class='ocrx_word' id='word_1_381' title='bbox 261 5271 392 5327; x_wconf 63' lang='lat' dir='ltr'><strong>Car.</strong></span> <span class='ocrx_word' id='word_1_382' title='bbox 437 5273 526 5327; x_wconf 72' lang='grc'><strong>44.</strong></span> <span class='ocrx_word' id='word_1_383' title='bbox 560 5305 632 5317; x_wconf 96' lang='grc'><strong>-</strong></span> <span class='ocrx_word' id='word_1_384' title='bbox 674 5275 901 5332; x_wconf 77' lang='grc' dir='ltr'><strong>Νουαιίιι</strong></span> <span class='ocrx_word' id='word_1_385' title='bbox 947 5286 1092 5337; x_wconf 85' lang='lat' dir='ltr'><strong>ru&#39;ra.</strong></span> <span class='ocrx_word' id='word_1_386' title='bbox 1125 5271 1252 5341; x_wconf 68' lang='lat' dir='ltr'><strong>Haec</strong></span> <span class='ocrx_word' id='word_1_387' title='bbox 1285 5289 1606 5346; x_wconf 88' lang='lat' dir='ltr'><strong>constitutio</strong></span> <span class='ocrx_word' id='word_1_388' title='bbox 1635 5293 1770 5356; x_wconf 84' lang='lat' dir='ltr'><strong>duas</strong></span> 
     </span>
    </p>
   </div>
   <div class='ocr_carea' id='block_1_56' title="bbox 183 5363 1768 5438">
    <p class='ocr_par' dir='ltr' id='par_1_56' title="bbox 183 5363 1768 5438">
     <span class='ocr_line' id='line_1_56' title="bbox 183 5363 1768 5438; baseline 0.015 -23"><span class='ocrx_word' id='word_1_389' title='bbox 183 5371 374 5433; x_wconf 86' lang='lat' dir='ltr'><strong>partes</strong></span> <span class='ocrx_word' id='word_1_390' title='bbox 405 5363 586 5420; x_wconf 88' lang='lat' dir='ltr'><strong>habet.-</strong></span> <span class='ocrx_word' id='word_1_391' title='bbox 627 5365 809 5424; x_wconf 89' lang='lat' dir='ltr'><strong>Primo</strong></span> <span class='ocrx_word' id='word_1_392' title='bbox 839 5373 1028 5426; x_wconf 87' lang='lat' dir='ltr'><strong>statuit</strong></span> <span class='ocrx_word' id='word_1_393' title='bbox 1060 5381 1120 5427; x_wconf 91' lang='lat' dir='ltr'><strong>ut</strong></span> <span class='ocrx_word' id='word_1_394' title='bbox 1141 5375 1361 5431; x_wconf 86' lang='lat' dir='ltr'><strong>decimae</strong></span> <span class='ocrx_word' id='word_1_395' title='bbox 1386 5395 1452 5434; x_wconf 84' lang='lat' dir='ltr'><strong>ex</strong></span> <span class='ocrx_word' id='word_1_396' title='bbox 1487 5381 1768 5438; x_wconf 90' lang='lat' dir='ltr'><strong>novalibus</strong></span> 
     </span>
    </p>
   </div>
   <div class='ocr_carea' id='block_1_57' title="bbox 187 5455 1767 5534">
    <p class='ocr_par' dir='ltr' id='par_1_57' title="bbox 187 5455 1767 5534">
     <span class='ocr_line' id='line_1_57' title="bbox 187 5455 1767 5534; baseline 0.013 -25"><span class='ocrx_word' id='word_1_397' title='bbox 187 5455 564 5526; x_wconf 77' lang='lat' dir='ltr'><strong>pet-solvantur</strong></span> <span class='ocrx_word' id='word_1_398' title='bbox 597 5459 844 5516; x_wconf 90' lang='lat' dir='ltr'><strong>ecclesiis</strong></span> <span class='ocrx_word' id='word_1_399' title='bbox 881 5463 1022 5518; x_wconf 88' lang='lat' dir='ltr'><strong>intra</strong></span> <span class='ocrx_word' id='word_1_400' title='bbox 1051 5479 1279 5534; x_wconf 88' lang='lat' dir='ltr'><strong>quarum</strong></span> <span class='ocrx_word' id='word_1_401' title='bbox 1305 5469 1507 5526; x_wconf 89' lang='lat' dir='ltr'><strong>limites</strong></span> <span class='ocrx_word' id='word_1_402' title='bbox 1554 5473 1767 5530; x_wconf 84' lang='lat' dir='ltr'><strong>novalia</strong></span> 
     </span>
    </p>
   </div>
   <div class='ocr_carea' id='block_1_58' title="bbox 189 5545 1768 5636">
    <p class='ocr_par' dir='ltr' id='par_1_58' title="bbox 189 5545 1768 5636">
     <span class='ocr_line' id='line_1_58' title="bbox 189 5545 1768 5636; baseline 0.013 -34"><span class='ocrx_word' id='word_1_403' title='bbox 189 5545 318 5602; x_wconf 84' lang='lat' dir='ltr'><strong>rura</strong></span> <span class='ocrx_word' id='word_1_404' title='bbox 353 5551 644 5606; x_wconf 87' lang='lat' dir='ltr'><strong>constituta</strong></span> <span class='ocrx_word' id='word_1_405' title='bbox 695 5563 840 5609; x_wconf 86' lang='lat' dir='ltr'><strong>sunt.</strong></span> <span class='ocrx_word' id='word_1_406' title='bbox 903 5557 1102 5613; x_wconf 85' lang='lat' dir='ltr'><strong>Deinde</strong></span> <span class='ocrx_word' id='word_1_407' title='bbox 1119 5557 1272 5627; x_wconf 89' lang='lat' dir='ltr'><strong>jubet</strong></span> <span class='ocrx_word' id='word_1_408' title='bbox 1314 5571 1373 5617; x_wconf 93' lang='lat' dir='ltr'><strong>ut</strong></span> <span class='ocrx_word' id='word_1_409' title='bbox 1417 5564 1462 5617; x_wconf 90' lang='lat' dir='ltr'><strong>si</strong></span> <span class='ocrx_word' id='word_1_410' title='bbox 1503 5565 1768 5636; x_wconf 73' lang='lat' dir='ltr'><strong>quaepiam</strong></span> 
     </span>
    </p>
   </div>
   <div class='ocr_carea' id='block_1_59' title="bbox 185 5645 1768 5726">
    <p class='ocr_par' dir='ltr' id='par_1_59' title="bbox 185 5645 1768 5726">
     <span class='ocr_line' id='line_1_59' title="bbox 185 5645 1768 5726; baseline 0.014 -36"><span class='ocrx_word' id='word_1_411' title='bbox 185 5651 424 5706; x_wconf 83' lang='lat' dir='ltr'><strong>persona</strong></span> <span class='ocrx_word' id='word_1_412' title='bbox 475 5656 684 5712; x_wconf 86' lang='lat' dir='ltr'><strong>magnae</strong></span> <span class='ocrx_word' id='word_1_413' title='bbox 734 5645 1033 5702; x_wconf 86' lang='lat' dir='ltr'><strong>nobilitatis</strong></span> <span class='ocrx_word' id='word_1_414' title='bbox 1086 5659 1178 5704; x_wconf 90' lang='lat' dir='ltr'><strong>aut</strong></span> <span class='ocrx_word' id='word_1_415' title='bbox 1223 5651 1506 5722; x_wconf 84' lang='lat' dir='ltr'><strong>dignitatis</strong></span> <span class='ocrx_word' id='word_1_416' title='bbox 1552 5655 1768 5726; x_wconf 90' lang='lat' dir='ltr'><strong>aliquod</strong></span> 
     </span>
    </p>
   </div>
   <div class='ocr_carea' id='block_1_60' title="bbox 191 5727 1766 5814">
    <p class='ocr_par' dir='ltr' id='par_1_60' title="bbox 191 5727 1766 5814">
     <span class='ocr_line' id='line_1_60' title="bbox 191 5727 1766 5814; baseline 0.015 -34"><span class='ocrx_word' id='word_1_417' title='bbox 191 5727 386 5782; x_wconf 77' lang='lat' dir='ltr'><strong>novate</strong></span> <span class='ocrx_word' id='word_1_418' title='bbox 433 5729 482 5784; x_wconf 89' lang='lat' dir='ltr'><strong>in</strong></span> <span class='ocrx_word' id='word_1_419' title='bbox 513 5731 650 5786; x_wconf 88' lang='lat' dir='ltr'><strong>saltu</strong></span> <span class='ocrx_word' id='word_1_420' title='bbox 679 5733 1114 5807; x_wconf 87' lang='lat' dir='ltr'><strong>collaboraverit,</strong></span> <span class='ocrx_word' id='word_1_421' title='bbox 1144 5739 1453 5814; x_wconf 83' lang='lat' dir='ltr'><strong>ibidemque</strong></span> <span class='ocrx_word' id='word_1_422' title='bbox 1478 5735 1766 5804; x_wconf 81' lang='lat' dir='ltr'><strong>ecclesiam</strong></span> 
     </span>
    </p>
   </div>
   <div class='ocr_carea' id='block_1_61' title="bbox 1169 359 3430 425">
    <p class='ocr_par' dir='ltr' id='par_1_61' title="bbox 1169 359 3430 425">
     <span class='ocr_line' id='line_1_61' title="bbox 1169 359 3430 425; baseline 0.004 -9"><span class='ocrx_word' id='word_1_423' title='bbox 1169 361 1376 418; x_wconf 70' lang='lat' dir='ltr'><strong>NOTIE</strong></span> <span class='ocrx_word' id='word_1_424' title='bbox 1416 360 1504 416; x_wconf 80' lang='lat' dir='ltr'><strong>AD</strong></span> <span class='ocrx_word' id='word_1_425' title='bbox 1544 359 1672 414; x_wconf 84' lang='lat' dir='ltr'><strong>LIB.</strong></span> <span class='ocrx_word' id='word_1_426' title='bbox 1712 359 1728 413; x_wconf 96' lang='lat' dir='ltr'><strong>l</strong></span> <span class='ocrx_word' id='word_1_427' title='bbox 1763 361 1850 416; x_wconf 84' lang='lat' dir='ltr'><strong>DE</strong></span> <span class='ocrx_word' id='word_1_428' title='bbox 1887 361 2168 417; x_wconf 81' lang='lat' dir='ltr'><strong>ECCLES.</strong></span> <span class='ocrx_word' id='word_1_429' title='bbox 2205 361 2484 418; x_wconf 83' lang='lat' dir='ltr'><strong>DlSClPL.</strong></span> <span class='ocrx_word' id='word_1_430' title='bbox 3327 371 3430 425; x_wconf 79' lang='lat' dir='ltr'><strong>H8</strong></span> 
     </span>
    </p>
   </div>
   <div class='ocr_carea' id='block_1_62' title="bbox 1257 471 3432 550">
    <p class='ocr_par' dir='ltr' id='par_1_62' title="bbox 1257 471 3432 550">
     <span class='ocr_line' id='line_1_62' title="bbox 1257 471 3432 550; baseline 0.005 -25"><span class='ocrx_word' id='word_1_431' title='bbox 1257 492 1276 525; x_wconf 75' lang='grc' dir='ltr'><strong><em>ι</em></strong></span> <span class='ocrx_word' id='word_1_432' title='bbox 1335 472 1486 540; x_wconf 82' lang='lat' dir='ltr'><strong>Quod</strong></span> <span class='ocrx_word' id='word_1_433' title='bbox 1525 471 1570 526; x_wconf 89' lang='lat' dir='ltr'><strong>si</strong></span> <span class='ocrx_word' id='word_1_434' title='bbox 1618 471 1758 526; x_wconf 76' lang='lat' dir='ltr'><strong>forte</strong></span> <span class='ocrx_word' id='word_1_435' title='bbox 1785 481 1833 542; x_wconf 78' lang='grc' dir='ltr'>Α</span> <span class='ocrx_word' id='word_1_436' title='bbox 1859 473 2262 540; x_wconf 84' lang='lat' dir='ltr'><strong>construxerit,</strong></span> <span class='ocrx_word' id='word_1_437' title='bbox 2294 475 2515 530; x_wconf 73' lang='lat' dir='ltr'><strong>decimae</strong></span> <span class='ocrx_word' id='word_1_438' title='bbox 2553 475 2694 531; x_wconf 88' lang='lat' dir='ltr'><strong>illius</strong></span> <span class='ocrx_word' id='word_1_439' title='bbox 2725 478 2932 534; x_wconf 89' lang='lat' dir='ltr'><strong>novalis</strong></span> <span class='ocrx_word' id='word_1_440' title='bbox 2973 479 3432 550; x_wconf 76' lang='lat' dir='ltr'><strong>collaboratiper-</strong></span> 
     </span>
    </p>
   </div>
   <div class='ocr_carea' id='block_1_63' title="bbox 1865 557 3432 629">
    <p class='ocr_par' dir='ltr' id='par_1_63' title="bbox 1865 557 3432 629">
     <span class='ocr_line' id='line_1_63' title="bbox 1865 557 3432 629; baseline 0.007 -12"><span class='ocrx_word' id='word_1_441' title='bbox 1865 564 2074 618; x_wconf 87' lang='lat' dir='ltr'><strong>tineant</strong></span> <span class='ocrx_word' id='word_1_442' title='bbox 2104 565 2172 619; x_wconf 89' lang='lat' dir='ltr'><strong>ad</strong></span> <span class='ocrx_word' id='word_1_443' title='bbox 2219 559 2502 622; x_wconf 83' lang='lat' dir='ltr'><strong>ecclesiam</strong></span> <span class='ocrx_word' id='word_1_444' title='bbox 2545 569 2756 624; x_wconf 89' lang='lat' dir='ltr'><strong>noviter</strong></span> <span class='ocrx_word' id='word_1_445' title='bbox 2784 557 3125 629; x_wconf 81' lang='lat' dir='ltr'><strong>aediﬁcatam.</strong></span> <span class='ocrx_word' id='word_1_446' title='bbox 3183 559 3288 628; x_wconf 85' lang='lat' dir='ltr'><strong>Sed</strong></span> <span class='ocrx_word' id='word_1_447' title='bbox 3319 573 3432 628; x_wconf 92' lang='lat' dir='ltr'><strong>vult</strong></span> 
     </span>
    </p>
   </div>
   <div class='ocr_carea' id='block_1_64' title="bbox 1859 649 3436 729">
    <p class='ocr_par' dir='ltr' id='par_1_64' title="bbox 1859 649 3436 729">
     <span class='ocr_line' id='line_1_64' title="bbox 1859 649 3436 729; baseline 0.006 -20"><span class='ocrx_word' id='word_1_448' title='bbox 1859 655 2110 728; x_wconf 87' lang='lat' dir='ltr'><strong>princeps</strong></span> <span class='ocrx_word' id='word_1_449' title='bbox 2137 665 2199 711; x_wconf 89' lang='lat' dir='ltr'><strong>ut</strong></span> <span class='ocrx_word' id='word_1_450' title='bbox 2253 655 2464 712; x_wconf 83' lang='lat' dir='ltr'><strong>novalia</strong></span> <span class='ocrx_word' id='word_1_451' title='bbox 2513 659 2742 729; x_wconf 88' lang='lat' dir='ltr'><strong>quorum</strong></span> <span class='ocrx_word' id='word_1_452' title='bbox 2774 649 2997 718; x_wconf 73' lang='lat' dir='ltr'><strong>decima:</strong></span> <span class='ocrx_word' id='word_1_453' title='bbox 3043 665 3436 718; x_wconf 89' lang='lat' dir='ltr'><strong>subtrahuntur</strong></span> 
     </span>
    </p>
   </div>
   <div class='ocr_carea' id='block_1_65' title="bbox 1861 745 3434 822">
    <p class='ocr_par' dir='ltr' id='par_1_65' title="bbox 1861 745 3434 822">
     <span class='ocr_line' id='line_1_65' title="bbox 1861 745 3434 822; baseline 0.004 -22"><span class='ocrx_word' id='word_1_454' title='bbox 1861 745 2094 814; x_wconf 77' lang='lat' dir='ltr'><strong>antiquae</strong></span> <span class='ocrx_word' id='word_1_455' title='bbox 2119 745 2380 812; x_wconf 67' lang='lat' dir='ltr'><strong>ecclesiae,</strong></span> <span class='ocrx_word' id='word_1_456' title='bbox 2405 747 2544 803; x_wconf 91' lang='lat' dir='ltr'><strong>ultra</strong></span> <span class='ocrx_word' id='word_1_457' title='bbox 2573 749 2820 806; x_wconf 87' lang='lat' dir='ltr'><strong>milliaria</strong></span> <span class='ocrx_word' id='word_1_458' title='bbox 2841 761 3070 820; x_wconf 90' lang='lat' dir='ltr'><strong>quatuor</strong></span> <span class='ocrx_word' id='word_1_459' title='bbox 3095 752 3176 808; x_wconf 91' lang='lat' dir='ltr'><strong>vel</strong></span> <span class='ocrx_word' id='word_1_460' title='bbox 3193 754 3434 822; x_wconf 86' lang='lat' dir='ltr'><strong>quinque</strong></span> 
     </span>
    </p>
   </div>
   <div class='ocr_carea' id='block_1_66' title="bbox 1861 833 3434 912">
    <p class='ocr_par' dir='ltr' id='par_1_66' title="bbox 1861 833 3434 912">
     <span class='ocr_line' id='line_1_66' title="bbox 1861 833 3434 912; baseline 0.003 -22"><span class='ocrx_word' id='word_1_461' title='bbox 1861 833 2060 890; x_wconf 91' lang='lat' dir='ltr'><strong>distent</strong></span> <span class='ocrx_word' id='word_1_462' title='bbox 2100 835 2168 890; x_wconf 87' lang='lat' dir='ltr'><strong>ab</strong></span> <span class='ocrx_word' id='word_1_463' title='bbox 2198 835 2425 890; x_wconf 89' lang='lat' dir='ltr'><strong>ecclesia</strong></span> <span class='ocrx_word' id='word_1_464' title='bbox 2468 836 2556 892; x_wconf 90' lang='lat' dir='ltr'><strong>illa</strong></span> <span class='ocrx_word' id='word_1_465' title='bbox 2586 839 2829 908; x_wconf 87' lang='lat' dir='ltr'><strong>antiqua.</strong></span> <span class='ocrx_word' id='word_1_466' title='bbox 2879 839 3062 909; x_wconf 86' lang='lat' dir='ltr'><strong>itaque</strong></span> <span class='ocrx_word' id='word_1_467' title='bbox 3105 856 3171 896; x_wconf 89' lang='lat' dir='ltr'><strong>ea</strong></span> <span class='ocrx_word' id='word_1_468' title='bbox 3215 856 3336 912; x_wconf 66' lang='lat' dir='ltr'><strong>quae</strong></span> <span class='ocrx_word' id='word_1_469' title='bbox 3378 839 3434 894; x_wconf 85' lang='lat' dir='ltr'><strong>in</strong></span> 
     </span>
    </p>
   </div>
   <div class='ocr_carea' id='block_1_67' title="bbox 1859 922 3432 1000">
    <p class='ocr_par' dir='ltr' id='par_1_67' title="bbox 1859 922 3432 1000">
     <span class='ocr_line' id='line_1_67' title="bbox 1859 922 3432 1000; baseline 0.006 -25"><span class='ocrx_word' id='word_1_470' title='bbox 1859 922 2041 978; x_wconf 90' lang='lat' dir='ltr'><strong>vicino</strong></span> <span class='ocrx_word' id='word_1_471' title='bbox 2085 931 2264 989; x_wconf 88' lang='lat' dir='ltr'><strong>erant,</strong></span> <span class='ocrx_word' id='word_1_472' title='bbox 2303 923 2538 980; x_wconf 88' lang='lat' dir='ltr'><strong>decimas</strong></span> <span class='ocrx_word' id='word_1_473' title='bbox 2579 925 2846 983; x_wconf 89' lang='lat' dir='ltr'><strong>debebant</strong></span> <span class='ocrx_word' id='word_1_474' title='bbox 2890 931 3126 1000; x_wconf 89' lang='lat' dir='ltr'><strong>antiquis</strong></span> <span class='ocrx_word' id='word_1_475' title='bbox 3167 931 3432 986; x_wconf 87' lang='lat' dir='ltr'><strong>ecclesiis.</strong></span> 
     </span>
    </p>
   </div>
   <div class='ocr_carea' id='block_1_68' title="bbox 1859 1011 3434 1088">
    <p class='ocr_par' dir='ltr' id='par_1_68' title="bbox 1859 1011 3434 1088">
     <span class='ocr_line' id='line_1_68' title="bbox 1859 1011 3434 1088; baseline 0.003 -21"><span class='ocrx_word' id='word_1_476' title='bbox 1859 1011 2048 1068; x_wconf 87' lang='lat' dir='ltr'><strong>Postea</strong></span> <span class='ocrx_word' id='word_1_477' title='bbox 2075 1013 2298 1070; x_wconf 76' lang='lat' dir='ltr'><strong>Romani</strong></span> <span class='ocrx_word' id='word_1_478' title='bbox 2321 1015 2624 1086; x_wconf 73' lang='lat' dir='ltr'><strong>pontifices,</strong></span> <span class='ocrx_word' id='word_1_479' title='bbox 2645 1026 2704 1071; x_wconf 92' lang='lat' dir='ltr'><strong>ut</strong></span> <span class='ocrx_word' id='word_1_480' title='bbox 2729 1027 3101 1088; x_wconf 81' lang='lat' dir='ltr'><strong>paupertatem</strong></span> <span class='ocrx_word' id='word_1_481' title='bbox 3123 1029 3176 1074; x_wconf 90' lang='lat' dir='ltr'><strong>et</strong></span> <span class='ocrx_word' id='word_1_482' title='bbox 3197 1020 3434 1088; x_wconf 88' lang='lat' dir='ltr'><strong>inopiam</strong></span> 
     </span>
    </p>
   </div>
   <div class='ocr_carea' id='block_1_69' title="bbox 1861 1104 3434 1186">
    <p class='ocr_par' dir='ltr' id='par_1_69' title="bbox 1861 1104 3434 1186">
     <span class='ocr_line' id='line_1_69' title="bbox 1861 1104 3434 1186; baseline 0.002 -27"><span class='ocrx_word' id='word_1_483' title='bbox 1861 1106 2244 1160; x_wconf 83' lang='lat' dir='ltr'><strong>monachorum</strong></span> <span class='ocrx_word' id='word_1_484' title='bbox 2299 1104 2674 1176; x_wconf 87' lang='lat' dir='ltr'><strong>sublevarent,</strong></span> <span class='ocrx_word' id='word_1_485' title='bbox 2729 1121 2821 1164; x_wconf 90' lang='lat' dir='ltr'><strong>eos</strong></span> <span class='ocrx_word' id='word_1_486' title='bbox 2875 1109 3174 1164; x_wconf 87' lang='lat' dir='ltr'><strong>liberarunt</strong></span> <span class='ocrx_word' id='word_1_487' title='bbox 3228 1126 3258 1164; x_wconf 91' lang='lat' dir='ltr'><strong>a</strong></span> <span class='ocrx_word' id='word_1_488' title='bbox 3302 1124 3434 1186; x_wconf 47' lang='lat' dir='ltr'><strong>praes</strong></span> 
     </span>
    </p>
   </div>
   <div class='ocr_carea' id='block_1_70' title="bbox 1859 1196 3432 1270">
    <p class='ocr_par' dir='ltr' id='par_1_70' title="bbox 1859 1196 3432 1270">
     <span class='ocr_line' id='line_1_70' title="bbox 1859 1196 3432 1270; baseline 0.002 -20"><span class='ocrx_word' id='word_1_489' title='bbox 1859 1196 2090 1250; x_wconf 87' lang='lat' dir='ltr'><strong>statione</strong></span> <span class='ocrx_word' id='word_1_490' title='bbox 2134 1196 2466 1250; x_wconf 89' lang='lat' dir='ltr'><strong>decimarum</strong></span> <span class='ocrx_word' id='word_1_491' title='bbox 2513 1212 2582 1252; x_wconf 80' lang='lat' dir='ltr'><strong>ex</strong></span> <span class='ocrx_word' id='word_1_492' title='bbox 2633 1199 2776 1269; x_wconf 85' lang='lat' dir='ltr'><strong>agris</strong></span> <span class='ocrx_word' id='word_1_493' title='bbox 2829 1201 3110 1256; x_wconf 87' lang='lat' dir='ltr'><strong>novalibus</strong></span> <span class='ocrx_word' id='word_1_494' title='bbox 3146 1217 3281 1270; x_wconf 90' lang='lat' dir='ltr'><strong>quos</strong></span> <span class='ocrx_word' id='word_1_495' title='bbox 3331 1197 3432 1270; x_wconf 86' lang='lat' dir='ltr'><strong>ipsi</strong></span> 
     </span>
    </p>
   </div>
   <div class='ocr_carea' id='block_1_71' title="bbox 1859 1287 3430 1360">
    <p class='ocr_par' dir='ltr' id='par_1_71' title="bbox 1859 1287 3430 1360">
     <span class='ocr_line' id='line_1_71' title="bbox 1859 1287 3430 1360; baseline 0.003 -19"><span class='ocrx_word' id='word_1_496' title='bbox 1859 1287 2092 1358; x_wconf 90' lang='lat' dir='ltr'><strong>propriis</strong></span> <span class='ocrx_word' id='word_1_497' title='bbox 2143 1288 2390 1342; x_wconf 86' lang='lat' dir='ltr'><strong>manibus</strong></span> <span class='ocrx_word' id='word_1_498' title='bbox 2441 1288 2767 1344; x_wconf 88' lang='lat' dir='ltr'><strong>laborarent.</strong></span> <span class='ocrx_word' id='word_1_499' title='bbox 2811 1291 3116 1348; x_wconf 85' lang='lat' dir='ltr'><strong>Richardus</strong></span> <span class='ocrx_word' id='word_1_500' title='bbox 3165 1291 3430 1360; x_wconf 89' lang='lat' dir='ltr'><strong>archiepi-</strong></span> 
     </span>
    </p>
   </div>
   <div class='ocr_carea' id='block_1_72' title="bbox 1861 1367 3434 1452">
    <p class='ocr_par' dir='ltr' id='par_1_72' title="bbox 1861 1367 3434 1452">
     <span class='ocr_line' id='line_1_72' title="bbox 1861 1367 3434 1452; baseline 0.003 -20"><span class='ocrx_word' id='word_1_501' title='bbox 1861 1389 2053 1446; x_wconf 88' lang='lat' dir='ltr'><strong>scopus</strong></span> <span class='ocrx_word' id='word_1_502' title='bbox 2082 1367 2486 1434; x_wconf 83' lang='lat' dir='ltr'><strong>Cantuariensis</strong></span> <span class='ocrx_word' id='word_1_503' title='bbox 2508 1380 2572 1434; x_wconf 86' lang='lat' dir='ltr'><strong>ad</strong></span> <span class='ocrx_word' id='word_1_504' title='bbox 2593 1379 2984 1438; x_wconf 86' lang='lat' dir='ltr'><strong>Cistercicnscs</strong></span> <span class='ocrx_word' id='word_1_505' title='bbox 3005 1383 3270 1448; x_wconf 89' lang='lat' dir='ltr'><strong>scribens,</strong></span> <span class='ocrx_word' id='word_1_506' title='bbox 3295 1381 3434 1452; x_wconf 89' lang='lat' dir='ltr'><strong>apud</strong></span> 
     </span>
    </p>
   </div>
   <div class='ocr_carea' id='block_1_73' title="bbox 1861 1467 3437 1546">
    <p class='ocr_par' dir='ltr' id='par_1_73' title="bbox 1861 1467 3437 1546">
     <span class='ocr_line' id='line_1_73' title="bbox 1861 1467 3437 1546; baseline 0.004 -23"><span class='ocrx_word' id='word_1_507' title='bbox 1861 1467 2078 1524; x_wconf 85' lang='lat' dir='ltr'><strong>Petrum</strong></span> <span class='ocrx_word' id='word_1_508' title='bbox 2113 1471 2420 1528; x_wconf 89' lang='lat' dir='ltr'><strong>Blesensem</strong></span> <span class='ocrx_word' id='word_1_509' title='bbox 2442 1516 2456 1540; x_wconf 91' lang='lat'><strong>,</strong></span> <span class='ocrx_word' id='word_1_510' title='bbox 2481 1475 2706 1544; x_wconf 81' lang='lat' dir='ltr'><strong>epistola</strong></span> <span class='ocrx_word' id='word_1_511' title='bbox 2738 1477 2842 1533; x_wconf 73' lang='lat'><strong>82:</strong></span> <span class='ocrx_word' id='word_1_512' title='bbox 2877 1497 2895 1529; x_wconf 77' lang='grc' dir='ltr'><strong>σ</strong></span> <span class='ocrx_word' id='word_1_513' title='bbox 2930 1477 2985 1532; x_wconf 89' lang='lat' dir='ltr'><strong>Si</strong></span> <span class='ocrx_word' id='word_1_514' title='bbox 3016 1478 3264 1532; x_wconf 89' lang='lat' dir='ltr'><strong>dominus</strong></span> <span class='ocrx_word' id='word_1_515' title='bbox 3299 1491 3437 1546; x_wconf 90' lang='lat' dir='ltr'><strong>papa</strong></span> 
     </span>
    </p>
   </div>
   <div class='ocr_carea' id='block_1_74' title="bbox 1861 1561 3436 1637">
    <p class='ocr_par' dir='ltr' id='par_1_74' title="bbox 1861 1561 3436 1637">
     <span class='ocr_line' id='line_1_74' title="bbox 1861 1561 3436 1637; baseline 0.001 -21"><span class='ocrx_word' id='word_1_516' title='bbox 1861 1561 2184 1632; x_wconf 88' lang='lat' dir='ltr'><strong>indulgentia</strong></span> <span class='ocrx_word' id='word_1_517' title='bbox 2209 1563 2424 1632; x_wconf 88' lang='lat' dir='ltr'><strong>speciali</strong></span> <span class='ocrx_word' id='word_1_518' title='bbox 2451 1565 2768 1636; x_wconf 89' lang='lat' dir='ltr'><strong>quandoque</strong></span> <span class='ocrx_word' id='word_1_519' title='bbox 2789 1566 3149 1637; x_wconf 89' lang='lat' dir='ltr'><strong>privilegiavit</strong></span> <span class='ocrx_word' id='word_1_520' title='bbox 3170 1581 3284 1630; x_wconf 85' lang='lat' dir='ltr'><strong>vos,</strong></span> <span class='ocrx_word' id='word_1_521' title='bbox 3311 1566 3436 1618; x_wconf 90' lang='lat' dir='ltr'><strong>dum</strong></span> 
     </span>
    </p>
   </div>
   <div class='ocr_carea' id='block_1_75' title="bbox 1861 1653 3439 1726">
    <p class='ocr_par' dir='ltr' id='par_1_75' title="bbox 1861 1653 3439 1726">
     <span class='ocr_line' id='line_1_75' title="bbox 1861 1653 3439 1726; baseline 0 -18"><span class='ocrx_word' id='word_1_522' title='bbox 1861 1654 1993 1708; x_wconf 80' lang='lat' dir='ltr'><strong>&#39;ordo</strong></span> <span class='ocrx_word' id='word_1_523' title='bbox 2039 1661 2223 1707; x_wconf 81' lang='lat' dir='ltr'><strong>vester</strong></span> <span class='ocrx_word' id='word_1_524' title='bbox 2273 1653 2326 1706; x_wconf 92' lang='lat' dir='ltr'><strong>in</strong></span> <span class='ocrx_word' id='word_1_525' title='bbox 2381 1663 2698 1724; x_wconf 88' lang='lat' dir='ltr'><strong>paupertate</strong></span> <span class='ocrx_word' id='word_1_526' title='bbox 2727 1657 3031 1726; x_wconf 83' lang='lat' dir='ltr'><strong>gaudebat,</strong></span> <span class='ocrx_word' id='word_1_527' title='bbox 3061 1656 3188 1710; x_wconf 91' lang='lat' dir='ltr'><strong>dum</strong></span> <span class='ocrx_word' id='word_1_528' title='bbox 3227 1656 3278 1708; x_wconf 92' lang='lat' dir='ltr'><strong>in</strong></span> <span class='ocrx_word' id='word_1_529' title='bbox 3309 1670 3439 1709; x_wconf 91' lang='lat' dir='ltr'><strong>usus</strong></span> 
     </span>
    </p>
   </div>
   <div class='ocr_carea' id='block_1_76' title="bbox 1862 1741 3436 1814">
    <p class='ocr_par' dir='ltr' id='par_1_76' title="bbox 1862 1741 3436 1814">
     <span class='ocr_line' id='line_1_76' title="bbox 1862 1741 3436 1814; baseline -0.001 -17"><span class='ocrx_word' id='word_1_530' title='bbox 1862 1742 2131 1814; x_wconf 85' lang='lat' dir='ltr'><strong>egentium</strong></span> <span class='ocrx_word' id='word_1_531' title='bbox 2161 1745 2272 1797; x_wconf 72' lang='lat' dir='ltr'><strong>sua:</strong></span> <span class='ocrx_word' id='word_1_532' title='bbox 2303 1741 2582 1800; x_wconf 84' lang='lat' dir='ltr'><strong>tenuitatis</strong></span> <span class='ocrx_word' id='word_1_533' title='bbox 2612 1745 2820 1799; x_wconf 73' lang='lat' dir='ltr'><strong>viscera</strong></span> <span class='ocrx_word' id='word_1_534' title='bbox 2853 1745 3082 1800; x_wconf 86' lang='lat' dir='ltr'><strong>libenter</strong></span> <span class='ocrx_word' id='word_1_535' title='bbox 3108 1741 3436 1806; x_wconf 73' lang='lat' dir='ltr'><strong>effundebat,</strong></span> 
     </span>
    </p>
   </div>
   <div class='ocr_carea' id='block_1_77' title="bbox 1787 1827 3440 1904">
    <p class='ocr_par' dir='ltr' id='par_1_77' title="bbox 1787 1827 3440 1904">
     <span class='ocr_line' id='line_1_77' title="bbox 1787 1827 3440 1904; baseline -0.004 -12"><span class='ocrx_word' id='word_1_536' title='bbox 1787 1831 1834 1892; x_wconf 87' lang='grc' dir='ltr'><strong><em>Β</em></strong></span> <span class='ocrx_word' id='word_1_537' title='bbox 1862 1833 2035 1904; x_wconf 87' lang='lat' dir='ltr'><strong>potuit</strong></span> <span class='ocrx_word' id='word_1_538' title='bbox 2059 1831 2275 1888; x_wconf 88' lang='lat' dir='ltr'><strong>tolerari</strong></span> <span class='ocrx_word' id='word_1_539' title='bbox 2303 1833 2368 1887; x_wconf 89' lang='lat' dir='ltr'><strong>ad</strong></span> <span class='ocrx_word' id='word_1_540' title='bbox 2393 1837 2624 1904; x_wconf 83' lang='lat' dir='ltr'><strong>tempus,</strong></span> <span class='ocrx_word' id='word_1_541' title='bbox 2655 1834 2781 1890; x_wconf 85' lang='lat' dir='ltr'><strong>licet</strong></span> <span class='ocrx_word' id='word_1_542' title='bbox 2805 1835 2856 1889; x_wconf 94' lang='lat' dir='ltr'><strong>in</strong></span> <span class='ocrx_word' id='word_1_543' title='bbox 2879 1849 3218 1890; x_wconf 90' lang='lat' dir='ltr'><strong>communem</strong></span> <span class='ocrx_word' id='word_1_544' title='bbox 3244 1827 3440 1888; x_wconf 54' lang='lat' dir='ltr'><strong>redun‘é</strong></span> 
     </span>
    </p>
   </div>
   <div class='ocr_carea' id='block_1_78' title="bbox 1861 1923 3438 1994">
    <p class='ocr_par' dir='ltr' id='par_1_78' title="bbox 1861 1923 3438 1994">
     <span class='ocr_line' id='line_1_78' title="bbox 1861 1923 3438 1994; baseline -0.003 -14"><span class='ocrx_word' id='word_1_545' title='bbox 1861 1924 2003 1980; x_wconf 87' lang='lat' dir='ltr'><strong>darit</strong></span> <span class='ocrx_word' id='word_1_546' title='bbox 2029 1923 2302 1992; x_wconf 88' lang='lat' dir='ltr'><strong>injuriam,</strong></span> <span class='ocrx_word' id='word_1_547' title='bbox 2335 1926 2475 1994; x_wconf 86' lang='lat' dir='ltr'><strong>quod</strong></span> <span class='ocrx_word' id='word_1_548' title='bbox 2500 1941 2663 1982; x_wconf 88' lang='lat' dir='ltr'><strong>causa</strong></span> <span class='ocrx_word' id='word_1_549' title='bbox 2691 1926 3033 1982; x_wconf 84' lang='lat' dir='ltr'><strong>necessitatis</strong></span> <span class='ocrx_word' id='word_1_550' title='bbox 3063 1926 3241 1982; x_wconf 81' lang='lat' dir='ltr'><strong>fuerat</strong></span> <span class='ocrx_word' id='word_1_551' title='bbox 3267 1925 3438 1980; x_wconf 88' lang='lat' dir='ltr'><strong>intro-</strong></span> 
     </span>
    </p>
   </div>
   <div class='ocr_carea' id='block_1_79' title="bbox 1863 2013 3436 2086">
    <p class='ocr_par' dir='ltr' id='par_1_79' title="bbox 1863 2013 3436 2086">
     <span class='ocr_line' id='line_1_79' title="bbox 1863 2013 3436 2086; baseline -0.001 -16"><span class='ocrx_word' id='word_1_552' title='bbox 1863 2015 2100 2070; x_wconf 89' lang='lat' dir='ltr'><strong>ductum.</strong></span> <span class='ocrx_word' id='word_1_553' title='bbox 2144 2013 2296 2068; x_wconf 75' lang='lat' dir='ltr'><strong>l‘tunc</strong></span> <span class='ocrx_word' id='word_1_554' title='bbox 2327 2017 2538 2080; x_wconf 77' lang='lat' dir='ltr'><strong>autem,</strong></span> <span class='ocrx_word' id='word_1_555' title='bbox 2567 2016 2781 2084; x_wconf 84' lang='lat' dir='ltr'><strong>quando</strong></span> <span class='ocrx_word' id='word_1_556' title='bbox 2826 2017 3015 2071; x_wconf 68' lang='lat' dir='ltr'><strong>vestrm</strong></span> <span class='ocrx_word' id='word_1_557' title='bbox 3065 2015 3436 2086; x_wconf 88' lang='lat' dir='ltr'><strong>possessiones</strong></span> 
     </span>
    </p>
   </div>
   <div class='ocr_carea' id='block_1_80' title="bbox 1863 2099 3439 2176">
    <p class='ocr_par' dir='ltr' id='par_1_80' title="bbox 1863 2099 3439 2176">
     <span class='ocr_line' id='line_1_80' title="bbox 1863 2099 3439 2176; baseline 0.003 -20"><span class='ocrx_word' id='word_1_558' title='bbox 1863 2101 2230 2172; x_wconf 64' lang='lat' dir='ltr'><strong>multiplicatae</strong></span> <span class='ocrx_word' id='word_1_559' title='bbox 2282 2111 2406 2157; x_wconf 91' lang='lat' dir='ltr'><strong>sunt</strong></span> <span class='ocrx_word' id='word_1_560' title='bbox 2449 2103 2612 2157; x_wconf 88' lang='lat' dir='ltr'><strong>etiam</strong></span> <span class='ocrx_word' id='word_1_561' title='bbox 2643 2104 2696 2158; x_wconf 91' lang='lat' dir='ltr'><strong>in</strong></span> <span class='ocrx_word' id='word_1_562' title='bbox 2750 2099 3070 2159; x_wconf 72' lang='lat' dir='ltr'><strong>imméns‘um</strong></span> <span class='ocrx_word' id='word_1_563' title='bbox 3099 2145 3114 2170; x_wconf 88' lang='lat'><strong>,</strong></span> <span class='ocrx_word' id='word_1_564' title='bbox 3157 2103 3439 2176; x_wconf 84' lang='lat' dir='ltr'><strong>privilegia</strong></span> 
     </span>
    </p>
   </div>
   <div class='ocr_carea' id='block_1_81' title="bbox 1864 2189 3442 2266">
    <p class='ocr_par' dir='ltr' id='par_1_81' title="bbox 1864 2189 3442 2266">
     <span class='ocr_line' id='line_1_81' title="bbox 1864 2189 3442 2266; baseline 0.002 -19"><span class='ocrx_word' id='word_1_565' title='bbox 1864 2193 1976 2248; x_wconf 67' lang='lat' dir='ltr'><strong>haec</strong></span> <span class='ocrx_word' id='word_1_566' title='bbox 2019 2193 2197 2262; x_wconf 88' lang='lat' dir='ltr'><strong>potius</strong></span> <span class='ocrx_word' id='word_1_567' title='bbox 2246 2192 2552 2248; x_wconf 89' lang='lat' dir='ltr'><strong>ambitionis</strong></span> <span class='ocrx_word' id='word_1_568' title='bbox 2579 2208 2738 2259; x_wconf 88' lang='lat' dir='ltr'><strong>quam</strong></span> <span class='ocrx_word' id='word_1_569' title='bbox 2765 2189 3040 2266; x_wconf 81' lang='lat' dir='ltr'><strong>religionis</strong></span> <span class='ocrx_word' id='word_1_570' title='bbox 3082 2196 3442 2250; x_wconf 87' lang='lat' dir='ltr'><strong>instrumenta</strong></span> 
     </span>
    </p>
   </div>
   <div class='ocr_carea' id='block_1_82' title="bbox 1863 2281 3444 2358">
    <p class='ocr_par' dir='ltr' id='par_1_82' title="bbox 1863 2281 3444 2358">
     <span class='ocr_line' id='line_1_82' title="bbox 1863 2281 3444 2358; baseline 0.004 -20"><span class='ocrx_word' id='word_1_571' title='bbox 1863 2295 2168 2338; x_wconf 88' lang='lat' dir='ltr'><strong>censentur.</strong></span> <span class='ocrx_word' id='word_1_572' title='bbox 2205 2303 2223 2336; x_wconf 71' lang='grc' dir='ltr'><strong>ι</strong></span> <span class='ocrx_word' id='word_1_573' title='bbox 2242 2281 2474 2338; x_wconf 83' lang='lat' dir='ltr'><strong>Joannes</strong></span> <span class='ocrx_word' id='word_1_574' title='bbox 2495 2283 2564 2338; x_wconf 90' lang='lat' dir='ltr'><strong>Sa</strong></span> <span class='ocrx_word' id='word_1_575' title='bbox 2575 2286 2924 2358; x_wconf 74' lang='lat' dir='ltr'><strong>resberiensis</strong></span> <span class='ocrx_word' id='word_1_576' title='bbox 2949 2287 3044 2342; x_wconf 87' lang='lat' dir='ltr'><strong>lib.</strong></span> <span class='ocrx_word' id='word_1_577' title='bbox 3069 2289 3166 2354; x_wconf 84' lang='lat' dir='ltr'><strong>vit,</strong></span> <span class='ocrx_word' id='word_1_578' title='bbox 3189 2287 3256 2342; x_wconf 89' lang='lat' dir='ltr'><strong>de</strong></span> <span class='ocrx_word' id='word_1_579' title='bbox 3275 2285 3444 2358; x_wconf 78' lang='lat' dir='ltr'><strong>Nugis</strong></span> 
     </span>
    </p>
   </div>
   <div class='ocr_carea' id='block_1_83' title="bbox 1863 2353 3444 2448">
    <p class='ocr_par' dir='ltr' id='par_1_83' title="bbox 1863 2353 3444 2448">
     <span class='ocr_line' id='line_1_83' title="bbox 1863 2353 3444 2448; baseline 0.003 -21"><span class='ocrx_word' id='word_1_580' title='bbox 1863 2372 2185 2437; x_wconf 88' lang='lat' dir='ltr'><strong>curialium,</strong></span> <span class='ocrx_word' id='word_1_581' title='bbox 2228 2381 2345 2444; x_wconf 87' lang='lat' dir='ltr'><strong>&#39;cap.</strong></span> <span class='ocrx_word' id='word_1_582' title='bbox 2374 2374 2440 2427; x_wconf 77' lang='lat'><strong>2-1</strong></span> <span class='ocrx_word' id='word_1_583' title='bbox 2480 2391 2492 2427; x_wconf 77' lang='grc' dir='ltr'>ε</span> <span class='ocrx_word' id='word_1_584' title='bbox 2530 2391 2549 2426; x_wconf 75' lang='grc' dir='ltr'>ι</span> <span class='ocrx_word' id='word_1_585' title='bbox 2593 2373 2773 2430; x_wconf 89' lang='lat' dir='ltr'><strong>Primo</strong></span> <span class='ocrx_word' id='word_1_586' title='bbox 2801 2353 3056 2445; x_wconf 73' lang='lat' dir='ltr'><strong>quidem,</strong></span> <span class='ocrx_word' id='word_1_587' title='bbox 3089 2379 3216 2432; x_wconf 89' lang='lat' dir='ltr'><strong>dum</strong></span> <span class='ocrx_word' id='word_1_588' title='bbox 3254 2353 3444 2448; x_wconf 69' lang='lat' dir='ltr'><strong>religio</strong></span> 
     </span>
    </p>
   </div>
   <div class='ocr_carea' id='block_1_84' title="bbox 1861 2463 3441 2534">
    <p class='ocr_par' dir='ltr' id='par_1_84' title="bbox 1861 2463 3441 2534">
     <span class='ocr_line' id='line_1_84' title="bbox 1861 2463 3441 2534; baseline 0.004 -18"><span class='ocrx_word' id='word_1_589' title='bbox 1861 2471 2178 2534; x_wconf 86' lang='lat' dir='ltr'><strong>paupertate</strong></span> <span class='ocrx_word' id='word_1_590' title='bbox 2208 2463 2494 2534; x_wconf 80' lang='lat' dir='ltr'><strong>gaudebat,</strong></span> <span class='ocrx_word' id='word_1_591' title='bbox 2524 2472 2578 2518; x_wconf 92' lang='lat' dir='ltr'><strong>et</strong></span> <span class='ocrx_word' id='word_1_592' title='bbox 2611 2464 2662 2518; x_wconf 90' lang='lat' dir='ltr'><strong>in</strong></span> <span class='ocrx_word' id='word_1_593' title='bbox 2698 2464 2924 2520; x_wconf 80' lang='lat' dir='ltr'><strong>alierum</strong></span> <span class='ocrx_word' id='word_1_594' title='bbox 2969 2467 3322 2524; x_wconf 88' lang='lat' dir='ltr'><strong>necessitates</strong></span> <span class='ocrx_word' id='word_1_595' title='bbox 3348 2474 3441 2522; x_wconf 88' lang='lat' dir='ltr'><strong>aut</strong></span> 
     </span>
    </p>
   </div>
   <div class='ocr_carea' id='block_1_85' title="bbox 1864 2551 3442 2626">
    <p class='ocr_par' dir='ltr' id='par_1_85' title="bbox 1864 2551 3442 2626">
     <span class='ocr_line' id='line_1_85' title="bbox 1864 2551 3442 2626; baseline 0.004 -20"><span class='ocrx_word' id='word_1_596' title='bbox 1864 2567 1996 2608; x_wconf 71' lang='lat' dir='ltr'><strong>usus</strong></span> <span class='ocrx_word' id='word_1_597' title='bbox 2041 2551 2346 2607; x_wconf 76' lang='lat' dir='ltr'><strong>effundebat</strong></span> <span class='ocrx_word' id='word_1_598' title='bbox 2396 2553 2603 2609; x_wconf 78' lang='lat' dir='ltr'><strong>viscera</strong></span> <span class='ocrx_word' id='word_1_599' title='bbox 2653 2555 2844 2626; x_wconf 66' lang='lat' dir='ltr'><strong>inopiae</strong></span> <span class='ocrx_word' id='word_1_600' title='bbox 2891 2557 3253 2623; x_wconf 67' lang='lat' dir='ltr'><strong>suae,indulta</strong></span> <span class='ocrx_word' id='word_1_601' title='bbox 3313 2553 3442 2612; x_wconf 74' lang='lat' dir='ltr'><strong>smtt</strong></span> 
     </span>
    </p>
   </div>
   <div class='ocr_carea' id='block_1_86' title="bbox 1865 2637 3446 2718">
    <p class='ocr_par' dir='ltr' id='par_1_86' title="bbox 1865 2637 3446 2718">
     <span class='ocr_line' id='line_1_86' title="bbox 1865 2637 3446 2718; baseline 0.003 -19"><span class='ocrx_word' id='word_1_602' title='bbox 1865 2645 2142 2716; x_wconf 87' lang='lat' dir='ltr'><strong>privilegia</strong></span> <span class='ocrx_word' id='word_1_603' title='bbox 2169 2637 2632 2714; x_wconf 77' lang='lat' dir='ltr'><strong>possessionibus;</strong></span> <span class='ocrx_word' id='word_1_604' title='bbox 2663 2651 2800 2718; x_wconf 60' lang='lat' dir='ltr'><strong>quae,</strong></span> <span class='ocrx_word' id='word_1_605' title='bbox 2833 2645 3155 2704; x_wconf 87' lang='lat' dir='ltr'><strong>necessitate</strong></span> <span class='ocrx_word' id='word_1_606' title='bbox 3197 2651 3446 2704; x_wconf 80' lang='lat' dir='ltr'><strong>cessante</strong></span> 
     </span>
    </p>
   </div>
   <div class='ocr_carea' id='block_1_87' title="bbox 1865 2734 3445 2808">
    <p class='ocr_par' dir='ltr' id='par_1_87' title="bbox 1865 2734 3445 2808">
     <span class='ocr_line' id='line_1_87' title="bbox 1865 2734 3445 2808; baseline 0.001 -16"><span class='ocrx_word' id='word_1_607' title='bbox 1865 2734 2264 2806; x_wconf 86' lang='lat' dir='ltr'><strong>ctfrigescente</strong></span> <span class='ocrx_word' id='word_1_608' title='bbox 2292 2735 2556 2791; x_wconf 89' lang='lat' dir='ltr'><strong>charitate</strong></span> <span class='ocrx_word' id='word_1_609' title='bbox 2580 2777 2594 2801; x_wconf 90' lang='lat'><strong>,</strong></span> <span class='ocrx_word' id='word_1_610' title='bbox 2633 2737 2810 2806; x_wconf 91' lang='lat' dir='ltr'><strong>potius</strong></span> <span class='ocrx_word' id='word_1_611' title='bbox 2855 2737 3092 2794; x_wconf 76' lang='lat' dir='ltr'><strong>avaritia:</strong></span> <span class='ocrx_word' id='word_1_612' title='bbox 3123 2755 3282 2808; x_wconf 82' lang='lat' dir='ltr'><strong>quam</strong></span> <span class='ocrx_word' id='word_1_613' title='bbox 3315 2739 3445 2794; x_wconf 90' lang='lat' dir='ltr'><strong>reli-</strong></span> 
     </span>
    </p>
   </div>
   <div class='ocr_carea' id='block_1_88' title="bbox 1809 2825 3442 2902">
    <p class='ocr_par' dir='ltr' id='par_1_88' title="bbox 1809 2825 3442 2902">
     <span class='ocr_line' id='line_1_88' title="bbox 1809 2825 3442 2902; baseline 0.001 -22"><span class='ocrx_word' id='word_1_614' title='bbox 1809 2825 1812 2830; x_wconf 83' lang='grc'><strong>’</strong></span> <span class='ocrx_word' id='word_1_615' title='bbox 1867 2826 2042 2897; x_wconf 89' lang='lat' dir='ltr'><strong>gionis</strong></span> <span class='ocrx_word' id='word_1_616' title='bbox 2093 2826 2450 2882; x_wconf 89' lang='lat' dir='ltr'><strong>instrumenta</strong></span> <span class='ocrx_word' id='word_1_617' title='bbox 2489 2827 2798 2882; x_wconf 89' lang='lat' dir='ltr'><strong>creduntur.</strong></span> <span class='ocrx_word' id='word_1_618' title='bbox 2831 2847 2848 2880; x_wconf 73' lang='grc' dir='ltr'><strong><em>ι</em></strong></span> <span class='ocrx_word' id='word_1_619' title='bbox 2877 2827 3011 2884; x_wconf 90' lang='lat' dir='ltr'><strong>Cum</strong></span> <span class='ocrx_word' id='word_1_620' title='bbox 3051 2844 3180 2902; x_wconf 88' lang='lat' dir='ltr'><strong>ergo</strong></span> <span class='ocrx_word' id='word_1_621' title='bbox 3211 2829 3324 2900; x_wconf 87' lang='lat' dir='ltr'><strong>agri</strong></span> <span class='ocrx_word' id='word_1_622' title='bbox 3367 2828 3442 2883; x_wconf 90' lang='lat' dir='ltr'><strong>illi</strong></span> 
     </span>
    </p>
   </div>
   <div class='ocr_carea' id='block_1_89' title="bbox 1867 2917 3446 2988">
    <p class='ocr_par' dir='ltr' id='par_1_89' title="bbox 1867 2917 3446 2988">
     <span class='ocr_line' id='line_1_89' title="bbox 1867 2917 3446 2988; baseline 0.001 -17"><span class='ocrx_word' id='word_1_623' title='bbox 1867 2931 2117 2986; x_wconf 85' lang='lat' dir='ltr'><strong>magnam</strong></span> <span class='ocrx_word' id='word_1_624' title='bbox 2178 2917 2436 2972; x_wconf 87' lang='lat' dir='ltr'><strong>haberent</strong></span> <span class='ocrx_word' id='word_1_625' title='bbox 2493 2917 2786 2981; x_wconf 86' lang='lat' dir='ltr'><strong>invidiam,</strong></span> <span class='ocrx_word' id='word_1_626' title='bbox 2837 2918 2964 2988; x_wconf 88' lang='lat' dir='ltr'><strong>quia</strong></span> <span class='ocrx_word' id='word_1_627' title='bbox 3014 2919 3067 2974; x_wconf 91' lang='lat' dir='ltr'><strong>in</strong></span> <span class='ocrx_word' id='word_1_628' title='bbox 3121 2919 3446 2974; x_wconf 90' lang='lat' dir='ltr'><strong>immensum</strong></span> 
     </span>
    </p>
   </div>
   <div class='ocr_carea' id='block_1_90' title="bbox 1867 3007 3448 3081">
    <p class='ocr_par' dir='ltr' id='par_1_90' title="bbox 1867 3007 3448 3081">
     <span class='ocr_line' id='line_1_90' title="bbox 1867 3007 3448 3081; baseline 0.001 -21"><span class='ocrx_word' id='word_1_629' title='bbox 1867 3007 2032 3081; x_wconf 63' lang='grc' dir='ltr'><strong>διε</strong></span> <span class='ocrx_word' id='word_1_630' title='bbox 2057 3007 2258 3078; x_wconf 83' lang='lat' dir='ltr'><strong>ubique</strong></span> <span class='ocrx_word' id='word_1_631' title='bbox 2296 3015 2669 3074; x_wconf 86' lang='lat' dir='ltr'><strong>excreverant,</strong></span> <span class='ocrx_word' id='word_1_632' title='bbox 2690 3017 2924 3078; x_wconf 85' lang='lat' dir='ltr'><strong>coeptum</strong></span> <span class='ocrx_word' id='word_1_633' title='bbox 2961 3017 3044 3064; x_wconf 85' lang='lat' dir='ltr'><strong>est</strong></span> <span class='ocrx_word' id='word_1_634' title='bbox 3067 3008 3256 3064; x_wconf 89' lang='lat' dir='ltr'><strong>deinde</strong></span> <span class='ocrx_word' id='word_1_635' title='bbox 3281 3007 3448 3079; x_wconf 83' lang='lat' dir='ltr'><strong>quaeri</strong></span> 
     </span>
    </p>
   </div>
   <div class='ocr_carea' id='block_1_91' title="bbox 1870 3099 3448 3174">
    <p class='ocr_par' dir='ltr' id='par_1_91' title="bbox 1870 3099 3448 3174">
     <span class='ocr_line' id='line_1_91' title="bbox 1870 3099 3448 3174; baseline 0.001 -20"><span class='ocrx_word' id='word_1_636' title='bbox 1870 3100 2002 3170; x_wconf 91' lang='lat' dir='ltr'><strong>quid</strong></span> <span class='ocrx_word' id='word_1_637' title='bbox 2045 3114 2142 3169; x_wconf 89' lang='lat' dir='ltr'><strong>per</strong></span> <span class='ocrx_word' id='word_1_638' title='bbox 2189 3099 2398 3154; x_wconf 90' lang='lat' dir='ltr'><strong>novalis</strong></span> <span class='ocrx_word' id='word_1_639' title='bbox 2435 3099 2750 3154; x_wconf 81' lang='lat' dir='ltr'><strong>vocabulum</strong></span> <span class='ocrx_word' id='word_1_640' title='bbox 2781 3101 3003 3174; x_wconf 83' lang='lat' dir='ltr'><strong>intelligi</strong></span> <span class='ocrx_word' id='word_1_641' title='bbox 3033 3101 3243 3157; x_wconf 87' lang='lat' dir='ltr'><strong>debeat.</strong></span> <span class='ocrx_word' id='word_1_642' title='bbox 3274 3102 3448 3172; x_wconf 87' lang='lat' dir='ltr'><strong>Super</strong></span> 
     </span>
    </p>
   </div>
   <div class='ocr_carea' id='block_1_92' title="bbox 1866 3190 3447 3264">
    <p class='ocr_par' dir='ltr' id='par_1_92' title="bbox 1866 3190 3447 3264">
     <span class='ocr_line' id='line_1_92' title="bbox 1866 3190 3447 3264; baseline 0.001 -18"><span class='ocrx_word' id='word_1_643' title='bbox 1866 3205 1932 3246; x_wconf 90' lang='lat' dir='ltr'><strong>ea</strong></span> <span class='ocrx_word' id='word_1_644' title='bbox 1965 3205 2024 3244; x_wconf 89' lang='lat' dir='ltr'><strong>re</strong></span> <span class='ocrx_word' id='word_1_645' title='bbox 2049 3190 2324 3246; x_wconf 89' lang='lat' dir='ltr'><strong>consultus</strong></span> <span class='ocrx_word' id='word_1_646' title='bbox 2349 3191 2692 3246; x_wconf 85' lang='lat' dir='ltr'><strong>Innocentius</strong></span> <span class='ocrx_word' id='word_1_647' title='bbox 2715 3191 2778 3246; x_wconf 88' lang='lat' dir='ltr'><strong>III</strong></span> <span class='ocrx_word' id='word_1_648' title='bbox 2805 3194 2870 3247; x_wconf 89' lang='lat' dir='ltr'><strong>ab</strong></span> <span class='ocrx_word' id='word_1_649' title='bbox 2891 3195 3141 3264; x_wconf 90' lang='lat' dir='ltr'><strong>episeopo</strong></span> <span class='ocrx_word' id='word_1_650' title='bbox 3167 3193 3447 3248; x_wconf 71' lang='lat' dir='ltr'><strong>Caesarau-</strong></span> 
     </span>
    </p>
   </div>
   <div class='ocr_carea' id='block_1_93' title="bbox 1865 3281 3444 3356">
    <p class='ocr_par' dir='ltr' id='par_1_93' title="bbox 1865 3281 3444 3356">
     <span class='ocr_line' id='line_1_93' title="bbox 1865 3281 3444 3356; baseline 0.002 -21"><span class='ocrx_word' id='word_1_651' title='bbox 1865 3293 2094 3352; x_wconf 86' lang='lat' dir='ltr'><strong>gustano</strong></span> <span class='ocrx_word' id='word_1_652' title='bbox 2131 3281 2404 3351; x_wconf 87' lang='lat' dir='ltr'><strong>respondit</strong></span> <span class='ocrx_word' id='word_1_653' title='bbox 2429 3295 2528 3350; x_wconf 89' lang='lat' dir='ltr'><strong>per</strong></span> <span class='ocrx_word' id='word_1_654' title='bbox 2557 3283 2746 3336; x_wconf 88' lang='lat' dir='ltr'><strong>novale</strong></span> <span class='ocrx_word' id='word_1_655' title='bbox 2773 3283 2995 3354; x_wconf 83' lang='lat' dir='ltr'><strong>intelligi</strong></span> <span class='ocrx_word' id='word_1_656' title='bbox 3023 3285 3218 3341; x_wconf 90' lang='lat' dir='ltr'><strong>debere</strong></span> <span class='ocrx_word' id='word_1_657' title='bbox 3255 3300 3444 3356; x_wconf 87' lang='lat' dir='ltr'><strong>agrum</strong></span> 
     </span>
    </p>
   </div>
   <div class='ocr_carea' id='block_1_94' title="bbox 1867 3371 3450 3446">
    <p class='ocr_par' dir='ltr' id='par_1_94' title="bbox 1867 3371 3450 3446">
     <span class='ocr_line' id='line_1_94' title="bbox 1867 3371 3450 3446; baseline 0 -18"><span class='ocrx_word' id='word_1_658' title='bbox 1867 3373 1934 3428; x_wconf 91' lang='lat' dir='ltr'><strong>de</strong></span> <span class='ocrx_word' id='word_1_659' title='bbox 1981 3386 2120 3428; x_wconf 87' lang='lat' dir='ltr'><strong>novo</strong></span> <span class='ocrx_word' id='word_1_660' title='bbox 2166 3371 2440 3426; x_wconf 86' lang='lat' dir='ltr'><strong>redactqu</strong></span> <span class='ocrx_word' id='word_1_661' title='bbox 2488 3373 2554 3426; x_wconf 91' lang='lat' dir='ltr'><strong>ad</strong></span> <span class='ocrx_word' id='word_1_662' title='bbox 2604 3373 2827 3438; x_wconf 89' lang='lat' dir='ltr'><strong>cultum,</strong></span> <span class='ocrx_word' id='word_1_663' title='bbox 2877 3375 2944 3430; x_wconf 93' lang='lat' dir='ltr'><strong>de</strong></span> <span class='ocrx_word' id='word_1_664' title='bbox 2969 3391 3076 3446; x_wconf 90' lang='lat' dir='ltr'><strong>quo</strong></span> <span class='ocrx_word' id='word_1_665' title='bbox 3119 3391 3222 3431; x_wconf 91' lang='lat' dir='ltr'><strong>non</strong></span> <span class='ocrx_word' id='word_1_666' title='bbox 3270 3383 3450 3431; x_wconf 80' lang='lat' dir='ltr'><strong>exstat</strong></span> 
     </span>
    </p>
   </div>
   <div class='ocr_carea' id='block_1_95' title="bbox 1869 3461 3446 3532">
    <p class='ocr_par' dir='ltr' id='par_1_95' title="bbox 1869 3461 3446 3532">
     <span class='ocr_line' id='line_1_95' title="bbox 1869 3461 3446 3532; baseline 0.004 -16"><span class='ocrx_word' id='word_1_667' title='bbox 1869 3461 2125 3522; x_wconf 87' lang='lat' dir='ltr'><strong>memoria</strong></span> <span class='ocrx_word' id='word_1_668' title='bbox 2150 3461 2292 3529; x_wconf 91' lang='lat' dir='ltr'><strong>quod</strong></span> <span class='ocrx_word' id='word_1_669' title='bbox 2319 3462 2610 3532; x_wconf 88' lang='lat' dir='ltr'><strong>aliquando</strong></span> <span class='ocrx_word' id='word_1_670' title='bbox 2639 3465 2815 3519; x_wconf 85' lang='lat' dir='ltr'><strong>cultus</strong></span> <span class='ocrx_word' id='word_1_671' title='bbox 2864 3466 3072 3522; x_wconf 81' lang='lat' dir='ltr'><strong>fuisset.</strong></span> <span class='ocrx_word' id='word_1_672' title='bbox 3101 3467 3292 3521; x_wconf 68' lang='lat' dir='ltr'><strong>Exstat</strong></span> <span class='ocrx_word' id='word_1_673' title='bbox 3331 3468 3446 3522; x_wconf 84' lang='lat' dir='ltr'><strong>haec</strong></span> 
     </span>
    </p>
   </div>
   <div class='ocr_carea' id='block_1_96' title="bbox 1865 3550 3445 3626">
    <p class='ocr_par' dir='ltr' id='par_1_96' title="bbox 1865 3550 3445 3626">
     <span class='ocr_line' id='line_1_96' title="bbox 1865 3550 3445 3626; baseline 0.002 -20"><span class='ocrx_word' id='word_1_674' title='bbox 1865 3551 2106 3606; x_wconf 89' lang='lat' dir='ltr'><strong>deﬁnitio</strong></span> <span class='ocrx_word' id='word_1_675' title='bbox 2127 3551 2180 3605; x_wconf 91' lang='lat' dir='ltr'><strong>in</strong></span> <span class='ocrx_word' id='word_1_676' title='bbox 2199 3565 2323 3620; x_wconf 81' lang='lat' dir='ltr'><strong>cap.</strong></span> <span class='ocrx_word' id='word_1_677' title='bbox 2351 3550 2491 3616; x_wconf 80' lang='lat' dir='ltr'><strong>Quid</strong></span> <span class='ocrx_word' id='word_1_678' title='bbox 2508 3569 2600 3623; x_wconf 82' lang='lat' dir='ltr'><strong>per</strong></span> <span class='ocrx_word' id='word_1_679' title='bbox 2624 3553 2824 3609; x_wconf 79' lang='lat' dir='ltr'><strong>navale.</strong></span> <span class='ocrx_word' id='word_1_680' title='bbox 2852 3554 2930 3609; x_wconf 84' lang='lat' dir='ltr'><strong>De</strong></span> <span class='ocrx_word' id='word_1_681' title='bbox 2955 3555 3152 3609; x_wconf 79' lang='lat' dir='ltr'><strong>verbor.</strong></span> <span class='ocrx_word' id='word_1_682' title='bbox 3181 3556 3406 3626; x_wconf 75' lang='lat' dir='ltr'><strong>signi/Ec.</strong></span> <span class='ocrx_word' id='word_1_683' title='bbox 3431 3595 3445 3618; x_wconf 87' lang='lat'><strong>,</strong></span> 
     </span>
    </p>
   </div>
   <div class='ocr_carea' id='block_1_97' title="bbox 1865 3642 3446 3714">
    <p class='ocr_par' dir='ltr' id='par_1_97' title="bbox 1865 3642 3446 3714">
     <span class='ocr_line' id='line_1_97' title="bbox 1865 3642 3446 3714; baseline 0.003 -16"><span class='ocrx_word' id='word_1_684' title='bbox 1865 3657 1932 3698; x_wconf 75' lang='lat' dir='ltr'><strong>ex</strong></span> <span class='ocrx_word' id='word_1_685' title='bbox 1959 3642 2096 3698; x_wconf 87' lang='lat' dir='ltr'><strong>libro</strong></span> <span class='ocrx_word' id='word_1_686' title='bbox 2119 3657 2178 3709; x_wconf 65' lang='grc' dir='ltr'><strong>ι,</strong></span> <span class='ocrx_word' id='word_1_687' title='bbox 2203 3643 2360 3714; x_wconf 85' lang='lat' dir='ltr'><strong>epist.</strong></span> <span class='ocrx_word' id='word_1_688' title='bbox 2378 3643 2498 3709; x_wconf 81' lang='grc' dir='ltr'><strong>ΗΟ,</strong></span> <span class='ocrx_word' id='word_1_689' title='bbox 2515 3643 3086 3712; x_wconf 89' lang='lat' dir='ltr'><strong>ejusdemlnnocentii.</strong></span> <span class='ocrx_word' id='word_1_690' title='bbox 3104 3648 3208 3703; x_wconf 89' lang='lat' dir='ltr'><strong>Sed</strong></span> <span class='ocrx_word' id='word_1_691' title='bbox 3233 3645 3446 3702; x_wconf 86' lang='lat' dir='ltr'><strong>rursum</strong></span> 
     </span>
    </p>
   </div>
   <div class='ocr_carea' id='block_1_98' title="bbox 1867 3735 3442 3808">
    <p class='ocr_par' dir='ltr' id='par_1_98' title="bbox 1867 3735 3442 3808">
     <span class='ocr_line' id='line_1_98' title="bbox 1867 3735 3442 3808; baseline 0.003 -18"><span class='ocrx_word' id='word_1_692' title='bbox 1867 3735 1992 3790; x_wconf 87' lang='lat' dir='ltr'><strong>hinc</strong></span> <span class='ocrx_word' id='word_1_693' title='bbox 2015 3742 2132 3790; x_wconf 90' lang='lat' dir='ltr'><strong>orta</strong></span> <span class='ocrx_word' id='word_1_694' title='bbox 2157 3743 2239 3789; x_wconf 91' lang='lat' dir='ltr'><strong>est</strong></span> <span class='ocrx_word' id='word_1_695' title='bbox 2259 3735 2442 3805; x_wconf 85' lang='lat' dir='ltr'><strong>gravis</strong></span> <span class='ocrx_word' id='word_1_696' title='bbox 2472 3738 2840 3793; x_wconf 87' lang='lat' dir='ltr'><strong>controversia</strong></span> <span class='ocrx_word' id='word_1_697' title='bbox 2869 3754 2984 3795; x_wconf 77' lang='lat' dir='ltr'><strong>aevo</strong></span> <span class='ocrx_word' id='word_1_698' title='bbox 3016 3739 3262 3808; x_wconf 82' lang='lat' dir='ltr'><strong>Gregorii</strong></span> <span class='ocrx_word' id='word_1_699' title='bbox 3293 3741 3442 3794; x_wconf 86' lang='lat' dir='ltr'><strong>noni.-</strong></span> 
     </span>
    </p>
   </div>
   <div class='ocr_carea' id='block_1_99' title="bbox 1867 3825 3432 3897">
    <p class='ocr_par' dir='ltr' id='par_1_99' title="bbox 1867 3825 3432 3897">
     <span class='ocr_line' id='line_1_99' title="bbox 1867 3825 3432 3897; baseline 0.002 -17"><span class='ocrx_word' id='word_1_700' title='bbox 1867 3825 1998 3880; x_wconf 84' lang='lat' dir='ltr'><strong>Nam</strong></span> <span class='ocrx_word' id='word_1_701' title='bbox 2027 3841 2144 3895; x_wconf 84' lang='lat' dir='ltr'><strong>quae</strong></span> <span class='ocrx_word' id='word_1_702' title='bbox 2189 3825 2483 3882; x_wconf 87' lang='lat' dir='ltr'><strong>lnnoccntii</strong></span> <span class='ocrx_word' id='word_1_703' title='bbox 2537 3828 2854 3897; x_wconf 88' lang='lat' dir='ltr'><strong>pontiﬁcatu</strong></span> <span class='ocrx_word' id='word_1_704' title='bbox 2907 3830 3120 3885; x_wconf 90' lang='lat' dir='ltr'><strong>novalia</strong></span> <span class='ocrx_word' id='word_1_705' title='bbox 3175 3829 3432 3894; x_wconf 78' lang='lat' dir='ltr'><strong>fuerant,</strong></span> 
     </span>
    </p>
   </div>
   <div class='ocr_carea' id='block_1_100' title="bbox 1865 3915 3446 3986">
    <p class='ocr_par' dir='ltr' id='par_1_100' title="bbox 1865 3915 3446 3986">
     <span class='ocr_line' id='line_1_100' title="bbox 1865 3915 3446 3986; baseline 0.003 -14"><span class='ocrx_word' id='word_1_706' title='bbox 1865 3915 2137 3972; x_wconf 88' lang='lat' dir='ltr'><strong>novalium</strong></span> <span class='ocrx_word' id='word_1_707' title='bbox 2193 3915 2602 3986; x_wconf 86' lang='lat' dir='ltr'><strong>appellationem</strong></span> <span class='ocrx_word' id='word_1_708' title='bbox 2671 3919 2992 3974; x_wconf 81' lang='lat' dir='ltr'><strong>videbantur</strong></span> <span class='ocrx_word' id='word_1_709' title='bbox 3045 3921 3292 3976; x_wconf 88' lang='lat' dir='ltr'><strong>amisisse</strong></span> <span class='ocrx_word' id='word_1_710' title='bbox 3343 3921 3446 3976; x_wconf 88' lang='lat' dir='ltr'><strong>sub</strong></span> 
     </span>
    </p>
   </div>
   <div class='ocr_carea' id='block_1_101' title="bbox 1865 4007 3446 4078">
    <p class='ocr_par' dir='ltr' id='par_1_101' title="bbox 1865 4007 3446 4078">
     <span class='ocr_line' id='line_1_101' title="bbox 1865 4007 3446 4078; baseline 0.003 -15"><span class='ocrx_word' id='word_1_711' title='bbox 1865 4007 2146 4078; x_wconf 86' lang='lat' dir='ltr'><strong>Gregorio.</strong></span> <span class='ocrx_word' id='word_1_712' title='bbox 2181 4007 2258 4062; x_wconf 85' lang='lat' dir='ltr'><strong>Ex</strong></span> <span class='ocrx_word' id='word_1_713' title='bbox 2291 4009 2359 4064; x_wconf 88' lang='lat' dir='ltr'><strong>iis</strong></span> <span class='ocrx_word' id='word_1_714' title='bbox 2389 4008 2568 4078; x_wconf 86' lang='lat' dir='ltr'><strong>itaque</strong></span> <span class='ocrx_word' id='word_1_715' title='bbox 2597 4013 2933 4078; x_wconf 84' lang='lat' dir='ltr'><strong>praestandas</strong></span> <span class='ocrx_word' id='word_1_716' title='bbox 2957 4027 3076 4068; x_wconf 88' lang='lat' dir='ltr'><strong>esse</strong></span> <span class='ocrx_word' id='word_1_717' title='bbox 3103 4028 3130 4064; x_wconf 88' lang='lat' dir='ltr'><strong>a</strong></span> <span class='ocrx_word' id='word_1_718' title='bbox 3167 4013 3446 4067; x_wconf 85' lang='lat' dir='ltr'><strong>monachis</strong></span> 
     </span>
    </p>
   </div>
   <div class='ocr_carea' id='block_1_102' title="bbox 1865 4095 3446 4154">
    <p class='ocr_par' dir='ltr' id='par_1_102' title="bbox 1865 4095 3446 4154">
     <span class='ocr_line' id='line_1_102' title="bbox 1865 4095 3446 4154; baseline 0.003 -5"><span class='ocrx_word' id='word_1_719' title='bbox 1865 4095 2103 4152; x_wconf 88' lang='lat' dir='ltr'><strong>decimas</strong></span> <span class='ocrx_word' id='word_1_720' title='bbox 2143 4095 2384 4150; x_wconf 89' lang='lat' dir='ltr'><strong>nonnulli</strong></span> <span class='ocrx_word' id='word_1_721' title='bbox 2433 4098 2832 4152; x_wconf 86' lang='lat' dir='ltr'><strong>contendebant</strong></span> <span class='ocrx_word' id='word_1_722' title='bbox 2883 4099 3023 4153; x_wconf 88' lang='lat' dir='ltr'><strong>intra</strong></span> <span class='ocrx_word' id='word_1_723' title='bbox 3055 4099 3279 4154; x_wconf 87' lang='lat' dir='ltr'><strong>Gallias.</strong></span> <span class='ocrx_word' id='word_1_724' title='bbox 3305 4101 3446 4154; x_wconf 60' lang='lat' dir='ltr'><strong>Con-</strong></span> 
     </span>
    </p>
   </div>
   <div class='ocr_carea' id='block_1_103' title="bbox 1867 4185 3442 4262">
    <p class='ocr_par' dir='ltr' id='par_1_103' title="bbox 1867 4185 3442 4262">
     <span class='ocr_line' id='line_1_103' title="bbox 1867 4185 3442 4262; baseline 0.002 -21"><span class='ocrx_word' id='word_1_725' title='bbox 1867 4185 2144 4241; x_wconf 90' lang='lat' dir='ltr'><strong>suluerunt</strong></span> <span class='ocrx_word' id='word_1_726' title='bbox 2165 4201 2328 4256; x_wconf 89' lang='lat' dir='ltr'><strong>super</strong></span> <span class='ocrx_word' id='word_1_727' title='bbox 2346 4201 2408 4240; x_wconf 86' lang='lat' dir='ltr'><strong>ea</strong></span> <span class='ocrx_word' id='word_1_728' title='bbox 2434 4202 2492 4241; x_wconf 89' lang='lat' dir='ltr'><strong>re</strong></span> <span class='ocrx_word' id='word_1_729' title='bbox 2517 4185 2863 4243; x_wconf 86' lang='lat' dir='ltr'><strong>Arelatenses</strong></span> <span class='ocrx_word' id='word_1_730' title='bbox 2889 4190 3134 4244; x_wconf 90' lang='lat' dir='ltr'><strong>canonici</strong></span> <span class='ocrx_word' id='word_1_731' title='bbox 3166 4191 3442 4262; x_wconf 79' lang='lat' dir='ltr'><strong>oraculum</strong></span> 
     </span>
    </p>
   </div>
   <div class='ocr_carea' id='block_1_104' title="bbox 1868 4273 3447 4348">
    <p class='ocr_par' dir='ltr' id='par_1_104' title="bbox 1868 4273 3447 4348">
     <span class='ocr_line' id='line_1_104' title="bbox 1868 4273 3447 4348; baseline 0.003 -16"><span class='ocrx_word' id='word_1_732' title='bbox 1868 4276 2176 4346; x_wconf 80' lang='lat' dir='ltr'><strong>apostolicae</strong></span> <span class='ocrx_word' id='word_1_733' title='bbox 2231 4277 2395 4332; x_wconf 85' lang='lat' dir='ltr'><strong>sedis.</strong></span> <span class='ocrx_word' id='word_1_734' title='bbox 2449 4273 2743 4346; x_wconf 74' lang='lat' dir='ltr'><strong>Respondit</strong></span> <span class='ocrx_word' id='word_1_735' title='bbox 2794 4278 3084 4348; x_wconf 83' lang='lat' dir='ltr'><strong>Gregorius</strong></span> <span class='ocrx_word' id='word_1_736' title='bbox 3131 4288 3330 4334; x_wconf 87' lang='lat' dir='ltr'><strong>terram</strong></span> <span class='ocrx_word' id='word_1_737' title='bbox 3381 4282 3447 4336; x_wconf 85' lang='lat' dir='ltr'><strong>de</strong></span> 
     </span>
    </p>
   </div>
   <div class='ocr_carea' id='block_1_105' title="bbox 1869 4355 3440 4440">
    <p class='ocr_par' dir='ltr' id='par_1_105' title="bbox 1869 4355 3440 4440">
     <span class='ocr_line' id='line_1_105' title="bbox 1869 4355 3440 4440; baseline 0.006 -22"><span class='ocrx_word' id='word_1_738' title='bbox 1869 4381 1972 4436; x_wconf 91' lang='lat' dir='ltr'><strong>qua</strong></span> <span class='ocrx_word' id='word_1_739' title='bbox 2023 4370 2130 4420; x_wconf 86' lang='lat' dir='ltr'><strong>non</strong></span> <span class='ocrx_word' id='word_1_740' title='bbox 2180 4367 2356 4421; x_wconf 83' lang='lat' dir='ltr'><strong>exstat</strong></span> <span class='ocrx_word' id='word_1_741' title='bbox 2429 4355 2690 4422; x_wconf 87' lang='lat' dir='ltr'><strong>memoria</strong></span> <span class='ocrx_word' id='word_1_742' title='bbox 2756 4369 2894 4438; x_wconf 92' lang='lat' dir='ltr'><strong>quod</strong></span> <span class='ocrx_word' id='word_1_743' title='bbox 2949 4370 3238 4440; x_wconf 90' lang='lat' dir='ltr'><strong>aliquando</strong></span> <span class='ocrx_word' id='word_1_744' title='bbox 3295 4372 3440 4427; x_wconf 86' lang='lat' dir='ltr'><strong>culta</strong></span> 
     </span>
    </p>
   </div>
   <div class='ocr_carea' id='block_1_106' title="bbox 1871 4453 3443 4531">
    <p class='ocr_par' dir='ltr' id='par_1_106' title="bbox 1871 4453 3443 4531">
     <span class='ocr_line' id='line_1_106' title="bbox 1871 4453 3443 4531; baseline 0.008 -23"><span class='ocrx_word' id='word_1_745' title='bbox 1871 4453 2096 4522; x_wconf 90' lang='lat' dir='ltr'><strong>luisset,</strong></span> <span class='ocrx_word' id='word_1_746' title='bbox 2147 4457 2420 4512; x_wconf 86' lang='lat' dir='ltr'><strong>redactam</strong></span> <span class='ocrx_word' id='word_1_747' title='bbox 2466 4457 2563 4528; x_wconf 87' lang='lat' dir='ltr'><strong>per</strong></span> <span class='ocrx_word' id='word_1_748' title='bbox 2620 4458 2901 4531; x_wconf 87' lang='lat' dir='ltr'><strong>religiosos</strong></span> <span class='ocrx_word' id='word_1_749' title='bbox 2931 4461 3080 4516; x_wconf 89' lang='lat' dir='ltr'><strong>viros</strong></span> <span class='ocrx_word' id='word_1_750' title='bbox 3132 4464 3341 4518; x_wconf 88' lang='lat' dir='ltr'><strong>noviter</strong></span> <span class='ocrx_word' id='word_1_751' title='bbox 3376 4466 3443 4520; x_wconf 89' lang='lat' dir='ltr'><strong>ad</strong></span> 
     </span>
    </p>
   </div>
   <div class='ocr_carea' id='block_1_107' title="bbox 1795 4519 3448 4620">
    <p class='ocr_par' dir='ltr' id='par_1_107' title="bbox 1795 4519 3448 4620">
     <span class='ocr_line' id='line_1_107' title="bbox 1795 4519 3448 4620; baseline 0.007 -21"><span class='ocrx_word' id='word_1_752' title='bbox 1795 4519 1844 4580; x_wconf 69' lang='grc' dir='ltr'><strong><em>Β</em></strong></span> <span class='ocrx_word' id='word_1_753' title='bbox 1870 4546 2155 4611; x_wconf 85' lang='lat' dir='ltr'><strong>culturam,</strong></span> <span class='ocrx_word' id='word_1_754' title='bbox 2178 4551 2438 4617; x_wconf 85' lang='lat' dir='ltr'><strong>perpetuo</strong></span> <span class='ocrx_word' id='word_1_755' title='bbox 2478 4549 2691 4614; x_wconf 85' lang='lat' dir='ltr'><strong>debere,</strong></span> <span class='ocrx_word' id='word_1_756' title='bbox 2723 4519 2904 4620; x_wconf 64' lang='lat' dir='ltr'><strong>quoad</strong></span> <span class='ocrx_word' id='word_1_757' title='bbox 2955 4552 3348 4607; x_wconf 68' lang='lat' dir='ltr'><strong>immunitatem</strong></span> <span class='ocrx_word' id='word_1_758' title='bbox 3381 4556 3448 4610; x_wconf 89' lang='lat' dir='ltr'><strong>de</strong></span> 
     </span>
    </p>
   </div>
   <div class='ocr_carea' id='block_1_108' title="bbox 1870 4635 3444 4716">
    <p class='ocr_par' dir='ltr' id='par_1_108' title="bbox 1870 4635 3444 4716">
     <span class='ocr_line' id='line_1_108' title="bbox 1870 4635 3444 4716; baseline 0.006 -25"><span class='ocrx_word' id='word_1_759' title='bbox 1870 4653 1976 4692; x_wconf 88' lang='lat' dir='ltr'><strong>non</strong></span> <span class='ocrx_word' id='word_1_760' title='bbox 2001 4635 2271 4694; x_wconf 85' lang='lat' dir='ltr'><strong>solvendis</strong></span> <span class='ocrx_word' id='word_1_761' title='bbox 2298 4639 2560 4704; x_wconf 90' lang='lat' dir='ltr'><strong>decimis,</strong></span> <span class='ocrx_word' id='word_1_762' title='bbox 2601 4641 2871 4696; x_wconf 89' lang='lat' dir='ltr'><strong>novalium</strong></span> <span class='ocrx_word' id='word_1_763' title='bbox 2897 4643 3021 4712; x_wconf 89' lang='lat' dir='ltr'><strong>jure</strong></span> <span class='ocrx_word' id='word_1_764' title='bbox 3051 4645 3282 4699; x_wconf 86' lang='lat' dir='ltr'><strong>censeri.</strong></span> <span class='ocrx_word' id='word_1_765' title='bbox 3314 4645 3444 4716; x_wconf 75' lang='lat' dir='ltr'><strong>Cap.</strong></span> 
     </span>
    </p>
   </div>
   <div class='ocr_carea' id='block_1_109' title="bbox 1872 4719 3440 4806">
    <p class='ocr_par' dir='ltr' id='par_1_109' title="bbox 1872 4719 3440 4806">
     <span class='ocr_line' id='line_1_109' title="bbox 1872 4719 3440 4806; baseline 0.004 -22"><span class='ocrx_word' id='word_1_766' title='bbox 1872 4725 2277 4784; x_wconf 73' lang='lat' dir='ltr'><strong>Consultationi.</strong></span> <span class='ocrx_word' id='word_1_767' title='bbox 2324 4729 2402 4784; x_wconf 87' lang='lat' dir='ltr'><strong>De</strong></span> <span class='ocrx_word' id='word_1_768' title='bbox 2433 4731 2667 4802; x_wconf 80' lang='lat' dir='ltr'><strong>privileg.</strong></span> <span class='ocrx_word' id='word_1_769' title='bbox 2691 4741 2738 4786; x_wconf 79' lang='lat' dir='ltr'><strong>et</strong></span> <span class='ocrx_word' id='word_1_770' title='bbox 2759 4749 2952 4788; x_wconf 70' lang='lat' dir='ltr'><strong>excess.</strong></span> <span class='ocrx_word' id='word_1_771' title='bbox 2978 4719 3440 4806; x_wconf 66' lang='lat' dir='ltr'><strong>privilegiatorum.</strong></span> 
     </span>
    </p>
   </div>
   <div class='ocr_carea' id='block_1_110' title="bbox 1872 4813 3448 4897">
    <p class='ocr_par' dir='ltr' id='par_1_110' title="bbox 1872 4813 3448 4897">
     <span class='ocr_line' id='line_1_110' title="bbox 1872 4813 3448 4897; baseline 0.004 -21"><span class='ocrx_word' id='word_1_772' title='bbox 1872 4813 2055 4892; x_wconf 77' lang='lat' dir='ltr'><strong>itaque</strong></span> <span class='ocrx_word' id='word_1_773' title='bbox 2099 4824 2289 4877; x_wconf 86' lang='lat' dir='ltr'><strong>novale</strong></span> <span class='ocrx_word' id='word_1_774' title='bbox 2313 4821 2427 4890; x_wconf 86' lang='lat' dir='ltr'><strong>jam</strong></span> <span class='ocrx_word' id='word_1_775' title='bbox 2480 4839 2587 4878; x_wconf 90' lang='lat' dir='ltr'><strong>non</strong></span> <span class='ocrx_word' id='word_1_776' title='bbox 2620 4833 2776 4891; x_wconf 81' lang='lat' dir='ltr'><strong>erat,</strong></span> <span class='ocrx_word' id='word_1_777' title='bbox 2810 4827 2934 4896; x_wconf 84' lang='lat' dir='ltr'><strong>quia</strong></span> <span class='ocrx_word' id='word_1_778' title='bbox 2984 4835 3156 4882; x_wconf 89' lang='lat' dir='ltr'><strong>tractu</strong></span> <span class='ocrx_word' id='word_1_779' title='bbox 3191 4830 3448 4897; x_wconf 74' lang='lat' dir='ltr'><strong>tet&#39;nporis</strong></span> 
     </span>
    </p>
   </div>
   <div class='ocr_carea' id='block_1_111' title="bbox 1877 4915 3448 4989">
    <p class='ocr_par' dir='ltr' id='par_1_111' title="bbox 1877 4915 3448 4989">
     <span class='ocr_line' id='line_1_111' title="bbox 1877 4915 3448 4989; baseline 0.003 -20"><span class='ocrx_word' id='word_1_780' title='bbox 1877 4915 2166 4970; x_wconf 87' lang='lat' dir='ltr'><strong>transierat</strong></span> <span class='ocrx_word' id='word_1_781' title='bbox 2215 4916 2266 4970; x_wconf 92' lang='lat' dir='ltr'><strong>in</strong></span> <span class='ocrx_word' id='word_1_782' title='bbox 2319 4921 2565 4972; x_wconf 82' lang='lat' dir='ltr'><strong>naturam</strong></span> <span class='ocrx_word' id='word_1_783' title='bbox 2611 4933 2882 4989; x_wconf 83' lang='lat' dir='ltr'><strong>agrorum.</strong></span> <span class='ocrx_word' id='word_1_784' title='bbox 2936 4922 3042 4976; x_wconf 81' lang='lat' dir='ltr'><strong>Sed</strong></span> <span class='ocrx_word' id='word_1_785' title='bbox 3095 4922 3284 4976; x_wconf 88' lang='lat' dir='ltr'><strong>novalc</strong></span> <span class='ocrx_word' id='word_1_786' title='bbox 3327 4930 3448 4980; x_wconf 84' lang='lat' dir='ltr'><strong>erat</strong></span> 
     </span>
    </p>
   </div>
   <div class='ocr_carea' id='block_1_112' title="bbox 1870 5007 3446 5078">
    <p class='ocr_par' dir='ltr' id='par_1_112' title="bbox 1870 5007 3446 5078">
     <span class='ocr_line' id='line_1_112' title="bbox 1870 5007 3446 5078; baseline 0.003 -18"><span class='ocrx_word' id='word_1_787' title='bbox 1870 5007 2085 5074; x_wconf 73' lang='lat' dir='ltr'><strong>Semper</strong></span> <span class='ocrx_word' id='word_1_788' title='bbox 2111 5007 2320 5060; x_wconf 89' lang='lat' dir='ltr'><strong>ratione</strong></span> <span class='ocrx_word' id='word_1_789' title='bbox 2347 5007 2702 5072; x_wconf 77' lang='lat' dir='ltr'><strong>decimarum,</strong></span> <span class='ocrx_word' id='word_1_790' title='bbox 2729 5009 2780 5062; x_wconf 91' lang='lat' dir='ltr'><strong>id</strong></span> <span class='ocrx_word' id='word_1_791' title='bbox 2806 5017 2906 5073; x_wconf 86' lang='lat' dir='ltr'><strong>est,-</strong></span> <span class='ocrx_word' id='word_1_792' title='bbox 2924 5011 3098 5078; x_wconf 90' lang='lat' dir='ltr'><strong>quoad</strong></span> <span class='ocrx_word' id='word_1_793' title='bbox 3116 5011 3446 5065; x_wconf 87' lang='lat' dir='ltr'><strong>decimarum</strong></span> 
     </span>
    </p>
   </div>
   <div class='ocr_carea' id='block_1_113' title="bbox 1869 5087 3192 5171">
    <p class='ocr_par' dir='ltr' id='par_1_113' title="bbox 1869 5087 3192 5171">
     <span class='ocr_line' id='line_1_113' title="bbox 1869 5087 3192 5171; baseline 0.006 -23"><span class='ocrx_word' id='word_1_794' title='bbox 1869 5097 2290 5166; x_wconf 72' lang='lat' dir='ltr'><strong>przestationem,</strong></span> <span class='ocrx_word' id='word_1_795' title='bbox 2315 5087 2580 5168; x_wconf 88' lang='lat' dir='ltr'><strong>gaudebat</strong></span> <span class='ocrx_word' id='word_1_796' title='bbox 2600 5100 2879 5171; x_wconf 87' lang='lat' dir='ltr'><strong>privilegio</strong></span> <span class='ocrx_word' id='word_1_797' title='bbox 2902 5103 3192 5156; x_wconf 88' lang='lat' dir='ltr'><strong>novalium.</strong></span> 
     </span>
    </p>
   </div>
   <div class='ocr_carea' id='block_1_114' title="bbox 1941 5206 3442 5267">
    <p class='ocr_par' dir='ltr' id='par_1_114' title="bbox 1941 5206 3442 5267">
     <span class='ocr_line' id='line_1_114' title="bbox 1941 5206 3442 5267; baseline 0.003 -5"><span class='ocrx_word' id='word_1_798' title='bbox 1941 5207 2070 5262; x_wconf 63' lang='lat' dir='ltr'><strong>Car.</strong></span> <span class='ocrx_word' id='word_1_799' title='bbox 2103 5206 2192 5262; x_wconf 75' lang='lat'><strong>46.</strong></span> <span class='ocrx_word' id='word_1_800' title='bbox 2219 5227 2294 5246; x_wconf 70' lang='lat'><strong>-&#39;—</strong></span> <span class='ocrx_word' id='word_1_801' title='bbox 2319 5207 2395 5262; x_wconf 84' lang='lat' dir='ltr'><strong>De</strong></span> <span class='ocrx_word' id='word_1_802' title='bbox 2446 5210 2745 5264; x_wconf 78' lang='lat' dir='ltr'><strong>nutrimine.</strong></span> <span class='ocrx_word' id='word_1_803' title='bbox 2802 5210 3130 5264; x_wconf 82' lang='lat' dir='ltr'><strong>Animalium</strong></span> <span class='ocrx_word' id='word_1_804' title='bbox 3173 5211 3442 5267; x_wconf 81' lang='lat' dir='ltr'><strong>videlicet.</strong></span> 
     </span>
    </p>
   </div>
   <div class='ocr_carea' id='block_1_115' title="bbox 1871 5281 3442 5367">
    <p class='ocr_par' dir='ltr' id='par_1_115' title="bbox 1871 5281 3442 5367">
     <span class='ocr_line' id='line_1_115' title="bbox 1871 5281 3442 5367; baseline 0.002 -15"><span class='ocrx_word' id='word_1_805' title='bbox 1871 5281 2006 5352; x_wconf 82' lang='lat' dir='ltr'><strong>Nam</strong></span> <span class='ocrx_word' id='word_1_806' title='bbox 2035 5297 2100 5351; x_wconf 90' lang='lat' dir='ltr'><strong>de</strong></span> <span class='ocrx_word' id='word_1_807' title='bbox 2147 5297 2234 5352; x_wconf 90' lang='lat' dir='ltr'><strong>his</strong></span> <span class='ocrx_word' id='word_1_808' title='bbox 2280 5312 2494 5367; x_wconf 89' lang='lat' dir='ltr'><strong>quoque</strong></span> <span class='ocrx_word' id='word_1_809' title='bbox 2529 5299 2736 5354; x_wconf 90' lang='lat' dir='ltr'><strong>decima</strong></span> <span class='ocrx_word' id='word_1_810' title='bbox 2767 5301 2996 5356; x_wconf 90' lang='lat' dir='ltr'><strong>debetur</strong></span> <span class='ocrx_word' id='word_1_811' title='bbox 3030 5299 3294 5354; x_wconf 87' lang='lat' dir='ltr'><strong>ecclesiis.</strong></span> <span class='ocrx_word' id='word_1_812' title='bbox 3323 5301 3442 5356; x_wconf 80' lang='lat' dir='ltr'><strong>Libr.</strong></span> 
     </span>
    </p>
   </div>
   <div class='ocr_carea' id='block_1_116' title="bbox 1873 5385 3445 5458">
    <p class='ocr_par' dir='ltr' id='par_1_116' title="bbox 1873 5385 3445 5458">
     <span class='ocr_line' id='line_1_116' title="bbox 1873 5385 3445 5458; baseline 0.001 -16"><span class='ocrx_word' id='word_1_813' title='bbox 1873 5403 1926 5442; x_wconf 85' lang='lat' dir='ltr'><strong>tv</strong></span> <span class='ocrx_word' id='word_1_814' title='bbox 1953 5385 2246 5456; x_wconf 86' lang='lat' dir='ltr'><strong>Capitular.</strong></span> <span class='ocrx_word' id='word_1_815' title='bbox 2307 5401 2425 5458; x_wconf 89' lang='lat' dir='ltr'><strong>cap.</strong></span> <span class='ocrx_word' id='word_1_816' title='bbox 2457 5387 2555 5442; x_wconf 71' lang='lat'><strong>40:</strong></span> <span class='ocrx_word' id='word_1_817' title='bbox 2599 5404 2619 5442; x_wconf 71' lang='grc' dir='ltr'>ς</span> <span class='ocrx_word' id='word_1_818' title='bbox 2655 5389 3068 5444; x_wconf 88' lang='lat' dir='ltr'><strong>Consideratum</strong></span> <span class='ocrx_word' id='word_1_819' title='bbox 3115 5389 3292 5444; x_wconf 87' lang='lat' dir='ltr'><strong>estde</strong></span> <span class='ocrx_word' id='word_1_820' title='bbox 3339 5391 3445 5444; x_wconf 48' lang='lat' dir='ltr'><strong>frus</strong></span> 
     </span>
    </p>
   </div>
   <div class='ocr_carea' id='block_1_117' title="bbox 1873 5469 3446 5554">
    <p class='ocr_par' dir='ltr' id='par_1_117' title="bbox 1873 5469 3446 5554">
     <span class='ocr_line' id='line_1_117' title="bbox 1873 5469 3446 5554; baseline 0.004 -21"><span class='ocrx_word' id='word_1_821' title='bbox 1873 5479 2030 5550; x_wconf 88' lang='lat' dir='ltr'><strong>gibus</strong></span> <span class='ocrx_word' id='word_1_822' title='bbox 2069 5487 2229 5534; x_wconf 73' lang='lat' dir='ltr'><strong>terrae</strong></span> <span class='ocrx_word' id='word_1_823' title='bbox 2258 5487 2312 5534; x_wconf 90' lang='lat' dir='ltr'><strong>et</strong></span> <span class='ocrx_word' id='word_1_824' title='bbox 2356 5481 2666 5535; x_wconf 88' lang='lat' dir='ltr'><strong>animalium</strong></span> <span class='ocrx_word' id='word_1_825' title='bbox 2717 5482 3012 5537; x_wconf 90' lang='lat' dir='ltr'><strong>nutrimine</strong></span> <span class='ocrx_word' id='word_1_826' title='bbox 3061 5499 3225 5554; x_wconf 89' lang='lat' dir='ltr'><strong>super</strong></span> <span class='ocrx_word' id='word_1_827' title='bbox 3249 5469 3446 5540; x_wconf 56' lang='lat' dir='ltr'><strong>castora</strong></span> 
     </span>
    </p>
   </div>
   <div class='ocr_carea' id='block_1_118' title="bbox 1875 5562 3442 5644">
    <p class='ocr_par' dir='ltr' id='par_1_118' title="bbox 1875 5562 3442 5644">
     <span class='ocr_line' id='line_1_118' title="bbox 1875 5562 3442 5644; baseline 0.003 -20"><span class='ocrx_word' id='word_1_828' title='bbox 1875 5585 2030 5624; x_wconf 67' lang='lat' dir='ltr'><strong>nonae</strong></span> <span class='ocrx_word' id='word_1_829' title='bbox 2057 5579 2112 5624; x_wconf 91' lang='lat' dir='ltr'><strong>et</strong></span> <span class='ocrx_word' id='word_1_830' title='bbox 2145 5569 2368 5626; x_wconf 68' lang='lat' dir='ltr'><strong>decimae</strong></span> <span class='ocrx_word' id='word_1_831' title='bbox 2401 5571 2795 5640; x_wconf 87' lang='lat' dir='ltr'><strong>persolvantur.</strong></span> <span class='ocrx_word' id='word_1_832' title='bbox 2839 5591 2856 5623; x_wconf 75' lang='grc' dir='ltr'><strong><em>ι</em></strong></span> <span class='ocrx_word' id='word_1_833' title='bbox 2891 5571 3010 5628; x_wconf 91' lang='lat' dir='ltr'><strong>Lib.</strong></span> <span class='ocrx_word' id='word_1_834' title='bbox 3045 5589 3102 5640; x_wconf 92' lang='lat' dir='ltr'><strong>v,</strong></span> <span class='ocrx_word' id='word_1_835' title='bbox 3155 5588 3274 5644; x_wconf 88' lang='lat' dir='ltr'><strong>cap.</strong></span> <span class='ocrx_word' id='word_1_836' title='bbox 3308 5562 3442 5628; x_wconf 61' lang='lat'><strong>“6&#39;:</strong></span> 
     </span>
    </p>
   </div>
   <div class='ocr_carea' id='block_1_119' title="bbox 1879 5659 3444 5734">
    <p class='ocr_par' dir='ltr' id='par_1_119' title="bbox 1879 5659 3444 5734">
     <span class='ocr_line' id='line_1_119' title="bbox 1879 5659 3444 5734; baseline 0.006 -22"><span class='ocrx_word' id='word_1_837' title='bbox 1879 5679 1899 5712; x_wconf 74' lang='grc' dir='ltr'>ι</span> <span class='ocrx_word' id='word_1_838' title='bbox 1937 5659 2300 5717; x_wconf 88' lang='lat' dir='ltr'><strong>Constitutum</strong></span> <span class='ocrx_word' id='word_1_839' title='bbox 2329 5669 2414 5717; x_wconf 90' lang='lat' dir='ltr'><strong>est</strong></span> <span class='ocrx_word' id='word_1_840' title='bbox 2457 5672 2515 5717; x_wconf 89' lang='lat' dir='ltr'><strong>ut</strong></span> <span class='ocrx_word' id='word_1_841' title='bbox 2563 5664 2629 5722; x_wconf 84' lang='lat' dir='ltr'><strong>de</strong></span> <span class='ocrx_word' id='word_1_842' title='bbox 2661 5661 2904 5734; x_wconf 81' lang='lat' dir='ltr'><strong>frugibus</strong></span> <span class='ocrx_word' id='word_1_843' title='bbox 2937 5673 3096 5718; x_wconf 69' lang='lat' dir='ltr'><strong>terra:</strong></span> <span class='ocrx_word' id='word_1_844' title='bbox 3127 5673 3180 5719; x_wconf 92' lang='lat' dir='ltr'><strong>et</strong></span> <span class='ocrx_word' id='word_1_845' title='bbox 3237 5665 3444 5721; x_wconf 86' lang='lat' dir='ltr'><strong>anima-</strong></span> 
     </span>
    </p>
   </div>
   <div class='ocr_carea' id='block_1_120' title="bbox 1869 5751 3448 5828">
    <p class='ocr_par' dir='ltr' id='par_1_120' title="bbox 1869 5751 3448 5828">
     <span class='ocr_line' id='line_1_120' title="bbox 1869 5751 3448 5828; baseline 0.005 -22"><span class='ocrx_word' id='word_1_846' title='bbox 1869 5751 2006 5828; x_wconf 79' lang='lat' dir='ltr'><strong>lium</strong></span> <span class='ocrx_word' id='word_1_847' title='bbox 2037 5754 2328 5809; x_wconf 86' lang='lat' dir='ltr'><strong>nutrimine</strong></span> <span class='ocrx_word' id='word_1_848' title='bbox 2355 5761 2408 5809; x_wconf 88' lang='lat' dir='ltr'><strong>et</strong></span> <span class='ocrx_word' id='word_1_849' title='bbox 2461 5757 2672 5810; x_wconf 85' lang='lat' dir='ltr'><strong>cunctis</strong></span> <span class='ocrx_word' id='word_1_850' title='bbox 2698 5755 2948 5812; x_wconf 84' lang='lat' dir='ltr'><strong>censibus</strong></span> <span class='ocrx_word' id='word_1_851' title='bbox 2969 5793 2988 5826; x_wconf 55' lang='grc' dir='ltr'><em>ν</em></span> <span class='ocrx_word' id='word_1_852' title='bbox 3015 5757 3256 5828; x_wconf 59' lang='lat' dir='ltr'><strong>exceptis</strong></span> <span class='ocrx_word' id='word_1_853' title='bbox 3276 5757 3448 5814; x_wconf 64' lang='lat' dir='ltr'><strong>horti-</strong></span> 
     </span>
    </p>
   </div>
  </div>
