3848 5548
451 414 556 477 419

1722 404 2061 464 STEPHANI
2091 401 2363 460 BALUZII

3598 402 3683 457 λεδ

453 540 679 596 lenst-us
763 526 1153 606 persolvantur.
1190 546 1210 583 ι
1245 518 1446 584 Verum
1501 526 1749 598 sequenti
1783 535 2022 596 tempore
2054 525 2102 587 Α
2131 520 2277 589 fecit,
2311 510 2472 593 550
2492 520 2654 577 ebere
2685 519 3010 593 argentoque
3032 518 3323 576 decoravit.
3356 532 3377 571 ι
3406 509 3547 574 Vide
3565 529 3687 575 notas

453 630 736 704 pontiﬁces
786 625 1015 683 Romani
1046 624 1341 681 monachos
1395 622 1700 679 liberarunt
1749 637 1779 676 a
1812 628 2035 692 praesta-

457 722 604 776 tione
637 718 966 774 decimarum
990 729 1055 770 ex
1099 714 1466 770 nutrimentis.
1493 712 1627 783 Cap.
1660 711 1747 767 Ea:
1765 719 1931 783 parte.
1961 709 2038 765 De

460 808 694 865 decimis.
724 805 918 861 Mirum
971 812 1055 860 est
1103 813 1282 859 autem
1310 803 1511 859 nullam
1541 802 1669 857 olim
1699 816 1862 873 super
1885 817 1948 858 ea
1979 814 2040 856 re

459 899 745 954 adversum
773 895 1066 952 monachos
1101 899 1303 951 motam
1334 892 1501 949 fuisse
1531 892 1679 949 litem
1702 930 1718 959 ,
1749 908 1871 949 cum
1899 890 2040 963 apud

460 990 679 1045 Petrum
716 987 1024 1043 Blesensem
1059 995 1113 1041 et
1137 985 1399 1042 Joannem
1424 984 1890 1041 Saresberiensem
1919 997 2042 1055 gra-

460 1079 712 1135 vissimas
746 1087 988 1133 veterum
1034 1086 1334 1148 temporum
1384 1087 1603 1147 propter
1641 1075 1745 1132 hoc
1792 1073 2041 1145 querelas

461 1168 726 1239 legamus.
775 1166 913 1222 Nam
962 1168 1103 1236 apud
1150 1164 1370 1221 Petrum
1423 1164 1733 1220 Bleseusem
1763 1163 1922 1235 epist.
1949 1163 2041 1233 82,

358 1301 365 1308 .
464 1258 772 1315 Richardus
823 1257 1263 1330 archiepiscopus
1323 1255 1731 1313 Cantuariensis
1794 1256 1868 1311 ita
1919 1270 2044 1328 per-

464 1352 683 1423 stringit
733 1351 1029 1408 monachos
1066 1351 1487 1408 Cistercienses:
1519 1369 1539 1403 ι
1578 1347 1651 1406 Ut
1676 1350 1807 1423 quid
1837 1350 1891 1406 in
1914 1352 2046 1407 alie-

466 1458 593 1498 nam
626 1441 876 1512 iniuriam
904 1455 1075 1499 terras
1095 1451 1152 1500 et
1166 1442 1492 1499 nutrimenta
1513 1452 1690 1498 vestra
1715 1442 2048 1514 privilegiari

470 1530 650 1587 facitis
672 1541 733 1587 ut
759 1532 1020 1588 auferatis
1049 1533 1192 1605 quod
1224 1532 1456 1588 alienum
1481 1532 1602 1588 est?
1635 1530 1886 1602 Nunquid
1913 1530 2047 1587 Abel

471 1625 539 1682 de
563 1626 908 1681 nutrimentis
921 1625 1033 1681 suis
1046 1625 1332 1680 Dominum
1356 1640 1462 1682 non
1492 1624 1765 1696 respexit?
1795 1622 2048 1696 Nunquid

465 1718 729 1791 justiores
770 1717 934 1792 559
972 1718 1103 1774 estis
1143 1718 1321 1788 primo
1353 1718 1595 1773 omnium
1635 1718 1803 1789 justo,
1847 1725 1908 1772 ut
1954 1728 2050 1772 vos

469 1817 658 1867 contra
683 1808 777 1864 Dei
793 1808 1058 1879 justitiam
1083 1809 1344 1880 erigatis?
1369 1828 1388 1862 ι
1408 1807 1642 1865 Joannes
1669 1808 2045 1865 Saresbericn-

2133 619 2349 667 nostras
2367 612 2435 667 ad
2459 611 2825 680 Agobardum,
2855 627 2980 683 pag.
3004 610 3092 667 90.

2205 699 2336 756 Car.
2359 699 2526 756 6l.—
2539 699 2731 757 Statim
2758 702 2991 772 cjiciant.
3017 701 3161 756 Dura
3181 716 3247 757 ac
3267 700 3611 757 severissima
3626 702 3689 757 di.

2136 791 2395 864 sclplina,
2430 793 2475 849 si
2530 803 2828 865 temporum
2886 800 3198 849 nostrorum
3249 791 3397 848 ratio
3441 791 3685 848 habeatur.

2136 881 2476 938 Christianus
2506 882 2574 938 ad
2602 883 2764 937 aliam
2783 879 3068 939 ecclesiam
3100 896 3261 953 quam
3283 882 3353 937 ad
3389 880 3688 952 suampruli—

2138 971 2437 1028 cisciturin
2470 972 2554 1028 die
2579 971 2739 1040 festo,
2764 981 2825 1029 ut
2849 972 2961 1030 illic
3014 972 3238 1029 missam
3275 973 3494 1038 audiat,
3533 982 3582 1029 et
3622 989 3690 1029 ex.

2136 1063 2261 1135 pelli
2282 1061 2503 1133 jubetur
2530 1064 2604 1137 ab
2619 1063 2850 1120 ecclesia
2876 1079 2987 1122 non
3020 1079 3141 1133 sua,
3173 1073 3238 1120 ut
3270 1064 3341 1120 ad
3366 1078 3527 1119 suam
3552 1065 3693 1121 redire

2140 1162 2382 1225 cogatur.
2404 1152 2532 1209 Haec
2550 1162 2673 1209 erat
2698 1155 2878 1212 saeculi
2904 1154 3047 1211 illius
3087 1154 3396 1227 disciplina.
3430 1152 3581 1210 Nunc
3616 1156 3692 1211 Bia

2142 1252 2345 1300 mutata
2365 1252 2509 1300 sunt.
2530 1242 2718 1316 Neque
2748 1253 2928 1302 tamen
2949 1245 3004 1301 id
3027 1244 3165 1302 adeo
3199 1253 3359 1300 vetus
3383 1252 3476 1300 est
3500 1245 3618 1315 quin
3655 1250 3695 1301 et

2142 1350 2286 1392 anno
2310 1350 2526 1408 quoque
2563 1336 2705 1393 1202
2743 1338 2972 1394 vetitum
3008 1346 3155 1394 esset
3207 1336 3547 1393 Christianis
3574 1337 3694 1393 dese-

2144 1439 2266 1482 rere
2300 1425 2560 1482 eccle‘sias
2587 1440 2715 1483 suas
2743 1435 2804 1483 ut
2834 1426 3135 1485 oblationes
3181 1441 3311 1484 suas
3366 1426 3696 1484 deferreuttd

2145 1514 2279 1572 alias
2332 1514 2631 1572 ecclesiam.
2662 1516 2854 1574 Exstat
2876 1518 3020 1575 enim
3070 1518 3127 1574 in
3164 1517 3513 1576 chartulario
3563 1520 3698 1575 διηώ

2143 1602 2351 1661 Bertini
2372 1605 2427 1661 in
2466 1604 2647 1663 Sithiu
2675 1617 2833 1663 vetus
2861 1608 3138 1665 cbartaeo
3182 1623 3326 1665 anno
3381 1608 3638 1675 confecta,
3660 1609 3697 1663 in

2148 1712 2256 1770 qua
2279 1695 2384 1753 ista
2406 1697 2687 1769 leguntur:
2718 1715 2737 1751 ι
2765 1697 2899 1755 Etsi
2924 1698 3047 1770 quis
3072 1699 3539 1771 parochianorum
3556 1698 3615 1754 de
3630 1698 3698 1753 Pc-

2149 1797 2293 1846 terse
2320 1788 2406 1845 vel
2446 1789 2514 1846 de
2540 1789 2734 1862 Calays
2761 1790 2835 1847 ibi
2861 1805 3002 1861 saepe
3034 1790 3101 1847 ad
3130 1792 3357 1847 missam
3392 1790 3614 1856 venerit,
3638 1790 3699 1845 ad

470 1901 546 1959 sis
568 1900 664 1956 lib.
690 1916 766 1955 vit
793 1869 863 1956 de
892 1898 1057 1972 Nugis
1084 1869 1366 1954 curialium
1390 1914 1514 1971 cap.
1533 1898 1622 1953 21.
1653 1918 1671 1951 ι
1703 1898 1902 1955 Sumus
1925 1932 1942 1962 .
1970 1899 2054 1953 in-

2163 1882 2393 1937 monitus
2422 1882 2788 1953 apresbytero
2808 1895 2907 1937 suo
2954 1881 3002 1937 si
3030 1881 3134 1937 hoc
3184 1895 3295 1937 non
3331 1880 3700 1942 emendaverit,

470 1992 679 2067 quiunt,
710 1993 807 2047 tuti
847 1991 1142 2063 apostolico
1174 1992 1478 2063 privilegio,
1515 1992 1668 2063 cujus
1699 1991 1961 2047 beneficio
1989 1992 2055 2046 de

471 2083 820 2140 nutrimentis
855 2081 1166 2138 animalium
1196 2091 1252 2138 et
1287 2082 1563 2138 laboribus
1592 2081 1792 2138 nostris
1820 2081 2057 2137 decimas

474 2175 790 2231 retinemus.
824 2173 1030 2245 Nempe
1052 2172 1309 2245 apostolis
1330 2174 1510 2229 omnia
1538 2172 1722 2239 licent,
1749 2174 1842 2230 sed
1872 2173 2052 2229 omnia

472 2263 544 2321 ab
592 2263 901 2335 apostolicis
952 2262 1069 2318 fieri
1115 2276 1457 2334 nequaquam
1492 2262 1726 2332 expedit.
1762 2261 1892 2317 Esto
1914 2262 2056 2331 quod

472 2353 550 2413 illi
600 2353 753 2410 vobis
794 2352 899 2410 hoc
951 2352 1180 2410 licenter
1208 2352 1597 2409 concesserint.
1645 2352 1754 2409 Vos
1805 2366 1873 2407 an
1904 2360 2052 2408 recte

470 2443 760 2518 petieritis,
803 2443 1057 2500 videatis.
1112 2440 1362 2514 Nunquid
1414 2441 1483 2500 de
1531 2443 1877 2499 nutrimentis
1923 2441 2059 2498 Abel

471 2532 759 2590 Dominum
802 2549 909 2590 non
940 2534 1213 2606 respexit?
1243 2533 1312 2589 Et
1357 2531 1588 2591 fortasse
1618 2533 1686 2589 de
1729 2532 2057 2589 animalibus

473 2625 772 2681 redduntur
800 2624 1034 2691 rectius,
1059 2624 1182 2695 quia
1231 2626 1349 2680 sine
1378 2623 1588 2680 cultura
1638 2631 1827 2678 nostra
1865 2637 2059 2694 prove-

473 2715 649 2771 niunt.
702 2713 830 2770 Plus
854 2714 999 2771 enim
1042 2713 1244 2771 laboris
1271 2723 1354 2770 est
1389 2715 1442 2769 in
1473 2713 1716 2787 frugibus
1742 2712 1986 2772 serendis
2004 2721 2061 2768 et

477 2804 762 2862 metendis.
794 2825 814 2859 ι

550 2917 680 2974 Car.
721 2917 813 2973 51.
835 2947 904 2958 -
924 2916 1082 2972 Suria
1110 2926 1261 2972 tecta.
1292 2916 1348 2971 id
1366 2925 1449 2973 est
1472 2925 1633 2973 tecta.
1651 2916 1975 2975 Anastasius
2002 2918 2056 2975 in

479 3008 588 3063 vita
611 3008 856 3077 Gregorii
889 3006 991 3062 IV:
1034 3026 1053 3059 ι
1082 3008 1233 3064 Fecit
1251 3024 1379 3065 vero
1393 3017 1538 3065 sarta
1567 3018 1707 3065 tecta
1728 3008 1845 3080 ejus
1872 3011 2055 3067 omnia

430 3125 439 3131 ’
476 3113 619 3154 nova
658 3116 677 3150 ι
707 3106 763 3153 et
791 3096 917 3153 alibi
944 3098 1168 3169 pluries.

551 3209 679 3265 Car.
721 3208 811 3264 52.
833 3236 904 3249 -
929 3208 1179 3264 Ecclesia.u
1207 3209 1559 3280 baptismales.
1587 3208 1757 3276 Infra,
1782 3226 1903 3282 cap.
1931 3211 2054 3276 271,
2085 3210 2132 3275 C

486 3321 506 3354 ι
529 3300 629 3357 nisi
646 3301 698 3356 in
713 3300 850 3357 vicis
870 3301 1177 3358 elecclesiis
1206 3302 1635 3373 baptismalibus.
1659 3320 1678 3355 ι
1714 3301 1877 3359 Tituli
1899 3304 2068 3376 bapti-
2133 3318 2141 3325 ’

484 3393 683 3450 smalcs
710 3394 762 3450 in
780 3402 1046 3466 praecepto
1066 3393 1321 3451 Ludovici
1349 3403 1406 3450 et
1434 3393 1676 3451 Lotbarii
1705 3410 1804 3467 pro
1829 3394 2066 3452 Ecclesia

481 3484 772 3542 Rbemensi
800 3486 940 3558 apud
970 3486 1328 3542 Flodoardum
1353 3486 1446 3544 lib.
1488 3502 1553 3555 It,
1581 3500 1701 3559 cap.
1750 3487 1861 3544 i9:
1894 3505 1914 3540 ι
1955 3488 2067 3543 Ex-

483 3574 652 3630 tcrius
678 3575 843 3631 etiam
867 3574 920 3630 in
950 3574 1138 3631 eadem
1169 3574 1425 3645 parochia
1477 3575 1533 3631 in
1557 3584 1741 3633 castro
1801 3575 2068 3633 Vonzensi

484 3665 702 3720 titulum
732 3663 1104 3735 baptismalem
1126 3673 1186 3720 et
1229 3663 1445 3720 titulum
1484 3664 1538 3720 in
1586 3665 1777 3722 eadem
1807 3664 2068 3735 parochia

484 3757 661 3813 sancti
687 3755 912 3812 Joannis
931 3756 1182 3812 similiter
1209 3756 1607 3827 baptismalem.
1651 3772 1672 3810 ι

540 3848 684 3903 ’(ῙΔΡ.
718 3848 806 3903 56.
823 3870 896 3888 -ι-
913 3847 992 3903 Ab
1012 3849 1128 3918 huj.
1157 3849 1424 3903 conviviis.
1454 3848 1590 3903 Vide
1618 3861 1740 3918 quae
1762 3849 1829 3904 de
1853 3849 1959 3904 hoc
1981 3863 2069 3905 ar-

485 3949 743 4008 gumento
776 3937 920 3993 dicta
970 3953 1002 3993 a
1030 3939 1184 3995 nobis
1240 3948 1372 3994 sunt
1412 3938 1481 3993 ad
1534 3937 1813 3994 bomiliam
1856 3950 2069 3995 sextam

480 4028 710 4085 Cmsarii
734 4028 971 4100 episcopi
1021 4027 1372 4097 Arelatensis,
1397 4028 1542 4085 inter
1573 4043 1671 4086 cas
1694 4043 1815 4099 quae
1858 4045 1889 4085 a
1913 4029 2070 4087 nobis

489 4123 648 4178 editas
686 4133 827 4179 sunt.

524 4232 525 4235 “
560 4234 687 4291 CAP.
712 4234 801 4290 60.
821 4265 892 4277 —
915 4233 1068 4291 Nihil
1082 4246 1237 4308 super
1259 4252 1338 4292 ea.
1358 4234 1518 4294 Iubet
1540 4237 1654 4295 haec
1672 4238 1989 4296 constitutio
2011 4246 2072 4295 ut

488 4340 654 4397 super
674 4325 854 4393 altari,
875 4327 929 4381 in
952 4324 1064 4398 quo
1076 4343 1273 4400 corpus
1310 4330 1651 4389 DominiCum
1677 4345 2032 4391 consecratur
2052 4376 2069 4403 ,

2157 1972 2375 2045 publice
2395 1971 2975 2029 excommunicabitur.
3020 1992 3039 2027 ι

2225 2062 2619 2117 Discordanles.
2660 2059 2831 2130 Quam
2862 2061 3044 2117 omnia
3087 2069 3198 2117 tum
3238 2077 3307 2120 ex
3342 2061 3634 2120 charitale!
3663 2060 3702 2115 Si

2156 2153 2246 2224 qui
2274 2151 2573 2208 Christiani
2599 2152 2960 2220 dissidebant,
2999 2153 3183 2209 statim
3224 2154 3702 2215 reconciliabautur,

2157 2245 2203 2300 si
2237 2243 2290 2299 id
2310 2242 2427 2317 tigri
2451 2251 2663 2314 poterat
2701 2258 2770 2299 ex
2818 2257 3086 2300 consensu
3137 2244 3405 2316 partium.
3467 2244 3568 2313 Qui
3612 2258 3704 2299 vero

2154 2333 2415 2389 fratribus
2440 2334 2554 2390 suis
2578 2334 2917 2390 reconciliari
2950 2336 3306 2404 recusabant,
3334 2324 3458 2392 illis
3502 2335 3702 2391 ecclesia

2156 2426 2413 2482 introitus
2457 2426 2887 2483 interdicebatur
2925 2427 3100 2485 donec
3143 2429 3211 2485 ad
3253 2443 3457 2500 pacem
3491 2428 3702 2484 redirent.

2157 2513 2401 2586 Capitula
2416 2513 2642 2571 Iierardi
2666 2515 3060 2588 archiepiscopi
3076 2515 3440 2585 Turonensis,
3469 2533 3597 2589 cap.
3612 2517 3699 2573 12οε

2165 2624 2184 2660 ι
2220 2607 2505 2665 Di'scordes
2554 2608 2824 2680 pellantur
2851 2609 2919 2666 ab
2971 2609 3201 2667 ecclesia
3238 2609 3424 2668 donec
3473 2606 3704 2682 ad'paceu

2158 2700 2403 2756 redeant.
2439 2717 2459 2754 ι
2492 2700 2560 2756 Et
2608 2701 2656 2757 is
2696 2701 3059 2773 recipiebatur
3097 2703 3190 2774 qui
3222 2703 3290 2759 ad
3321 2700 3706 2759 satisfactionem

2159 2787 2441 2845 cbaritatis
2496 2799 2830 2847 occurrerat.
2884 2791 3051 2850 Libro
3106 2804 3184 2850 vn
3242 2791 3572 2866 Capituiar.,
3620 2809 3704 2864 cap

2160 2880 2256 2936 171
2293 2898 2307 2937 :
2348 2898 2367 2933 ι
2406 2878 2687 2937 Sancitum
2721 2890 2807 2938 est
2847 2891 2908 2938 ut
2942 2898 3296 2954 personarum
3324 2883 3706 2941 discordantium

2158 2986 2338 3037 nemo,
2390 2980 2679 3044 antequam
2725 2972 3160 3041 reconcilientur,
3203 2974 3272 3031 ad
3313 2973 3501 3033 altare
3540 2973 3708 3030 Domini

2158 3062 2418 3118 accedere
2437 3064 2633 3120 audeat
2684 3063 3055 3134 vel'gratiam'
3096 3066 3505 3123 communionis
3546 3073 3701 3125 sam

2157 3153 2465 3225 percipere;
2507 3150 2603 3210 sed
2632 3154 2903 3227 geminato
2944 3163 3185 3226 tempore
3239 3169 3338 3226 per
3376 3154 3708 3226 paenitentiam

2167 3247 2610 3318 compensabitur
2629 3247 2681 3302 in
2704 3262 2814 3318 quo
2848 3247 3136 3304 discordia:
3162 3247 3494 3304 servierant.
3530 3243 3660 3315 Quod
3677 3244 3707 3298 si

2167 3351 2308 3393 unus
2368 3351 2579 3405 eorum,
2626 3330 2734 3394 alio
2768 3346 3166 3404 contemnente,
3221 3338 3290 3394 ad
3323 3336 3709 3395 satisfactionem

2164 3427 2453 3484 charitatis
2479 3428 2802 3495 occurrerit,
2823 3442 2892 3485 ex
2934 3442 3002 3486 eo
3039 3436 3286 3499 tempore
3315 3438 3382 3484 ut
3411 3427 3653 3500 paciﬁcus
3672 3425 3709 3478 in

2167 3516 2455 3573 ecclesiam
2477 3517 2768 3589 recipiatur
2790 3531 2859 3575 ex
2876 3532 2986 3589 quo
3009 3518 3077 3574 ad
3100 3518 3457 3574 concordiam
3476 3518 3711 3574 festinasse

2169 3609 2531 3666 convincitur.
2567 3628 2587 3664 ι
2617 3610 2753 3668 Vide
2774 3609 3128 3669 Concordiam
3166 3610 3485 3683 regularum
3511 3625 3621 3681 cap.
3648 3607 3709 3668 ii.

2170 3695 2200 3770 §
2226 3696 2315 3765 17,
2344 3705 2398 3755 et
2419 3696 2752 3771 Reginonem
2774 3699 2870 3757 lib.
2896 3712 2937 3756 tt
2960 3734 2976 3769 ,
2997 3715 3114 3772 cap.
3149 3699 3254 3756 375
3302 3710 3364 3757 et
3389 3699 3709 3772 sequentibus.

2239 3787 2371 3846 Car.
2387 3789 2476 3846 66.
2495 3821 2567 3832 —
2587 3790 2655 3849 In
2674 3808 2811 3863 aqua
2837 3786 3202 3865 pupulum.Ex
3226 3793 3459 3865 epistola
3488 3784 3556 3849 63
3582 3790 3712 3849 sancti

2170 3878 2448 3953 Cypriani.
2476 3881 2555 3936 Ex
2585 3881 2856 3954 Cypriano
2883 3891 3065 3940 autem
3108 3882 3280 3940 citant
3311 3885 3485 3941 etiam
3508 3883 3712 3941 Etherius

2170 3981 2223 4028 et
2236 3970 2576 4029 Beatuslib.t
2602 3977 2865 4030 adversus
2886 3968 3233 4046 Elipandum,
3255 3977 3404 4046 apud
3428 3975 3713 4033 Stevartium

2170 4079 2293 4136 pag.
2318 4064 2411 4130 92,
2434 4074 2490 4120 et
2519 4065 2881 4122 Rabanuslib.
2908 4083 2925 4122 i
2954 4068 3021 4124 de
3043 4066 3390 4137 institutione
3411 4069 3711 4127 clericorum

2172 4163 2295 4228 cap.
2329 4156 2422 4212 51.

2241 4244 2372 4302 Car.
2397 4228 2485 4301 67'.
2510 4276 2579 4287 —-
2605 4244 2670 4302 Ut
2694 4242 3177 4308 calix.Adm0nitio
3199 4246 3480 4322 synodalis
3504 4250 3709 4321 antiqua:

2178 4352 2196 4386 ι
2225 4330 2414 4391 Nullus
2438 4335 2490 4390 in
2519 4334 2695 4406 ligneo
2723 4337 2806 4392 vel
2831 4338 2883 4392 in
2910 4338 3085 4395 vitreo
3111 4338 3296 4410 calice;
3315 4340 3517 4396 audeat
3538 4340 3713 4396 missam

491 4414 623 4469 nihil
639 4414 780 4469 aliud
794 4425 1024 4486 ponatur
1040 4417 1142 4473 nisi
1166 4434 1342 4490 capsa:
1361 4434 1481 4477 cum
1504 4431 1809 4480 sanctorum
1833 4423 2074 4494 reliquiis
2174 4432 2419 4481 cantare.
2455 4444 2475 4479 ι
2511 4423 2669 4496 551
2718 4425 2995 4482 Laudatus
3031 4435 3116 4483 est
3148 4427 3277 4483 olim
3317 4430 3386 4485 ab
3431 4428 3714 4498 Hieronymo

489 4510 548 4604 et
590 4501 730 4603 libro
778 4502 1212 4604 Evangeiiorum.
1248 4505 1467 4604 Videtur
1497 4525 1628 4581 ergo
1673 4512 1964 4604 prohibere
2002 4527 2071 4568 ne
2096 4543 2147 4604 Ι)
2175 4513 2477 4584 Exuperius
2532 4515 2815 4586 episcopus
2871 4512 3173 4574 Tolosanus
3228 4520 3373 4588 quod
3443 4518 3712 4591 sanguinem

495 4583 755 4662 imagines
785 4594 1115 4662 superaltari
1145 4606 1413 4667 ponantur
1436 4599 1488 4653 in
1514 4614 1621 4670 quo
1656 4616 1854 4670 corpus
1883 4602 2069 4658 Domi‘

493 4684 679 4739 nicum
709 4694 1080 4741 consecratur.
1102 4686 1305 4743 Eadem
1332 4687 1532 4755 fuit,ut
1551 4707 1652 4762 ego
1680 4693 1899 4762 quidem
1929 4694 2074 4750 arbi-
2172 4698 2448 4763 existimat
2467 4696 2755 4763 Baronius,
2779 4697 2832 4752 in
2856 4713 2957 4754 usu
2980 4698 3083 4754 fuit
3112 4714 3142 4754 a
3180 4700 3517 4771 temporibus
3543 4704 3714 4769 aposlo'
3812 4686 3813 4709 ¹

499 4782 636 4841 tror,
661 4777 931 4831 sententia
952 4776 1172 4834 Patrum
1210 4777 1610 4838 Gallicanorum
1635 4783 1688 4839 in
1717 4784 1947 4843 concilio
1964 4785 2073 4842 Tu—
2172 4785 2366 4841 lorum.
2391 4785 2598 4843 Deinde
2626 4787 2828 4843 vetitus
2853 4795 2961 4853 est,
3009 4788 3186 4858 inquit
3244 4789 3389 4845 idem
3442 4785 3711 4847 cardinaliSi
3812 4794 3813 4807 ‘

496 4867 714 4923 ronensi
738 4878 1186 4941 congregatorum
1212 4887 1355 4927 anno
1381 4870 1505 4939 567,
1528 4873 1619 4943 qui
1664 4874 1738 4932 ita
1766 4885 2074 4933 statuerunt
2171 4879 2242 4934 ob
2272 4878 2575 4949 periculum
2602 4879 2748 4952 quod
2790 4879 3101 4936 immineret
3137 4881 3379 4937 materiae
3408 4880 3602 4952 fragili.
3631 4877 3710 4933 Coo

499 4954 554 5042 in
585 4971 791 5012 canone
815 4959 975 5013 tertio
1001 4975 1015 5011 :
1058 4977 1083 5011 ι
1115 4959 1185 5014 lit
1210 4974 1407 5032 corpus
1433 4962 1644 5019 Domini
1671 4965 1725 5020 in
1754 4965 1934 5035 altari,
1964 4982 2071 5025 non
2168 4970 2258 5042 jus
2289 4968 2367 5024 rei
2398 4969 2703 5041 exemplum
2734 4979 2917 5026 exstat
2952 4972 3092 5041 apud
3124 4970 3443 5042 Gregorium
3472 4969 3713 5025 Turonen-

498 5040 553 5102 in
575 5047 895 5120 imaginario
921 5050 1243 5118 ordine,sed
1272 5054 1372 5110 sub
1401 5055 1577 5112 crucis
1599 5057 1754 5113 titulo
1774 5072 2068 5129 compona-
2172 5040 2289 5116 sem
2317 5059 2370 5115 in
2398 5059 2491 5116 lib.
2525 5040 2685 5131 ticap.
2710 5059 2780 5115 46
2801 5061 2868 5117 de
2900 5040 3085 5117 Gloria
3108 5040 3429 5134 martyrum.
3478 5062 3627 5131 Putat
3647 5071 3713 5109 at?

503 5145 607 5192 tur.
633 5155 653 5191 ι
750 5168 754 5172 θ
2178 5160 2285 5206 tem
2322 5150 2613 5211 Batonius
2644 5170 2907 5213 canonem
2938 5155 3104 5213 istum
3149 5156 3529 5222 Rbcmensem,
3566 5157 3613 5210 in
3635 5164 3714 5222 quo

570 5226 1271 5302 Sacram.libcr.infracap.
1298 5231 1399 5290 68:
1435 5250 1454 5285 ι
1481 5233 1774 5304 Corporale
1797 5237 1850 5292 in
1879 5235 2078 5295 Sacra-
2179 5244 2380 5301 vetitus
2407 5254 2493 5302 est
2536 5263 2667 5304 usus
2709 5248 2866 5305 vitrei
2917 5248 3128 5317 calicis,
3175 5250 3450 5306 conditum
3501 5250 3653 5304 fuisse
3675 5245 3714 5298 in

498 5326 801 5372 ianorum
824 5319 964 5374 libro
978 5332 1225 5380 ponatur-
1260 5342 1280 5366 ι
1300 5323 1436 5372 Vide
1452 5337 1651 5378 quanta
1665 5326 1788 5381 libri
1809 5328 1964 5384 istius
1988 5346 2057 5378 re.

2182 5337 2386 5388 “mdo
2405 5353 2524 5385 ηιιπι
2548 5340 2898 5392 Durncnrmri
2953 5319 3283 5398 Rhemorum
3341 5342 3530 5399 habita
3558 5349 3629 5396 est
3666 5351 3713 5393 ex

2173 4604 2388 4667 Domini
2418 4613 2661 4676 portaret
2717 4605 2771 4662 in
2803 4605 2965 4662 vitro.
3020 4606 3239 4664 Vitreus
3290 4610 3441 4665 enim
3490 4609 3638 4672 calix,
3672 4612 3714 4658 ut
3812 4604 3813 4647 ξ
