  <div class='ocr_page' id='page_1' title='image "/cluster/home/n/w/nwhite01/storage/ocr_20150623/132/hvd.32044015471733/216.png"; bbox 0 0 3920 6412; ppageno 0'>
   <div class='ocr_carea' id='block_1_1' title="bbox 141 367 242 422">
    <p class='ocr_par' dir='ltr' id='par_1_1' title="bbox 141 367 242 422">
     <span class='ocr_line' id='line_1_1' title="bbox 141 367 242 422; baseline 0 -1"><span class='ocrx_word' id='word_1_1' title='bbox 141 367 242 422; x_wconf 63' lang='grc'><strong>421</strong></span> 
     </span>
    </p>
   </div>
   <div class='ocr_carea' id='block_1_2' title="bbox 1131 351 2446 419">
    <p class='ocr_par' dir='ltr' id='par_1_2' title="bbox 1131 351 2446 419">
     <span class='ocr_line' id='line_1_2' title="bbox 1131 351 2446 419; baseline -0.005 0"><span class='ocrx_word' id='word_1_2' title='bbox 1131 356 1339 419; x_wconf 69' lang='lat' dir='ltr'><strong>NOTAE</strong></span> <span class='ocrx_word' id='word_1_3' title='bbox 1377 360 1468 416; x_wconf 76' lang='lat' dir='ltr'><strong>AD</strong></span> <span class='ocrx_word' id='word_1_4' title='bbox 1506 359 1633 414; x_wconf 86' lang='lat' dir='ltr'><strong>LIB.</strong></span> <span class='ocrx_word' id='word_1_5' title='bbox 1676 357 1694 411; x_wconf 88' lang='grc'><strong>1</strong></span> <span class='ocrx_word' id='word_1_6' title='bbox 1737 357 1821 412; x_wconf 82' lang='lat' dir='ltr'><strong>DE</strong></span> <span class='ocrx_word' id='word_1_7' title='bbox 1855 351 2134 414; x_wconf 79' lang='lat' dir='ltr'><strong>ECCLES.</strong></span> <span class='ocrx_word' id='word_1_8' title='bbox 2167 357 2446 416; x_wconf 81' lang='lat' dir='ltr'><strong>DISCIPL.</strong></span> 
     </span>
    </p>
   </div>
   <div class='ocr_carea' id='block_1_3' title="bbox 3298 370 3403 426">
    <p class='ocr_par' dir='ltr' id='par_1_3' title="bbox 3298 370 3403 426">
     <span class='ocr_line' id='line_1_3' title="bbox 3298 370 3403 426; baseline 0.019 -2"><span class='ocrx_word' id='word_1_9' title='bbox 3298 370 3403 426; x_wconf 64' lang='grc'><strong>122</strong></span> 
     </span>
    </p>
   </div>
   <div class='ocr_carea' id='block_1_4' title="bbox 133 473 3400 558">
    <p class='ocr_par' dir='ltr' id='par_1_4' title="bbox 133 473 3400 558">
     <span class='ocr_line' id='line_1_4' title="bbox 133 473 3400 558; baseline 0.001 -22"><span class='ocrx_word' id='word_1_10' title='bbox 133 480 262 536; x_wconf 87' lang='lat' dir='ltr'><strong>utsi</strong></span> <span class='ocrx_word' id='word_1_11' title='bbox 297 478 491 536; x_wconf 83' lang='lat' dir='ltr'><strong>alicubi</strong></span> <span class='ocrx_word' id='word_1_12' title='bbox 521 477 733 558; x_wconf 85' lang='lat' dir='ltr'><strong>longius</strong></span> <span class='ocrx_word' id='word_1_13' title='bbox 765 477 1016 546; x_wconf 78' lang='lat' dir='ltr'><strong>exierint,</strong></span> <span class='ocrx_word' id='word_1_14' title='bbox 1061 479 1442 534; x_wconf 75' lang='lat' dir='ltr'><strong>eucharistiam</strong></span> <span class='ocrx_word' id='word_1_15' title='bbox 1493 489 1708 544; x_wconf 83' lang='lat' dir='ltr'><strong>semper</strong></span> <span class='ocrx_word' id='word_1_16' title='bbox 1736 481 1786 538; x_wconf 78' lang='grc' dir='ltr'><strong>Α</strong></span> <span class='ocrx_word' id='word_1_17' title='bbox 1811 473 2126 544; x_wconf 84' lang='lat' dir='ltr'><strong>hinccolligi</strong></span> <span class='ocrx_word' id='word_1_18' title='bbox 2149 491 2255 530; x_wconf 91' lang='lat' dir='ltr'><strong>non</strong></span> <span class='ocrx_word' id='word_1_19' title='bbox 2273 484 2442 545; x_wconf 86' lang='lat' dir='ltr'><strong>potest</strong></span> <span class='ocrx_word' id='word_1_20' title='bbox 2467 474 2897 548; x_wconf 88' lang='lat' dir='ltr'><strong>illumuunquam</strong></span> <span class='ocrx_word' id='word_1_21' title='bbox 2919 475 3084 558; x_wconf 87' lang='lat' dir='ltr'><strong>fuisse</strong></span> <span class='ocrx_word' id='word_1_22' title='bbox 3107 493 3400 554; x_wconf 89' lang='lat' dir='ltr'><strong>receptum.</strong></span> 
     </span>
    </p>
   </div>
   <div class='ocr_carea' id='block_1_5' title="bbox 133 555 1706 636">
    <p class='ocr_par' dir='ltr' id='par_1_5' title="bbox 133 555 1706 636">
     <span class='ocr_line' id='line_1_5' title="bbox 133 555 1706 636; baseline -0.004 -11"><span class='ocrx_word' id='word_1_23' title='bbox 133 585 321 625; x_wconf 88' lang='lat' dir='ltr'><strong>secum</strong></span> <span class='ocrx_word' id='word_1_24' title='bbox 346 555 596 624; x_wconf 80' lang='lat' dir='ltr'><strong>habeant.</strong></span> <span class='ocrx_word' id='word_1_25' title='bbox 637 567 935 624; x_wconf 83' lang='lat' dir='ltr'><strong>Walterius</strong></span> <span class='ocrx_word' id='word_1_26' title='bbox 997 567 1422 628; x_wconf 87' lang='lat' dir='ltr'><strong>Aurelianensis,</strong></span> <span class='ocrx_word' id='word_1_27' title='bbox 1481 581 1599 636; x_wconf 91' lang='lat' dir='ltr'><strong>cap.</strong></span> <span class='ocrx_word' id='word_1_28' title='bbox 1643 563 1706 618; x_wconf 88' lang='lat'><strong>7:</strong></span> 
     </span>
    </p>
   </div>
   <div class='ocr_carea' id='block_1_6' title="bbox 139 657 1707 729">
    <p class='ocr_par' dir='ltr' id='par_1_6' title="bbox 139 657 1707 729">
     <span class='ocr_line' id='line_1_6' title="bbox 139 657 1707 729; baseline 0 -19"><span class='ocrx_word' id='word_1_29' title='bbox 139 679 160 710; x_wconf 69' lang='grc' dir='ltr'><strong><em>ι</em></strong></span> <span class='ocrx_word' id='word_1_30' title='bbox 189 659 259 715; x_wconf 81' lang='lat' dir='ltr'><strong>Ut</strong></span> <span class='ocrx_word' id='word_1_31' title='bbox 284 671 499 729; x_wconf 88' lang='lat' dir='ltr'><strong>semper</strong></span> <span class='ocrx_word' id='word_1_32' title='bbox 518 658 900 714; x_wconf 76' lang='lat' dir='ltr'><strong>eucharistiam</strong></span> <span class='ocrx_word' id='word_1_33' title='bbox 920 657 1206 728; x_wconf 77' lang='lat' dir='ltr'><strong>presbyter</strong></span> <span class='ocrx_word' id='word_1_34' title='bbox 1223 657 1416 712; x_wconf 81' lang='lat' dir='ltr'><strong>habeat</strong></span> <span class='ocrx_word' id='word_1_35' title='bbox 1437 667 1707 726; x_wconf 80' lang='lat' dir='ltr'><strong>paratam;</strong></span> 
     </span>
    </p>
   </div>
   <div class='ocr_carea' id='block_1_7' title="bbox 135 747 1713 822">
    <p class='ocr_par' dir='ltr' id='par_1_7' title="bbox 135 747 1713 822">
     <span class='ocr_line' id='line_1_7' title="bbox 135 747 1713 822; baseline -0.003 -16"><span class='ocrx_word' id='word_1_36' title='bbox 135 761 194 806; x_wconf 87' lang='lat' dir='ltr'><strong>ut</strong></span> <span class='ocrx_word' id='word_1_37' title='bbox 217 751 433 822; x_wconf 85' lang='lat' dir='ltr'><strong>quando</strong></span> <span class='ocrx_word' id='word_1_38' title='bbox 453 751 576 820; x_wconf 88' lang='lat' dir='ltr'><strong>quis</strong></span> <span class='ocrx_word' id='word_1_39' title='bbox 605 750 909 805; x_wconf 88' lang='lat' dir='ltr'><strong>inﬁrmatus</strong></span> <span class='ocrx_word' id='word_1_40' title='bbox 938 749 1122 816; x_wconf 89' lang='lat' dir='ltr'><strong>fuerit,</strong></span> <span class='ocrx_word' id='word_1_41' title='bbox 1151 758 1243 803; x_wconf 88' lang='lat' dir='ltr'><strong>aut</strong></span> <span class='ocrx_word' id='word_1_42' title='bbox 1264 747 1520 819; x_wconf 88' lang='lat' dir='ltr'><strong>parvulus</strong></span> <span class='ocrx_word' id='word_1_43' title='bbox 1544 761 1713 818; x_wconf 71' lang='lat' dir='ltr'><strong>(egro-</strong></span> 
     </span>
    </p>
   </div>
   <div class='ocr_carea' id='block_1_8' title="bbox 134 837 1713 904">
    <p class='ocr_par' dir='ltr' id='par_1_8' title="bbox 134 837 1713 904">
     <span class='ocr_line' id='line_1_8' title="bbox 134 837 1713 904; baseline -0.003 -10"><span class='ocrx_word' id='word_1_44' title='bbox 134 841 356 904; x_wconf 86' lang='lat' dir='ltr'><strong>taverit,</strong></span> <span class='ocrx_word' id='word_1_45' title='bbox 421 839 602 894; x_wconf 86' lang='lat' dir='ltr'><strong>statim</strong></span> <span class='ocrx_word' id='word_1_46' title='bbox 641 855 764 894; x_wconf 91' lang='lat' dir='ltr'><strong>eum</strong></span> <span class='ocrx_word' id='word_1_47' title='bbox 815 841 1198 904; x_wconf 83' lang='lat' dir='ltr'><strong>communieet,</strong></span> <span class='ocrx_word' id='word_1_48' title='bbox 1257 855 1324 894; x_wconf 90' lang='lat' dir='ltr'><strong>ne</strong></span> <span class='ocrx_word' id='word_1_49' title='bbox 1357 837 1475 894; x_wconf 86' lang='lat' dir='ltr'><strong>sine</strong></span> <span class='ocrx_word' id='word_1_50' title='bbox 1517 838 1713 894; x_wconf 83' lang='lat' dir='ltr'><strong>viatico</strong></span> 
     </span>
    </p>
   </div>
   <div class='ocr_carea' id='block_1_9' title="bbox 131 929 1710 999">
    <p class='ocr_par' dir='ltr' id='par_1_9' title="bbox 131 929 1710 999">
     <span class='ocr_line' id='line_1_9' title="bbox 131 929 1710 999; baseline -0.002 -13"><span class='ocrx_word' id='word_1_51' title='bbox 131 931 420 986; x_wconf 83' lang='lat' dir='ltr'><strong>moriatur.</strong></span> <span class='ocrx_word' id='word_1_52' title='bbox 447 951 465 984; x_wconf 75' lang='grc' dir='ltr'><strong><em>ι</em></strong></span> <span class='ocrx_word' id='word_1_53' title='bbox 497 931 609 986; x_wconf 92' lang='lat' dir='ltr'><strong>lmo</strong></span> <span class='ocrx_word' id='word_1_54' title='bbox 635 947 702 986; x_wconf 78' lang='lat' dir='ltr'><strong>ex</strong></span> <span class='ocrx_word' id='word_1_55' title='bbox 727 931 1097 988; x_wconf 91' lang='lat' dir='ltr'><strong>vetustissimo</strong></span> <span class='ocrx_word' id='word_1_56' title='bbox 1121 931 1284 986; x_wconf 89' lang='lat' dir='ltr'><strong>Libro</strong></span> <span class='ocrx_word' id='word_1_57' title='bbox 1303 929 1710 999; x_wconf 88' lang='lat' dir='ltr'><strong>Pontiﬁcaliqni</strong></span> 
     </span>
    </p>
   </div>
   <div class='ocr_carea' id='block_1_10' title="bbox 129 1018 1710 1090">
    <p class='ocr_par' dir='ltr' id='par_1_10' title="bbox 129 1018 1710 1090">
     <span class='ocr_line' id='line_1_10' title="bbox 129 1018 1710 1090; baseline -0.003 -14"><span class='ocrx_word' id='word_1_58' title='bbox 129 1031 314 1076; x_wconf 77' lang='lat' dir='ltr'><strong>exstat</strong></span> <span class='ocrx_word' id='word_1_59' title='bbox 345 1037 446 1077; x_wconf 90' lang='lat' dir='ltr'><strong>ms.</strong></span> <span class='ocrx_word' id='word_1_60' title='bbox 477 1021 532 1077; x_wconf 92' lang='lat' dir='ltr'><strong>in</strong></span> <span class='ocrx_word' id='word_1_61' title='bbox 567 1021 890 1077; x_wconf 91' lang='lat' dir='ltr'><strong>bibliotheca</strong></span> <span class='ocrx_word' id='word_1_62' title='bbox 932 1019 1245 1076; x_wconf 87' lang='lat' dir='ltr'><strong>monasterii</strong></span> <span class='ocrx_word' id='word_1_63' title='bbox 1275 1020 1446 1075; x_wconf 86' lang='lat' dir='ltr'><strong>sancti</strong></span> <span class='ocrx_word' id='word_1_64' title='bbox 1482 1018 1710 1090; x_wconf 80' lang='lat' dir='ltr'><strong>Remigii</strong></span> 
     </span>
    </p>
   </div>
   <div class='ocr_carea' id='block_1_11' title="bbox 131 1107 1712 1182">
    <p class='ocr_par' dir='ltr' id='par_1_11' title="bbox 131 1107 1712 1182">
     <span class='ocr_line' id='line_1_11' title="bbox 131 1107 1712 1182; baseline 0.001 -20"><span class='ocrx_word' id='word_1_65' title='bbox 131 1107 480 1176; x_wconf 83' lang='lat' dir='ltr'><strong>Rhemensis,</strong></span> <span class='ocrx_word' id='word_1_66' title='bbox 499 1111 732 1182; x_wconf 89' lang='lat' dir='ltr'><strong>scriptus</strong></span> <span class='ocrx_word' id='word_1_67' title='bbox 746 1118 925 1166; x_wconf 91' lang='lat' dir='ltr'><strong>autem</strong></span> <span class='ocrx_word' id='word_1_68' title='bbox 939 1118 1022 1166; x_wconf 89' lang='lat' dir='ltr'><strong>est</strong></span> <span class='ocrx_word' id='word_1_69' title='bbox 1038 1109 1310 1166; x_wconf 88' lang='lat' dir='ltr'><strong>llincmari</strong></span> <span class='ocrx_word' id='word_1_70' title='bbox 1327 1107 1712 1180; x_wconf 86' lang='lat' dir='ltr'><strong>archiepiscopi</strong></span> 
     </span>
    </p>
   </div>
   <div class='ocr_carea' id='block_1_12' title="bbox 129 1199 1712 1272">
    <p class='ocr_par' dir='ltr' id='par_1_12' title="bbox 129 1199 1712 1272">
     <span class='ocr_line' id='line_1_12' title="bbox 129 1199 1712 1272; baseline -0.001 -18"><span class='ocrx_word' id='word_1_71' title='bbox 129 1199 459 1256; x_wconf 87' lang='lat' dir='ltr'><strong>Rhemensis</strong></span> <span class='ocrx_word' id='word_1_72' title='bbox 484 1215 618 1268; x_wconf 64' lang='lat' dir='ltr'><strong>aevo,</strong></span> <span class='ocrx_word' id='word_1_73' title='bbox 643 1209 703 1256; x_wconf 92' lang='lat' dir='ltr'><strong>ut</strong></span> <span class='ocrx_word' id='word_1_74' title='bbox 725 1200 1104 1272; x_wconf 78' lang='lat' dir='ltr'><strong>exrstimatqni</strong></span> <span class='ocrx_word' id='word_1_75' title='bbox 1143 1200 1296 1256; x_wconf 91' lang='lat' dir='ltr'><strong>illum</strong></span> <span class='ocrx_word' id='word_1_76' title='bbox 1329 1200 1464 1256; x_wconf 83' lang='lat' dir='ltr'><strong>vidit</strong></span> <span class='ocrx_word' id='word_1_77' title='bbox 1485 1199 1571 1254; x_wconf 91' lang='lat' dir='ltr'><strong>vir</strong></span> <span class='ocrx_word' id='word_1_78' title='bbox 1587 1213 1712 1253; x_wconf 69' lang='lat' dir='ltr'><strong>eruo</strong></span> 
     </span>
    </p>
   </div>
   <div class='ocr_carea' id='block_1_13' title="bbox 129 1290 1767 1373">
    <p class='ocr_par' dir='ltr' id='par_1_13' title="bbox 129 1290 1767 1373">
     <span class='ocr_line' id='line_1_13' title="bbox 129 1290 1767 1373; baseline 0.001 -28"><span class='ocrx_word' id='word_1_79' title='bbox 129 1290 437 1347; x_wconf 89' lang='lat' dir='ltr'><strong>ditissimus</strong></span> <span class='ocrx_word' id='word_1_80' title='bbox 474 1300 531 1346; x_wconf 91' lang='lat' dir='ltr'><strong>et</strong></span> <span class='ocrx_word' id='word_1_81' title='bbox 568 1291 793 1348; x_wconf 87' lang='lat' dir='ltr'><strong>istarum</strong></span> <span class='ocrx_word' id='word_1_82' title='bbox 831 1307 1015 1348; x_wconf 91' lang='lat' dir='ltr'><strong>rerum</strong></span> <span class='ocrx_word' id='word_1_83' title='bbox 1060 1291 1418 1362; x_wconf 80' lang='lat' dir='ltr'><strong>peritissitnus</strong></span> <span class='ocrx_word' id='word_1_84' title='bbox 1451 1290 1711 1348; x_wconf 74' lang='lat' dir='ltr'><strong>Antonius</strong></span> <span class='ocrx_word' id='word_1_85' title='bbox 1757 1363 1767 1373; x_wconf 81' lang='lat'><em>_</em></span> 
     </span>
    </p>
   </div>
   <div class='ocr_carea' id='block_1_14' title="bbox 127 1375 1710 1453">
    <p class='ocr_par' dir='ltr' id='par_1_14' title="bbox 127 1375 1710 1453">
     <span class='ocr_line' id='line_1_14' title="bbox 127 1375 1710 1453; baseline 0.001 -18"><span class='ocrx_word' id='word_1_86' title='bbox 127 1379 314 1436; x_wconf 85' lang='lat' dir='ltr'><strong>Faure</strong></span> <span class='ocrx_word' id='word_1_87' title='bbox 342 1375 824 1453; x_wconf 82' lang='lat' dir='ltr'><strong>doctortheologns</strong></span> <span class='ocrx_word' id='word_1_88' title='bbox 845 1381 1188 1448; x_wconf 89' lang='lat' dir='ltr'><strong>Parisiensis,</strong></span> <span class='ocrx_word' id='word_1_89' title='bbox 1219 1381 1272 1436; x_wconf 90' lang='lat' dir='ltr'><strong>in</strong></span> <span class='ocrx_word' id='word_1_90' title='bbox 1297 1379 1460 1436; x_wconf 86' lang='lat' dir='ltr'><strong>Libro</strong></span> <span class='ocrx_word' id='word_1_91' title='bbox 1489 1381 1710 1452; x_wconf 88' lang='lat' dir='ltr'><strong>inquam</strong></span> 
     </span>
    </p>
   </div>
   <div class='ocr_carea' id='block_1_15' title="bbox 129 1471 1708 1543">
    <p class='ocr_par' dir='ltr' id='par_1_15' title="bbox 129 1471 1708 1543">
     <span class='ocr_line' id='line_1_15' title="bbox 129 1471 1708 1543; baseline 0 -17"><span class='ocrx_word' id='word_1_92' title='bbox 129 1471 223 1528; x_wconf 89' lang='lat' dir='ltr'><strong>illo</strong></span> <span class='ocrx_word' id='word_1_93' title='bbox 271 1471 605 1540; x_wconf 90' lang='lat' dir='ltr'><strong>Pontiﬁcall,</strong></span> <span class='ocrx_word' id='word_1_94' title='bbox 638 1474 762 1529; x_wconf 87' lang='lat' dir='ltr'><strong>dum</strong></span> <span class='ocrx_word' id='word_1_95' title='bbox 803 1473 938 1528; x_wconf 90' lang='lat' dir='ltr'><strong>ritus</strong></span> <span class='ocrx_word' id='word_1_96' title='bbox 975 1471 1290 1543; x_wconf 84' lang='lat' dir='ltr'><strong>baptizandi</strong></span> <span class='ocrx_word' id='word_1_97' title='bbox 1345 1471 1708 1542; x_wconf 73' lang='lat' dir='ltr'><strong>prmseribun-</strong></span> 
     </span>
    </p>
   </div>
   <div class='ocr_carea' id='block_1_16' title="bbox 127 1561 1710 1634">
    <p class='ocr_par' dir='ltr' id='par_1_16' title="bbox 127 1561 1710 1634">
     <span class='ocr_line' id='line_1_16' title="bbox 127 1561 1710 1634; baseline 0 -20"><span class='ocrx_word' id='word_1_98' title='bbox 127 1571 238 1634; x_wconf 80' lang='lat' dir='ltr'><strong>tur,</strong></span> <span class='ocrx_word' id='word_1_99' title='bbox 273 1561 450 1618; x_wconf 81' lang='lat' dir='ltr'><strong>infans</strong></span> <span class='ocrx_word' id='word_1_100' title='bbox 471 1563 655 1618; x_wconf 87' lang='lat' dir='ltr'><strong>eodem</strong></span> <span class='ocrx_word' id='word_1_101' title='bbox 677 1573 918 1634; x_wconf 92' lang='lat' dir='ltr'><strong>tempore</strong></span> <span class='ocrx_word' id='word_1_102' title='bbox 937 1561 1242 1618; x_wconf 86' lang='lat' dir='ltr'><strong>conﬁrmari</strong></span> <span class='ocrx_word' id='word_1_103' title='bbox 1265 1575 1328 1616; x_wconf 88' lang='lat' dir='ltr'><strong>ac</strong></span> <span class='ocrx_word' id='word_1_104' title='bbox 1348 1561 1710 1616; x_wconf 90' lang='lat' dir='ltr'><strong>communica-</strong></span> 
     </span>
    </p>
   </div>
   <div class='ocr_carea' id='block_1_17' title="bbox 125 1633 1707 1724">
    <p class='ocr_par' dir='ltr' id='par_1_17' title="bbox 125 1633 1707 1724">
     <span class='ocr_line' id='line_1_17' title="bbox 125 1633 1707 1724; baseline 0.001 -20"><span class='ocrx_word' id='word_1_105' title='bbox 125 1651 170 1704; x_wconf 88' lang='lat' dir='ltr'><strong>ri</strong></span> <span class='ocrx_word' id='word_1_106' title='bbox 191 1633 422 1721; x_wconf 87' lang='lat' dir='ltr'><strong>nbetur</strong></span> <span class='ocrx_word' id='word_1_107' title='bbox 439 1668 545 1722; x_wconf 90' lang='lat' dir='ltr'><strong>quo</strong></span> <span class='ocrx_word' id='word_1_108' title='bbox 572 1633 820 1724; x_wconf 84' lang='lat' dir='ltr'><strong>baptismi</strong></span> <span class='ocrx_word' id='word_1_109' title='bbox 843 1653 1071 1724; x_wconf 78' lang='lat' dir='ltr'><strong>gratiam</strong></span> <span class='ocrx_word' id='word_1_110' title='bbox 1095 1655 1420 1708; x_wconf 85' lang='lat' dir='ltr'><strong>consecutus</strong></span> <span class='ocrx_word' id='word_1_111' title='bbox 1445 1659 1546 1707; x_wconf 89' lang='lat' dir='ltr'><strong>est.</strong></span> <span class='ocrx_word' id='word_1_112' title='bbox 1581 1649 1707 1706; x_wconf 65' lang='lat' dir='ltr'><strong>llaec</strong></span> 
     </span>
    </p>
   </div>
   <div class='ocr_carea' id='block_1_18' title="bbox 125 1742 1704 1816">
    <p class='ocr_par' dir='ltr' id='par_1_18' title="bbox 125 1742 1704 1816">
     <span class='ocr_line' id='line_1_18' title="bbox 125 1742 1704 1816; baseline -0.002 -18"><span class='ocrx_word' id='word_1_113' title='bbox 125 1753 254 1798; x_wconf 84' lang='lat' dir='ltr'><strong>sunt</strong></span> <span class='ocrx_word' id='word_1_114' title='bbox 275 1745 440 1799; x_wconf 83' lang='lat' dir='ltr'><strong>verba</strong></span> <span class='ocrx_word' id='word_1_115' title='bbox 475 1744 683 1816; x_wconf 57' lang='lat' dir='ltr'><strong>veteris:</strong></span> <span class='ocrx_word' id='word_1_116' title='bbox 698 1745 817 1802; x_wconf 90' lang='lat' dir='ltr'><strong>libri</strong></span> <span class='ocrx_word' id='word_1_117' title='bbox 846 1761 859 1799; x_wconf 89' lang='lat'><strong><em>:</em></strong></span> <span class='ocrx_word' id='word_1_118' title='bbox 896 1763 915 1796; x_wconf 74' lang='grc' dir='ltr'>ι</span> <span class='ocrx_word' id='word_1_119' title='bbox 948 1743 1150 1800; x_wconf 91' lang='lat' dir='ltr'><strong>Deinde</strong></span> <span class='ocrx_word' id='word_1_120' title='bbox 1176 1743 1414 1814; x_wconf 85' lang='lat' dir='ltr'><strong>baptizet</strong></span> <span class='ocrx_word' id='word_1_121' title='bbox 1443 1742 1704 1798; x_wconf 78' lang='lat' dir='ltr'><strong>infantem</strong></span> 
     </span>
    </p>
   </div>
   <div class='ocr_carea' id='block_1_19' title="bbox 1815 563 3405 643">
    <p class='ocr_par' dir='ltr' id='par_1_19' title="bbox 1815 563 3405 643">
     <span class='ocr_line' id='line_1_19' title="bbox 1815 563 3405 643; baseline 0.007 -25"><span class='ocrx_word' id='word_1_122' title='bbox 1815 563 2086 620; x_wconf 88' lang='lat' dir='ltr'><strong>Permulta</strong></span> <span class='ocrx_word' id='word_1_123' title='bbox 2110 563 2304 636; x_wconf 86' lang='lat' dir='ltr'><strong>quippe</strong></span> <span class='ocrx_word' id='word_1_124' title='bbox 2329 575 2454 621; x_wconf 90' lang='lat' dir='ltr'><strong>sunt</strong></span> <span class='ocrx_word' id='word_1_125' title='bbox 2475 581 2595 637; x_wconf 68' lang='lat' dir='ltr'><strong>qua:</strong></span> <span class='ocrx_word' id='word_1_126' title='bbox 2623 583 2729 624; x_wconf 88' lang='lat' dir='ltr'><strong>uno</strong></span> <span class='ocrx_word' id='word_1_127' title='bbox 2753 569 2950 625; x_wconf 67' lang='lat' dir='ltr'><strong>saeculo</strong></span> <span class='ocrx_word' id='word_1_128' title='bbox 2973 571 3211 643; x_wconf 82' lang='lat' dir='ltr'><strong>viguere,</strong></span> <span class='ocrx_word' id='word_1_129' title='bbox 3234 573 3405 629; x_wconf 85' lang='lat' dir='ltr'><strong>altero</strong></span> 
     </span>
    </p>
   </div>
   <div class='ocr_carea' id='block_1_20' title="bbox 1811 651 3406 718">
    <p class='ocr_par' dir='ltr' id='par_1_20' title="bbox 1811 651 3406 718">
     <span class='ocr_line' id='line_1_20' title="bbox 1811 651 3406 718; baseline 0.006 -10"><span class='ocrx_word' id='word_1_130' title='bbox 1811 651 2034 710; x_wconf 88' lang='lat' dir='ltr'><strong>dimissa</strong></span> <span class='ocrx_word' id='word_1_131' title='bbox 2084 666 2231 710; x_wconf 89' lang='lat' dir='ltr'><strong>sunt.</strong></span> <span class='ocrx_word' id='word_1_132' title='bbox 2257 655 2428 710; x_wconf 84' lang='lat' dir='ltr'><strong>Veluti</strong></span> <span class='ocrx_word' id='word_1_133' title='bbox 2485 657 2703 713; x_wconf 87' lang='lat' dir='ltr'><strong>traditio</strong></span> <span class='ocrx_word' id='word_1_134' title='bbox 2758 659 2944 715; x_wconf 88' lang='lat' dir='ltr'><strong>ealieis</strong></span> <span class='ocrx_word' id='word_1_135' title='bbox 2981 661 3121 717; x_wconf 87' lang='lat' dir='ltr'><strong>laico</strong></span> <span class='ocrx_word' id='word_1_136' title='bbox 3150 665 3218 718; x_wconf 88' lang='lat' dir='ltr'><strong>ad</strong></span> <span class='ocrx_word' id='word_1_137' title='bbox 3253 677 3406 718; x_wconf 84' lang='lat' dir='ltr'><strong>cont-</strong></span> 
     </span>
    </p>
   </div>
   <div class='ocr_carea' id='block_1_21' title="bbox 1814 743 3434 808">
    <p class='ocr_par' dir='ltr' id='par_1_21' title="bbox 1814 743 3434 808">
     <span class='ocr_line' id='line_1_21' title="bbox 1814 743 3434 808; baseline 0.004 -8"><span class='ocrx_word' id='word_1_138' title='bbox 1814 745 2123 801; x_wconf 88' lang='lat' dir='ltr'><strong>munionem</strong></span> <span class='ocrx_word' id='word_1_139' title='bbox 2147 746 2444 801; x_wconf 86' lang='lat' dir='ltr'><strong>accedenti.</strong></span> <span class='ocrx_word' id='word_1_140' title='bbox 2482 745 2658 802; x_wconf 78' lang='lat' dir='ltr'><strong>Veluti</strong></span> <span class='ocrx_word' id='word_1_141' title='bbox 2701 749 3024 805; x_wconf 86' lang='lat' dir='ltr'><strong>eueharistia</strong></span> <span class='ocrx_word' id='word_1_142' title='bbox 3079 752 3303 808; x_wconf 88' lang='lat' dir='ltr'><strong>intineta</strong></span> <span class='ocrx_word' id='word_1_143' title='bbox 3354 743 3434 807; x_wconf 41' lang='lat' dir='ltr'><strong>in&#39;</strong></span> 
     </span>
    </p>
   </div>
   <div class='ocr_carea' id='block_1_22' title="bbox 1814 835 3404 916">
    <p class='ocr_par' dir='ltr' id='par_1_22' title="bbox 1814 835 3404 916">
     <span class='ocr_line' id='line_1_22' title="bbox 1814 835 3404 916; baseline 0.006 -27"><span class='ocrx_word' id='word_1_144' title='bbox 1814 835 2070 905; x_wconf 81' lang='lat' dir='ltr'><strong>sanguine</strong></span> <span class='ocrx_word' id='word_1_145' title='bbox 2103 837 2313 891; x_wconf 89' lang='lat' dir='ltr'><strong>Domini</strong></span> <span class='ocrx_word' id='word_1_146' title='bbox 2363 837 2526 891; x_wconf 85' lang='lat' dir='ltr'><strong>tradit</strong></span> <span class='ocrx_word' id='word_1_147' title='bbox 2577 838 2825 906; x_wconf 86' lang='lat' dir='ltr'><strong>inﬁrmis,</strong></span> <span class='ocrx_word' id='word_1_148' title='bbox 2861 842 2926 896; x_wconf 90' lang='lat' dir='ltr'><strong>de</strong></span> <span class='ocrx_word' id='word_1_149' title='bbox 2954 857 3058 913; x_wconf 88' lang='lat' dir='ltr'><strong>qua</strong></span> <span class='ocrx_word' id='word_1_150' title='bbox 3087 843 3296 916; x_wconf 86' lang='lat' dir='ltr'><strong>Regino</strong></span> <span class='ocrx_word' id='word_1_151' title='bbox 3351 845 3404 898; x_wconf 86' lang='lat' dir='ltr'><strong>in</strong></span> 
     </span>
    </p>
   </div>
   <div class='ocr_carea' id='block_1_23' title="bbox 1814 923 3238 994">
    <p class='ocr_par' dir='ltr' id='par_1_23' title="bbox 1814 923 3238 994">
     <span class='ocr_line' id='line_1_23' title="bbox 1814 923 3238 994; baseline 0.006 -17"><span class='ocrx_word' id='word_1_152' title='bbox 1814 925 1987 994; x_wconf 89' lang='lat' dir='ltr'><strong>capite</strong></span> <span class='ocrx_word' id='word_1_153' title='bbox 2011 926 2275 994; x_wconf 89' lang='lat' dir='ltr'><strong>sequenti,</strong></span> <span class='ocrx_word' id='word_1_154' title='bbox 2303 934 2358 980; x_wconf 92' lang='lat' dir='ltr'><strong>et</strong></span> <span class='ocrx_word' id='word_1_155' title='bbox 2390 927 2480 980; x_wconf 90' lang='lat' dir='ltr'><strong>alii</strong></span> <span class='ocrx_word' id='word_1_156' title='bbox 2521 927 2692 982; x_wconf 91' lang='lat' dir='ltr'><strong>multi.</strong></span> <span class='ocrx_word' id='word_1_157' title='bbox 3233 923 3238 926; x_wconf 69' lang='grc'><em>’</em></span> 
     </span>
    </p>
   </div>
   <div class='ocr_carea' id='block_1_24' title="bbox 1885 1014 3402 1090">
    <p class='ocr_par' dir='ltr' id='par_1_24' title="bbox 1885 1014 3402 1090">
     <span class='ocr_line' id='line_1_24' title="bbox 1885 1014 3402 1090; baseline 0.005 -20"><span class='ocrx_word' id='word_1_158' title='bbox 1885 1014 2012 1070; x_wconf 77' lang='lat' dir='ltr'><strong>CAP.</strong></span> <span class='ocrx_word' id='word_1_159' title='bbox 2042 1015 2216 1069; x_wconf 82' lang='lat'><strong>70.—-</strong></span> <span class='ocrx_word' id='word_1_160' title='bbox 2239 1015 2518 1070; x_wconf 86' lang='lat' dir='ltr'><strong>Viaticum.</strong></span> <span class='ocrx_word' id='word_1_161' title='bbox 2544 1017 2882 1086; x_wconf 87' lang='lat' dir='ltr'><strong>Communio,</strong></span> <span class='ocrx_word' id='word_1_162' title='bbox 2907 1028 2961 1074; x_wconf 93' lang='lat' dir='ltr'><strong>ut</strong></span> <span class='ocrx_word' id='word_1_163' title='bbox 2985 1021 3143 1090; x_wconf 89' lang='lat' dir='ltr'><strong>paulo</strong></span> <span class='ocrx_word' id='word_1_164' title='bbox 3168 1031 3294 1077; x_wconf 90' lang='lat' dir='ltr'><strong>ante</strong></span> <span class='ocrx_word' id='word_1_165' title='bbox 3315 1021 3402 1078; x_wconf 87' lang='lat' dir='ltr'><strong>di-</strong></span> 
     </span>
    </p>
   </div>
   <div class='ocr_carea' id='block_1_25' title="bbox 1813 1105 3400 1180">
    <p class='ocr_par' dir='ltr' id='par_1_25' title="bbox 1813 1105 3400 1180">
     <span class='ocr_line' id='line_1_25' title="bbox 1813 1105 3400 1180; baseline 0.004 -19"><span class='ocrx_word' id='word_1_166' title='bbox 1813 1107 2088 1163; x_wconf 89' lang='lat' dir='ltr'><strong>eebamus.</strong></span> <span class='ocrx_word' id='word_1_167' title='bbox 2125 1105 2362 1163; x_wconf 81' lang='lat' dir='ltr'><strong>Libellus</strong></span> <span class='ocrx_word' id='word_1_168' title='bbox 2395 1109 2620 1180; x_wconf 80' lang='lat' dir='ltr'><strong>supplex</strong></span> <span class='ocrx_word' id='word_1_169' title='bbox 2640 1112 3024 1168; x_wconf 86' lang='lat' dir='ltr'><strong>monachorum</strong></span> <span class='ocrx_word' id='word_1_170' title='bbox 3051 1113 3400 1170; x_wconf 86' lang='lat' dir='ltr'><strong>Fuldensium</strong></span> 
     </span>
    </p>
   </div>
   <div class='ocr_carea' id='block_1_26' title="bbox 1812 1197 3403 1271">
    <p class='ocr_par' dir='ltr' id='par_1_26' title="bbox 1812 1197 3403 1271">
     <span class='ocr_line' id='line_1_26' title="bbox 1812 1197 3403 1271; baseline 0.004 -16"><span class='ocrx_word' id='word_1_171' title='bbox 1812 1197 2005 1255; x_wconf 89' lang='lat' dir='ltr'><strong>Carolo</strong></span> <span class='ocrx_word' id='word_1_172' title='bbox 2028 1197 2216 1270; x_wconf 81' lang='lat' dir='ltr'><strong>Magno</strong></span> <span class='ocrx_word' id='word_1_173' title='bbox 2247 1207 2561 1270; x_wconf 89' lang='lat' dir='ltr'><strong>porrectus,</strong></span> <span class='ocrx_word' id='word_1_174' title='bbox 2592 1216 2708 1271; x_wconf 83' lang='lat' dir='ltr'><strong>cap.</strong></span> <span class='ocrx_word' id='word_1_175' title='bbox 2739 1201 2774 1256; x_wconf 80' lang='lat'><strong>5</strong></span> <span class='ocrx_word' id='word_1_176' title='bbox 2803 1219 2816 1256; x_wconf 91' lang='lat'><strong>:</strong></span> <span class='ocrx_word' id='word_1_177' title='bbox 2847 1219 2866 1254; x_wconf 75' lang='grc' dir='ltr'>ι</span> <span class='ocrx_word' id='word_1_178' title='bbox 2909 1201 2986 1257; x_wconf 85' lang='lat' dir='ltr'><strong>Ne</strong></span> <span class='ocrx_word' id='word_1_179' title='bbox 3025 1204 3143 1260; x_wconf 91' lang='lat' dir='ltr'><strong>sine</strong></span> <span class='ocrx_word' id='word_1_180' title='bbox 3192 1206 3403 1263; x_wconf 79' lang='lat' dir='ltr'><strong>contes-</strong></span> 
     </span>
    </p>
   </div>
   <div class='ocr_carea' id='block_1_27' title="bbox 1811 1288 3148 1348">
    <p class='ocr_par' dir='ltr' id='par_1_27' title="bbox 1811 1288 3148 1348">
     <span class='ocr_line' id='line_1_27' title="bbox 1811 1288 3148 1348; baseline 0.001 -4"><span class='ocrx_word' id='word_1_181' title='bbox 1811 1288 1964 1344; x_wconf 88' lang='lat' dir='ltr'><strong>sione</strong></span> <span class='ocrx_word' id='word_1_182' title='bbox 1985 1297 2040 1345; x_wconf 93' lang='lat' dir='ltr'><strong>et</strong></span> <span class='ocrx_word' id='word_1_183' title='bbox 2061 1289 2368 1345; x_wconf 87' lang='lat' dir='ltr'><strong>necessario</strong></span> <span class='ocrx_word' id='word_1_184' title='bbox 2395 1289 2521 1344; x_wconf 63' lang='lat' dir='ltr'><strong>vitae</strong></span> <span class='ocrx_word' id='word_1_185' title='bbox 2541 1291 2739 1346; x_wconf 86' lang='lat' dir='ltr'><strong>viatico</strong></span> <span class='ocrx_word' id='word_1_186' title='bbox 2761 1291 3082 1348; x_wconf 86' lang='lat' dir='ltr'><strong>moriantur.</strong></span> <span class='ocrx_word' id='word_1_187' title='bbox 3129 1311 3148 1346; x_wconf 68' lang='grc' dir='ltr'><strong><em>ι</em></strong></span> 
     </span>
    </p>
   </div>
   <div class='ocr_carea' id='block_1_28' title="bbox 1880 1373 3400 1450">
    <p class='ocr_par' dir='ltr' id='par_1_28' title="bbox 1880 1373 3400 1450">
     <span class='ocr_line' id='line_1_28' title="bbox 1880 1373 3400 1450; baseline 0.003 -18"><span class='ocrx_word' id='word_1_188' title='bbox 1880 1373 2012 1432; x_wconf 75' lang='lat' dir='ltr'><strong>CAP.</strong></span> <span class='ocrx_word' id='word_1_189' title='bbox 2027 1377 2058 1431; x_wconf 88' lang='lat'><strong>7</strong></span> <span class='ocrx_word' id='word_1_190' title='bbox 2067 1377 2115 1430; x_wconf 75' lang='grc'><strong>2.</strong></span> <span class='ocrx_word' id='word_1_191' title='bbox 2133 1407 2204 1418; x_wconf 90' lang='lat'><strong>-—</strong></span> <span class='ocrx_word' id='word_1_192' title='bbox 2216 1376 2381 1450; x_wconf 80' lang='lat' dir='ltr'><strong>Reges</strong></span> <span class='ocrx_word' id='word_1_193' title='bbox 2396 1387 2443 1432; x_wconf 85' lang='lat' dir='ltr'><strong>et</strong></span> <span class='ocrx_word' id='word_1_194' title='bbox 2459 1379 2772 1434; x_wconf 85' lang='lat' dir='ltr'><strong>sacerdotes.</strong></span> <span class='ocrx_word' id='word_1_195' title='bbox 2793 1378 3124 1450; x_wconf 73' lang='lat' dir='ltr'><strong>Praeceptum</strong></span> <span class='ocrx_word' id='word_1_196' title='bbox 3148 1380 3400 1438; x_wconf 81' lang='lat' dir='ltr'><strong>Ludovici</strong></span> 
     </span>
    </p>
   </div>
   <div class='ocr_carea' id='block_1_29' title="bbox 1813 1465 3404 1540">
    <p class='ocr_par' dir='ltr' id='par_1_29' title="bbox 1813 1465 3404 1540">
     <span class='ocr_line' id='line_1_29' title="bbox 1813 1465 3404 1540; baseline 0.001 -16"><span class='ocrx_word' id='word_1_197' title='bbox 1813 1465 1904 1524; x_wconf 73' lang='grc' dir='ltr'><strong>νη</strong></span> <span class='ocrx_word' id='word_1_198' title='bbox 1918 1481 2016 1538; x_wconf 88' lang='lat' dir='ltr'><strong>pro</strong></span> <span class='ocrx_word' id='word_1_199' title='bbox 2031 1466 2340 1522; x_wconf 86' lang='lat' dir='ltr'><strong>&#39;l‘lieobaldo</strong></span> <span class='ocrx_word' id='word_1_200' title='bbox 2357 1466 2785 1540; x_wconf 58' lang='lat' dir='ltr'><strong>553episcopo</strong></span> <span class='ocrx_word' id='word_1_201' title='bbox 2796 1467 3087 1524; x_wconf 88' lang='lat' dir='ltr'><strong>Parisiensi</strong></span> <span class='ocrx_word' id='word_1_202' title='bbox 3109 1487 3122 1523; x_wconf 90' lang='lat'><strong>:</strong></span> <span class='ocrx_word' id='word_1_203' title='bbox 3144 1487 3164 1522; x_wconf 69' lang='grc' dir='ltr'>ι</span> <span class='ocrx_word' id='word_1_204' title='bbox 3187 1467 3404 1526; x_wconf 81' lang='lat' dir='ltr'><strong>Scimus</strong></span> 
     </span>
    </p>
   </div>
   <div class='ocr_carea' id='block_1_30' title="bbox 1810 1555 3402 1627">
    <p class='ocr_par' dir='ltr' id='par_1_30' title="bbox 1810 1555 3402 1627">
     <span class='ocr_line' id='line_1_30' title="bbox 1810 1555 3402 1627; baseline 0.004 -17"><span class='ocrx_word' id='word_1_205' title='bbox 1810 1557 1938 1627; x_wconf 88' lang='lat' dir='ltr'><strong>quia</strong></span> <span class='ocrx_word' id='word_1_206' title='bbox 1960 1571 2024 1612; x_wconf 82' lang='lat' dir='ltr'><strong>ex</strong></span> <span class='ocrx_word' id='word_1_207' title='bbox 2045 1556 2365 1612; x_wconf 88' lang='lat' dir='ltr'><strong>auctoritate</strong></span> <span class='ocrx_word' id='word_1_208' title='bbox 2379 1555 2590 1614; x_wconf 82' lang='lat' dir='ltr'><strong>Veteris</strong></span> <span class='ocrx_word' id='word_1_209' title='bbox 2620 1557 2976 1625; x_wconf 83' lang='lat' dir='ltr'><strong>Testamenti,</strong></span> <span class='ocrx_word' id='word_1_210' title='bbox 3009 1561 3173 1614; x_wconf 89' lang='lat' dir='ltr'><strong>etiam</strong></span> <span class='ocrx_word' id='word_1_211' title='bbox 3199 1562 3402 1616; x_wconf 89' lang='lat' dir='ltr'><strong>nostris</strong></span> 
     </span>
    </p>
   </div>
   <div class='ocr_carea' id='block_1_31' title="bbox 1811 1647 3404 1721">
    <p class='ocr_par' dir='ltr' id='par_1_31' title="bbox 1811 1647 3404 1721">
     <span class='ocr_line' id='line_1_31' title="bbox 1811 1647 3404 1721; baseline 0.002 -19"><span class='ocrx_word' id='word_1_212' title='bbox 1811 1647 2140 1718; x_wconf 90' lang='lat' dir='ltr'><strong>temporibus</strong></span> <span class='ocrx_word' id='word_1_213' title='bbox 2197 1661 2264 1700; x_wconf 77' lang='lat' dir='ltr'><strong>ex</strong></span> <span class='ocrx_word' id='word_1_214' title='bbox 2305 1648 2672 1703; x_wconf 90' lang='lat' dir='ltr'><strong>ecclesiastica</strong></span> <span class='ocrx_word' id='word_1_215' title='bbox 2720 1649 3059 1704; x_wconf 89' lang='lat' dir='ltr'><strong>institutione</strong></span> <span class='ocrx_word' id='word_1_216' title='bbox 3092 1650 3192 1705; x_wconf 90' lang='lat' dir='ltr'><strong>soli</strong></span> <span class='ocrx_word' id='word_1_217' title='bbox 3247 1664 3404 1721; x_wconf 87' lang='lat' dir='ltr'><strong>reges</strong></span> 
     </span>
    </p>
   </div>
   <div class='ocr_carea' id='block_1_32' title="bbox 1810 1737 3399 1796">
    <p class='ocr_par' dir='ltr' id='par_1_32' title="bbox 1810 1737 3399 1796">
     <span class='ocr_line' id='line_1_32' title="bbox 1810 1737 3399 1796; baseline 0.001 -4"><span class='ocrx_word' id='word_1_218' title='bbox 1810 1745 1864 1792; x_wconf 90' lang='lat' dir='ltr'><strong>et</strong></span> <span class='ocrx_word' id='word_1_219' title='bbox 1898 1738 2209 1793; x_wconf 87' lang='lat' dir='ltr'><strong>sacerdotes</strong></span> <span class='ocrx_word' id='word_1_220' title='bbox 2235 1737 2378 1794; x_wconf 87' lang='lat' dir='ltr'><strong>sacri</strong></span> <span class='ocrx_word' id='word_1_221' title='bbox 2404 1738 2711 1794; x_wconf 89' lang='lat' dir='ltr'><strong>chrismatis</strong></span> <span class='ocrx_word' id='word_1_222' title='bbox 2725 1739 2975 1794; x_wconf 90' lang='lat' dir='ltr'><strong>unctione</strong></span> <span class='ocrx_word' id='word_1_223' title='bbox 2989 1749 3399 1796; x_wconf 88' lang='lat' dir='ltr'><strong>consecrantur.</strong></span> 
     </span>
    </p>
   </div>
   <div class='ocr_carea' id='block_1_33' title="bbox 123 1829 3403 1904">
    <p class='ocr_par' dir='ltr' id='par_1_33' title="bbox 123 1829 3403 1904">
     <span class='ocr_line' id='line_1_33' title="bbox 123 1829 3403 1904; baseline -0.001 -12"><span class='ocrx_word' id='word_1_224' title='bbox 123 1839 226 1893; x_wconf 85' lang='lat' dir='ltr'><strong>sub</strong></span> <span class='ocrx_word' id='word_1_225' title='bbox 255 1839 396 1893; x_wconf 88' lang='lat' dir='ltr'><strong>trina</strong></span> <span class='ocrx_word' id='word_1_226' title='bbox 426 1837 927 1904; x_wconf 87' lang='lat' dir='ltr'><strong>mersione,tantum</strong></span> <span class='ocrx_word' id='word_1_227' title='bbox 956 1845 1198 1893; x_wconf 88' lang='lat' dir='ltr'><strong>sanctam</strong></span> <span class='ocrx_word' id='word_1_228' title='bbox 1222 1837 1542 1892; x_wconf 89' lang='lat' dir='ltr'><strong>Trinitatem</strong></span> <span class='ocrx_word' id='word_1_229' title='bbox 1563 1836 1713 1890; x_wconf 90' lang='lat' dir='ltr'><strong>invo-</strong></span> <span class='ocrx_word' id='word_1_230' title='bbox 1741 1841 1788 1900; x_wconf 83' lang='grc' dir='ltr'><strong>Β</strong></span> <span class='ocrx_word' id='word_1_231' title='bbox 1817 1829 1980 1885; x_wconf 91' lang='lat' dir='ltr'><strong>Decet</strong></span> <span class='ocrx_word' id='word_1_232' title='bbox 2012 1839 2192 1884; x_wconf 90' lang='lat' dir='ltr'><strong>autem</strong></span> <span class='ocrx_word' id='word_1_233' title='bbox 2213 1830 2386 1900; x_wconf 91' lang='lat' dir='ltr'><strong>utqui</strong></span> <span class='ocrx_word' id='word_1_234' title='bbox 2431 1831 2527 1886; x_wconf 91' lang='lat' dir='ltr'><strong>soli</strong></span> <span class='ocrx_word' id='word_1_235' title='bbox 2553 1845 2663 1901; x_wconf 73' lang='lat' dir='ltr'><strong>prie</strong></span> <span class='ocrx_word' id='word_1_236' title='bbox 2694 1832 2906 1887; x_wconf 75' lang='lat' dir='ltr'><strong>cmteris</strong></span> <span class='ocrx_word' id='word_1_237' title='bbox 2944 1832 3194 1889; x_wconf 89' lang='lat' dir='ltr'><strong>omnibus</strong></span> <span class='ocrx_word' id='word_1_238' title='bbox 3222 1847 3403 1888; x_wconf 89' lang='lat' dir='ltr'><strong>sacro-</strong></span> 
     </span>
    </p>
   </div>
   <div class='ocr_carea' id='block_1_34' title="bbox 123 1931 1718 2004">
    <p class='ocr_par' dir='ltr' id='par_1_34' title="bbox 123 1931 1718 2004">
     <span class='ocr_line' id='line_1_34' title="bbox 123 1931 1718 2004; baseline 0.001 -20"><span class='ocrx_word' id='word_1_239' title='bbox 123 1947 260 1988; x_wconf 88' lang='lat' dir='ltr'><strong>cans</strong></span> <span class='ocrx_word' id='word_1_240' title='bbox 288 1933 451 1989; x_wconf 86' lang='lat' dir='ltr'><strong>semel</strong></span> <span class='ocrx_word' id='word_1_241' title='bbox 483 1973 497 2000; x_wconf 95' lang='lat'><strong>,</strong></span> <span class='ocrx_word' id='word_1_242' title='bbox 528 1933 602 1988; x_wconf 87' lang='lat' dir='ltr'><strong>ita</strong></span> <span class='ocrx_word' id='word_1_243' title='bbox 626 1933 880 1989; x_wconf 89' lang='lat' dir='ltr'><strong>dicendo:</strong></span> <span class='ocrx_word' id='word_1_244' title='bbox 915 1931 984 1987; x_wconf 89' lang='lat' dir='ltr'><strong>Et</strong></span> <span class='ocrx_word' id='word_1_245' title='bbox 1011 1951 1102 2004; x_wconf 79' lang='lat' dir='ltr'><strong>ego</strong></span> <span class='ocrx_word' id='word_1_246' title='bbox 1125 1942 1172 1988; x_wconf 88' lang='lat' dir='ltr'><strong>te</strong></span> <span class='ocrx_word' id='word_1_247' title='bbox 1191 1933 1395 2003; x_wconf 78' lang='lat' dir='ltr'><strong>baptizo</strong></span> <span class='ocrx_word' id='word_1_248' title='bbox 1433 1931 1486 1987; x_wconf 86' lang='lat' dir='ltr'><strong>in</strong></span> <span class='ocrx_word' id='word_1_249' title='bbox 1513 1931 1718 1986; x_wconf 83' lang='lat' dir='ltr'><strong>nomine</strong></span> 
     </span>
    </p>
   </div>
   <div class='ocr_carea' id='block_1_35' title="bbox 123 2019 1714 2095">
    <p class='ocr_par' dir='ltr' id='par_1_35' title="bbox 123 2019 1714 2095">
     <span class='ocr_line' id='line_1_35' title="bbox 123 2019 1714 2095; baseline -0.001 -21"><span class='ocrx_word' id='word_1_250' title='bbox 123 2019 329 2088; x_wconf 83' lang='lat' dir='ltr'><strong>Patris,</strong></span> <span class='ocrx_word' id='word_1_251' title='bbox 351 2031 406 2078; x_wconf 87' lang='lat' dir='ltr'><strong>et</strong></span> <span class='ocrx_word' id='word_1_252' title='bbox 433 2023 640 2095; x_wconf 82' lang='lat' dir='ltr'><strong>mergit,</strong></span> <span class='ocrx_word' id='word_1_253' title='bbox 660 2031 705 2077; x_wconf 84' lang='lat' dir='ltr'><strong>et</strong></span> <span class='ocrx_word' id='word_1_254' title='bbox 723 2021 873 2090; x_wconf 84' lang='lat' dir='ltr'><strong>Filii,</strong></span> <span class='ocrx_word' id='word_1_255' title='bbox 899 2031 954 2078; x_wconf 87' lang='lat' dir='ltr'><strong>et</strong></span> <span class='ocrx_word' id='word_1_256' title='bbox 973 2025 1186 2094; x_wconf 84' lang='lat' dir='ltr'><strong>mergit,</strong></span> <span class='ocrx_word' id='word_1_257' title='bbox 1207 2033 1252 2076; x_wconf 85' lang='lat' dir='ltr'><strong>et</strong></span> <span class='ocrx_word' id='word_1_258' title='bbox 1277 2020 1502 2092; x_wconf 76' lang='lat' dir='ltr'><strong>Spiritus</strong></span> <span class='ocrx_word' id='word_1_259' title='bbox 1525 2021 1714 2086; x_wconf 81' lang='lat' dir='ltr'><strong>sancti,</strong></span> 
     </span>
    </p>
   </div>
   <div class='ocr_carea' id='block_1_36' title="bbox 121 2110 1716 2184">
    <p class='ocr_par' dir='ltr' id='par_1_36' title="bbox 121 2110 1716 2184">
     <span class='ocr_line' id='line_1_36' title="bbox 121 2110 1716 2184; baseline 0.001 -21"><span class='ocrx_word' id='word_1_260' title='bbox 121 2118 174 2164; x_wconf 90' lang='lat' dir='ltr'><strong>et</strong></span> <span class='ocrx_word' id='word_1_261' title='bbox 190 2113 396 2184; x_wconf 82' lang='lat' dir='ltr'><strong>mergit</strong></span> <span class='ocrx_word' id='word_1_262' title='bbox 420 2113 600 2168; x_wconf 90' lang='lat' dir='ltr'><strong>tertio.</strong></span> <span class='ocrx_word' id='word_1_263' title='bbox 631 2111 826 2168; x_wconf 88' lang='lat' dir='ltr'><strong>Statim</strong></span> <span class='ocrx_word' id='word_1_264' title='bbox 858 2121 1040 2168; x_wconf 90' lang='lat' dir='ltr'><strong>autem</strong></span> <span class='ocrx_word' id='word_1_265' title='bbox 1080 2111 1430 2168; x_wconf 87' lang='lat' dir='ltr'><strong>conﬁrmetur</strong></span> <span class='ocrx_word' id='word_1_266' title='bbox 1455 2110 1634 2165; x_wconf 90' lang='lat' dir='ltr'><strong>infans</strong></span> <span class='ocrx_word' id='word_1_267' title='bbox 1661 2117 1716 2164; x_wconf 90' lang='lat' dir='ltr'><strong>et</strong></span> 
     </span>
    </p>
   </div>
   <div class='ocr_carea' id='block_1_37' title="bbox 121 2192 1716 2272">
    <p class='ocr_par' dir='ltr' id='par_1_37' title="bbox 121 2192 1716 2272">
     <span class='ocr_line' id='line_1_37' title="bbox 121 2192 1716 2272; baseline -0.001 -18"><span class='ocrx_word' id='word_1_268' title='bbox 121 2192 559 2255; x_wconf 77' lang='lat' dir='ltr'><strong>commanicetur</strong></span> <span class='ocrx_word' id='word_1_269' title='bbox 573 2199 642 2256; x_wconf 87' lang='lat' dir='ltr'><strong>ab</strong></span> <span class='ocrx_word' id='word_1_270' title='bbox 660 2201 913 2272; x_wconf 87' lang='lat' dir='ltr'><strong>episcopo</strong></span> <span class='ocrx_word' id='word_1_271' title='bbox 949 2201 1020 2256; x_wconf 90' lang='lat' dir='ltr'><strong>ita</strong></span> <span class='ocrx_word' id='word_1_272' title='bbox 1037 2201 1248 2256; x_wconf 88' lang='lat' dir='ltr'><strong>dicente</strong></span> <span class='ocrx_word' id='word_1_273' title='bbox 1272 2218 1285 2254; x_wconf 86' lang='lat'><strong>:</strong></span> <span class='ocrx_word' id='word_1_274' title='bbox 1311 2199 1510 2270; x_wconf 84' lang='lat' dir='ltr'><strong>Corpus</strong></span> <span class='ocrx_word' id='word_1_275' title='bbox 1525 2211 1569 2254; x_wconf 90' lang='lat' dir='ltr'><strong>et</strong></span> <span class='ocrx_word' id='word_1_276' title='bbox 1593 2215 1716 2254; x_wconf 86' lang='lat' dir='ltr'><strong>san-</strong></span> 
     </span>
    </p>
   </div>
   <div class='ocr_carea' id='block_1_38' title="bbox 119 2287 1710 2362">
    <p class='ocr_par' dir='ltr' id='par_1_38' title="bbox 119 2287 1710 2362">
     <span class='ocr_line' id='line_1_38' title="bbox 119 2287 1710 2362; baseline -0.001 -19"><span class='ocrx_word' id='word_1_277' title='bbox 119 2291 238 2360; x_wconf 80' lang='lat' dir='ltr'><strong>guis</strong></span> <span class='ocrx_word' id='word_1_278' title='bbox 267 2289 502 2345; x_wconf 88' lang='lat' dir='ltr'><strong>Domini.</strong></span> <span class='ocrx_word' id='word_1_279' title='bbox 533 2309 550 2342; x_wconf 73' lang='grc' dir='ltr'><strong><em>ι</em></strong></span> <span class='ocrx_word' id='word_1_280' title='bbox 583 2291 640 2345; x_wconf 88' lang='grc' dir='ltr'><strong>1η</strong></span> <span class='ocrx_word' id='word_1_281' title='bbox 661 2291 1037 2362; x_wconf 89' lang='lat' dir='ltr'><strong>antiquissimo</strong></span> <span class='ocrx_word' id='word_1_282' title='bbox 1069 2291 1194 2345; x_wconf 90' lang='lat' dir='ltr'><strong>item</strong></span> <span class='ocrx_word' id='word_1_283' title='bbox 1230 2289 1391 2344; x_wconf 88' lang='lat' dir='ltr'><strong>Libro</strong></span> <span class='ocrx_word' id='word_1_284' title='bbox 1414 2287 1710 2344; x_wconf 87' lang='lat' dir='ltr'><strong>Pontiﬁcali</strong></span> 
     </span>
    </p>
   </div>
   <div class='ocr_carea' id='block_1_39' title="bbox 121 2377 1708 2450">
    <p class='ocr_par' dir='ltr' id='par_1_39' title="bbox 121 2377 1708 2450">
     <span class='ocr_line' id='line_1_39' title="bbox 121 2377 1708 2450; baseline -0.001 -18"><span class='ocrx_word' id='word_1_285' title='bbox 121 2395 222 2434; x_wconf 89' lang='lat' dir='ltr'><strong>ms.</strong></span> <span class='ocrx_word' id='word_1_286' title='bbox 259 2379 512 2435; x_wconf 67' lang='lat' dir='ltr'><strong>Ecclesia:</strong></span> <span class='ocrx_word' id='word_1_287' title='bbox 550 2378 908 2446; x_wconf 86' lang='lat' dir='ltr'><strong>Senonensis,</strong></span> <span class='ocrx_word' id='word_1_288' title='bbox 933 2379 1134 2450; x_wconf 91' lang='lat' dir='ltr'><strong>scripto</strong></span> <span class='ocrx_word' id='word_1_289' title='bbox 1166 2379 1311 2434; x_wconf 90' lang='lat' dir='ltr'><strong>circa</strong></span> <span class='ocrx_word' id='word_1_290' title='bbox 1351 2393 1548 2434; x_wconf 91' lang='lat' dir='ltr'><strong>annum</strong></span> <span class='ocrx_word' id='word_1_291' title='bbox 1581 2377 1708 2443; x_wconf 88' lang='grc'>980,</span> 
     </span>
    </p>
   </div>
   <div class='ocr_carea' id='block_1_40' title="bbox 119 2467 1708 2541">
    <p class='ocr_par' dir='ltr' id='par_1_40' title="bbox 119 2467 1708 2541">
     <span class='ocr_line' id='line_1_40' title="bbox 119 2467 1708 2541; baseline -0.003 -16"><span class='ocrx_word' id='word_1_292' title='bbox 119 2485 285 2540; x_wconf 87' lang='lat' dir='ltr'><strong>quem</strong></span> <span class='ocrx_word' id='word_1_293' title='bbox 306 2471 462 2527; x_wconf 91' lang='lat' dir='ltr'><strong>nobis</strong></span> <span class='ocrx_word' id='word_1_294' title='bbox 473 2469 832 2541; x_wconf 79' lang='lat' dir='ltr'><strong>suppeditavit</strong></span> <span class='ocrx_word' id='word_1_295' title='bbox 845 2471 929 2524; x_wconf 91' lang='lat' dir='ltr'><strong>vir</strong></span> <span class='ocrx_word' id='word_1_296' title='bbox 952 2469 1284 2525; x_wconf 90' lang='lat' dir='ltr'><strong>clarissimus</strong></span> <span class='ocrx_word' id='word_1_297' title='bbox 1298 2468 1561 2525; x_wconf 82' lang='lat' dir='ltr'><strong>Antonius</strong></span> <span class='ocrx_word' id='word_1_298' title='bbox 1573 2467 1708 2523; x_wconf 82' lang='lat' dir='ltr'><strong>Vion</strong></span> 
     </span>
    </p>
   </div>
   <div class='ocr_carea' id='block_1_41' title="bbox 119 2559 1704 2632">
    <p class='ocr_par' dir='ltr' id='par_1_41' title="bbox 119 2559 1704 2632">
     <span class='ocr_line' id='line_1_41' title="bbox 119 2559 1704 2632; baseline -0.001 -16"><span class='ocrx_word' id='word_1_299' title='bbox 119 2561 594 2628; x_wconf 61' lang='lat' dir='ltr'><strong>ilerovalliusﬁsta</strong></span> <span class='ocrx_word' id='word_1_300' title='bbox 611 2561 855 2632; x_wconf 82' lang='lat' dir='ltr'><strong>leguntur</strong></span> <span class='ocrx_word' id='word_1_301' title='bbox 869 2559 920 2615; x_wconf 91' lang='lat' dir='ltr'><strong>in</strong></span> <span class='ocrx_word' id='word_1_302' title='bbox 935 2560 1383 2632; x_wconf 88' lang='lat' dir='ltr'><strong>ordinebaptisnn</strong></span> <span class='ocrx_word' id='word_1_303' title='bbox 1401 2559 1704 2615; x_wconf 87' lang='lat' dir='ltr'><strong>infantium:</strong></span> 
     </span>
    </p>
   </div>
   <div class='ocr_carea' id='block_1_42' title="bbox 123 2653 1706 2724">
    <p class='ocr_par' dir='ltr' id='par_1_42' title="bbox 123 2653 1706 2724">
     <span class='ocr_line' id='line_1_42' title="bbox 123 2653 1706 2724; baseline -0.001 -16"><span class='ocrx_word' id='word_1_304' title='bbox 123 2674 142 2707; x_wconf 72' lang='grc' dir='ltr'>ι</span> <span class='ocrx_word' id='word_1_305' title='bbox 171 2655 388 2709; x_wconf 83' lang='lat' dir='ltr'><strong>Deinde</strong></span> <span class='ocrx_word' id='word_1_306' title='bbox 417 2655 654 2724; x_wconf 89' lang='lat' dir='ltr'><strong>baptizat</strong></span> <span class='ocrx_word' id='word_1_307' title='bbox 677 2654 930 2709; x_wconf 89' lang='lat' dir='ltr'><strong>sacerdos</strong></span> <span class='ocrx_word' id='word_1_308' title='bbox 970 2653 1068 2709; x_wconf 90' lang='lat' dir='ltr'><strong>sub</strong></span> <span class='ocrx_word' id='word_1_309' title='bbox 1105 2653 1244 2708; x_wconf 87' lang='lat' dir='ltr'><strong>trina</strong></span> <span class='ocrx_word' id='word_1_310' title='bbox 1273 2653 1561 2720; x_wconf 82' lang='lat' dir='ltr'><strong>mersione,</strong></span> <span class='ocrx_word' id='word_1_311' title='bbox 1591 2661 1706 2707; x_wconf 91' lang='lat' dir='ltr'><strong>tan-</strong></span> 
     </span>
    </p>
   </div>
   <div class='ocr_carea' id='block_1_43' title="bbox 121 2745 1702 2808">
    <p class='ocr_par' dir='ltr' id='par_1_43' title="bbox 121 2745 1702 2808">
     <span class='ocr_line' id='line_1_43' title="bbox 121 2745 1702 2808; baseline -0.001 -5"><span class='ocrx_word' id='word_1_312' title='bbox 121 2758 234 2803; x_wconf 89' lang='lat' dir='ltr'><strong>tum</strong></span> <span class='ocrx_word' id='word_1_313' title='bbox 263 2759 504 2804; x_wconf 88' lang='lat' dir='ltr'><strong>sanctam</strong></span> <span class='ocrx_word' id='word_1_314' title='bbox 521 2745 840 2802; x_wconf 87' lang='lat' dir='ltr'><strong>Trinitatem</strong></span> <span class='ocrx_word' id='word_1_315' title='bbox 855 2745 1020 2802; x_wconf 90' lang='lat' dir='ltr'><strong>semel</strong></span> <span class='ocrx_word' id='word_1_316' title='bbox 1053 2747 1325 2808; x_wconf 75' lang='lat' dir='ltr'><strong>invocans,</strong></span> <span class='ocrx_word' id='word_1_317' title='bbox 1357 2745 1702 2801; x_wconf 84' lang='lat' dir='ltr'><strong>itadicendo:</strong></span> 
     </span>
    </p>
   </div>
   <div class='ocr_carea' id='block_1_44' title="bbox 118 2835 1702 2910">
    <p class='ocr_par' dir='ltr' id='par_1_44' title="bbox 118 2835 1702 2910">
     <span class='ocr_line' id='line_1_44' title="bbox 118 2835 1702 2910; baseline -0.004 -17"><span class='ocrx_word' id='word_1_318' title='bbox 118 2839 184 2894; x_wconf 79' lang='lat' dir='ltr'><strong>Et</strong></span> <span class='ocrx_word' id='word_1_319' title='bbox 215 2856 313 2909; x_wconf 81' lang='lat' dir='ltr'><strong>ego</strong></span> <span class='ocrx_word' id='word_1_320' title='bbox 343 2849 389 2893; x_wconf 85' lang='lat' dir='ltr'><strong>te</strong></span> <span class='ocrx_word' id='word_1_321' title='bbox 419 2839 624 2910; x_wconf 74' lang='lat' dir='ltr'><strong>baptizo</strong></span> <span class='ocrx_word' id='word_1_322' title='bbox 643 2840 698 2892; x_wconf 87' lang='lat' dir='ltr'><strong>in</strong></span> <span class='ocrx_word' id='word_1_323' title='bbox 743 2840 949 2892; x_wconf 84' lang='lat' dir='ltr'><strong>nomine</strong></span> <span class='ocrx_word' id='word_1_324' title='bbox 991 2835 1191 2903; x_wconf 84' lang='lat' dir='ltr'><strong>Patris,</strong></span> <span class='ocrx_word' id='word_1_325' title='bbox 1220 2847 1494 2906; x_wconf 85' lang='lat' dir='ltr'><strong>ettncrgat</strong></span> <span class='ocrx_word' id='word_1_326' title='bbox 1515 2835 1702 2900; x_wconf 90' lang='lat' dir='ltr'><strong>semel,</strong></span> 
     </span>
    </p>
   </div>
   <div class='ocr_carea' id='block_1_45' title="bbox 118 2927 1701 3003">
    <p class='ocr_par' dir='ltr' id='par_1_45' title="bbox 118 2927 1701 3003">
     <span class='ocr_line' id='line_1_45' title="bbox 118 2927 1701 3003; baseline -0.004 -18"><span class='ocrx_word' id='word_1_327' title='bbox 118 2942 164 2986; x_wconf 84' lang='lat' dir='ltr'><strong>et</strong></span> <span class='ocrx_word' id='word_1_328' title='bbox 191 2927 364 3003; x_wconf 75' lang='lat'><strong>552</strong></span> <span class='ocrx_word' id='word_1_329' title='bbox 397 2929 548 2996; x_wconf 85' lang='lat' dir='ltr'><strong>Filii,</strong></span> <span class='ocrx_word' id='word_1_330' title='bbox 576 2938 631 2986; x_wconf 90' lang='lat' dir='ltr'><strong>et</strong></span> <span class='ocrx_word' id='word_1_331' title='bbox 663 2939 868 3000; x_wconf 85' lang='lat' dir='ltr'><strong>mergat</strong></span> <span class='ocrx_word' id='word_1_332' title='bbox 901 2929 1096 2984; x_wconf 85' lang='lat' dir='ltr'><strong>iterum</strong></span> <span class='ocrx_word' id='word_1_333' title='bbox 1126 2969 1140 2995; x_wconf 92' lang='lat'><strong>,</strong></span> <span class='ocrx_word' id='word_1_334' title='bbox 1168 2939 1214 2983; x_wconf 87' lang='lat' dir='ltr'><strong>et</strong></span> <span class='ocrx_word' id='word_1_335' title='bbox 1243 2927 1470 2998; x_wconf 84' lang='lat' dir='ltr'><strong>Spiritus</strong></span> <span class='ocrx_word' id='word_1_336' title='bbox 1497 2927 1701 2991; x_wconf 88' lang='lat' dir='ltr'><strong>sancti,</strong></span> 
     </span>
    </p>
   </div>
   <div class='ocr_carea' id='block_1_46' title="bbox 118 3015 1704 3093">
    <p class='ocr_par' dir='ltr' id='par_1_46' title="bbox 118 3015 1704 3093">
     <span class='ocr_line' id='line_1_46' title="bbox 118 3015 1704 3093; baseline -0.006 -17"><span class='ocrx_word' id='word_1_337' title='bbox 118 3033 169 3076; x_wconf 88' lang='lat' dir='ltr'><strong>et</strong></span> <span class='ocrx_word' id='word_1_338' title='bbox 207 3029 428 3093; x_wconf 81' lang='lat' dir='ltr'><strong>mergat</strong></span> <span class='ocrx_word' id='word_1_339' title='bbox 449 3019 716 3076; x_wconf 89' lang='lat' dir='ltr'><strong>tertio.Ut</strong></span> <span class='ocrx_word' id='word_1_340' title='bbox 744 3027 926 3074; x_wconf 90' lang='lat' dir='ltr'><strong>autem</strong></span> <span class='ocrx_word' id='word_1_341' title='bbox 953 3017 1253 3073; x_wconf 83' lang='lat' dir='ltr'><strong>surrexerit</strong></span> <span class='ocrx_word' id='word_1_342' title='bbox 1294 3033 1323 3071; x_wconf 87' lang='lat' dir='ltr'><strong>a</strong></span> <span class='ocrx_word' id='word_1_343' title='bbox 1349 3017 1518 3082; x_wconf 88' lang='lat' dir='ltr'><strong>fonte,</strong></span> <span class='ocrx_word' id='word_1_344' title='bbox 1540 3015 1704 3070; x_wconf 83' lang='lat' dir='ltr'><strong>faciat</strong></span> 
     </span>
    </p>
   </div>
   <div class='ocr_carea' id='block_1_47' title="bbox 116 3107 1702 3183">
    <p class='ocr_par' dir='ltr' id='par_1_47' title="bbox 116 3107 1702 3183">
     <span class='ocr_line' id='line_1_47' title="bbox 116 3107 1702 3183; baseline -0.003 -16"><span class='ocrx_word' id='word_1_345' title='bbox 116 3113 409 3183; x_wconf 79' lang='lat' dir='ltr'><strong>presbyter</strong></span> <span class='ocrx_word' id='word_1_346' title='bbox 443 3113 653 3182; x_wconf 85' lang='lat' dir='ltr'><strong>signum</strong></span> <span class='ocrx_word' id='word_1_347' title='bbox 703 3111 881 3166; x_wconf 90' lang='lat' dir='ltr'><strong>crucis</strong></span> <span class='ocrx_word' id='word_1_348' title='bbox 919 3109 986 3166; x_wconf 92' lang='lat' dir='ltr'><strong>de</strong></span> <span class='ocrx_word' id='word_1_349' title='bbox 1015 3110 1306 3165; x_wconf 89' lang='lat' dir='ltr'><strong>chrismate</strong></span> <span class='ocrx_word' id='word_1_350' title='bbox 1347 3123 1468 3163; x_wconf 92' lang='lat' dir='ltr'><strong>cum</strong></span> <span class='ocrx_word' id='word_1_351' title='bbox 1508 3107 1702 3178; x_wconf 90' lang='lat' dir='ltr'><strong>pollice</strong></span> 
     </span>
    </p>
   </div>
   <div class='ocr_carea' id='block_1_48' title="bbox 1820 1919 3400 1992">
    <p class='ocr_par' dir='ltr' id='par_1_48' title="bbox 1820 1919 3400 1992">
     <span class='ocr_line' id='line_1_48' title="bbox 1820 1919 3400 1992; baseline 0 -17"><span class='ocrx_word' id='word_1_352' title='bbox 1820 1929 2004 1975; x_wconf 88' lang='lat' dir='ltr'><strong>sancta</strong></span> <span class='ocrx_word' id='word_1_353' title='bbox 2031 1920 2343 1976; x_wconf 89' lang='lat' dir='ltr'><strong>chrismatis</strong></span> <span class='ocrx_word' id='word_1_354' title='bbox 2379 1919 2628 1974; x_wconf 89' lang='lat' dir='ltr'><strong>linitione</strong></span> <span class='ocrx_word' id='word_1_355' title='bbox 2678 1921 2972 1976; x_wconf 88' lang='lat' dir='ltr'><strong>consociati</strong></span> <span class='ocrx_word' id='word_1_356' title='bbox 2995 1921 3061 1975; x_wconf 91' lang='lat' dir='ltr'><strong>ad</strong></span> <span class='ocrx_word' id='word_1_357' title='bbox 3107 1921 3400 1992; x_wconf 84' lang='lat' dir='ltr'><strong>regendum</strong></span> 
     </span>
    </p>
   </div>
   <div class='ocr_carea' id='block_1_49' title="bbox 1819 2009 3403 2084">
    <p class='ocr_par' dir='ltr' id='par_1_49' title="bbox 1819 2009 3403 2084">
     <span class='ocr_line' id='line_1_49' title="bbox 1819 2009 3403 2084; baseline 0.001 -18"><span class='ocrx_word' id='word_1_358' title='bbox 1819 2009 1913 2066; x_wconf 90' lang='lat' dir='ltr'><strong>Dei</strong></span> <span class='ocrx_word' id='word_1_359' title='bbox 1939 2011 2193 2082; x_wconf 80' lang='lat' dir='ltr'><strong>papulum</strong></span> <span class='ocrx_word' id='word_1_360' title='bbox 2223 2010 2611 2080; x_wconf 86' lang='lat' dir='ltr'><strong>praeﬁciuntur,</strong></span> <span class='ocrx_word' id='word_1_361' title='bbox 2645 2011 2744 2068; x_wconf 90' lang='lat' dir='ltr'><strong>sibi</strong></span> <span class='ocrx_word' id='word_1_362' title='bbox 2769 2013 2901 2084; x_wconf 91' lang='lat' dir='ltr'><strong>ipsis</strong></span> <span class='ocrx_word' id='word_1_363' title='bbox 2925 2023 2980 2069; x_wconf 91' lang='lat' dir='ltr'><strong>et</strong></span> <span class='ocrx_word' id='word_1_364' title='bbox 3019 2013 3248 2069; x_wconf 90' lang='lat' dir='ltr'><strong>subditis</strong></span> <span class='ocrx_word' id='word_1_365' title='bbox 3289 2014 3403 2070; x_wconf 85' lang='lat' dir='ltr'><strong>suis</strong></span> 
     </span>
    </p>
   </div>
   <div class='ocr_carea' id='block_1_50' title="bbox 1819 2101 3401 2172">
    <p class='ocr_par' dir='ltr' id='par_1_50' title="bbox 1819 2101 3401 2172">
     <span class='ocr_line' id='line_1_50' title="bbox 1819 2101 3401 2172; baseline 0.001 -16"><span class='ocrx_word' id='word_1_366' title='bbox 1819 2112 1922 2156; x_wconf 85' lang='lat' dir='ltr'><strong>tam</strong></span> <span class='ocrx_word' id='word_1_367' title='bbox 1979 2101 2291 2172; x_wconf 89' lang='lat' dir='ltr'><strong>temporalia</strong></span> <span class='ocrx_word' id='word_1_368' title='bbox 2341 2117 2503 2172; x_wconf 90' lang='lat' dir='ltr'><strong>quam</strong></span> <span class='ocrx_word' id='word_1_369' title='bbox 2569 2104 2872 2172; x_wconf 88' lang='lat' dir='ltr'><strong>spiritualia</strong></span> <span class='ocrx_word' id='word_1_370' title='bbox 2937 2105 3401 2160; x_wconf 89' lang='lat' dir='ltr'><strong>subministrando</strong></span> 
     </span>
    </p>
   </div>
   <div class='ocr_carea' id='block_1_51' title="bbox 1811 2191 3341 2263">
    <p class='ocr_par' dir='ltr' id='par_1_51' title="bbox 1811 2191 3341 2263">
     <span class='ocr_line' id='line_1_51' title="bbox 1811 2191 3341 2263; baseline 0 -17"><span class='ocrx_word' id='word_1_371' title='bbox 1811 2191 2152 2261; x_wconf 87' lang='lat' dir='ltr'><strong>provideant,</strong></span> <span class='ocrx_word' id='word_1_372' title='bbox 2171 2200 2226 2248; x_wconf 89' lang='lat' dir='ltr'><strong>et</strong></span> <span class='ocrx_word' id='word_1_373' title='bbox 2244 2191 2574 2263; x_wconf 88' lang='lat' dir='ltr'><strong>providendo</strong></span> <span class='ocrx_word' id='word_1_374' title='bbox 2607 2193 2839 2248; x_wconf 85' lang='lat' dir='ltr'><strong>invicem</strong></span> <span class='ocrx_word' id='word_1_375' title='bbox 2864 2193 3291 2249; x_wconf 88' lang='lat' dir='ltr'><strong>subministrent.</strong></span> <span class='ocrx_word' id='word_1_376' title='bbox 3321 2211 3341 2245; x_wconf 78' lang='grc' dir='ltr'><strong><em>ι</em></strong></span> 
     </span>
    </p>
   </div>
   <div class='ocr_carea' id='block_1_52' title="bbox 1882 2283 3371 2356">
    <p class='ocr_par' dir='ltr' id='par_1_52' title="bbox 1882 2283 3371 2356">
     <span class='ocr_line' id='line_1_52' title="bbox 1882 2283 3371 2356; baseline -0.001 -15"><span class='ocrx_word' id='word_1_377' title='bbox 1882 2283 2013 2342; x_wconf 76' lang='lat' dir='ltr'><strong>CAP.</strong></span> <span class='ocrx_word' id='word_1_378' title='bbox 2051 2286 2138 2340; x_wconf 71' lang='grc'><strong>74.</strong></span> <span class='ocrx_word' id='word_1_379' title='bbox 2166 2317 2238 2328; x_wconf 91' lang='lat'><strong>--</strong></span> <span class='ocrx_word' id='word_1_380' title='bbox 2275 2285 2533 2356; x_wconf 81' lang='lat' dir='ltr'><strong>Eulogiis.</strong></span> <span class='ocrx_word' id='word_1_381' title='bbox 2586 2285 2996 2351; x_wconf 87' lang='lat' dir='ltr'><strong>Oblationibus,</strong></span> <span class='ocrx_word' id='word_1_382' title='bbox 3036 2285 3371 2341; x_wconf 88' lang='lat' dir='ltr'><strong>muneribus.</strong></span> 
     </span>
    </p>
   </div>
   <div class='ocr_carea' id='block_1_53' title="bbox 1880 2375 3405 2448">
    <p class='ocr_par' dir='ltr' id='par_1_53' title="bbox 1880 2375 3405 2448">
     <span class='ocr_line' id='line_1_53' title="bbox 1880 2375 3405 2448; baseline -0.001 -15"><span class='ocrx_word' id='word_1_383' title='bbox 1880 2377 2009 2433; x_wconf 64' lang='lat' dir='ltr'><strong>Car.</strong></span> <span class='ocrx_word' id='word_1_384' title='bbox 2027 2377 2116 2432; x_wconf 90' lang='lat'><strong>77.</strong></span> <span class='ocrx_word' id='word_1_385' title='bbox 2133 2408 2204 2417; x_wconf 94' lang='lat'><strong><em>—</em></strong></span> <span class='ocrx_word' id='word_1_386' title='bbox 2223 2375 2330 2432; x_wconf 88' lang='lat' dir='ltr'><strong>Per</strong></span> <span class='ocrx_word' id='word_1_387' title='bbox 2353 2378 2753 2432; x_wconf 84' lang='lat' dir='ltr'><strong>subdiaconum.</strong></span> <span class='ocrx_word' id='word_1_388' title='bbox 2785 2377 3036 2448; x_wconf 67' lang='lat' dir='ltr'><strong>Praecipit</strong></span> <span class='ocrx_word' id='word_1_389' title='bbox 3061 2379 3175 2434; x_wconf 62' lang='lat' dir='ltr'><strong>haec</strong></span> <span class='ocrx_word' id='word_1_390' title='bbox 3203 2377 3405 2432; x_wconf 78' lang='lat' dir='ltr'><strong>consti—</strong></span> 
     </span>
    </p>
   </div>
   <div class='ocr_carea' id='block_1_54' title="bbox 1811 2467 3400 2539">
    <p class='ocr_par' dir='ltr' id='par_1_54' title="bbox 1811 2467 3400 2539">
     <span class='ocr_line' id='line_1_54' title="bbox 1811 2467 3400 2539; baseline -0.001 -16"><span class='ocrx_word' id='word_1_391' title='bbox 1811 2469 1947 2524; x_wconf 91' lang='lat' dir='ltr'><strong>tutio</strong></span> <span class='ocrx_word' id='word_1_392' title='bbox 1973 2477 2152 2524; x_wconf 93' lang='lat' dir='ltr'><strong>utnon</strong></span> <span class='ocrx_word' id='word_1_393' title='bbox 2181 2483 2279 2539; x_wconf 90' lang='lat' dir='ltr'><strong>per</strong></span> <span class='ocrx_word' id='word_1_394' title='bbox 2294 2467 3160 2538; x_wconf 56' lang='lat' dir='ltr'><strong>quemcunqueecclesiasticum;</strong></span> <span class='ocrx_word' id='word_1_395' title='bbox 3175 2469 3267 2523; x_wconf 89' lang='lat' dir='ltr'><strong>sed</strong></span> <span class='ocrx_word' id='word_1_396' title='bbox 3281 2483 3400 2523; x_wconf 85' lang='lat' dir='ltr'><strong>om-</strong></span> 
     </span>
    </p>
   </div>
   <div class='ocr_carea' id='block_1_55' title="bbox 1807 2561 3403 2636">
    <p class='ocr_par' dir='ltr' id='par_1_55' title="bbox 1807 2561 3403 2636">
     <span class='ocr_line' id='line_1_55' title="bbox 1807 2561 3403 2636; baseline -0.003 -17"><span class='ocrx_word' id='word_1_397' title='bbox 1807 2564 1936 2620; x_wconf 92' lang='lat' dir='ltr'><strong>nino</strong></span> <span class='ocrx_word' id='word_1_398' title='bbox 1963 2579 2060 2636; x_wconf 92' lang='lat' dir='ltr'><strong>per</strong></span> <span class='ocrx_word' id='word_1_399' title='bbox 2085 2578 2271 2619; x_wconf 88' lang='lat' dir='ltr'><strong>eorum</strong></span> <span class='ocrx_word' id='word_1_400' title='bbox 2315 2561 2552 2632; x_wconf 83' lang='lat' dir='ltr'><strong>aliquem</strong></span> <span class='ocrx_word' id='word_1_401' title='bbox 2583 2563 2672 2630; x_wconf 90' lang='lat' dir='ltr'><strong>qui</strong></span> <span class='ocrx_word' id='word_1_402' title='bbox 2701 2571 2826 2617; x_wconf 91' lang='lat' dir='ltr'><strong>sunt</strong></span> <span class='ocrx_word' id='word_1_403' title='bbox 2861 2562 2916 2617; x_wconf 92' lang='lat' dir='ltr'><strong>in</strong></span> <span class='ocrx_word' id='word_1_404' title='bbox 2944 2562 3247 2618; x_wconf 87' lang='lat' dir='ltr'><strong>sacerdotio</strong></span> <span class='ocrx_word' id='word_1_405' title='bbox 3273 2576 3403 2617; x_wconf 61' lang='lat' dir='ltr'><strong>eon~</strong></span> 
     </span>
    </p>
   </div>
   <div class='ocr_carea' id='block_1_56' title="bbox 1809 2652 3404 2724">
    <p class='ocr_par' dir='ltr' id='par_1_56' title="bbox 1809 2652 3404 2724">
     <span class='ocr_line' id='line_1_56' title="bbox 1809 2652 3404 2724; baseline -0.003 -13"><span class='ocrx_word' id='word_1_406' title='bbox 1809 2654 2016 2720; x_wconf 90' lang='lat' dir='ltr'><strong>stituti,</strong></span> <span class='ocrx_word' id='word_1_407' title='bbox 2056 2654 2292 2710; x_wconf 89' lang='lat' dir='ltr'><strong>chrisma</strong></span> <span class='ocrx_word' id='word_1_408' title='bbox 2321 2661 2538 2724; x_wconf 87' lang='lat' dir='ltr'><strong>petatur</strong></span> <span class='ocrx_word' id='word_1_409' title='bbox 2565 2653 2633 2708; x_wconf 89' lang='lat' dir='ltr'><strong>ab</strong></span> <span class='ocrx_word' id='word_1_410' title='bbox 2661 2653 2944 2724; x_wconf 89' lang='lat' dir='ltr'><strong>episcopo,</strong></span> <span class='ocrx_word' id='word_1_411' title='bbox 2977 2667 3104 2708; x_wconf 84' lang='lat' dir='ltr'><strong>mox</strong></span> <span class='ocrx_word' id='word_1_412' title='bbox 3136 2652 3204 2707; x_wconf 87' lang='lat' dir='ltr'><strong>ad</strong></span> <span class='ocrx_word' id='word_1_413' title='bbox 3231 2652 3404 2708; x_wconf 75' lang='lat' dir='ltr'><strong>eccle—</strong></span> 
     </span>
    </p>
   </div>
   <div class='ocr_carea' id='block_1_57' title="bbox 1805 2743 3399 2814">
    <p class='ocr_par' dir='ltr' id='par_1_57' title="bbox 1805 2743 3399 2814">
     <span class='ocr_line' id='line_1_57' title="bbox 1805 2743 3399 2814; baseline -0.003 -11"><span class='ocrx_word' id='word_1_414' title='bbox 1805 2747 1940 2803; x_wconf 87' lang='lat' dir='ltr'><strong>siam</strong></span> <span class='ocrx_word' id='word_1_415' title='bbox 1982 2743 2330 2802; x_wconf 89' lang='lat' dir='ltr'><strong>deferendum</strong></span> <span class='ocrx_word' id='word_1_416' title='bbox 2371 2744 2436 2800; x_wconf 89' lang='lat' dir='ltr'><strong>ad</strong></span> <span class='ocrx_word' id='word_1_417' title='bbox 2464 2759 2626 2814; x_wconf 88' lang='lat' dir='ltr'><strong>quam</strong></span> <span class='ocrx_word' id='word_1_418' title='bbox 2659 2744 2894 2814; x_wconf 90' lang='lat' dir='ltr'><strong>pertinet</strong></span> <span class='ocrx_word' id='word_1_419' title='bbox 2931 2745 3184 2799; x_wconf 88' lang='lat' dir='ltr'><strong>minister</strong></span> <span class='ocrx_word' id='word_1_420' title='bbox 3212 2744 3303 2814; x_wconf 90' lang='lat' dir='ltr'><strong>qui</strong></span> <span class='ocrx_word' id='word_1_421' title='bbox 3333 2743 3399 2800; x_wconf 87' lang='lat' dir='ltr'><strong>ad</strong></span> 
     </span>
    </p>
   </div>
   <div class='ocr_carea' id='block_1_58' title="bbox 1802 2833 3401 2914">
    <p class='ocr_par' dir='ltr' id='par_1_58' title="bbox 1802 2833 3401 2914">
     <span class='ocr_line' id='line_1_58' title="bbox 1802 2833 3401 2914; baseline -0.001 -22"><span class='ocrx_word' id='word_1_422' title='bbox 1802 2837 2090 2908; x_wconf 88' lang='lat' dir='ltr'><strong>petendum</strong></span> <span class='ocrx_word' id='word_1_423' title='bbox 2114 2835 2242 2891; x_wconf 92' lang='lat' dir='ltr'><strong>illud</strong></span> <span class='ocrx_word' id='word_1_424' title='bbox 2273 2835 2500 2891; x_wconf 88' lang='lat' dir='ltr'><strong>venerit.</strong></span> <span class='ocrx_word' id='word_1_425' title='bbox 2531 2833 2588 2890; x_wconf 89' lang='lat' dir='ltr'><strong>Si</strong></span> <span class='ocrx_word' id='word_1_426' title='bbox 2613 2849 2738 2892; x_wconf 90' lang='lat' dir='ltr'><strong>vero</strong></span> <span class='ocrx_word' id='word_1_427' title='bbox 2766 2849 2826 2890; x_wconf 89' lang='lat' dir='ltr'><strong>ea</strong></span> <span class='ocrx_word' id='word_1_428' title='bbox 2861 2845 3164 2906; x_wconf 90' lang='lat' dir='ltr'><strong>temporum</strong></span> <span class='ocrx_word' id='word_1_429' title='bbox 3203 2848 3401 2914; x_wconf 88' lang='lat' dir='ltr'><strong>neces-_</strong></span> 
     </span>
    </p>
   </div>
   <div class='ocr_carea' id='block_1_59' title="bbox 1803 2927 3396 3000">
    <p class='ocr_par' dir='ltr' id='par_1_59' title="bbox 1803 2927 3396 3000">
     <span class='ocr_line' id='line_1_59' title="bbox 1803 2927 3396 3000; baseline -0.004 -14"><span class='ocrx_word' id='word_1_430' title='bbox 1803 2930 1938 2986; x_wconf 86' lang='lat' dir='ltr'><strong>sitas</strong></span> <span class='ocrx_word' id='word_1_431' title='bbox 1977 2929 2143 2986; x_wconf 87' lang='lat' dir='ltr'><strong>fuerit</strong></span> <span class='ocrx_word' id='word_1_432' title='bbox 2181 2937 2242 2984; x_wconf 91' lang='lat' dir='ltr'><strong>ut</strong></span> <span class='ocrx_word' id='word_1_433' title='bbox 2281 2943 2456 2998; x_wconf 85' lang='lat' dir='ltr'><strong>neque</strong></span> <span class='ocrx_word' id='word_1_434' title='bbox 2501 2928 2784 3000; x_wconf 81' lang='lat' dir='ltr'><strong>presbyter</strong></span> <span class='ocrx_word' id='word_1_435' title='bbox 2811 2943 2989 2999; x_wconf 91' lang='lat' dir='ltr'><strong>neque</strong></span> <span class='ocrx_word' id='word_1_436' title='bbox 3025 2927 3286 2984; x_wconf 88' lang='lat' dir='ltr'><strong>diaconus</strong></span> <span class='ocrx_word' id='word_1_437' title='bbox 3328 2928 3396 2982; x_wconf 87' lang='lat' dir='ltr'><strong>ad</strong></span> 
     </span>
    </p>
   </div>
   <div class='ocr_carea' id='block_1_60' title="bbox 1802 3019 3402 3091">
    <p class='ocr_par' dir='ltr' id='par_1_60' title="bbox 1802 3019 3402 3091">
     <span class='ocr_line' id='line_1_60' title="bbox 1802 3019 3402 3091; baseline -0.001 -15"><span class='ocrx_word' id='word_1_438' title='bbox 1802 3021 2072 3076; x_wconf 86' lang='lat' dir='ltr'><strong>civitatem</strong></span> <span class='ocrx_word' id='word_1_439' title='bbox 2118 3019 2385 3090; x_wconf 85' lang='lat' dir='ltr'><strong>proficisci</strong></span> <span class='ocrx_word' id='word_1_440' title='bbox 2433 3029 2653 3091; x_wconf 87' lang='lat' dir='ltr'><strong>propter</strong></span> <span class='ocrx_word' id='word_1_441' title='bbox 2684 3021 2823 3075; x_wconf 91' lang='lat' dir='ltr'><strong>hanc</strong></span> <span class='ocrx_word' id='word_1_442' title='bbox 2870 3035 3091 3075; x_wconf 86' lang='lat' dir='ltr'><strong>causam</strong></span> <span class='ocrx_word' id='word_1_443' title='bbox 3137 3020 3346 3091; x_wconf 89' lang='lat' dir='ltr'><strong>possint</strong></span> <span class='ocrx_word' id='word_1_444' title='bbox 3377 3057 3402 3088; x_wconf 14' lang='grc' dir='ltr'>,Α</span> 
     </span>
    </p>
   </div>
   <div class='ocr_carea' id='block_1_61' title="bbox 1803 3111 3392 3184">
    <p class='ocr_par' dir='ltr' id='par_1_61' title="bbox 1803 3111 3392 3184">
     <span class='ocr_line' id='line_1_61' title="bbox 1803 3111 3392 3184; baseline 0 -18"><span class='ocrx_word' id='word_1_445' title='bbox 1803 3120 1916 3166; x_wconf 91' lang='lat' dir='ltr'><strong>tum</strong></span> <span class='ocrx_word' id='word_1_446' title='bbox 1949 3111 2108 3167; x_wconf 86' lang='lat' dir='ltr'><strong>licere</strong></span> <span class='ocrx_word' id='word_1_447' title='bbox 2145 3125 2266 3166; x_wconf 89' lang='lat' dir='ltr'><strong>eam</strong></span> <span class='ocrx_word' id='word_1_448' title='bbox 2297 3127 2482 3166; x_wconf 85' lang='lat' dir='ltr'><strong>curam</strong></span> <span class='ocrx_word' id='word_1_449' title='bbox 2519 3111 2857 3167; x_wconf 86' lang='lat' dir='ltr'><strong>committere</strong></span> <span class='ocrx_word' id='word_1_450' title='bbox 2886 3111 3252 3168; x_wconf 89' lang='lat' dir='ltr'><strong>subdiaconis.</strong></span> <span class='ocrx_word' id='word_1_451' title='bbox 3280 3111 3392 3184; x_wconf 54' lang='lat' dir='ltr'><strong>Ap.</strong></span> 
     </span>
    </p>
   </div>
   <div class='ocr_carea' id='block_1_62' title="bbox 117 3199 3394 3274">
    <p class='ocr_par' dir='ltr' id='par_1_62' title="bbox 117 3199 3394 3274">
     <span class='ocr_line' id='line_1_62' title="bbox 117 3199 3394 3274; baseline 0 -16"><span class='ocrx_word' id='word_1_452' title='bbox 117 3204 260 3274; x_wconf 87' lang='lat' dir='ltr'><strong>ejus,</strong></span> <span class='ocrx_word' id='word_1_453' title='bbox 283 3205 471 3259; x_wconf 90' lang='lat' dir='ltr'><strong>dicens</strong></span> <span class='ocrx_word' id='word_1_454' title='bbox 506 3203 806 3258; x_wconf 88' lang='lat' dir='ltr'><strong>orationem</strong></span> <span class='ocrx_word' id='word_1_455' title='bbox 837 3201 1166 3257; x_wconf 79' lang='lat' dir='ltr'><strong>hanczbeus</strong></span> <span class='ocrx_word' id='word_1_456' title='bbox 1223 3204 1565 3270; x_wconf 83' lang='lat' dir='ltr'><strong>omnipotens,</strong></span> <span class='ocrx_word' id='word_1_457' title='bbox 1594 3199 1702 3254; x_wconf 87' lang='lat' dir='ltr'><strong>Pa-</strong></span> <span class='ocrx_word' id='word_1_458' title='bbox 1730 3199 1774 3260; x_wconf 89' lang='lat' dir='ltr'><strong>C</strong></span> <span class='ocrx_word' id='word_1_459' title='bbox 1805 3203 2236 3274; x_wconf 86' lang='lat' dir='ltr'><strong>propinquabant</strong></span> <span class='ocrx_word' id='word_1_460' title='bbox 2281 3203 2425 3257; x_wconf 89' lang='lat' dir='ltr'><strong>enim</strong></span> <span class='ocrx_word' id='word_1_461' title='bbox 2472 3201 2546 3256; x_wconf 91' lang='lat' dir='ltr'><strong>illi</strong></span> <span class='ocrx_word' id='word_1_462' title='bbox 2589 3203 2924 3270; x_wconf 88' lang='lat' dir='ltr'><strong>sacerdotio;</strong></span> <span class='ocrx_word' id='word_1_463' title='bbox 2959 3212 3016 3259; x_wconf 91' lang='lat' dir='ltr'><strong>et</strong></span> <span class='ocrx_word' id='word_1_464' title='bbox 3057 3219 3179 3260; x_wconf 91' lang='lat' dir='ltr'><strong>cum</strong></span> <span class='ocrx_word' id='word_1_465' title='bbox 3223 3205 3394 3261; x_wconf 89' lang='lat' dir='ltr'><strong>sacris</strong></span> 
     </span>
    </p>
   </div>
   <div class='ocr_carea' id='block_1_63' title="bbox 117 3290 1704 3364">
    <p class='ocr_par' dir='ltr' id='par_1_63' title="bbox 117 3290 1704 3364">
     <span class='ocr_line' id='line_1_63' title="bbox 117 3290 1704 3364; baseline -0.002 -16"><span class='ocrx_word' id='word_1_466' title='bbox 117 3307 196 3348; x_wconf 81' lang='lat' dir='ltr'><strong>ter</strong></span> <span class='ocrx_word' id='word_1_467' title='bbox 223 3293 438 3349; x_wconf 80' lang='lat' dir='ltr'><strong>Domini</strong></span> <span class='ocrx_word' id='word_1_468' title='bbox 468 3295 654 3361; x_wconf 77' lang='lat' dir='ltr'><strong>nostri,</strong></span> <span class='ocrx_word' id='word_1_469' title='bbox 682 3303 786 3348; x_wconf 88' lang='lat' dir='ltr'><strong>etc.</strong></span> <span class='ocrx_word' id='word_1_470' title='bbox 819 3291 886 3348; x_wconf 87' lang='lat' dir='ltr'><strong>Et</strong></span> <span class='ocrx_word' id='word_1_471' title='bbox 915 3295 1140 3349; x_wconf 87' lang='lat' dir='ltr'><strong>vestitur</strong></span> <span class='ocrx_word' id='word_1_472' title='bbox 1163 3291 1342 3347; x_wconf 87' lang='lat' dir='ltr'><strong>infans</strong></span> <span class='ocrx_word' id='word_1_473' title='bbox 1367 3290 1704 3364; x_wconf 79' lang='lat' dir='ltr'><strong>vestimentis</strong></span> 
     </span>
    </p>
   </div>
   <div class='ocr_carea' id='block_1_64' title="bbox 118 3379 1701 3456">
    <p class='ocr_par' dir='ltr' id='par_1_64' title="bbox 118 3379 1701 3456">
     <span class='ocr_line' id='line_1_64' title="bbox 118 3379 1701 3456; baseline -0.003 -18"><span class='ocrx_word' id='word_1_474' title='bbox 118 3386 256 3448; x_wconf 88' lang='lat' dir='ltr'><strong>suis,</strong></span> <span class='ocrx_word' id='word_1_475' title='bbox 297 3383 516 3440; x_wconf 84' lang='lat' dir='ltr'><strong>dicente</strong></span> <span class='ocrx_word' id='word_1_476' title='bbox 568 3385 883 3456; x_wconf 86' lang='lat' dir='ltr'><strong>presbytero</strong></span> <span class='ocrx_word' id='word_1_477' title='bbox 918 3383 1146 3454; x_wconf 84' lang='lat' dir='ltr'><strong>:Accipe</strong></span> <span class='ocrx_word' id='word_1_478' title='bbox 1175 3379 1701 3446; x_wconf 81' lang='lat' dir='ltr'><strong>vestem&#39;caiididam,</strong></span> 
     </span>
    </p>
   </div>
   <div class='ocr_carea' id='block_1_65' title="bbox 115 3470 1702 3544">
    <p class='ocr_par' dir='ltr' id='par_1_65' title="bbox 115 3470 1702 3544">
     <span class='ocr_line' id='line_1_65' title="bbox 115 3470 1702 3544; baseline -0.001 -18"><span class='ocrx_word' id='word_1_479' title='bbox 115 3483 227 3528; x_wconf 83' lang='lat' dir='ltr'><strong>etc.</strong></span> <span class='ocrx_word' id='word_1_480' title='bbox 255 3471 314 3527; x_wconf 89' lang='lat' dir='ltr'><strong>Si</strong></span> <span class='ocrx_word' id='word_1_481' title='bbox 353 3487 479 3527; x_wconf 88' lang='lat' dir='ltr'><strong>vero</strong></span> <span class='ocrx_word' id='word_1_482' title='bbox 501 3474 785 3544; x_wconf 89' lang='lat' dir='ltr'><strong>episcopus</strong></span> <span class='ocrx_word' id='word_1_483' title='bbox 821 3473 993 3540; x_wconf 89' lang='lat' dir='ltr'><strong>adest,</strong></span> <span class='ocrx_word' id='word_1_484' title='bbox 1028 3471 1214 3527; x_wconf 89' lang='lat' dir='ltr'><strong>statim</strong></span> <span class='ocrx_word' id='word_1_485' title='bbox 1243 3470 1554 3527; x_wconf 89' lang='lat' dir='ltr'><strong>conﬁrmari</strong></span> <span class='ocrx_word' id='word_1_486' title='bbox 1581 3485 1702 3526; x_wconf 90' lang='lat' dir='ltr'><strong>eum</strong></span> 
     </span>
    </p>
   </div>
   <div class='ocr_carea' id='block_1_66' title="bbox 115 3559 1704 3634">
    <p class='ocr_par' dir='ltr' id='par_1_66' title="bbox 115 3559 1704 3634">
     <span class='ocr_line' id='line_1_66' title="bbox 115 3559 1704 3634; baseline -0.001 -17"><span class='ocrx_word' id='word_1_487' title='bbox 115 3571 341 3634; x_wconf 86' lang='lat' dir='ltr'><strong>oportet</strong></span> <span class='ocrx_word' id='word_1_488' title='bbox 361 3563 654 3620; x_wconf 86' lang='lat' dir='ltr'><strong>chrismate</strong></span> <span class='ocrx_word' id='word_1_489' title='bbox 673 3604 688 3630; x_wconf 94' lang='lat'><strong>,</strong></span> <span class='ocrx_word' id='word_1_490' title='bbox 707 3567 765 3620; x_wconf 86' lang='lat' dir='ltr'><strong>et</strong></span> <span class='ocrx_word' id='word_1_491' title='bbox 797 3573 984 3634; x_wconf 89' lang='lat' dir='ltr'><strong>postea</strong></span> <span class='ocrx_word' id='word_1_492' title='bbox 1003 3561 1410 3620; x_wconf 89' lang='lat' dir='ltr'><strong>communicari.</strong></span> <span class='ocrx_word' id='word_1_493' title='bbox 1439 3561 1507 3616; x_wconf 86' lang='lat' dir='ltr'><strong>Et</strong></span> <span class='ocrx_word' id='word_1_494' title='bbox 1531 3561 1575 3616; x_wconf 88' lang='lat' dir='ltr'><strong>si</strong></span> <span class='ocrx_word' id='word_1_495' title='bbox 1590 3559 1704 3630; x_wconf 83' lang='lat' dir='ltr'><strong>epi-</strong></span> 
     </span>
    </p>
   </div>
   <div class='ocr_carea' id='block_1_67' title="bbox 119 3653 1702 3729">
    <p class='ocr_par' dir='ltr' id='par_1_67' title="bbox 119 3653 1702 3729">
     <span class='ocr_line' id='line_1_67' title="bbox 119 3653 1702 3729; baseline -0.004 -17"><span class='ocrx_word' id='word_1_496' title='bbox 119 3671 324 3727; x_wconf 80' lang='lat' dir='ltr'><strong>secpus</strong></span> <span class='ocrx_word' id='word_1_497' title='bbox 344 3657 518 3723; x_wconf 84' lang='lat' dir='ltr'><strong>deest,</strong></span> <span class='ocrx_word' id='word_1_498' title='bbox 533 3657 964 3714; x_wconf 89' lang='lat' dir='ltr'><strong>communicetur</strong></span> <span class='ocrx_word' id='word_1_499' title='bbox 988 3672 1018 3712; x_wconf 89' lang='lat' dir='ltr'><strong>a</strong></span> <span class='ocrx_word' id='word_1_500' title='bbox 1038 3657 1356 3729; x_wconf 86' lang='lat' dir='ltr'><strong>presbytero</strong></span> <span class='ocrx_word' id='word_1_501' title='bbox 1374 3653 1585 3710; x_wconf 89' lang='lat' dir='ltr'><strong>dicente</strong></span> <span class='ocrx_word' id='word_1_502' title='bbox 1599 3653 1702 3708; x_wconf 87' lang='lat' dir='ltr'><strong>ita:</strong></span> 
     </span>
    </p>
   </div>
   <div class='ocr_carea' id='block_1_68' title="bbox 119 3745 1706 3816">
    <p class='ocr_par' dir='ltr' id='par_1_68' title="bbox 119 3745 1706 3816">
     <span class='ocr_line' id='line_1_68' title="bbox 119 3745 1706 3816; baseline -0.003 -14"><span class='ocrx_word' id='word_1_503' title='bbox 119 3746 330 3816; x_wconf 85' lang='lat' dir='ltr'><strong>Corpus</strong></span> <span class='ocrx_word' id='word_1_504' title='bbox 383 3747 596 3802; x_wconf 85' lang='lat' dir='ltr'><strong>Domini</strong></span> <span class='ocrx_word' id='word_1_505' title='bbox 633 3745 764 3802; x_wconf 82' lang='lat' dir='ltr'><strong>Jesu</strong></span> <span class='ocrx_word' id='word_1_506' title='bbox 816 3747 1014 3802; x_wconf 82' lang='lat' dir='ltr'><strong>Christi</strong></span> <span class='ocrx_word' id='word_1_507' title='bbox 1053 3747 1314 3801; x_wconf 81' lang='lat' dir='ltr'><strong>custodiat</strong></span> <span class='ocrx_word' id='word_1_508' title='bbox 1362 3755 1411 3800; x_wconf 80' lang='lat' dir='ltr'><strong>te</strong></span> <span class='ocrx_word' id='word_1_509' title='bbox 1467 3745 1520 3799; x_wconf 88' lang='lat' dir='ltr'><strong>in</strong></span> <span class='ocrx_word' id='word_1_510' title='bbox 1547 3745 1706 3800; x_wconf 78' lang='lat' dir='ltr'><strong>citam</strong></span> 
     </span>
    </p>
   </div>
   <div class='ocr_carea' id='block_1_69' title="bbox 119 3835 1706 3910">
    <p class='ocr_par' dir='ltr' id='par_1_69' title="bbox 119 3835 1706 3910">
     <span class='ocr_line' id='line_1_69' title="bbox 119 3835 1706 3910; baseline -0.002 -16"><span class='ocrx_word' id='word_1_511' title='bbox 119 3851 404 3894; x_wconf 70' lang='lat' dir='ltr'><strong>teter-nam.</strong></span> <span class='ocrx_word' id='word_1_512' title='bbox 429 3859 447 3890; x_wconf 68' lang='grc' dir='ltr'><strong>ι</strong></span> <span class='ocrx_word' id='word_1_513' title='bbox 467 3839 534 3894; x_wconf 90' lang='lat' dir='ltr'><strong>Et</strong></span> <span class='ocrx_word' id='word_1_514' title='bbox 563 3840 616 3893; x_wconf 91' lang='lat' dir='ltr'><strong>in</strong></span> <span class='ocrx_word' id='word_1_515' title='bbox 636 3837 858 3910; x_wconf 88' lang='lat' dir='ltr'><strong>epistola</strong></span> <span class='ocrx_word' id='word_1_516' title='bbox 883 3838 1034 3894; x_wconf 72' lang='lat' dir='ltr'><strong>Iesse</strong></span> <span class='ocrx_word' id='word_1_517' title='bbox 1059 3839 1294 3910; x_wconf 90' lang='lat' dir='ltr'><strong>episcopi</strong></span> <span class='ocrx_word' id='word_1_518' title='bbox 1323 3835 1706 3892; x_wconf 87' lang='lat' dir='ltr'><strong>Ambianensis</strong></span> 
     </span>
    </p>
   </div>
   <div class='ocr_carea' id='block_1_70' title="bbox 118 3930 1707 4004">
    <p class='ocr_par' dir='ltr' id='par_1_70' title="bbox 118 3930 1707 4004">
     <span class='ocr_line' id='line_1_70' title="bbox 118 3930 1707 4004; baseline -0.001 -19"><span class='ocrx_word' id='word_1_519' title='bbox 118 3932 184 3987; x_wconf 88' lang='lat' dir='ltr'><strong>de</strong></span> <span class='ocrx_word' id='word_1_520' title='bbox 221 3931 415 3986; x_wconf 89' lang='lat' dir='ltr'><strong>ordine</strong></span> <span class='ocrx_word' id='word_1_521' title='bbox 433 3931 680 4002; x_wconf 91' lang='lat' dir='ltr'><strong>baptismi</strong></span> <span class='ocrx_word' id='word_1_522' title='bbox 707 3931 1017 4004; x_wconf 56' lang='lat' dir='ltr'><strong>praecipitur</strong></span> <span class='ocrx_word' id='word_1_523' title='bbox 1056 3940 1114 3986; x_wconf 90' lang='lat' dir='ltr'><strong>ut</strong></span> <span class='ocrx_word' id='word_1_524' title='bbox 1159 3940 1284 4002; x_wconf 87' lang='lat' dir='ltr'><strong>post</strong></span> <span class='ocrx_word' id='word_1_525' title='bbox 1321 3930 1520 3986; x_wconf 91' lang='lat' dir='ltr'><strong>trinam</strong></span> <span class='ocrx_word' id='word_1_526' title='bbox 1562 3943 1707 3985; x_wconf 78' lang='lat' dir='ltr'><strong>mer-</strong></span> 
     </span>
    </p>
   </div>
   <div class='ocr_carea' id='block_1_71' title="bbox 118 4020 1706 4094">
    <p class='ocr_par' dir='ltr' id='par_1_71' title="bbox 118 4020 1706 4094">
     <span class='ocr_line' id='line_1_71' title="bbox 118 4020 1706 4094; baseline -0.003 -16"><span class='ocrx_word' id='word_1_527' title='bbox 118 4023 339 4078; x_wconf 85' lang='lat' dir='ltr'><strong>sionem</strong></span> <span class='ocrx_word' id='word_1_528' title='bbox 365 4021 647 4092; x_wconf 88' lang='lat' dir='ltr'><strong>episcopus</strong></span> <span class='ocrx_word' id='word_1_529' title='bbox 692 4037 920 4094; x_wconf 90' lang='lat' dir='ltr'><strong>puerum</strong></span> <span class='ocrx_word' id='word_1_530' title='bbox 972 4022 1266 4078; x_wconf 89' lang='lat' dir='ltr'><strong>chrismate</strong></span> <span class='ocrx_word' id='word_1_531' title='bbox 1317 4021 1605 4077; x_wconf 88' lang='lat' dir='ltr'><strong>conﬁrmet</strong></span> <span class='ocrx_word' id='word_1_532' title='bbox 1651 4020 1706 4075; x_wconf 91' lang='lat' dir='ltr'><strong>in</strong></span> 
     </span>
    </p>
   </div>
   <div class='ocr_carea' id='block_1_72' title="bbox 117 4111 1704 4184">
    <p class='ocr_par' dir='ltr' id='par_1_72' title="bbox 117 4111 1704 4184">
     <span class='ocr_line' id='line_1_72' title="bbox 117 4111 1704 4184; baseline 0.001 -18"><span class='ocrx_word' id='word_1_533' title='bbox 117 4111 333 4178; x_wconf 86' lang='lat' dir='ltr'><strong>fronte,</strong></span> <span class='ocrx_word' id='word_1_534' title='bbox 355 4112 648 4169; x_wconf 88' lang='lat' dir='ltr'><strong>novissime</strong></span> <span class='ocrx_word' id='word_1_535' title='bbox 673 4123 853 4168; x_wconf 91' lang='lat' dir='ltr'><strong>autem</strong></span> <span class='ocrx_word' id='word_1_536' title='bbox 881 4129 1108 4184; x_wconf 90' lang='lat' dir='ltr'><strong>corpore</strong></span> <span class='ocrx_word' id='word_1_537' title='bbox 1130 4125 1185 4168; x_wconf 94' lang='lat' dir='ltr'><strong>et</strong></span> <span class='ocrx_word' id='word_1_538' title='bbox 1224 4115 1486 4184; x_wconf 83' lang='lat' dir='ltr'><strong>sanguine</strong></span> <span class='ocrx_word' id='word_1_539' title='bbox 1505 4113 1704 4169; x_wconf 89' lang='lat' dir='ltr'><strong>Christi</strong></span> 
     </span>
    </p>
   </div>
   <div class='ocr_carea' id='block_1_73' title="bbox 117 4203 1706 4261">
    <p class='ocr_par' dir='ltr' id='par_1_73' title="bbox 117 4203 1706 4261">
     <span class='ocr_line' id='line_1_73' title="bbox 117 4203 1706 4261; baseline 0.001 -3"><span class='ocrx_word' id='word_1_540' title='bbox 117 4203 480 4258; x_wconf 86' lang='lat' dir='ltr'><strong>conﬁrmetur</strong></span> <span class='ocrx_word' id='word_1_541' title='bbox 499 4219 591 4260; x_wconf 91' lang='lat' dir='ltr'><strong>seu</strong></span> <span class='ocrx_word' id='word_1_542' title='bbox 615 4207 1041 4261; x_wconf 86' lang='lat' dir='ltr'><strong>communicetur</strong></span> <span class='ocrx_word' id='word_1_543' title='bbox 1093 4215 1150 4260; x_wconf 93' lang='lat' dir='ltr'><strong>ut</strong></span> <span class='ocrx_word' id='word_1_544' title='bbox 1177 4205 1376 4261; x_wconf 88' lang='lat' dir='ltr'><strong>Christi</strong></span> <span class='ocrx_word' id='word_1_545' title='bbox 1405 4205 1706 4261; x_wconf 90' lang='lat' dir='ltr'><strong>membrum</strong></span> 
     </span>
    </p>
   </div>
   <div class='ocr_carea' id='block_1_74' title="bbox 117 4289 1714 4366">
    <p class='ocr_par' dir='ltr' id='par_1_74' title="bbox 117 4289 1714 4366">
     <span class='ocr_line' id='line_1_74' title="bbox 117 4289 1714 4366; baseline 0.001 -18"><span class='ocrx_word' id='word_1_546' title='bbox 117 4307 248 4349; x_wconf 84' lang='lat' dir='ltr'><strong>esse</strong></span> <span class='ocrx_word' id='word_1_547' title='bbox 275 4293 466 4362; x_wconf 86' lang='lat' dir='ltr'><strong>possit.</strong></span> <span class='ocrx_word' id='word_1_548' title='bbox 502 4293 741 4364; x_wconf 88' lang='lat' dir='ltr'><strong>Denique</strong></span> <span class='ocrx_word' id='word_1_549' title='bbox 766 4295 850 4349; x_wconf 89' lang='lat' dir='ltr'><strong>vir</strong></span> <span class='ocrx_word' id='word_1_550' title='bbox 888 4295 1233 4351; x_wconf 89' lang='lat' dir='ltr'><strong>doctissimus</strong></span> <span class='ocrx_word' id='word_1_551' title='bbox 1281 4289 1434 4366; x_wconf 79' lang='lat' dir='ltr'><strong>llugo</strong></span> <span class='ocrx_word' id='word_1_552' title='bbox 1491 4294 1714 4351; x_wconf 66' lang='lat' dir='ltr'><strong>Menar-&#39;</strong></span> 
     </span>
    </p>
   </div>
   <div class='ocr_carea' id='block_1_75' title="bbox 119 4383 1704 4458">
    <p class='ocr_par' dir='ltr' id='par_1_75' title="bbox 119 4383 1704 4458">
     <span class='ocr_line' id='line_1_75' title="bbox 119 4383 1704 4458; baseline 0.001 -20"><span class='ocrx_word' id='word_1_553' title='bbox 119 4383 230 4438; x_wconf 88' lang='lat' dir='ltr'><strong>dus</strong></span> <span class='ocrx_word' id='word_1_554' title='bbox 267 4384 493 4438; x_wconf 89' lang='lat' dir='ltr'><strong>adnotat</strong></span> <span class='ocrx_word' id='word_1_555' title='bbox 525 4385 592 4440; x_wconf 89' lang='lat' dir='ltr'><strong>ad</strong></span> <span class='ocrx_word' id='word_1_556' title='bbox 627 4386 826 4440; x_wconf 91' lang='lat' dir='ltr'><strong>librum</strong></span> <span class='ocrx_word' id='word_1_557' title='bbox 863 4383 1361 4452; x_wconf 88' lang='lat' dir='ltr'><strong>Sacramentorum,</strong></span> <span class='ocrx_word' id='word_1_558' title='bbox 1411 4401 1536 4458; x_wconf 81' lang='lat' dir='ltr'><strong>pag.</strong></span> <span class='ocrx_word' id='word_1_559' title='bbox 1583 4386 1704 4452; x_wconf 65' lang='lat' dir='ltr'><strong>Mi,</strong></span> 
     </span>
    </p>
   </div>
   <div class='ocr_carea' id='block_1_76' title="bbox 117 4472 1707 4550">
    <p class='ocr_par' dir='ltr' id='par_1_76' title="bbox 117 4472 1707 4550">
     <span class='ocr_line' id='line_1_76' title="bbox 117 4472 1707 4550; baseline 0.004 -24"><span class='ocrx_word' id='word_1_560' title='bbox 117 4472 412 4544; x_wconf 87' lang='lat' dir='ltr'><strong>episcopos</strong></span> <span class='ocrx_word' id='word_1_561' title='bbox 437 4475 753 4544; x_wconf 89' lang='lat' dir='ltr'><strong>antiquitus,</strong></span> <span class='ocrx_word' id='word_1_562' title='bbox 775 4485 1060 4547; x_wconf 87' lang='lat' dir='ltr'><strong>postquam</strong></span> <span class='ocrx_word' id='word_1_563' title='bbox 1077 4477 1500 4550; x_wconf 87' lang='lat' dir='ltr'><strong>baptizaverant,</strong></span> <span class='ocrx_word' id='word_1_564' title='bbox 1526 4478 1707 4533; x_wconf 89' lang='lat' dir='ltr'><strong>statim</strong></span> 
     </span>
    </p>
   </div>
   <div class='ocr_carea' id='block_1_77' title="bbox 1805 3291 3394 3366">
    <p class='ocr_par' dir='ltr' id='par_1_77' title="bbox 1805 3291 3394 3366">
     <span class='ocr_line' id='line_1_77' title="bbox 1805 3291 3394 3366; baseline 0.001 -18"><span class='ocrx_word' id='word_1_565' title='bbox 1805 3291 2066 3348; x_wconf 86' lang='lat' dir='ltr'><strong>altaribus</strong></span> <span class='ocrx_word' id='word_1_566' title='bbox 2084 3292 2475 3358; x_wconf 90' lang='lat' dir='ltr'><strong>ministrarent,</strong></span> <span class='ocrx_word' id='word_1_567' title='bbox 2495 3307 2648 3348; x_wconf 87' lang='lat' dir='ltr'><strong>sacra</strong></span> <span class='ocrx_word' id='word_1_568' title='bbox 2673 3295 2931 3366; x_wconf 74' lang='lat' dir='ltr'><strong>mysteria</strong></span> <span class='ocrx_word' id='word_1_569' title='bbox 2957 3295 3394 3358; x_wconf 89' lang='lat' dir='ltr'><strong>eontrectabant,</strong></span> 
     </span>
    </p>
   </div>
   <div class='ocr_carea' id='block_1_78' title="bbox 1805 3380 3401 3454">
    <p class='ocr_par' dir='ltr' id='par_1_78' title="bbox 1805 3380 3401 3454">
     <span class='ocr_line' id='line_1_78' title="bbox 1805 3380 3401 3454; baseline 0.003 -18"><span class='ocrx_word' id='word_1_570' title='bbox 1805 3391 1864 3436; x_wconf 93' lang='lat' dir='ltr'><strong>ut</strong></span> <span class='ocrx_word' id='word_1_571' title='bbox 1909 3380 2146 3451; x_wconf 89' lang='lat' dir='ltr'><strong>loquitur</strong></span> <span class='ocrx_word' id='word_1_572' title='bbox 2191 3381 2476 3438; x_wconf 87' lang='lat' dir='ltr'><strong>concilium</strong></span> <span class='ocrx_word' id='word_1_573' title='bbox 2522 3381 2953 3454; x_wconf 86' lang='lat' dir='ltr'><strong>Cartliaginense</strong></span> <span class='ocrx_word' id='word_1_574' title='bbox 2996 3396 3211 3440; x_wconf 84' lang='lat' dir='ltr'><strong>sextum</strong></span> <span class='ocrx_word' id='word_1_575' title='bbox 3259 3385 3401 3454; x_wconf 87' lang='lat' dir='ltr'><strong>apud</strong></span> 
     </span>
    </p>
   </div>
   <div class='ocr_carea' id='block_1_79' title="bbox 1807 3457 3400 3544">
    <p class='ocr_par' dir='ltr' id='par_1_79' title="bbox 1807 3457 3400 3544">
     <span class='ocr_line' id='line_1_79' title="bbox 1807 3457 3400 3544; baseline 0.004 -19"><span class='ocrx_word' id='word_1_576' title='bbox 1807 3471 2137 3543; x_wconf 85' lang='lat' dir='ltr'><strong>Reginonem</strong></span> <span class='ocrx_word' id='word_1_577' title='bbox 2160 3473 2373 3542; x_wconf 65' lang='lat' dir='ltr'><strong>cap.,92</strong></span> <span class='ocrx_word' id='word_1_578' title='bbox 2391 3471 2514 3528; x_wconf 89' lang='lat' dir='ltr'><strong>libri</strong></span> <span class='ocrx_word' id='word_1_579' title='bbox 2541 3473 2724 3544; x_wconf 91' lang='lat' dir='ltr'><strong>primi.</strong></span> <span class='ocrx_word' id='word_1_580' title='bbox 2754 3473 2830 3529; x_wconf 86' lang='lat' dir='ltr'><strong>De</strong></span> <span class='ocrx_word' id='word_1_581' title='bbox 2858 3474 3048 3530; x_wconf 86' lang='lat' dir='ltr'><strong>iisdem</strong></span> <span class='ocrx_word' id='word_1_582' title='bbox 3072 3457 3217 3531; x_wconf 83' lang='lat' dir='ltr'><strong>haud</strong></span> <span class='ocrx_word' id='word_1_583' title='bbox 3238 3476 3400 3532; x_wconf 84' lang='lat' dir='ltr'><strong>dubie</strong></span> 
     </span>
    </p>
   </div>
   <div class='ocr_carea' id='block_1_80' title="bbox 1805 3563 3398 3638">
    <p class='ocr_par' dir='ltr' id='par_1_80' title="bbox 1805 3563 3398 3638">
     <span class='ocr_line' id='line_1_80' title="bbox 1805 3563 3398 3638; baseline 0.001 -18"><span class='ocrx_word' id='word_1_584' title='bbox 1805 3563 2184 3635; x_wconf 87' lang='lat' dir='ltr'><strong>intelligendus</strong></span> <span class='ocrx_word' id='word_1_585' title='bbox 2205 3579 2378 3619; x_wconf 89' lang='lat' dir='ltr'><strong>canon</strong></span> <span class='ocrx_word' id='word_1_586' title='bbox 2400 3563 2470 3620; x_wconf 84' lang='grc'><strong>56</strong></span> <span class='ocrx_word' id='word_1_587' title='bbox 2501 3565 2715 3620; x_wconf 91' lang='lat' dir='ltr'><strong>concilii</strong></span> <span class='ocrx_word' id='word_1_588' title='bbox 2731 3566 2913 3636; x_wconf 88' lang='lat' dir='ltr'><strong>quarti</strong></span> <span class='ocrx_word' id='word_1_589' title='bbox 2934 3565 3398 3638; x_wconf 77' lang='lat' dir='ltr'><strong>Carthaginensis,</strong></span> 
     </span>
    </p>
   </div>
   <div class='ocr_carea' id='block_1_81' title="bbox 1805 3655 3400 3730">
    <p class='ocr_par' dir='ltr' id='par_1_81' title="bbox 1805 3655 3400 3730">
     <span class='ocr_line' id='line_1_81' title="bbox 1805 3655 3400 3730; baseline 0.001 -18"><span class='ocrx_word' id='word_1_590' title='bbox 1805 3657 1896 3714; x_wconf 91' lang='lat' dir='ltr'><strong>ubi</strong></span> <span class='ocrx_word' id='word_1_591' title='bbox 1927 3658 2006 3713; x_wconf 91' lang='lat' dir='ltr'><strong>sic</strong></span> <span class='ocrx_word' id='word_1_592' title='bbox 2028 3659 2259 3714; x_wconf 89' lang='lat' dir='ltr'><strong>habetur</strong></span> <span class='ocrx_word' id='word_1_593' title='bbox 2284 3675 2296 3712; x_wconf 86' lang='lat'><strong>:</strong></span> <span class='ocrx_word' id='word_1_594' title='bbox 2332 3675 2349 3708; x_wconf 73' lang='grc' dir='ltr'><strong><em>ι</em></strong></span> <span class='ocrx_word' id='word_1_595' title='bbox 2377 3655 2684 3730; x_wconf 83' lang='lat' dir='ltr'><strong>Presbyteri</strong></span> <span class='ocrx_word' id='word_1_596' title='bbox 2707 3658 2796 3728; x_wconf 91' lang='lat' dir='ltr'><strong>qui</strong></span> <span class='ocrx_word' id='word_1_597' title='bbox 2815 3673 2914 3729; x_wconf 91' lang='lat' dir='ltr'><strong>per</strong></span> <span class='ocrx_word' id='word_1_598' title='bbox 2942 3658 3206 3714; x_wconf 76' lang='lat' dir='ltr'><strong>diteceses</strong></span> <span class='ocrx_word' id='word_1_599' title='bbox 3226 3657 3400 3716; x_wconf 85' lang='lat' dir='ltr'><strong>eccle-</strong></span> 
     </span>
    </p>
   </div>
   <div class='ocr_carea' id='block_1_82' title="bbox 1804 3750 3397 3832">
    <p class='ocr_par' dir='ltr' id='par_1_82' title="bbox 1804 3750 3397 3832">
     <span class='ocr_line' id='line_1_82' title="bbox 1804 3750 3397 3832; baseline 0.002 -27"><span class='ocrx_word' id='word_1_600' title='bbox 1804 3750 1914 3806; x_wconf 88' lang='lat' dir='ltr'><strong>sias</strong></span> <span class='ocrx_word' id='word_1_601' title='bbox 1966 3759 2202 3821; x_wconf 85' lang='lat' dir='ltr'><strong>regunt,</strong></span> <span class='ocrx_word' id='word_1_602' title='bbox 2253 3765 2360 3805; x_wconf 89' lang='lat' dir='ltr'><strong>non</strong></span> <span class='ocrx_word' id='word_1_603' title='bbox 2406 3763 2437 3804; x_wconf 92' lang='lat' dir='ltr'><strong>a</strong></span> <span class='ocrx_word' id='word_1_604' title='bbox 2485 3750 2815 3821; x_wconf 88' lang='lat' dir='ltr'><strong>quibuslibet</strong></span> <span class='ocrx_word' id='word_1_605' title='bbox 2859 3751 3164 3822; x_wconf 88' lang='lat' dir='ltr'><strong>episcopis,</strong></span> <span class='ocrx_word' id='word_1_606' title='bbox 3217 3753 3314 3810; x_wconf 85' lang='lat' dir='ltr'><strong>sed</strong></span> <span class='ocrx_word' id='word_1_607' title='bbox 3365 3768 3397 3832; x_wconf 83' lang='lat' dir='ltr'><strong>a</strong></span> 
     </span>
    </p>
   </div>
   <div class='ocr_carea' id='block_1_83' title="bbox 1805 3841 3402 3916">
    <p class='ocr_par' dir='ltr' id='par_1_83' title="bbox 1805 3841 3402 3916">
     <span class='ocr_line' id='line_1_83' title="bbox 1805 3841 3402 3916; baseline 0.002 -16"><span class='ocrx_word' id='word_1_608' title='bbox 1805 3845 1950 3910; x_wconf 88' lang='lat' dir='ltr'><strong>suis,</strong></span> <span class='ocrx_word' id='word_1_609' title='bbox 1999 3859 2099 3900; x_wconf 90' lang='lat' dir='ltr'><strong>nec</strong></span> <span class='ocrx_word' id='word_1_610' title='bbox 2142 3859 2240 3914; x_wconf 92' lang='lat' dir='ltr'><strong>per</strong></span> <span class='ocrx_word' id='word_1_611' title='bbox 2271 3841 2546 3913; x_wconf 74' lang='lat' dir='ltr'><strong>iuniorem</strong></span> <span class='ocrx_word' id='word_1_612' title='bbox 2594 3844 2884 3911; x_wconf 89' lang='lat' dir='ltr'><strong>clericum,</strong></span> <span class='ocrx_word' id='word_1_613' title='bbox 2931 3846 3026 3902; x_wconf 89' lang='lat' dir='ltr'><strong>sed</strong></span> <span class='ocrx_word' id='word_1_614' title='bbox 3073 3854 3166 3900; x_wconf 84' lang='lat' dir='ltr'><strong>aut</strong></span> <span class='ocrx_word' id='word_1_615' title='bbox 3209 3861 3308 3916; x_wconf 90' lang='lat' dir='ltr'><strong>per</strong></span> <span class='ocrx_word' id='word_1_616' title='bbox 3341 3861 3402 3904; x_wconf 89' lang='lat' dir='ltr'><strong>se</strong></span> 
     </span>
    </p>
   </div>
   <div class='ocr_carea' id='block_1_84' title="bbox 1805 3931 3401 4006">
    <p class='ocr_par' dir='ltr' id='par_1_84' title="bbox 1805 3931 3401 4006">
     <span class='ocr_line' id='line_1_84' title="bbox 1805 3931 3401 4006; baseline 0.003 -18"><span class='ocrx_word' id='word_1_617' title='bbox 1805 3934 1991 4002; x_wconf 90' lang='lat' dir='ltr'><strong>ipsos,</strong></span> <span class='ocrx_word' id='word_1_618' title='bbox 2041 3931 2134 3988; x_wconf 84' lang='lat' dir='ltr'><strong>atl‘t</strong></span> <span class='ocrx_word' id='word_1_619' title='bbox 2183 3949 2280 4005; x_wconf 90' lang='lat' dir='ltr'><strong>per</strong></span> <span class='ocrx_word' id='word_1_620' title='bbox 2336 3934 2485 3988; x_wconf 88' lang='lat' dir='ltr'><strong>illum</strong></span> <span class='ocrx_word' id='word_1_621' title='bbox 2539 3935 2632 4006; x_wconf 92' lang='lat' dir='ltr'><strong>qui</strong></span> <span class='ocrx_word' id='word_1_622' title='bbox 2680 3937 2980 3990; x_wconf 88' lang='lat' dir='ltr'><strong>sacrarium</strong></span> <span class='ocrx_word' id='word_1_623' title='bbox 3027 3943 3223 4002; x_wconf 86' lang='lat' dir='ltr'><strong>tenet,</strong></span> <span class='ocrx_word' id='word_1_624' title='bbox 3275 3946 3401 3992; x_wconf 89' lang='lat' dir='ltr'><strong>ante</strong></span> 
     </span>
    </p>
   </div>
   <div class='ocr_carea' id='block_1_85' title="bbox 1806 4025 3396 4097">
    <p class='ocr_par' dir='ltr' id='par_1_85' title="bbox 1806 4025 3396 4097">
     <span class='ocr_line' id='line_1_85' title="bbox 1806 4025 3396 4097; baseline 0.001 -17"><span class='ocrx_word' id='word_1_625' title='bbox 1806 4025 2026 4082; x_wconf 72' lang='lat' dir='ltr'><strong>Pascha:</strong></span> <span class='ocrx_word' id='word_1_626' title='bbox 2062 4025 2460 4082; x_wconf 90' lang='lat' dir='ltr'><strong>solemnitatem</strong></span> <span class='ocrx_word' id='word_1_627' title='bbox 2490 4027 2730 4082; x_wconf 88' lang='lat' dir='ltr'><strong>chrisma</strong></span> <span class='ocrx_word' id='word_1_628' title='bbox 2758 4037 2960 4097; x_wconf 87' lang='lat' dir='ltr'><strong>petant.</strong></span> <span class='ocrx_word' id='word_1_629' title='bbox 2997 4045 3016 4080; x_wconf 72' lang='grc' dir='ltr'><strong><em>ι</em></strong></span> <span class='ocrx_word' id='word_1_630' title='bbox 3063 4028 3296 4083; x_wconf 88' lang='lat' dir='ltr'><strong>Rursum</strong></span> <span class='ocrx_word' id='word_1_631' title='bbox 3341 4029 3396 4083; x_wconf 88' lang='lat' dir='ltr'><strong>iu</strong></span> 
     </span>
    </p>
   </div>
   <div class='ocr_carea' id='block_1_86' title="bbox 1806 4115 3398 4188">
    <p class='ocr_par' dir='ltr' id='par_1_86' title="bbox 1806 4115 3398 4188">
     <span class='ocr_line' id='line_1_86' title="bbox 1806 4115 3398 4188; baseline 0 -18"><span class='ocrx_word' id='word_1_632' title='bbox 1806 4117 1944 4174; x_wconf 88' lang='lat' dir='ltr'><strong>libro</strong></span> <span class='ocrx_word' id='word_1_633' title='bbox 1971 4117 2202 4188; x_wconf 89' lang='lat' dir='ltr'><strong>septimo</strong></span> <span class='ocrx_word' id='word_1_634' title='bbox 2225 4115 2546 4187; x_wconf 84' lang='lat' dir='ltr'><strong>Capitular.,</strong></span> <span class='ocrx_word' id='word_1_635' title='bbox 2572 4131 2690 4185; x_wconf 89' lang='lat' dir='ltr'><strong>cap.</strong></span> <span class='ocrx_word' id='word_1_636' title='bbox 2720 4116 2844 4182; x_wconf 82' lang='lat'><strong>510,</strong></span> <span class='ocrx_word' id='word_1_637' title='bbox 2871 4117 3129 4172; x_wconf 90' lang='lat' dir='ltr'><strong>statuitur</strong></span> <span class='ocrx_word' id='word_1_638' title='bbox 3161 4117 3398 4172; x_wconf 89' lang='lat' dir='ltr'><strong>chrisma</strong></span> 
     </span>
    </p>
   </div>
   <div class='ocr_carea' id='block_1_87' title="bbox 1807 4189 3438 4283">
    <p class='ocr_par' dir='ltr' id='par_1_87' title="bbox 1807 4189 3438 4283">
     <span class='ocr_line' id='line_1_87' title="bbox 1807 4189 3438 4283; baseline -0.002 -17"><span class='ocrx_word' id='word_1_639' title='bbox 1807 4211 1875 4267; x_wconf 87' lang='lat' dir='ltr'><strong>ab</strong></span> <span class='ocrx_word' id='word_1_640' title='bbox 1905 4211 2160 4281; x_wconf 87' lang='lat' dir='ltr'><strong>episcopo</strong></span> <span class='ocrx_word' id='word_1_641' title='bbox 2189 4228 2206 4261; x_wconf 75' lang='grc' dir='ltr'>ι</span> <span class='ocrx_word' id='word_1_642' title='bbox 2241 4225 2346 4264; x_wconf 90' lang='lat' dir='ltr'><strong>non</strong></span> <span class='ocrx_word' id='word_1_643' title='bbox 2377 4209 2514 4283; x_wconf 83' lang='lat' dir='ltr'><strong>aliis</strong></span> <span class='ocrx_word' id='word_1_644' title='bbox 2561 4209 2880 4262; x_wconf 90' lang='lat' dir='ltr'><strong>tradendum</strong></span> <span class='ocrx_word' id='word_1_645' title='bbox 2911 4207 3014 4262; x_wconf 91' lang='lat' dir='ltr'><strong>nisi</strong></span> <span class='ocrx_word' id='word_1_646' title='bbox 3063 4189 3438 4264; x_wconf 56' lang='lat' dir='ltr'><strong>solummodu‘</strong></span> 
     </span>
    </p>
   </div>
   <div class='ocr_carea' id='block_1_88' title="bbox 1806 4296 3397 4374">
    <p class='ocr_par' dir='ltr' id='par_1_88' title="bbox 1806 4296 3397 4374">
     <span class='ocr_line' id='line_1_88' title="bbox 1806 4296 3397 4374; baseline -0.003 -18"><span class='ocrx_word' id='word_1_647' title='bbox 1806 4301 2136 4374; x_wconf 83' lang='lat' dir='ltr'><strong>presbyteris</strong></span> <span class='ocrx_word' id='word_1_648' title='bbox 2173 4299 2262 4356; x_wconf 88' lang='lat' dir='ltr'><strong>vel</strong></span> <span class='ocrx_word' id='word_1_649' title='bbox 2289 4299 2532 4355; x_wconf 89' lang='lat' dir='ltr'><strong>diaconis</strong></span> <span class='ocrx_word' id='word_1_650' title='bbox 2565 4305 2658 4352; x_wconf 90' lang='lat' dir='ltr'><strong>aut</strong></span> <span class='ocrx_word' id='word_1_651' title='bbox 2696 4297 3044 4353; x_wconf 89' lang='lat' dir='ltr'><strong>subdiaconis</strong></span> <span class='ocrx_word' id='word_1_652' title='bbox 3091 4297 3228 4352; x_wconf 90' lang='lat' dir='ltr'><strong>bene</strong></span> <span class='ocrx_word' id='word_1_653' title='bbox 3259 4296 3397 4352; x_wconf 65' lang='lat' dir='ltr'><strong>ﬁdea</strong></span> 
     </span>
    </p>
   </div>
   <div class='ocr_carea' id='block_1_89' title="bbox 1807 4389 3400 4466">
    <p class='ocr_par' dir='ltr' id='par_1_89' title="bbox 1807 4389 3400 4466">
     <span class='ocr_line' id='line_1_89' title="bbox 1807 4389 3400 4466; baseline -0.001 -18"><span class='ocrx_word' id='word_1_654' title='bbox 1807 4394 1964 4450; x_wconf 89' lang='lat' dir='ltr'><strong>libus.</strong></span> <span class='ocrx_word' id='word_1_655' title='bbox 2021 4393 2303 4466; x_wconf 80' lang='lat' dir='ltr'><strong>Indignum</strong></span> <span class='ocrx_word' id='word_1_656' title='bbox 2353 4400 2438 4448; x_wconf 88' lang='lat' dir='ltr'><strong>est</strong></span> <span class='ocrx_word' id='word_1_657' title='bbox 2484 4391 2628 4445; x_wconf 89' lang='lat' dir='ltr'><strong>enim</strong></span> <span class='ocrx_word' id='word_1_658' title='bbox 2676 4398 2734 4446; x_wconf 89' lang='lat' dir='ltr'><strong>ut</strong></span> <span class='ocrx_word' id='word_1_659' title='bbox 2783 4389 2873 4444; x_wconf 88' lang='lat' dir='ltr'><strong>alii</strong></span> <span class='ocrx_word' id='word_1_660' title='bbox 2921 4389 3052 4445; x_wconf 92' lang='lat' dir='ltr'><strong>illud</strong></span> <span class='ocrx_word' id='word_1_661' title='bbox 3103 4391 3400 4461; x_wconf 89' lang='lat' dir='ltr'><strong>suscipiant</strong></span> 
     </span>
    </p>
   </div>
   <div class='ocr_carea' id='block_1_90' title="bbox 1809 4478 3400 4552">
    <p class='ocr_par' dir='ltr' id='par_1_90' title="bbox 1809 4478 3400 4552">
     <span class='ocr_line' id='line_1_90' title="bbox 1809 4478 3400 4552; baseline -0.003 -14"><span class='ocrx_word' id='word_1_662' title='bbox 1809 4484 1912 4538; x_wconf 90' lang='lat' dir='ltr'><strong>nisi</strong></span> <span class='ocrx_word' id='word_1_663' title='bbox 1947 4481 2024 4538; x_wconf 89' lang='lat' dir='ltr'><strong>illi</strong></span> <span class='ocrx_word' id='word_1_664' title='bbox 2067 4483 2160 4552; x_wconf 84' lang='lat' dir='ltr'><strong>qui</strong></span> <span class='ocrx_word' id='word_1_665' title='bbox 2193 4479 2372 4538; x_wconf 88' lang='lat' dir='ltr'><strong>hocin</strong></span> <span class='ocrx_word' id='word_1_666' title='bbox 2399 4479 2662 4534; x_wconf 87' lang='lat' dir='ltr'><strong>tradendo</strong></span> <span class='ocrx_word' id='word_1_667' title='bbox 2695 4478 2844 4534; x_wconf 90' lang='lat' dir='ltr'><strong>usuri</strong></span> <span class='ocrx_word' id='word_1_668' title='bbox 2872 4487 3017 4534; x_wconf 88' lang='lat' dir='ltr'><strong>sunt.</strong></span> <span class='ocrx_word' id='word_1_669' title='bbox 3051 4497 3070 4531; x_wconf 72' lang='grc' dir='ltr'><strong><em>ι</em></strong></span> <span class='ocrx_word' id='word_1_670' title='bbox 3105 4479 3400 4549; x_wconf 87' lang='lat' dir='ltr'><strong>Sequentia</strong></span> 
     </span>
    </p>
   </div>
   <div class='ocr_carea' id='block_1_91' title="bbox 121 4560 3402 4642">
    <p class='ocr_par' dir='ltr' id='par_1_91' title="bbox 121 4560 3402 4642">
     <span class='ocr_line' id='line_1_91' title="bbox 121 4560 3402 4642; baseline 0.002 -22"><span class='ocrx_word' id='word_1_671' title='bbox 121 4565 426 4621; x_wconf 88' lang='lat' dir='ltr'><strong>contulisse</strong></span> <span class='ocrx_word' id='word_1_672' title='bbox 455 4577 850 4622; x_wconf 89' lang='lat' dir='ltr'><strong>sacramentum</strong></span> <span class='ocrx_word' id='word_1_673' title='bbox 879 4567 1344 4635; x_wconf 88' lang='lat' dir='ltr'><strong>conﬁrmationis;</strong></span> <span class='ocrx_word' id='word_1_674' title='bbox 1370 4569 1510 4640; x_wconf 92' lang='lat' dir='ltr'><strong>quod</strong></span> <span class='ocrx_word' id='word_1_675' title='bbox 1541 4570 1706 4626; x_wconf 88' lang='lat' dir='ltr'><strong>etiam</strong></span> <span class='ocrx_word' id='word_1_676' title='bbox 1737 4560 1787 4620; x_wconf 87' lang='lat' dir='ltr'><strong>D</strong></span> <span class='ocrx_word' id='word_1_677' title='bbox 1812 4575 2004 4632; x_wconf 56' lang='lat' dir='ltr'><strong>saecula</strong></span> <span class='ocrx_word' id='word_1_678' title='bbox 2041 4575 2270 4630; x_wconf 79' lang='lat' dir='ltr'><strong>multum</strong></span> <span class='ocrx_word' id='word_1_679' title='bbox 2318 4571 2654 4629; x_wconf 75' lang='lat' dir='ltr'><strong>dcﬂexerunt</strong></span> <span class='ocrx_word' id='word_1_680' title='bbox 2693 4571 2761 4627; x_wconf 89' lang='lat' dir='ltr'><strong>ab</strong></span> <span class='ocrx_word' id='word_1_681' title='bbox 2790 4573 2891 4627; x_wconf 88' lang='lat' dir='ltr'><strong>hac</strong></span> <span class='ocrx_word' id='word_1_682' title='bbox 2944 4571 3146 4642; x_wconf 78' lang='lat' dir='ltr'><strong>regula.</strong></span> <span class='ocrx_word' id='word_1_683' title='bbox 3193 4573 3402 4642; x_wconf 80' lang='lat' dir='ltr'><strong>Quippe</strong></span> 
     </span>
    </p>
   </div>
   <div class='ocr_carea' id='block_1_92' title="bbox 119 4657 1710 4716">
    <p class='ocr_par' dir='ltr' id='par_1_92' title="bbox 119 4657 1710 4716">
     <span class='ocr_line' id='line_1_92' title="bbox 119 4657 1710 4716; baseline 0.002 -4"><span class='ocrx_word' id='word_1_684' title='bbox 119 4657 477 4712; x_wconf 79' lang='lat' dir='ltr'><strong>observatum</strong></span> <span class='ocrx_word' id='word_1_685' title='bbox 500 4665 586 4712; x_wconf 89' lang='lat' dir='ltr'><strong>est</strong></span> <span class='ocrx_word' id='word_1_686' title='bbox 612 4659 682 4713; x_wconf 88' lang='lat' dir='ltr'><strong>ab</strong></span> <span class='ocrx_word' id='word_1_687' title='bbox 709 4659 1072 4716; x_wconf 88' lang='lat' dir='ltr'><strong>illustrissimo</strong></span> <span class='ocrx_word' id='word_1_688' title='bbox 1101 4661 1218 4715; x_wconf 86' lang='lat' dir='ltr'><strong>viro</strong></span> <span class='ocrx_word' id='word_1_689' title='bbox 1247 4659 1408 4716; x_wconf 88' lang='lat' dir='ltr'><strong>Petro</strong></span> <span class='ocrx_word' id='word_1_690' title='bbox 1434 4659 1501 4716; x_wconf 90' lang='lat' dir='ltr'><strong>de</strong></span> <span class='ocrx_word' id='word_1_691' title='bbox 1529 4661 1710 4716; x_wconf 83' lang='lat' dir='ltr'><strong>Marca</strong></span> 
     </span>
    </p>
   </div>
   <div class='ocr_carea' id='block_1_93' title="bbox 121 4743 1712 4815">
    <p class='ocr_par' dir='ltr' id='par_1_93' title="bbox 121 4743 1712 4815">
     <span class='ocr_line' id='line_1_93' title="bbox 121 4743 1712 4815; baseline 0.003 -17"><span class='ocrx_word' id='word_1_692' title='bbox 121 4743 540 4815; x_wconf 83' lang='lat' dir='ltr'><strong>archiepiscopo</strong></span> <span class='ocrx_word' id='word_1_693' title='bbox 554 4743 842 4802; x_wconf 88' lang='lat' dir='ltr'><strong>Parisiensi</strong></span> <span class='ocrx_word' id='word_1_694' title='bbox 866 4747 919 4801; x_wconf 92' lang='lat' dir='ltr'><strong>in</strong></span> <span class='ocrx_word' id='word_1_695' title='bbox 947 4747 1090 4802; x_wconf 87' lang='lat' dir='ltr'><strong>notis</strong></span> <span class='ocrx_word' id='word_1_696' title='bbox 1127 4747 1192 4801; x_wconf 90' lang='lat' dir='ltr'><strong>ad</strong></span> <span class='ocrx_word' id='word_1_697' title='bbox 1225 4747 1512 4802; x_wconf 89' lang='lat' dir='ltr'><strong>concilium</strong></span> <span class='ocrx_word' id='word_1_698' title='bbox 1529 4745 1712 4802; x_wconf 88' lang='lat' dir='ltr'><strong>Claro-</strong></span> 
     </span>
    </p>
   </div>
   <div class='ocr_carea' id='block_1_94' title="bbox 119 4835 1713 4910">
    <p class='ocr_par' dir='ltr' id='par_1_94' title="bbox 119 4835 1713 4910">
     <span class='ocr_line' id='line_1_94' title="bbox 119 4835 1713 4910; baseline 0.003 -22"><span class='ocrx_word' id='word_1_699' title='bbox 119 4843 470 4900; x_wconf 85' lang='lat' dir='ltr'><strong>montanum,</strong></span> <span class='ocrx_word' id='word_1_700' title='bbox 483 4850 604 4906; x_wconf 87' lang='lat' dir='ltr'><strong>pag.</strong></span> <span class='ocrx_word' id='word_1_701' title='bbox 622 4835 724 4890; x_wconf 76' lang='grc'><strong>312</strong></span> <span class='ocrx_word' id='word_1_702' title='bbox 743 4837 794 4891; x_wconf 92' lang='lat' dir='ltr'><strong>in</strong></span> <span class='ocrx_word' id='word_1_703' title='bbox 808 4837 1042 4892; x_wconf 89' lang='lat' dir='ltr'><strong>editione</strong></span> <span class='ocrx_word' id='word_1_704' title='bbox 1069 4847 1272 4894; x_wconf 87' lang='lat' dir='ltr'><strong>nostra.</strong></span> <span class='ocrx_word' id='word_1_705' title='bbox 1292 4839 1458 4904; x_wconf 84' lang='lat' dir='ltr'><strong>idem,</strong></span> <span class='ocrx_word' id='word_1_706' title='bbox 1473 4853 1591 4910; x_wconf 87' lang='lat' dir='ltr'><strong>pag.</strong></span> <span class='ocrx_word' id='word_1_707' title='bbox 1609 4837 1713 4893; x_wconf 74' lang='lat'><strong>9.98</strong></span> 
     </span>
    </p>
   </div>
   <div class='ocr_carea' id='block_1_95' title="bbox 119 4927 1712 5000">
    <p class='ocr_par' dir='ltr' id='par_1_95' title="bbox 119 4927 1712 5000">
     <span class='ocr_line' id='line_1_95' title="bbox 119 4927 1712 5000; baseline 0.001 -21"><span class='ocrx_word' id='word_1_708' title='bbox 119 4927 356 4982; x_wconf 84' lang='lat' dir='ltr'><strong>adnotat</strong></span> <span class='ocrx_word' id='word_1_709' title='bbox 401 4929 830 4983; x_wconf 84' lang='lat' dir='ltr'><strong>communionem</strong></span> <span class='ocrx_word' id='word_1_710' title='bbox 867 4930 1110 5000; x_wconf 86' lang='lat' dir='ltr'><strong>corporis</strong></span> <span class='ocrx_word' id='word_1_711' title='bbox 1147 4929 1348 4985; x_wconf 89' lang='lat' dir='ltr'><strong>Christi</strong></span> <span class='ocrx_word' id='word_1_712' title='bbox 1383 4931 1565 5000; x_wconf 91' lang='lat' dir='ltr'><strong>pueris</strong></span> <span class='ocrx_word' id='word_1_713' title='bbox 1598 4929 1712 4984; x_wconf 92' lang='lat' dir='ltr'><strong>dari</strong></span> 
     </span>
    </p>
   </div>
   <div class='ocr_carea' id='block_1_96' title="bbox 119 5015 1715 5088">
    <p class='ocr_par' dir='ltr' id='par_1_96' title="bbox 119 5015 1715 5088">
     <span class='ocr_line' id='line_1_96' title="bbox 119 5015 1715 5088; baseline 0.001 -18"><span class='ocrx_word' id='word_1_714' title='bbox 119 5025 342 5072; x_wconf 82' lang='lat' dir='ltr'><strong>suetam</strong></span> <span class='ocrx_word' id='word_1_715' title='bbox 365 5027 535 5086; x_wconf 86' lang='lat' dir='ltr'><strong>usque</strong></span> <span class='ocrx_word' id='word_1_716' title='bbox 559 5015 624 5070; x_wconf 88' lang='lat' dir='ltr'><strong>ad</strong></span> <span class='ocrx_word' id='word_1_717' title='bbox 639 5015 911 5073; x_wconf 84' lang='lat' dir='ltr'><strong>Paschalis</strong></span> <span class='ocrx_word' id='word_1_718' title='bbox 934 5019 1151 5074; x_wconf 86' lang='lat' dir='ltr'><strong>secundi</strong></span> <span class='ocrx_word' id='word_1_719' title='bbox 1179 5030 1440 5088; x_wconf 87' lang='lat' dir='ltr'><strong>tempora,</strong></span> <span class='ocrx_word' id='word_1_720' title='bbox 1465 5019 1715 5074; x_wconf 88' lang='lat' dir='ltr'><strong>euchari-</strong></span> 
     </span>
    </p>
   </div>
   <div class='ocr_carea' id='block_1_97' title="bbox 119 5105 1714 5180">
    <p class='ocr_par' dir='ltr' id='par_1_97' title="bbox 119 5105 1714 5180">
     <span class='ocr_line' id='line_1_97' title="bbox 119 5105 1714 5180; baseline -0.002 -18"><span class='ocrx_word' id='word_1_721' title='bbox 119 5107 400 5174; x_wconf 83' lang='lat' dir='ltr'><strong>stiamque</strong></span> <span class='ocrx_word' id='word_1_722' title='bbox 413 5105 517 5160; x_wconf 87' lang='lat' dir='ltr'><strong>illis</strong></span> <span class='ocrx_word' id='word_1_723' title='bbox 529 5106 709 5160; x_wconf 85' lang='lat' dir='ltr'><strong>datam</strong></span> <span class='ocrx_word' id='word_1_724' title='bbox 729 5105 893 5162; x_wconf 88' lang='lat' dir='ltr'><strong>fuisse</strong></span> <span class='ocrx_word' id='word_1_725' title='bbox 908 5109 1186 5162; x_wconf 87' lang='lat' dir='ltr'><strong>iutiuctant</strong></span> <span class='ocrx_word' id='word_1_726' title='bbox 1202 5107 1714 5180; x_wconf 88' lang='lat' dir='ltr'><strong>propterimbecilli-</strong></span> 
     </span>
    </p>
   </div>
   <div class='ocr_carea' id='block_1_98' title="bbox 127 5197 1715 5266">
    <p class='ocr_par' dir='ltr' id='par_1_98' title="bbox 127 5197 1715 5266">
     <span class='ocr_line' id='line_1_98' title="bbox 127 5197 1715 5266; baseline 0.001 -15"><span class='ocrx_word' id='word_1_727' title='bbox 127 5207 178 5251; x_wconf 90' lang='lat' dir='ltr'><strong>ta</strong></span> <span class='ocrx_word' id='word_1_728' title='bbox 187 5205 300 5251; x_wconf 87' lang='lat' dir='ltr'><strong>tem</strong></span> <span class='ocrx_word' id='word_1_729' title='bbox 311 5197 506 5251; x_wconf 72' lang='lat' dir='ltr'><strong>relatis.</strong></span> <span class='ocrx_word' id='word_1_730' title='bbox 520 5197 812 5266; x_wconf 80' lang='lat' dir='ltr'><strong>Antiquam</strong></span> <span class='ocrx_word' id='word_1_731' title='bbox 829 5203 882 5253; x_wconf 91' lang='lat' dir='ltr'><strong>in</strong></span> <span class='ocrx_word' id='word_1_732' title='bbox 901 5200 1138 5256; x_wconf 84' lang='lat' dir='ltr'><strong>Ecclesia</strong></span> <span class='ocrx_word' id='word_1_733' title='bbox 1151 5215 1270 5256; x_wconf 87' lang='lat' dir='ltr'><strong>esse</strong></span> <span class='ocrx_word' id='word_1_734' title='bbox 1285 5216 1488 5255; x_wconf 79' lang='lat' dir='ltr'><strong>rnorem</strong></span> <span class='ocrx_word' id='word_1_735' title='bbox 1505 5201 1715 5256; x_wconf 83' lang='lat' dir='ltr'><strong>traden-</strong></span> 
     </span>
    </p>
   </div>
   <div class='ocr_carea' id='block_1_99' title="bbox 123 5287 1709 5364">
    <p class='ocr_par' dir='ltr' id='par_1_99' title="bbox 123 5287 1709 5364">
     <span class='ocr_line' id='line_1_99' title="bbox 123 5287 1709 5364; baseline 0.004 -21"><span class='ocrx_word' id='word_1_736' title='bbox 123 5289 180 5343; x_wconf 92' lang='lat' dir='ltr'><strong>di</strong></span> <span class='ocrx_word' id='word_1_737' title='bbox 211 5288 401 5359; x_wconf 89' lang='lat' dir='ltr'><strong>pueris</strong></span> <span class='ocrx_word' id='word_1_738' title='bbox 418 5287 715 5360; x_wconf 89' lang='lat' dir='ltr'><strong>puellisque</strong></span> <span class='ocrx_word' id='word_1_739' title='bbox 732 5307 930 5362; x_wconf 91' lang='lat' dir='ltr'><strong>corpus</strong></span> <span class='ocrx_word' id='word_1_740' title='bbox 950 5301 1006 5348; x_wconf 89' lang='lat' dir='ltr'><strong>et</strong></span> <span class='ocrx_word' id='word_1_741' title='bbox 1035 5293 1347 5364; x_wconf 89' lang='lat' dir='ltr'><strong>sanguinem</strong></span> <span class='ocrx_word' id='word_1_742' title='bbox 1378 5294 1590 5348; x_wconf 90' lang='lat' dir='ltr'><strong>Domini</strong></span> <span class='ocrx_word' id='word_1_743' title='bbox 1619 5309 1709 5349; x_wconf 85' lang='lat' dir='ltr'><strong>os-</strong></span> 
     </span>
    </p>
   </div>
   <div class='ocr_carea' id='block_1_100' title="bbox 127 5381 1713 5454">
    <p class='ocr_par' dir='ltr' id='par_1_100' title="bbox 127 5381 1713 5454">
     <span class='ocr_line' id='line_1_100' title="bbox 127 5381 1713 5454; baseline 0.005 -22"><span class='ocrx_word' id='word_1_744' title='bbox 127 5382 328 5444; x_wconf 86' lang='lat' dir='ltr'><strong>tendit,</strong></span> <span class='ocrx_word' id='word_1_745' title='bbox 346 5395 414 5434; x_wconf 76' lang='lat' dir='ltr'><strong>ex</strong></span> <span class='ocrx_word' id='word_1_746' title='bbox 435 5381 730 5452; x_wconf 82' lang='lat' dir='ltr'><strong>Augustino</strong></span> <span class='ocrx_word' id='word_1_747' title='bbox 753 5393 806 5439; x_wconf 91' lang='lat' dir='ltr'><strong>et</strong></span> <span class='ocrx_word' id='word_1_748' title='bbox 829 5383 1117 5454; x_wconf 81' lang='lat' dir='ltr'><strong>Cypriano,</strong></span> <span class='ocrx_word' id='word_1_749' title='bbox 1132 5384 1388 5440; x_wconf 88' lang='lat' dir='ltr'><strong>Cellotius</strong></span> <span class='ocrx_word' id='word_1_750' title='bbox 1413 5386 1466 5440; x_wconf 91' lang='lat' dir='ltr'><strong>in</strong></span> <span class='ocrx_word' id='word_1_751' title='bbox 1481 5384 1632 5440; x_wconf 87' lang='lat' dir='ltr'><strong>Notis</strong></span> <span class='ocrx_word' id='word_1_752' title='bbox 1646 5385 1713 5440; x_wconf 87' lang='lat' dir='ltr'><strong>ad</strong></span> 
     </span>
    </p>
   </div>
   <div class='ocr_carea' id='block_1_101' title="bbox 125 5469 1717 5544">
    <p class='ocr_par' dir='ltr' id='par_1_101' title="bbox 125 5469 1717 5544">
     <span class='ocr_line' id='line_1_101' title="bbox 125 5469 1717 5544; baseline 0.002 -19"><span class='ocrx_word' id='word_1_753' title='bbox 125 5469 382 5542; x_wconf 84' lang='lat' dir='ltr'><strong>Capitula</strong></span> <span class='ocrx_word' id='word_1_754' title='bbox 404 5471 654 5528; x_wconf 80' lang='lat' dir='ltr'><strong>Walterii</strong></span> <span class='ocrx_word' id='word_1_755' title='bbox 678 5473 1105 5530; x_wconf 87' lang='lat' dir='ltr'><strong>Aurelianensis.</strong></span> <span class='ocrx_word' id='word_1_756' title='bbox 1133 5475 1310 5544; x_wconf 82' lang='lat' dir='ltr'><strong>Quare</strong></span> <span class='ocrx_word' id='word_1_757' title='bbox 1332 5475 1525 5530; x_wconf 89' lang='lat' dir='ltr'><strong>mirum</strong></span> <span class='ocrx_word' id='word_1_758' title='bbox 1548 5485 1631 5531; x_wconf 89' lang='lat' dir='ltr'><strong>est</strong></span> <span class='ocrx_word' id='word_1_759' title='bbox 1653 5475 1717 5529; x_wconf 89' lang='lat' dir='ltr'><strong>il-</strong></span> 
     </span>
    </p>
   </div>
   <div class='ocr_carea' id='block_1_102' title="bbox 128 5565 1716 5635">
    <p class='ocr_par' dir='ltr' id='par_1_102' title="bbox 128 5565 1716 5635">
     <span class='ocr_line' id='line_1_102' title="bbox 128 5565 1716 5635; baseline 0.003 -17"><span class='ocrx_word' id='word_1_760' title='bbox 128 5565 244 5618; x_wconf 87' lang='lat' dir='ltr'><strong>lum</strong></span> <span class='ocrx_word' id='word_1_761' title='bbox 259 5573 383 5635; x_wconf 86' lang='lat' dir='ltr'><strong>post</strong></span> <span class='ocrx_word' id='word_1_762' title='bbox 404 5575 481 5620; x_wconf 91' lang='lat' dir='ltr'><strong>tot</strong></span> <span class='ocrx_word' id='word_1_763' title='bbox 499 5567 802 5622; x_wconf 86' lang='lat' dir='ltr'><strong>testimonia</strong></span> <span class='ocrx_word' id='word_1_764' title='bbox 819 5569 1058 5623; x_wconf 90' lang='lat' dir='ltr'><strong>scribere</strong></span> <span class='ocrx_word' id='word_1_765' title='bbox 1071 5583 1262 5624; x_wconf 89' lang='lat' dir='ltr'><strong>ausum</strong></span> <span class='ocrx_word' id='word_1_766' title='bbox 1282 5569 1579 5626; x_wconf 78' lang='lat' dir='ltr'><strong>Ecclesium</strong></span> <span class='ocrx_word' id='word_1_767' title='bbox 1601 5567 1716 5624; x_wconf 90' lang='lat' dir='ltr'><strong>uni-</strong></span> 
     </span>
    </p>
   </div>
   <div class='ocr_carea' id='block_1_103' title="bbox 125 5659 1712 5731">
    <p class='ocr_par' dir='ltr' id='par_1_103' title="bbox 125 5659 1712 5731">
     <span class='ocr_line' id='line_1_103' title="bbox 125 5659 1712 5731; baseline 0.003 -20"><span class='ocrx_word' id='word_1_768' title='bbox 125 5659 398 5714; x_wconf 84' lang='lat' dir='ltr'><strong>versalem</strong></span> <span class='ocrx_word' id='word_1_769' title='bbox 420 5674 694 5729; x_wconf 85' lang='lat' dir='ltr'><strong>nunquam</strong></span> <span class='ocrx_word' id='word_1_770' title='bbox 713 5659 980 5730; x_wconf 87' lang='lat' dir='ltr'><strong>recepisse</strong></span> <span class='ocrx_word' id='word_1_771' title='bbox 993 5660 1134 5714; x_wconf 88' lang='lat' dir='ltr'><strong>hunc</strong></span> <span class='ocrx_word' id='word_1_772' title='bbox 1151 5675 1350 5716; x_wconf 86' lang='lat' dir='ltr'><strong>morem</strong></span> <span class='ocrx_word' id='word_1_773' title='bbox 1366 5661 1568 5731; x_wconf 88' lang='lat' dir='ltr'><strong>absque</strong></span> <span class='ocrx_word' id='word_1_774' title='bbox 1587 5671 1712 5717; x_wconf 88' lang='lat' dir='ltr'><strong>nota</strong></span> 
     </span>
    </p>
   </div>
   <div class='ocr_carea' id='block_1_104' title="bbox 127 5753 1707 5824">
    <p class='ocr_par' dir='ltr' id='par_1_104' title="bbox 127 5753 1707 5824">
     <span class='ocr_line' id='line_1_104' title="bbox 127 5753 1707 5824; baseline 0 -16"><span class='ocrx_word' id='word_1_775' title='bbox 127 5755 408 5810; x_wconf 86' lang='lat' dir='ltr'><strong>novitatis.</strong></span> <span class='ocrx_word' id='word_1_776' title='bbox 437 5753 742 5811; x_wconf 88' lang='lat' dir='ltr'><strong>Tamenetsi</strong></span> <span class='ocrx_word' id='word_1_777' title='bbox 775 5753 917 5810; x_wconf 88' lang='lat' dir='ltr'><strong>enim</strong></span> <span class='ocrx_word' id='word_1_778' title='bbox 939 5769 1066 5810; x_wconf 87' lang='lat' dir='ltr'><strong>usus</strong></span> <span class='ocrx_word' id='word_1_779' title='bbox 1106 5753 1192 5809; x_wconf 90' lang='lat' dir='ltr'><strong>ille</strong></span> <span class='ocrx_word' id='word_1_780' title='bbox 1225 5753 1336 5824; x_wconf 84' lang='lat' dir='ltr'><strong>jam</strong></span> <span class='ocrx_word' id='word_1_781' title='bbox 1358 5755 1600 5812; x_wconf 80' lang='lat' dir='ltr'><strong>exoletus</strong></span> <span class='ocrx_word' id='word_1_782' title='bbox 1621 5757 1707 5820; x_wconf 92' lang='lat' dir='ltr'><strong>sit,</strong></span> 
     </span>
    </p>
   </div>
   <div class='ocr_carea' id='block_1_105' title="bbox 1815 4664 3402 4724">
    <p class='ocr_par' dir='ltr' id='par_1_105' title="bbox 1815 4664 3402 4724">
     <span class='ocr_line' id='line_1_105' title="bbox 1815 4664 3402 4724; baseline -0.001 -2"><span class='ocrx_word' id='word_1_783' title='bbox 1815 4683 1920 4724; x_wconf 90' lang='lat' dir='ltr'><strong>non</strong></span> <span class='ocrx_word' id='word_1_784' title='bbox 1963 4666 2136 4724; x_wconf 86' lang='lat' dir='ltr'><strong>solum</strong></span> <span class='ocrx_word' id='word_1_785' title='bbox 2177 4665 2494 4720; x_wconf 89' lang='lat' dir='ltr'><strong>inferiorum</strong></span> <span class='ocrx_word' id='word_1_786' title='bbox 2539 4664 2792 4719; x_wconf 89' lang='lat' dir='ltr'><strong>ordinum</strong></span> <span class='ocrx_word' id='word_1_787' title='bbox 2833 4664 3061 4721; x_wconf 88' lang='lat' dir='ltr'><strong>clericos</strong></span> <span class='ocrx_word' id='word_1_788' title='bbox 3099 4664 3238 4718; x_wconf 91' lang='lat' dir='ltr'><strong>mitti</strong></span> <span class='ocrx_word' id='word_1_789' title='bbox 3285 4679 3402 4720; x_wconf 71' lang='lat' dir='ltr'><strong>nios</strong></span> 
     </span>
    </p>
   </div>
   <div class='ocr_carea' id='block_1_106' title="bbox 1815 4753 3399 4830">
    <p class='ocr_par' dir='ltr' id='par_1_106' title="bbox 1815 4753 3399 4830">
     <span class='ocr_line' id='line_1_106' title="bbox 1815 4753 3399 4830; baseline -0.003 -18"><span class='ocrx_word' id='word_1_790' title='bbox 1815 4759 1916 4814; x_wconf 88' lang='lat' dir='ltr'><strong>fuit</strong></span> <span class='ocrx_word' id='word_1_791' title='bbox 1945 4759 2012 4814; x_wconf 82' lang='lat' dir='ltr'><strong>ad</strong></span> <span class='ocrx_word' id='word_1_792' title='bbox 2053 4757 2344 4830; x_wconf 89' lang='lat' dir='ltr'><strong>petendum</strong></span> <span class='ocrx_word' id='word_1_793' title='bbox 2377 4754 2612 4810; x_wconf 85' lang='lat' dir='ltr'><strong>chrisma</strong></span> <span class='ocrx_word' id='word_1_794' title='bbox 2655 4755 2724 4810; x_wconf 87' lang='lat' dir='ltr'><strong>ab</strong></span> <span class='ocrx_word' id='word_1_795' title='bbox 2771 4755 3055 4825; x_wconf 89' lang='lat' dir='ltr'><strong>episcopo,</strong></span> <span class='ocrx_word' id='word_1_796' title='bbox 3097 4754 3192 4809; x_wconf 89' lang='lat' dir='ltr'><strong>sed</strong></span> <span class='ocrx_word' id='word_1_797' title='bbox 3234 4753 3399 4824; x_wconf 84' lang='lat' dir='ltr'><strong>etiam</strong></span> 
     </span>
    </p>
   </div>
   <div class='ocr_carea' id='block_1_107' title="bbox 1815 4843 3396 4914">
    <p class='ocr_par' dir='ltr' id='par_1_107' title="bbox 1815 4843 3396 4914">
     <span class='ocr_line' id='line_1_107' title="bbox 1815 4843 3396 4914; baseline -0.006 -10"><span class='ocrx_word' id='word_1_798' title='bbox 1815 4849 2003 4906; x_wconf 88' lang='lat' dir='ltr'><strong>laicos.</strong></span> <span class='ocrx_word' id='word_1_799' title='bbox 2051 4847 2146 4904; x_wconf 90' lang='lat' dir='ltr'><strong>Cui</strong></span> <span class='ocrx_word' id='word_1_800' title='bbox 2187 4846 2328 4902; x_wconf 91' lang='lat' dir='ltr'><strong>malo</strong></span> <span class='ocrx_word' id='word_1_801' title='bbox 2375 4845 2578 4900; x_wconf 88' lang='lat' dir='ltr'><strong>mederi</strong></span> <span class='ocrx_word' id='word_1_802' title='bbox 2628 4845 2851 4914; x_wconf 90' lang='lat' dir='ltr'><strong>cupiens</strong></span> <span class='ocrx_word' id='word_1_803' title='bbox 2891 4843 3244 4913; x_wconf 86' lang='lat' dir='ltr'><strong>Raymundus</strong></span> <span class='ocrx_word' id='word_1_804' title='bbox 3280 4843 3396 4912; x_wconf 67' lang='lat' dir='ltr'><strong>cpia</strong></span> 
     </span>
    </p>
   </div>
   <div class='ocr_carea' id='block_1_108' title="bbox 1817 4937 3396 5016">
    <p class='ocr_par' dir='ltr' id='par_1_108' title="bbox 1817 4937 3396 5016">
     <span class='ocr_line' id='line_1_108' title="bbox 1817 4937 3396 5016; baseline -0.008 -14"><span class='ocrx_word' id='word_1_805' title='bbox 1817 4961 2012 5016; x_wconf 87' lang='lat' dir='ltr'><strong>scopus</strong></span> <span class='ocrx_word' id='word_1_806' title='bbox 2053 4941 2368 5000; x_wconf 83' lang='lat' dir='ltr'><strong>l-lelenensis</strong></span> <span class='ocrx_word' id='word_1_807' title='bbox 2420 4940 2522 4994; x_wconf 92' lang='lat' dir='ltr'><strong>ista</strong></span> <span class='ocrx_word' id='word_1_808' title='bbox 2569 4941 2756 4996; x_wconf 88' lang='lat' dir='ltr'><strong>statuit</strong></span> <span class='ocrx_word' id='word_1_809' title='bbox 2803 4953 2946 4994; x_wconf 90' lang='lat' dir='ltr'><strong>anno</strong></span> <span class='ocrx_word' id='word_1_810' title='bbox 2987 4937 3143 5003; x_wconf 75' lang='grc'>1580,</span> <span class='ocrx_word' id='word_1_811' title='bbox 3195 4938 3248 4992; x_wconf 93' lang='lat' dir='ltr'><strong>in</strong></span> <span class='ocrx_word' id='word_1_812' title='bbox 3299 4951 3396 4992; x_wconf 83' lang='lat' dir='ltr'><strong>sua</strong></span> 
     </span>
    </p>
   </div>
   <div class='ocr_carea' id='block_1_109' title="bbox 1813 5029 3398 5110">
    <p class='ocr_par' dir='ltr' id='par_1_109' title="bbox 1813 5029 3398 5110">
     <span class='ocr_line' id='line_1_109' title="bbox 1813 5029 3398 5110; baseline -0.006 -16"><span class='ocrx_word' id='word_1_813' title='bbox 1813 5039 2016 5110; x_wconf 85' lang='lat' dir='ltr'><strong>synodo</strong></span> <span class='ocrx_word' id='word_1_814' title='bbox 2046 5036 2350 5091; x_wconf 72' lang='lat' dir='ltr'><strong>dimcesana</strong></span> <span class='ocrx_word' id='word_1_815' title='bbox 2377 5050 2392 5088; x_wconf 91' lang='lat'><strong>:</strong></span> <span class='ocrx_word' id='word_1_816' title='bbox 2415 5050 2434 5084; x_wconf 72' lang='grc' dir='ltr'>ς</span> <span class='ocrx_word' id='word_1_817' title='bbox 2463 5031 2780 5102; x_wconf 82' lang='lat' dir='ltr'><strong>Quanquam</strong></span> <span class='ocrx_word' id='word_1_818' title='bbox 2803 5031 2992 5086; x_wconf 90' lang='lat' dir='ltr'><strong>fuisset</strong></span> <span class='ocrx_word' id='word_1_819' title='bbox 3025 5029 3156 5083; x_wconf 86' lang='lat' dir='ltr'><strong>alias</strong></span> <span class='ocrx_word' id='word_1_820' title='bbox 3175 5030 3398 5100; x_wconf 85' lang='lat' dir='ltr'><strong>provide</strong></span> 
     </span>
    </p>
   </div>
   <div class='ocr_carea' id='block_1_110' title="bbox 1813 5125 3395 5199">
    <p class='ocr_par' dir='ltr' id='par_1_110' title="bbox 1813 5125 3395 5199">
     <span class='ocr_line' id='line_1_110' title="bbox 1813 5125 3395 5199; baseline -0.004 -14"><span class='ocrx_word' id='word_1_821' title='bbox 1813 5133 2076 5186; x_wconf 85' lang='lat' dir='ltr'><strong>statutum</strong></span> <span class='ocrx_word' id='word_1_822' title='bbox 2121 5127 2262 5199; x_wconf 89' lang='lat' dir='ltr'><strong>quod</strong></span> <span class='ocrx_word' id='word_1_823' title='bbox 2301 5141 2398 5197; x_wconf 89' lang='lat' dir='ltr'><strong>per</strong></span> <span class='ocrx_word' id='word_1_824' title='bbox 2441 5136 2705 5182; x_wconf 89' lang='lat' dir='ltr'><strong>rectorem</strong></span> <span class='ocrx_word' id='word_1_825' title='bbox 2749 5127 2980 5196; x_wconf 89' lang='lat' dir='ltr'><strong>aliquem</strong></span> <span class='ocrx_word' id='word_1_826' title='bbox 3024 5125 3108 5180; x_wconf 86' lang='lat' dir='ltr'><strong>vel</strong></span> <span class='ocrx_word' id='word_1_827' title='bbox 3147 5133 3395 5180; x_wconf 88' lang='lat' dir='ltr'><strong>curatum</strong></span> 
     </span>
    </p>
   </div>
   <div class='ocr_carea' id='block_1_111' title="bbox 1817 5215 3393 5275">
    <p class='ocr_par' dir='ltr' id='par_1_111' title="bbox 1817 5215 3393 5275">
     <span class='ocr_line' id='line_1_111' title="bbox 1817 5215 3393 5275; baseline -0.006 0"><span class='ocrx_word' id='word_1_828' title='bbox 1817 5237 1924 5275; x_wconf 91' lang='lat' dir='ltr'><strong>non</strong></span> <span class='ocrx_word' id='word_1_829' title='bbox 1963 5219 2269 5274; x_wconf 89' lang='lat' dir='ltr'><strong>mitteretur</strong></span> <span class='ocrx_word' id='word_1_830' title='bbox 2295 5225 2420 5273; x_wconf 88' lang='lat' dir='ltr'><strong>ante</strong></span> <span class='ocrx_word' id='word_1_831' title='bbox 2454 5217 2678 5273; x_wconf 75' lang='lat' dir='ltr'><strong>Paschae</strong></span> <span class='ocrx_word' id='word_1_832' title='bbox 2725 5215 3120 5273; x_wconf 87' lang='lat' dir='ltr'><strong>solemnitatem</strong></span> <span class='ocrx_word' id='word_1_833' title='bbox 3166 5215 3230 5268; x_wconf 87' lang='lat' dir='ltr'><strong>ad</strong></span> <span class='ocrx_word' id='word_1_834' title='bbox 3267 5229 3393 5268; x_wconf 87' lang='lat' dir='ltr'><strong>san-</strong></span> 
     </span>
    </p>
   </div>
   <div class='ocr_carea' id='block_1_112' title="bbox 1816 5305 3393 5368">
    <p class='ocr_par' dir='ltr' id='par_1_112' title="bbox 1816 5305 3393 5368">
     <span class='ocr_line' id='line_1_112' title="bbox 1816 5305 3393 5368; baseline -0.006 -3"><span class='ocrx_word' id='word_1_835' title='bbox 1816 5319 1964 5366; x_wconf 89' lang='lat' dir='ltr'><strong>ctum</strong></span> <span class='ocrx_word' id='word_1_836' title='bbox 1989 5309 2224 5364; x_wconf 89' lang='lat' dir='ltr'><strong>chrisma</strong></span> <span class='ocrx_word' id='word_1_837' title='bbox 2253 5307 2354 5364; x_wconf 90' lang='lat' dir='ltr'><strong>nisi</strong></span> <span class='ocrx_word' id='word_1_838' title='bbox 2401 5307 2456 5362; x_wconf 91' lang='lat' dir='ltr'><strong>in</strong></span> <span class='ocrx_word' id='word_1_839' title='bbox 2498 5307 2670 5364; x_wconf 87' lang='lat' dir='ltr'><strong>sacris</strong></span> <span class='ocrx_word' id='word_1_840' title='bbox 2716 5305 2994 5363; x_wconf 89' lang='lat' dir='ltr'><strong>ordinibus</strong></span> <span class='ocrx_word' id='word_1_841' title='bbox 3033 5305 3393 5368; x_wconf 82' lang='lat' dir='ltr'><strong>constitutus,</strong></span> 
     </span>
    </p>
   </div>
   <div class='ocr_carea' id='block_1_113' title="bbox 1819 5394 3396 5472">
    <p class='ocr_par' dir='ltr' id='par_1_113' title="bbox 1819 5394 3396 5472">
     <span class='ocr_line' id='line_1_113' title="bbox 1819 5394 3396 5472; baseline -0.004 -14"><span class='ocrx_word' id='word_1_842' title='bbox 1819 5410 1978 5472; x_wconf 90' lang='lat' dir='ltr'><strong>prout</strong></span> <span class='ocrx_word' id='word_1_843' title='bbox 2021 5407 2322 5470; x_wconf 82' lang='lat' dir='ltr'><strong>exposcunt</strong></span> <span class='ocrx_word' id='word_1_844' title='bbox 2367 5399 2638 5455; x_wconf 66' lang='lat' dir='ltr'><strong>canonica:</strong></span> <span class='ocrx_word' id='word_1_845' title='bbox 2689 5397 3024 5462; x_wconf 89' lang='lat' dir='ltr'><strong>sanctiones,</strong></span> <span class='ocrx_word' id='word_1_846' title='bbox 3073 5394 3234 5468; x_wconf 63' lang='lat'><strong>554</strong></span> <span class='ocrx_word' id='word_1_847' title='bbox 3269 5398 3396 5466; x_wconf 82' lang='lat' dir='ltr'><strong>quia</strong></span> 
     </span>
    </p>
   </div>
   <div class='ocr_carea' id='block_1_114' title="bbox 1821 5489 3393 5563">
    <p class='ocr_par' dir='ltr' id='par_1_114' title="bbox 1821 5489 3393 5563">
     <span class='ocr_line' id='line_1_114' title="bbox 1821 5489 3393 5563; baseline -0.004 -13"><span class='ocrx_word' id='word_1_848' title='bbox 1821 5495 1924 5550; x_wconf 87' lang='lat' dir='ltr'><strong>hoc</strong></span> <span class='ocrx_word' id='word_1_849' title='bbox 1959 5492 2264 5563; x_wconf 88' lang='lat' dir='ltr'><strong>apluribus</strong></span> <span class='ocrx_word' id='word_1_850' title='bbox 2321 5507 2428 5548; x_wconf 91' lang='lat' dir='ltr'><strong>non</strong></span> <span class='ocrx_word' id='word_1_851' title='bbox 2478 5498 2762 5554; x_wconf 85' lang='lat' dir='ltr'><strong>servatur,</strong></span> <span class='ocrx_word' id='word_1_852' title='bbox 2813 5489 2922 5544; x_wconf 92' lang='lat' dir='ltr'><strong>imo</strong></span> <span class='ocrx_word' id='word_1_853' title='bbox 2981 5503 3164 5544; x_wconf 85' lang='lat' dir='ltr'><strong>meros</strong></span> <span class='ocrx_word' id='word_1_854' title='bbox 3220 5499 3393 5544; x_wconf 57' lang='lat' dir='ltr'><strong>transa</strong></span> 
     </span>
    </p>
   </div>
   <div class='ocr_carea' id='block_1_115' title="bbox 1819 5578 3392 5653">
    <p class='ocr_par' dir='ltr' id='par_1_115' title="bbox 1819 5578 3392 5653">
     <span class='ocr_line' id='line_1_115' title="bbox 1819 5578 3392 5653; baseline -0.004 -14"><span class='ocrx_word' id='word_1_855' title='bbox 1819 5585 2040 5639; x_wconf 89' lang='lat' dir='ltr'><strong>mittunt</strong></span> <span class='ocrx_word' id='word_1_856' title='bbox 2083 5583 2250 5638; x_wconf 86' lang='lat' dir='ltr'><strong>laieos</strong></span> <span class='ocrx_word' id='word_1_857' title='bbox 2291 5597 2390 5653; x_wconf 90' lang='lat' dir='ltr'><strong>pro</strong></span> <span class='ocrx_word' id='word_1_858' title='bbox 2443 5580 2670 5645; x_wconf 83' lang='lat' dir='ltr'><strong>eodem,</strong></span> <span class='ocrx_word' id='word_1_859' title='bbox 2711 5578 2912 5634; x_wconf 88' lang='lat' dir='ltr'><strong>idcirco</strong></span> <span class='ocrx_word' id='word_1_860' title='bbox 2957 5578 3210 5650; x_wconf 62' lang='lat' dir='ltr'><strong>praesenti</strong></span> <span class='ocrx_word' id='word_1_861' title='bbox 3261 5593 3392 5632; x_wconf 40' lang='lat' dir='ltr'><strong>cond</strong></span> 
     </span>
    </p>
   </div>
   <div class='ocr_carea' id='block_1_116' title="bbox 1816 5671 3393 5742">
    <p class='ocr_par' dir='ltr' id='par_1_116' title="bbox 1816 5671 3393 5742">
     <span class='ocr_line' id='line_1_116' title="bbox 1816 5671 3393 5742; baseline -0.005 -11"><span class='ocrx_word' id='word_1_862' title='bbox 1816 5675 2098 5731; x_wconf 90' lang='lat' dir='ltr'><strong>stitutione</strong></span> <span class='ocrx_word' id='word_1_863' title='bbox 2129 5673 2375 5728; x_wconf 86' lang='lat' dir='ltr'><strong>ducimus</strong></span> <span class='ocrx_word' id='word_1_864' title='bbox 2401 5671 2760 5728; x_wconf 88' lang='lat' dir='ltr'><strong>ordinandum</strong></span> <span class='ocrx_word' id='word_1_865' title='bbox 2791 5679 2848 5726; x_wconf 91' lang='lat' dir='ltr'><strong>nt</strong></span> <span class='ocrx_word' id='word_1_866' title='bbox 2889 5673 3194 5742; x_wconf 89' lang='lat' dir='ltr'><strong>quicunque</strong></span> <span class='ocrx_word' id='word_1_867' title='bbox 3237 5685 3393 5726; x_wconf 81' lang='lat' dir='ltr'><strong>cura-</strong></span> 
     </span>
    </p>
   </div>
   <div class='ocr_carea' id='block_1_117' title="bbox 1819 5761 3396 5832">
    <p class='ocr_par' dir='ltr' id='par_1_117' title="bbox 1819 5761 3396 5832">
     <span class='ocr_line' id='line_1_117' title="bbox 1819 5761 3396 5832; baseline -0.003 -12"><span class='ocrx_word' id='word_1_868' title='bbox 1819 5775 1993 5821; x_wconf 88' lang='lat' dir='ltr'><strong>torum</strong></span> <span class='ocrx_word' id='word_1_869' title='bbox 2021 5764 2349 5819; x_wconf 83' lang='lat' dir='ltr'><strong>contrarium</strong></span> <span class='ocrx_word' id='word_1_870' title='bbox 2387 5762 2619 5832; x_wconf 83' lang='lat' dir='ltr'><strong>faciens,</strong></span> <span class='ocrx_word' id='word_1_871' title='bbox 2651 5761 2834 5831; x_wconf 81' lang='lat' dir='ltr'><strong>viginti</strong></span> <span class='ocrx_word' id='word_1_872' title='bbox 2858 5761 3146 5818; x_wconf 79' lang='lat' dir='ltr'><strong>solidorum</strong></span> <span class='ocrx_word' id='word_1_873' title='bbox 3177 5772 3396 5830; x_wconf 65' lang='lat' dir='ltr'><strong>pinnam</strong></span> 
     </span>
    </p>
   </div>
  </div>
