3920 6438
563 328 671 395 423

1867 320 2204 381 smmum
2248 315 2520 375 BALL‘ZH
3681 317 3753 376 iii

564 458 806 511 incurrat
846 453 1070 522 moneta:
1119 442 1421 507 currentis,
1453 454 1588 510 quos
1643 438 1862 494 fabrica:
1909 435 2156 490 Elnensis
2185 438 2230 495 Α
2259 445 2380 484 nem
2427 429 2573 482 illum
2605 427 2858 484 describit
2910 427 2960 482 in
3007 426 3228 514 epistola
3275 426 3359 491 49,
3389 441 3503 522 cap.
3549 428 3597 482 5.

562 543 826 617 Ἐροιοείίιξ.
861 539 1104 594 volumus
1151 534 1425 605 applicari.
1459 551 1477 584 ι

637 635 762 688 Car.
805 615 893 684 78.
933 657 1002 667 —
1041 625 1106 679 In
1137 622 1553 692 conﬁrmatione.
1585 619 1721 674 llinc
1749 615 2014 686 colligitur
2045 628 2148 667 non

567 738 779 794 semper
838 725 939 776 nec
994 717 1194 785 ubique
1252 713 1488 768 valuisse
1541 725 1747 765 morem
1796 703 2150 764 confirmandi

567 791 760 882 pueros
818 801 1000 864 statim
1057 815 1218 874 atque
1262 801 1517 873 baptizati
1575 808 1750 854 erant.
1797 795 1953 864 Quod
2009 791 2151 848 haud

565 884 728 954 dubie
756 899 827 952 ita
874 894 1279 964 intelligendum
1325 899 1442 955 est,
1473 889 1519 943 si
1569 887 1822 958 baptizati
1857 884 1965 938 sint
1998 890 2149 937 extra

564 989 911 1061 prmsentiam
965 984 1221 1055 episcopi.
1287 979 1420 1036 Vide
1475 979 1708 1033 Marcam
1778 977 1831 1030 in
1890 975 2040 1062 notis.
2083 972 2152 1026 ad

566 1079 855 1136 con‘cilium
871 1077 1370 1138 Claromontanum,
1393 1086 1513 1142 pag.
1535 1068 1640 1123 512
1659 1065 1909 1148 editionis
1932 1073 2146 1119 nostrae.

637 1157 766 1226 Car.
808 1169 898 1224 8i.
930 1197 1001 1207 -—
1035 1164 1339 1219 Justissima
1385 1159 1705 1214 necessitate.
1739 1150 1902 1212 Verbi
1951 1154 2148 1226 gratia,

546 1254 787 1332 propter
835 1257 1255 1326 redemptionem
1285 1252 1652 1332 captivorum;
1681 1247 1822 1318 quod
1861 1262 1890 1300 a
1914 1241 2150 1301 Caesarie

567 1351 875 1407 Arelatensi
925 1350 1180 1420 episcOpo
1229 1345 1426 1400 factum
1476 1355 1599 1399 esse
1646 1341 1804 1396 docet
1849 1339 2150 1412 Cyprianus

569 1443 623 1499 in
670 1443 806 1498 libro
858 1442 1034 1512 primo
1073 1441 1139 1494 de
1187 1439 1296 1492 vita
1344 1435 1478 1505 ejus.

652 1533 1042 1588 Vadimonium.
1060 1530 1308 1594 Vadium,
1331 1529 1545 1599 pignus.
1564 1520 1696 1581 Vide
1719 1524 2059 1580 Additionem
2081 1521 2148 1576 ad

567 1622 810 1694 caputlli
823 1622 945 1677 libri
961 1620 1136 1690 quarti
1154 1620 1217 1695 de
1233 1617 1533 1673 Concordia
1548 1601 1832 1670 sacerdotii
1847 1623 1901 1668 et
1915 1611 2146 1682 imperii.

2319 521 2398 574 An
2435 521 2566 574 Car.
2609 520 2695 575 97.
2715 550 2785 559 —
2819 516 2990 590 Caput
3021 509 3159 572 istud
3183 507 3450 586 sumptum
3473 526 3549 572 est
3579 507 3635 575 ex
3659 501 3756 576 libro

2253 629 2310 669 Ill
2366 603 2707 682 Dialogorum
2766 611 2938 666 sancti
2979 609 3248 680 Gregorii,
3295 624 3412 679 cap.
3463 608 3514 670 7.

2265 772 2270 777 .
2320 703 2447 760 Car.
2490 704 2574 759 98.
2607 735 2670 745 —
2702 703 2854 772 Apud
2876 710 3124 758 sanctum
3149 700 3462 772 Gregorium
3501 701 3584 755 lib.
3607 719 3681 767 ru,
3703 705 3756 760 in-

2249 793 2378 872 dict.
2426 796 2482 859 2,
2515 795 2674 866 epist.
2711 789 2798 850 39.
2841 793 2975 849 Vide
3016 786 3361 848 Posidonium
3395 793 3447 847 in
3491 793 3601 847 Vita
3631 798 3754 850 sancti

2249 886 2529 957 Augustini
2556 901 2674 956 cap.
2703 881 2797 950 26,
2821 891 2875 940 et
2899 875 3246 939 Hincmarum
3282 883 3440 954 epist.
3466 883 3550 949 48,
3575 899 3671 954 cap.
3696 876 3753 941 ill.

2317 973 2445 1031 CAP.
2472 975 2590 1030 104.
2617 964 2799 1029 —Cui
2824 975 2886 1029 sit
2910 971 3210 1028 necessitas.
3241 969 3336 1026 Vir
3359 972 3658 1028 clarissimus
3671 973 3755 1029 Joa-

2249 1067 2458 1123 chimus
2489 1057 2881 1121 llildebrandus
2921 1059 3061 1138 hanc
3097 1060 3580 1131 interpretationem
3616 1049 3756 1132 adjecit

2250 1157 2375 1214 huic
2395 1157 2511 1212 loco
2539 1175 2552 1211 :
2581 1176 2598 1208 ι
2629 1156 2685 1211 Si
2717 1155 2803 1211 cui
2829 1163 3073 1226 cognata:
3093 1154 3391 1208 necessitas
3419 1154 3486 1210 sit
3509 1155 3754 1226 presbytero

2248 1249 2449 1303 victum
2483 1246 2826 1318 procurandi.
2868 1264 2886 1296 ι
2914 1244 3136 1299 Videtur
3163 1253 3343 1299 autem
3392 1243 3679 1300 intellexisse
3712 1247 3756 1300 de

2248 1332 2470 1393 muliere
2509 1335 2658 1405 cujus
2698 1348 2799 1405 ope
2837 1341 2891 1389 et
2930 1333 3230 1390 ministerio
3271 1334 3505 1405 indigeat
3538 1334 3755 1406 presbyter

2249 1429 2315 1483 ad
2342 1443 2403 1482 ea
2443 1425 2934 1498 procuranda'qua:
2977 1423 3143 1478 victui
3189 1424 3493 1478 necessaria
3536 1433 3659 1479 sunt.
3683 1424 3753 1480 Ve-

2251 1533 2342 1572 rus
2377 1526 2555 1572 tamen
2616 1532 2680 1572 ac
2719 1515 2980 1586 genuinus
3022 1511 3182 1582 hujus
3237 1512 3342 1568 loci
3393 1527 3590 1578 sensus,
3631 1529 3752 1584 quan-

2249 1617 2360 1660 tum
2411 1620 2508 1674 ego
2553 1603 2819 1672 eonjicio,
2862 1602 2951 1656 hic
2995 1616 3118 1657 esse
3163 1600 3361 1666 debet;
3414 1609 3473 1655 ut
3513 1601 3554 1656 si
3602 1599 3753 1667 mat'er,

637 1683 936 1779 Stephanus
975 1683 1142 1786 papa.
1197 1693 1254 1762 ln
1305 1705 1532 1776 cpistola
1581 1701 1754 1774 prima
1790 1702 1932 1772 apud
1981 1701 2150 1755 lsido—
2180 1781 2215 1786 Δ
2249 1690 2414 1751 amita
2467 1703 2560 1748 aut
2605 1708 2758 1786 soror
2801 1689 3105 1786 presbyteri
3148 1683 3577 1786 adeo‘pau'peres
3614 1683 3755 1786 Sinlut

567 1799 689 1858 ‘rum
725 1776 1104 1858 Mer-calorem.
1140 1797 1276 1874 Hinc
1321 1812 1452 1870 ergo
1489 1803 1638 1866 patet
1687 1794 1977 1850 concilium
2005 1791 2148 1846 Rhe—
2179 1781 2222 1840 B
2250 1789 2452 1858 absque
2498 1783 2698 1841 auxilio
2735 1795 2790 1840 et
2835 1800 2935 1854 ope
2976 1779 3092 1856 ejus
3138 1798 3245 1838 non
3295 1776 3528 1837 habeant
3563 1781 3676 1836 unde
3703 1780 3754 1833 ri.

567 1890 757 1949 mense
799 1906 865 1947 ex
911 1904 1018 1961 quo
1069 1889 1174 1945 duo
1225 1884 1325 1943 ista
1356 1887 1531 1957 capita
1584 1894 1794 1954 sumpta
1844 1891 1999 1946 sunt,
2031 1890 2153 1952 post

568 1983 748 2042 Caroli
779 1982 952 2054 Magni
989 1978 1225 2062 tempora
1268 1979 1594 2034 celebratum
1640 1962 1837 2032 fuisse°
1893 1975 1939 2029 si
1971 1984 2148 2027 tamen

572 2075 901 2150 celebratum
956 2072 1119 2127 ullum
1173 2071 1368 2125 fuitin
1426 2084 1532 2139 quo
1584 2069 1704 2150 haec
1747 2075 1944 2150 statuta
1999 2071 2149 2150 sint,

573 2147 638 2209 ac
669 2167 774 2208 non
818 2150 994 2222 potius
1037 2149 1249 2220 sumpta
1296 2157 1420 2203 sunt
1463 2164 1528 2203 ex
1571 2146 1831 2216 Capitulis
1875 2143 2149 2200 liincmari

569 2241 972 2312 Archiepiscopi
1025 2240 1346 2295 Rhemensis
1391 2254 1510 2308 qua!
1561 2239 1855 2292 etiamnum
1912 2241 2145 2290 exstant.

569 2323 716 2390 Fieri
765 2330 958 2403 quippe
1010 2330 1188 2402 potest
1235 2339 1293 2384 ut
1346 2323 1446 2384 ista
1494 2327 1701 2400 Regino
1742 2322 2032 2383 crediderit
2082 2326 2150 2380 ab

567 2406 858 2480 iiincmaro
908 2422 1197 2478 constituta
1253 2436 1374 2477 esse
1429 2421 1482 2474 in
1539 2419 1768 2476 concilio
1819 2407 2146 2484 RhemenSi,

569 2515 695 2585 quia
751 2513 996 2573 fortassis
1057 2513 1110 2566 in
1165 2513 1352 2566 codice
1412 2526 1509 2567 suo
1562 2511 1770 2581 legebat
1821 2526 1884 2566 ea
1940 2508 2148 2565 sancita

571 2594 739 2660 fuisse
796 2603 850 2658 in
894 2604 1097 2676 synodo
1130 2599 1459 2666 Rhemcusi,
1496 2601 1805 2656 dimcesana
1857 2600 2144 2665 nimirum,

576 2710 683 2750 non
707 2691 1042 2764 provinciali.
1072 2681 1322 2747 Attamen
1351 2690 1484 2746 nihil
1509 2700 1652 2746 vetat
1679 2693 1807 2761 quin
1828 2689 1941 2746 lucc
1960 2693 2147 2746 eadem

572 2785 789 2840 decerni
816 2783 1091 2855 potuerint
1128 2783 1290 2837 etiam
1329 2783 1380 2836 in
1421 2782 1626 2852 synodo
1652 2795 1900 2852 quapiam
1932 2779 2148 2850 provin-

557 2875 694 2932 ‘ciali
723 2877 790 2932 ab
826 2871 1118 2931 Hincmaro
1151 2875 1442 2939 celebrata,
1475 2883 1534 2928 ut
1567 2871 1740 2942 major
1768 2882 1912 2926 esset
1965 2886 2146 2927 rerum

569 2966 984 3019 c'onstitutarum
1014 2963 1330 3018 auctoritas.
1359 2961 1492 3016 Nam
1524 2970 1685 3031 caput
1707 2961 1814 3016 215
1841 2960 1960 3015 libri
1986 2961 2143 3031 primi

572 3053 905 3124 iieginonis,
947 3054 1088 3124 quod
1135 3062 1403 3122 sumptum
1449 3053 1616 3107 videri
1664 3059 1840 3122 potest
1875 3066 1943 3106 ex
1988 3049 2146 3122 Capi-

2249 1891 2407 1947 vant,
2440 1876 2689 1934 maneant
2725 1871 2942 1950 quidem
2980 1871 3038 1931 in
3066 1877 3254 1932 eodem
3283 1875 3404 1932 loco
3441 1875 3491 1932 in
3531 1891 3622 1946 quo
3653 1888 3754 1945 pres-

2247 1973 2405 2044 byter
2453 1971 2686 2038 habitat,
2739 1970 2833 2025 sed
2881 1968 3068 2040 procul
3119 1968 3186 2024 ab
3232 1968 3438 2024 aedibus
3488 1959 3620 2036 ejus,
3653 1969 3754 2035 pres-

2247 2070 2404 2132 byter
2457 2074 2586 2116 vero
2648 2059 2865 2115 domum
2910 2059 2978 2113 ad
3021 2072 3113 2114 eas
3161 2057 3344 2112 mittat
3390 2072 3506 2128 quae
3552 2064 3754 2112 sustenta-

2247 2150 2380 2206 tioni
2440 2150 2652 2205 illarum
2720 2148 3023 2205 necessaria
3095 2155 3240 2203 sunt.
3299 2145 3537 2218 Capitula
3592 2143 3751 2200 Herardi

2247 2243 2633 2314 archiepiscopi
2665 2241 2995 2298 Turonensis
3021 2255 3123 2311 cap
3167 2240 3232 2296 l9
3267 2253 3283 2295 :
3321 2258 3340 2292 ι
3377 2238 3446 2296 Ut
3465 2238 3751 2294 conversatio.

2247 2349 2371 2388 nem
2425 2332 2747 2389 feminarum
2810 2346 3108 2400 earumque
3164 2344 3444 2385 accessum
3498 2337 3549 2383 et
3591 2323 3750 2380 admini-

2247 2420 2562 2480 strationem
2595 2423 2950 2479 detestentur.
2983 2417 3077 2476 Sin’
3111 2413 3277 2489 alias,
3320 2405 3464 2476 velut
3501 2407 3750 2483 contempta

2249 2510 2336 2571 res
2401 2509 2666 2571 canonum
2725 2513 2794 2568 ab
2844 2512 3035 2569 ordine
3089 2511 3453 2581 deponantur.
3500 2507 3560 2562 Et
3618 2503 3748 2574 quibus

2248 2607 2558 2663 ministrare
2607 2605 2910 2662 necessaria
2958 2604 3287 2668 decernunt,
3345 2599 3502 2672 556
3541 2597 3668 2666 longe
3701 2594 3749 2647 eis

2247 2701 2435 2755 domos
2481 2697 2808 2770 praevideant
2857 2699 2910 2752 in
2959 2697 3156 2768 quibus
3199 2711 3309 2752 non
3348 2679 3444 2766 per
3481 2708 3552 2759 se,
3590 2691 3662 2746 sed
3689 2702 3748 2757 per

2247 2787 2524 2866 ministros
2591 2788 2831 2843 subsidia
2877 2788 3175 2858 porrigant.
3225 2804 3248 2838 θ
3283 2784 3476 2841 Verum
3530 2772 3748 2853 prcsbyleti

2246 2865 2497 2936 fraudem
2547 2865 3088 2935 huicconStitutioni
3138 2876 3414 2954 faciebant
3458 2873 3597 2930 aetate
3639 2869 3747 2925 iliac-

2247 2969 2417 3034 mari,
2469 2979 2529 3023 ut
2570 2967 2684 3040 ipse
2733 2967 2890 3024 docet
2936 2967 2991 3023 in
3031 2966 3261 3038 epistola
3310 2965 3416 3033 48,
3463 2979 3574 3034 cap.
3605 2958 3747 3024 35,bis

2246 3061 2432 3116 verbis
2481 3078 2494 3114 :

575 3145 702 3200 tuiis
738 3145 1044 3210 Hincmari,
1080 3145 1132 3198 in
1163 3146 1432 3225 epitomeu
1462 3149 1797 3199 contractum
1827 3158 1892 3198 ex
1933 3152 2142 3198 vetuSto
2171 3138 2214 3200 C
2247 3151 2332 3206 vel
2380 3152 2737 3209 oblationibus
2783 3149 2848 3208 ac
2899 3152 3040 3208 voiis
3092 3149 3335 3207 ﬁdelium
3384 3166 3465 3206 res
3510 3157 3620 3220 post
3654 3144 3748 3199 ordi-

572 3237 860 3293 Rhemensi
915 3237 1144 3293 concilio
1183 3235 1439 3291 laudatur
1475 3251 1506 3290 a
1549 3234 1742 3290 Vossio
1790 3235 1844 3290 in
1883 3232 2021 3290 libro
2065 3249 2149 3289 se-

573 3330 748 3383 cundo
788 3329 854 3382 de
891 3328 1048 3383 Vitiis
1091 3327 1377 3383 sermonis.
1418 3326 1486 3381 Et
1536 3325 1674 3381 infra
1705 3340 1825 3395 cap.
1857 3324 1960 3379 120
1992 3324 2148 3380 istius

573 3417 695 3472 libri
757 3425 935 3472 exstat
982 3415 1118 3472 alius
1164 3423 1336 3472 canon
1407 3411 1474 3471 ex
1539 3414 1766 3472 concilio
1821 3415 2146 3479 Rhemensi,

574 3523 736 3578 quem
761 3508 813 3563 in
842 3507 1069 3563 concilio
1095 3508 1326 3577 quodam
1367 3507 1569 3562 editum
1598 3506 1763 3562 fuisse
1801 3504 2146 3560 manifestum

571 3608 654 3654 cst
699 3615 763 3655 ex
807 3607 1059 3656 contextu
1105 3599 1382 3655 orationis.
1423 3597 1653 3653 Fortean
1695 3608 1873 3652 autem
1919 3596 1984 3650 ad
2021 3595 2148 3649 illud

573 3693 745 3762 ipsum
799 3690 1082 3746 concilium
1133 3690 1436 3758 Rhemense
1484 3689 1821 3754 referendum
1865 3695 1947 3742 est
1993 3693 2151 3754 caput

579 3781 975 3850 Sexagesimum
1021 3779 1178 3835 istius
1226 3779 1388 3849 primi
1450 3779 1606 3844 libri,
1653 3779 1889 3847 itemque
1953 3781 2150 3832 ducené

580 3871 832 3925 tesimum
885 3870 1339 3940 septuagesimum
1383 3869 1696 3923 secundum.

652 3958 951 4014 Secundum
994 3957 1288 4013 Hilarium.
1328 3957 1483 4028 Apud
1538 3957 1887 4012 Eidemarum
1928 3973 1943 4010 :
1991 3955 2149 4026 555

581 4063 598 4103 α
637 4052 777 4105 sicut
815 4050 1118 4119 Stephanus
1158 4059 1376 4106 sanctus
1421 4065 1560 4122 papa
1597 4059 1651 4104 et
1697 4059 1902 4122 martyr
1939 4051 2006 4104 ad
2035 4065 2154 4103 san-

577 4151 722 4196 ctum
779 4139 1041 4194 llilarium
1089 4141 1141 4194 in
1181 4141 1293 4196 suis
1327 4140 1687 4196 decretalibus
1727 4139 1928 4195 docuit.
1971 4139 2154 4194 tBur-

576 4231 808 4284 ehardus
831 4239 884 4284 et
907 4230 995 4284 iro
1023 4240 1173 4300 parte
1207 4247 1267 4295 ιι,
1299 4245 1417 4300 cap.
1461 4229 1564 4285 159
1591 4244 1606 4283 :
1638 4247 1656 4281 ‹
1690 4230 1828 4285 sicut
1849 4228 2154 4302 Stephanus

576 4329 793 4376 Sanctus
822 4337 954 4390 papa
979 4330 1044 4392 _ct
1090 4329 1295 4392 martyr
1343 4330 1590 4376 sanctum
1637 4320 1919 4388 Hilarium,
1971 4333 1992 4375 1
2044 4332 2150 4377 etc.

579 4410 658 4465 Ex
706 4411 789 4465 his
832 4426 960 4482 ergo
1007 4413 1215 4483 corrige
1259 4413 1611 4483 Reginouem.

2250 3236 2522 3296 nationem
2575 3241 2729 3297 suam
2773 3240 3124 3312 comparant,
3169 3249 3223 3295 et
3279 3240 3334 3294 in
3379 3237 3480 3294 illis
3527 3242 3746 3292 structuras

2250 3332 2493 3399 faciunt,
2551 3342 2607 3388 et
2667 3347 2788 3404 quae
2837 3335 2905 3389 ad
2966 3332 3250 3388 ecclesiam
3310 3330 3564 3403 pertinent
3611 3323 3744 3380 ibidem
3838 3407 3839 3410 η

2249 3422 2539 3488 collocant;
2576 3430 2633 3478 et
2663 3423 2716 3477 in
2761 3423 2964 3478 eisdem
3006 3423 3211 3478 mansis
3258 3421 3504 3477 mulieres
3540 3416 3744 3484 rccipiunt.

2249 3527 2369 3582 quae
2414 3511 2705 3567 lanificium
2753 3527 2909 3566 suum
2953 3521 3276 3576 exerceant,
3325 3520 3380 3566 et
3421 3511 3591 3564 domus
3621 3517 3744 3561 curam

2249 3600 2456 3673 gerant.
2503 3603 2571 3658 Et
2616 3605 2718 3658 hac
2760 3604 3044 3659 occasione
3080 3618 3205 3658 suas
3235 3602 3494 3658 ecclesias
3523 3597 3742 3669 negligunt.
3836 3659 3837 3666 γ

2250 3705 2305 3748 et
2362 3695 2428 3748 ad
2485 3695 2701 3751 eosdem
2750 3709 2969 3751 mansos
3009 3701 3328 3758 recurrunt,
3374 3701 3426 3748 et
3471 3691 3538 3745 ibi
3582 3698 3743 3742 comma-

2252 3784 2383 3840 nent
2444 3781 2633 3841 contra
2675 3784 2895 3842 decreta
2938 3787 3222 3842 canonum.
3266 3806 3284 3838 ι
3327 3784 3451 3840 Vidc'
3496 3779 3613 3837 infra
3653 3771 3742 3847 apud

2253 3878 2583 3949 Reginoncm
2628 3893 2749 3951 cap.
2803 3877 2933 3935 9.20.

2325 3937 2490 4024 iVulla
2520 3937 2717 4040 femina
2741 3971 2809 4025 ad
2850 3967 2944 4024 alt.
2982 3950 3123 4026 infra
3152 3970 3272 4041 cap.
3316 3947 3414 4027 120
3441 3986 3454 4024 :
3487 3987 3504 4021 t
3534 3975 3580 4023 et
3611 3960 3742 4035 quibus
3834 3937 3835 3942 γ

2251 4059 2571 4132 prohibetur
2631 4077 2700 4118 ne
2761 4063 3059 4118 sacrarium
3125 4063 3538 4135 ingrediantur,
3591 4071 3667 4113 nec
3700 4049 3739 4104 ad

2254 4149 2424 4205 altare
2478 4151 2924 4222 appropinquent.
2955 4173 2974 4207 ι
3023 4153 3128 4209 Ista
3178 4155 3489 4210 insinuanda
3529 4141 3740 4204 esseutle

2255 4241 2416 4296 minis
2464 4243 2641 4298 aatatis
2687 4250 2917 4310 nostrae,
2953 4258 3088 4313 quae
3136 4262 3241 4300 nou
3293 4245 3460 4301 solum
3505 4243 3623 4297 intra
3659 4247 3739 4290 can-

2257 4331 2426 4388 cellos
2459 4339 2634 4399 stant,
2680 4334 2775 4389 sed
2819 4335 2887 4389 ad
2929 4335 3104 4406 ipsum
3154 4337 3327 4392 altare
3370 4326 3626 4392 accedunt,
3661 4335 3737 4378 ωηο

2257 4439 2418 4495 quam
2473 4425 2650 4479 divina
2710 4440 2830 4480 cum
2885 4427 3212 4498 presbyteris
3266 4417 3521 4484 celebrare
3565 4419 3735 4476 debent

649 4499 778 4554 Car.
803 4499 887 4554 86.
912 4531 982 4539 —
1004 4501 1104 4553 Aut
1128 4503 1426 4555 homicidio.
1457 4503 1582 4556 llaec
1602 4501 1835 4558 clausula
1857 4515 1961 4556 non
1977 4509 2156 4556 exstat
2186 4491 2232 4550 D
2259 4491 2356 4570 cui
2401 4514 2542 4568 maio
2590 4528 2746 4569 nemo
2794 4491 2902 4570 esi'
2923 4517 3015 4586 qui
3047 4491 3309 4583 're‘sigiai,
3369 4512 3612 4572 tamenetsi
3653 4502 3734 4563 nihil

578 4591 633 4644 in
695 4591 930 4659 antiquis
994 4593 1317 4647 editionibus
1378 4608 1642 4648 canonum
1715 4595 2149 4664 apostolicorum.

580 4680 770 4734 Exstat
815 4689 993 4734 tamen
1029 4683 1168 4750 apud
1201 4681 1516 4754 Gregorium
1561 4684 1931 4740 Turonensem
1977 4685 2067 4740 lib.
2099 4701 2152 4751 ν,

580 4787 697 4842 cap.
737 4772 803 4826 19
852 4785 917 4825 ex
964 4786 1102 4828 novo
1146 4775 1498 4842 quaternione
1552 4777 1644 4845 qui
1696 4787 1942 4832 recenter
1992 4778 2155 4832 adne-

580 4869 681 4913 ms
704 4867 822 4912 erat
866 4859 1004 4915 libro
1047 4876 1334 4916 canonum.
1370 4863 1504 4919 Hinc
1544 4863 1746 4920 factum
1779 4875 1837 4920 ut
1878 4867 1995 4921 dua:
2031 4868 2151 4922 dein

581 4967 846 5006 canonum
910 4953 1325 5022 apostolicorum
1394 4955 1658 5011 editiones
1725 4956 2040 5028 viguerint,
2099 4959 2151 5012 in

580 5053 808 5113 quarum
843 5059 947 5097 una
970 5046 1223 5100 exstabat
1249 5045 1484 5100 clausula
1515 5047 1579 5101 de
1623 5047 1932 5114 homicidio,
1972 5049 2156 5104 deerat

582 5146 760 5190 autem
796 5136 848 5190 in
889 5136 1014 5190 alia.
1056 5136 1384 5208 llalitgarius
1427 5139 1568 5193 enim
1609 5141 1850 5196 referens
1894 5157 2152 5197 canonem

583 5227 730 5281 illum
778 5227 1130 5297 apostolicum
1181 5228 1269 5282 lib.
1301 5245 1352 5295 v,
1386 5241 1505 5298 eap.
1555 5231 1610 5296 4,
1661 5233 1824 5288 habet
1863 5232 2154 5287 clausulam

582 5320 648 5372 de
678 5319 966 5374 homicidio
997 5334 1011 5372 :
1045 5320 1184 5374 unde
1227 5319 1474 5376 fortassis
1514 5324 1721 5392 accepit
1748 5324 1974 5393 Regino.
2007 5324 2154 5378 illam

583 5424 795 5479 quoque
841 5411 1055 5464 videtur
1108 5411 1359 5466 habuisse
1393 5412 1684 5484 Gregorius
1729 5415 1795 5469 IV
1826 5416 1877 5468 in
1922 5432 2020 5471 suo
2064 5432 2150 5472 co-

586 5499 740 5562 dice,
785 5499 859 5552 uti
913 5500 1148 5556 diximus
1189 5501 1256 5556 ad
1289 5501 1652 5571 Agobardum.
1684 5502 1882 5558 Contra
1923 5504 2157 5560 lsidorus

590 5590 730 5641 illam
779 5605 882 5645 non
934 5591 1129 5659 habet,
1177 5608 1352 5662 neque
1402 5593 1680 5661 Rabanus,
1715 5594 1766 5649 in
1815 5595 2039 5666 epistola
2088 5597 2155 5650 ad

592 5679 956 5748 lleribaldum,
988 5697 1163 5754 neque
1199 5683 1412 5740 demum
1468 5684 1824 5752 Hincmarus,
1871 5687 1959 5756 qui
1993 5699 2156 5744 cano;

2262 4605 2466 4676 majore
2499 4620 2628 4659 cura
2670 4605 2946 4675 provisum
2996 4607 3119 4662 sita
3149 4609 3398 4665 Patribus
3440 4621 3577 4678 quam
3611 4599 3732 4656 utista
3827 4643 3829 4650 .

2261 4712 2365 4751 non
2420 4696 2645 4753 licerent
2697 4695 2930 4752 feminis.
2981 4694 3166 4770 Neque
3217 4701 3398 4756 dubito
3444 4699 3558 4769 quin
3589 4694 3622 4749 si
3658 4686 3733 4742 reli-

2260 4786 2593 4857 giosissimus
2633 4783 2794 4844 sexus
2829 4789 2931 4848 ista
2966 4789 3249 4846 doceretur
3287 4805 3444 4862 prave
3485 4787 3557 4857 agi
3587 4784 3630 4839 et
3652 4792 3731 4834 con-

2261 4884 2342 4929 tra
2388 4885 2621 4928 mentem
2669 4874 2954 4944 Ecclesiae,
2999 4894 3105 4934 non
3155 4879 3368 4945 dubito,
3409 4879 3623 4947 inquam.
3651 4865 3730 4935 ί1¹¹ί¹¹

2256 4965 2624 5021 lubentissime
2667 4966 2964 5024 abstineret
2992 4985 3022 5024 a
3052 4971 3352 5042 corruptela
3383 4957 3463 5024 illa
3490 4975 3633 5037 pravae
3652 4968 3730 5042 conf

2255 5054 2571 5110 suetudinis.
2619 5055 2756 5112 Olim
2781 5099 2794 5121 ,
2838 5068 2896 5113 ut
2941 5040 3312 5116 adnotavimus
3346 5055 3410 5115 ad
3441 5053 3632 5114 COltcilia
3654 5040 3729 5100 Gal-

2256 5145 2340 5200 lice
2394 5145 2790 5214 Narbonensis,
2842 5164 2908 5205 eo
2968 5167 3136 5221 usque
3191 5157 3510 5222 processerat
3550 5139 3727 5198 scelerati

2257 5237 2476 5292 audacia
2525 5247 2584 5291 ut
2617 5240 2869 5295 mulieres
2911 5236 3170 5296 altaribus
3214 5249 3443 5297 astarent
3483 5246 3528 5293 et
3568 5230 3725 5303 [διεσιω-

2257 5340 2361 5395 quc
2420 5326 2538 5396 ipso‘
2589 5328 2872 5385 oblationis
2921 5339 3161 5401 tempore
3211 5347 3387 5387 coram
3423 5323 3628 5384 omnibus
3661 5312 3724 5407 im:

2259 5419 2519 5486 pudenter
2553 5421 2866 5490 acciperent
2895 5423 3036 5492 quod
3077 5424 3184 5479 Deo
3221 5423 3521 5479 oiferehatur
3545 5415 3585 5468 in
3606 5407 3719 5492 altari.

2260 5504 2315 5560 Si
2365 5507 2433 5560 ab
2474 5508 2576 5564 hoc
2615 5489 2854 5567 facinore
2903 5489 3026 5568 dein
3075 5515 3439 5570 abstinuerunt
3474 5504 3639 5562 femina:
3665 5489 3721 5545 at}

2259 5598 2507 5662 monitae.
2565 5603 2886 5670 sperandum
2935 5615 3018 5660 est
3063 5616 3273 5661 nostras
3321 5602 3463 5658 facile
3511 5591 3718 5650 mutaturas

2261 5692 2305 5746 si
2351 5692 2648 5766 intelligant
2671 5697 2924 5768 quiddam
2953 5697 3330 5755 irrcrercntius
3371 5695 3442 5765 agi
3477 5701 3581 5758 6783
3612 5681 3718 5734 Deum

3820 5143 3825 5320 ι

2541 3079 2557 3112 t
2594 3050 2824 3128 Quidam
2863 3053 3165 3131 presbyteri
3213 3060 3284 3115 de
3314 3055 3557 3114 reditibus
3582 3052 3747 3109 ecclesia!
3840 3119 3841 3124 η
