3920 6398
145 259 255 317 ηδ

1155 259 1363 319 NOTAE.
1399 263 1492 318 AD
1526 263 1654 321 LIB.
1684 207 1814 321 ιυέ
1851 261 2137 319 ECCLES.
2177 263 2464 322 DISCIPL.

3325 269 3430 326 626

141 385 200 433 et
248 373 549 457 Ecclesiam
579 389 702 430 cum
740 373 843 431 illa:
890 385 1244 460 perrpmpunt
1294 376 1433 431 ultra
1475 375 1746 432 cancellos
1775 380 1825 440 Α
1850 373 1967 444 ejus
1998 391 2142 432 nunc
2190 377 2262 432 sit
2312 377 2455 434 intra
2489 379 2797 436 ecclesiam.
2839 380 3099 439 Evenisse
3141 383 3215 440 illi
3268 358 3448 457 potuit

142 468 364 525 altaris.
413 455 537 523 Haec
589 466 880 522 admonere
932 455 1106 522 visum
1160 476 1274 533 est,
1332 477 1392 524 ut
1446 467 1636 523 saltem
1692 467 1748 523 in

139 559 252 617 hoc
301 559 480 629 capite
528 557 835 630 corrigatur
875 559 986 613 vita
1037 548 1495 614 Christianorum.

217 648 354 705 Car.
397 646 518 704 105.
565 646 923 719 Eleemosyuis
966 649 1208 704 redimat.
1248 648 1395 705 Istud
1435 649 1629 705 deinde
1654 663 1748 704 vo—

135 752 414 800 caverunt
467 741 894 812 redemptionem
948 751 1318 814 peccatorum.
1374 741 1655 799 Paschalis
1705 741 1749 798 II

135 835 200 892 in
247 834 478 906 epistola
527 832 593 889 ad
627 833 994 906 Norigaudum
1041 834 1582 907 Augustodunensem
1637 835 1778 904 epi-x

136 943 343 998 capum
363 947 376 982 :
400 947 419 978 ι
448 926 554 982 Pro
587 925 958 998 redemptione
986 939 1116 982 vero
1145 935 1494 996 peccatorum
1516 925 1750 981 morien-

141 1033 230 1079 tes
280 1023 334 1077 in
391 1020 635 1077 Ecclesia
685 1020 740 1076 in
791 1035 899 1090 qua
954 1019 1080 1077 ﬁdei
1131 1031 1473 1077 sacramenta
1525 1033 1749 1090 accepe-

137 1124 276 1172 runt
327 1114 728 1188 eleemosynam
783 1115 914 1170 dare
955 1115 1252 1171 secundum
1299 1115 1597 1187 apostolica
1651 1115 1747 1170 de-

138 1215 297 1262 creta
349 1205 639 1263 statuimus
691 1206 912 1262 omnino
969 1215 1025 1263 et
1056 1207 1504 1264 conﬁrmamus:
1568 1207 1648 1262 Ex
1683 1223 1749 1263 eo

136 1311 313 1366 porro
368 1295 520 1352 fonte
569 1304 629 1352 ut
683 1295 976 1369 plurimum
1026 1298 1349 1369 prodierunt
1400 1298 1560 1370 557
1619 1316 1748 1370 pos-

138 1388 453 1454 sessiones,
510 1387 832 1454 latifundia,
889 1397 945 1444 et
1000 1389 1149 1462 agri,
1201 1405 1268 1445 ex
1333 1391 1529 1461 quibus
1581 1392 1748 1447 ditata

137 1489 200 1537 et
238 1481 572 1552 ampliﬁcata
600 1489 685 1538 est
706 1481 980 1549 Ecclesia,
1025 1481 1104 1538 uti
1132 1481 1368 1538 diximus
1400 1483 1468 1539 ad
1506 1483 1750 1555 Agobar-

140 1573 307 1630 dum.

213 1670 485 1748 CAPJIS.
504 1669 721 1727 --Rem
744 1673 1066 1743 lli/ferretur.
1092 1673 1399 1746 Legendum
1421 1674 1565 1730 haud
1590 1675 1750 1731 dubie

1849 466 2050 537 aliquid
2074 467 2249 523 simile
2275 470 2572 525 narrationi
2604 487 2724 542 quae
2755 481 2933 528 exstat
2961 475 3100 544 apud
3125 475 3326 531 Bedam
3373 479 3443 536 de

1847 573 2076 628 corpore
2105 559 2278 614 sancti
2297 560 2602 631 Augustini,
2631 564 2772 632 quod
2803 562 2950 620 foras
2977 565 3129 635 juxta
3155 568 3445 624 ecclesiam

1847 648 2081 719 positum
2107 660 2213 715 est,
2245 652 2370 720 quia
2403 668 2466 706 ea
2497 657 2723 710 necdum
2754 657 2928 711 fuerat
2955 658 3192 727 perfecta
3217 675 3318 715 nec
3355 662 3447 716 de-

1849 740 2054 806 dicata;
2087 758 2212 796 mox
2245 758 2374 797 vero
2403 752 2461 798 ut
2485 744 2730 800 dedicata
2759 755 2858 808 est,
2888 749 3030 802 intro
3055 749 3264 804 illatum
3298 761 3355 806 et
3387 753 3442 808 in

1847 835 2060 905 porticu
2108 835 2252 891 illius
2298 838 2600 906 aquilonari
2630 840 2886 896 decenter
2931 843 3198 912 sepultum
3230 853 3342 910 est;
3389 845 3446 900 in

1848 943 1956 997 qua
2015 927 2179 982 etiam
2226 930 2564 998 sequentium
2623 931 3150 1002 archiepiscoporum
3200 934 3444 988 omnium

1849 1025 1976 1072 sunt
2003 1032 2228 1087 corpora
2265 1018 2544 1081 tumulata,
2575 1028 2772 1090 praeter
2793 1022 3018 1076 duorum
3047 1025 3448 1089 tantummodo,’

1849 1110 1904 1165 id
1933 1119 2017 1166 est
2059 1111 2328 1179 Theodori
2383 1122 2436 1167 et
2485 1112 2829 1180 Berhtwaldi,
2864 1131 3091 1190 quorum
3125 1131 3351 1185 corpora
3388 1115 3445 1170 in

1851 1206 1964 1278 ipsa
1995 1207 2221 1263 ecclesia
2250 1208 2422 1279 posita
2464 1217 2612 1275 sunt,
2647 1225 2712 1264 eo
2745 1209 2886 1280 quod
2925 1210 3179 1279 prtedicta
3205 1211 3447 1281 porticus

1850 1300 2003 1371 plura
2031 1317 2224 1372 capere
2256 1301 2520 1372 nequivit.
2556 1301 2689 1356 Nam
2721 1304 2845 1372 quia
2871 1302 3119 1358 fortassis
3140 1303 3446 1360 Ademarus

1850 1394 2103 1451 conditus
2127 1405 2245 1450 erat
2268 1395 2322 1450 in
2360 1395 2534 1452 loculo
2557 1395 2711 1465 juxta
2737 1396 2993 1451 humilem
3017 1413 3137 1469 qua:
3175 1407 3300 1454 tunc
3328 1409 3449 1454 erat

1849 1486 2135 1542 ecclesiam
2183 1489 2520 1554 monasterii,
2553 1505 2675 1544 cum
2723 1505 2787 1566 ea
2837 1491 3084 1546 ducentis
3126 1503 3249 1562 post
3288 1509 3450 1550 annis

1854 1595 2068 1634 rursum
2094 1577 2360 1634 aediﬁcata
2407 1589 2463 1635 et
2507 1580 2831 1652 ampliﬁcata
2864 1591 2965 1644 est,
2994 1580 3217 1653 jamque
3243 1583 3450 1641 intrare

1852 1670 1906 1724 in
1936 1670 2226 1726 ecclesiam
2253 1670 2544 1740 coepissent
2565 1686 2793 1742 corpora
2816 1681 3175 1738 mortuorum,
3207 1675 3450 1744 proclive

138 1765 226 1814 cst
258 1741 544 1815 remedium
576 1777 679 1816 non
700 1762 1027 1832 differretur,
1050 1772 1110 1819 ut
1133 1765 1460 1821 monuimus.
1488 1765 1579 1821 Sic
1603 1766 1750 1822 enim
1781 1740 1830 1802 Β
1857 1760 1956 1816 fuit
1987 1762 2271 1818 monachis
2300 1761 2704 1828 Tutelensibus,
2739 1762 2808 1818 ob
2837 1771 3082 1818 sanctam
3108 1763 3210 1818 viri
3241 1779 3448 1819 memo-

141 1851 351 1906 habent
378 1852 604 1925 vulgatae
625 1853 892 1910 editiones
920 1855 1271 1926 epistolarum
1307 1857 1478 1913 sancti
1524 1857 1742 1921 Leonis,

139 1951 201 1997 et
225 1942 474 2015 plerique
507 1945 725 2001 codices
769 1947 1146 2018 manuscripti.
1184 1947 1437 2004 Attamen
1485 1948 1536 2002 iu
1567 1948 1746 2006 Colle-

140 2037 330 2092 ctione
357 2036 575 2104 Isidori,
610 2037 754 2094 unde
800 2038 1008 2108 Regillo
1035 2038 1250 2095 videtur
1278 2040 1577 2111 accepisse,
1609 2041 1746 2113 legi-

143 2144 235 2189 tur
259 2146 321 2189 ut
351 2135 441 2190 hic
483 2136 687 2192 editum
731 2145 835 2191 est.
878 2135 944 2191 Et
995 2136 1048 2190 in
1081 2136 1248 2192 veteri
1290 2137 1475 2194 codice
1525 2153 1626 2193 ms.
1661 2138 1746 2193 bi-

141 2227 432 2282 bliothecae
455 2227 654 2299 Regize,
687 2237 800 2282 tum
846 2228 901 2282 in
941 2227 1046 2283 alio
1082 2237 1395 2298 pervetusto
1428 2228 1616 2284 codice
1640 2244 1743 2284 ms.

56 2313 60 2316 ⁴
142 2317 464 2373 monasterii
490 2317 664 2374 sancti
687 2317 944 2374 Germani
981 2318 1049 2373 de
1081 2317 1281 2384 Pratis,
1315 2319 1367 2372 in
1393 2318 1591 2388 quibus
1616 2318 1746 2372 Dio-

144 2410 287 2481 nysii
307 2409 556 2466 collectio
575 2411 905 2477 continetur,
936 2409 1077 2466 inter
1098 2411 1313 2466 decreta
1337 2412 1510 2465 sancti
1530 2408 1744 2474 Leonis,

143 2504 290 2560 unde
319 2513 594 2576 sumptum
635 2513 720 2560 est
759 2505 863 2560 hoc
899 2510 1080 2574 caput,
1113 2504 1183 2558 ita
1231 2502 1453 2558 omnino
1487 2502 1746 2571 scriptum

143 2605 251 2660 est,
279 2612 444 2666 usque
472 2595 542 2649 ad
567 2595 948 2650 communionis
974 2595 1259 2650 remedium
1287 2595 1587 2663 diﬂ‘emtur.
1612 2592 1744 2649 Eam

143 2701 279 2741 vero
295 2685 589 2742 lectionem
607 2686 768 2741 habet
784 2685 945 2740 etiam
963 2683 1290 2757 Halitgarius
1306 2683 1400 2738 lib.
1418 2699 1499 2748 ιιι,
1518 2698 1636 2752 cap.
1659 2682 1744 2747 M,

146 2788 259 2833 tam
288 2779 342 2834 in
385 2778 624 2834 editione
674 2777 880 2834 Canisii
925 2792 1088 2848 quam
1140 2777 1192 2838 in
1237 2777 1405 2831 veteri
1428 2775 1614 2832 codice
1642 2791 1743 2830 ms.

146 2869 467 2926 monasterii
512 2867 876 2932 Corbeieusis,
927 2877 1040 2922 tum
1067 2866 1312 2922 etiamin
1357 2866 1593 2921 editione
1629 2881 1748 2936 qua:

147 2961 248 3016 sub
288 2960 498 3015 ltabani
528 2959 747 3015 nomine
770 2957 972 3014 emissa
1002 2973 1033 3013 a
1063 2957 1381 3013 Colvenerio
1411 2965 1494 3012 est
1519 2956 1572 3010 iu
1604 2966 1748 3010 tomo

148 3061 303 3108 sexto
340 3066 567 3121 operum
597 3049 828 3106 Rabani.

1855 1859 1989 1912 riam
2015 1867 2068 1913 et
2100 1858 2399 1928 ingentium
2427 1857 2544 1929 ejus
2585 1857 2994 1925 beneﬁciorum,
3027 1857 3291 1913 tumulum
3331 1860 3450 1930 ejus

1851 1951 2078 2007 ecclesia
2095 1950 2438 2007 concludere.
2465 1950 2600 2005 Nam
2625 1951 2714 2006 ille
2739 1961 2822 2007 est
2844 1952 2896 2006 iu
2924 1960 3171 2007 extrema
3191 1951 3445 2016 ecclesia,

1850 2044 1904 2099 in
1936 2043 2150 2115 angulo,
2188 2043 2307 2100 loco
2333 2044 2585 2100 videlicet
2624 2045 2988 2102 remotissima
3014 2044 3082 2098 ab
3111 2043 3271 2100 altari
3304 2044 3452 2116 quod

1851 2142 2048 2189 vocant
2078 2133 2272 2204 majus.
2331 2135 2389 2190 In
2434 2134 2613 2206 lapide
2647 2135 2934 2206 sepulcrali
2983 2137 3100 2192 ha-c
3141 2135 3448 2208 antiquitus

1851 2227 2054 2298 script-.1
2081 2227 2320 2293 fuerunt,
2350 2243 2472 2298 quae
2494 2245 2638 2284 nunc
2666 2245 2882 2300 quoque
2910 2229 3179 2302 leguntur,

1889 2325 1948 2384 ΡΧ(
1983 2335 2080 2374 ΧΡΕ
2109 2335 2275 2374 εειινΑ
2301 2336 2444 2376 TUUM
2477 2337 2574 2400 PER
2597 2337 2762 2376 SECLA
2787 2337 3101 2378 ADEMARUI.
3147 2338 3310 2377 All-2N.
3344 2330 3400 2387 ’Β

1921 2409 2050 2466 Car.
2092 2410 2304 2464 I25.——
2330 2411 2564 2466 Exedra.
2606 2411 2683 2466 Ita
2719 2421 2876 2467 vetus
2901 2412 3068 2467 codex
3116 2413 3446 2471 Parisiensis

1850 2516 1952 2555 ms.
1983 2516 2081 2570 pro
2107 2515 2173 2554 eo
2199 2501 2342 2570 quod
2369 2501 2536 2556 editio
2577 2500 3070 2557 I-lelmaestadicnsis
3106 2501 3272 2556 habet
3295 2512 3448 2557 extra

1849 2590 2139 2645 ecclesiam.
2173 2590 2311 2646 Huic
2339 2592 2728 2658 emendationi,
2760 2607 2878 2662 qua:
2909 2592 3109 2662 alioqui
3141 2594 3446 2649 necessaria

1849 2691 1952 2745 est,
2002 2684 2360 2753 astipulantur
2408 2684 2772 2750 Burchardus,
2820 2685 2929 2750 Ivo,
2983 2692 3135 2740 vetus
3172 2700 3446 2740 canonum

1850 2776 2106 2832 collector
2129 2792 2232 2830 ms.
2263 2776 2316 2830 in
2349 2776 2673 2833 bibliotheca
2698 2777 2864 2847 Ilegia
2884 2817 2899 2842 ,
2923 2785 2976 2834 et
3008 2777 3322 2842 Gratianus,
3351 2779 3445 2832 ubi

1853 2869 2114 2937 scriptum
2145 2878 2227 2924 est
2255 2870 2308 2924 in
2341 2871 2567 2924 exedris.
2599 2871 2804 2926 Statuit
2829 2871 2974 2926 enim
3004 2886 3177 2926 canon
3201 2881 3258 2926 ut
3283 2888 3444 2929 nemo

1853 2959 1906 3013 in
1935 2959 2161 3015 ecclesia
2190 2961 2505 3030 sepeliatur,
2531 2962 2624 3017 sed
2648 2962 2701 3016 in
2730 2963 2872 3032 atrio
2899 2971 2990 3018 aut
3020 2963 3070 3016 in
3107 2963 3317 3033 porticu
3351 2976 3448 3019 aut

1855 3051 1906 3105 in
1929 3051 2129 3106 exedra
2163 3053 2428 3107 ecclesim.
2469 3053 2654 3123 Itaque
2697 3052 2788 3123 qui
2820 3054 3144 3125 generaliter
3171 3055 3450 3124 prohibuit

219 3141 352 3198 Cu».
397 3141 606 3198 II9.—
627 3139 936 3212 Postquam.
990 3137 1088 3195 Vel
1125 3154 1193 3195 ex
1243 3139 1346 3196 hoc
1401 3138 1520 3195 loco
1553 3137 1746 3194 conﬁci
1777 3127 1822 3192 C
1855 3160 1922 3198 ne
1951 3143 2148 3198 mortui
2177 3143 2509 3213 sepeliantur
2541 3145 2681 3199 intra
2715 3144 3020 3210 ecclesiam,
3060 3144 3264 3201 frustra
3291 3143 3446 3214 jube-

146 3242 332 3304 potest
365 3233 624 3291 viaticum
671 3231 800 3288 olim
852 3230 1237 3288 darisolitum
1283 3240 1409 3302 post
1446 3239 1747 3285 extremam

146 3331 488 3388 unctionem.
1420 3393 1446 3398 _

216 3423 353 3480 CAP.
388 3423 589 3478 123.—
613 3421 734 3478 Nisi
776 3439 930 3494 quem
976 3422 1264 3494 episcopus.
1321 3420 1464 3491 Lege
1507 3420 1746 3489 generali

128 3518 384 3584 vetitum
405 3515 532 3572 olim
554 3525 676 3572 erat
695 3533 762 3572 ne
784 3517 906 3588 quis
931 3517 1072 3571 intra
1099 3515 1386 3572 ecclesiam
1402 3515 1744 3586 sepeliretur,

141 3619 203 3665 ut
232 3609 480 3680 pluribus
515 3609 668 3666 4“seet
709 3607 1000 3666 Grctserus
1027 3608 1080 3662 in
1109 3607 1247 3662 libro
1278 3607 1516 3663 secundo
1544 3607 1610 3661 de
1636 3605 1745 3661 Fu-

137 3715 278 3756 nere
303 3698 634 3765 Chrlstiano,
660 3713 759 3772 cap
809 3698 838 3753 8
864 3715 878 3766 ;
912 3698 1056 3769 quod
1078 3696 1420 3769 privilegium
1451 3695 1746 3752 etiamnum

136 3792 349 3847 retinet
371 3790 600 3847 ecclesia
649 3807 768 3863 qua:
797 3799 988 3847 sancto
1016 3789 1312 3846 Saturnino
1341 3789 1518 3844 dicata
1563 3796 1648 3845 est
1691 3789 1746 3844 in

136 3885 368 3940 civitate
420 3883 704 3940 Tolosana.
773 3884 909 3939 Nam
959 3884 1292 3956 Augustinus
1337 3881 1746 3938 Cautuariensis

139 3976 397 4046 sepultus
431 3991 534 4032 non
563 3986 648 4033 est
696 3977 749 4032 in
789 3977 1046 4043 ecclesia,
1077 3979 1172 4033 sed
1207 3977 1260 4032 in
1293 3976 1500 4048 porticu
1534 3976 1743 4047 aquilo-

139 4069 266 4124 nari
298 4068 556 4134 ecclesiae,
600 4078 658 4124 ut
687 4069 831 4123 Beda
857 4068 1012 4124 docet
1040 4068 1132 4122 lib.
1159 4084 1220 4132 ιι,
1261 4083 1379 4139 cap.
1410 4067 1462 4132 5,
1494 4066 1746 4122 Historiae

136 4162 536 4218 ecclesiastica:
564 4162 740 4234 gentis
779 4162 1098 4233 Anglorum.
1149 4160 1344 4216 Postea
1378 4169 1554 4216 tamen
1595 4159 1748 4214 licuit

140 4255 383 4326 sepelire
424 4257 563 4311 intra
595 4257 880 4314 ecclesiam
926 4256 1226 4327 episcopos,
1277 4255 1524 4320 abbates,
1556 4254 1746 4325 dignos

138 4347 504 4419 presbyteros
546 4358 601 4404 et
638 4348 826 4404 ﬁdeles
855 4347 1047 4414 laicos,
1087 4357 1147 4402 ut
1191 4347 1269 4401 ait
1299 4346 1588 4402 concilium
1632 4344 1747 4401 Mo-

140 4440 437 4511 guntinum
465 4443 565 4497 sub
597 4441 792 4498 Carolo
817 4440 1009 4510 Magno
1037 4439 1301 4505 habitum,
1349 4439 1402 4495 id
1450 4447 1534 4494 est
1565 4437 1744 4507 justos

139 4535 398 4592 homines
433 4537 524 4607 qui
573 4552 668 4608 per
710 4537 834 4592 vita:
874 4537 1124 4591 meritum
1174 4535 1335 4590 talem
1376 4534 1607 4590 vivendo
1643 4550 1742 4591 suo

141 4631 364 4700 corpori
391 4631 645 4687 defuncto
701 4629 876 4686 locum
917 4629 1340 4700 acquisiverunt,
1374 4637 1434 4683 ut
1459 4627 1742 4684 Theodulﬁ

140 4723 329 4778 verbis
359 4733 594 4779 utamur.
634 4724 739 4780 Ista
767 4724 956 4794 perdiu
985 4723 1218 4794 viguisse
1245 4722 1640 4777 animadverto.
1675 4722 1744 4779 Et

143 4823 329 4869 tamen
359 4826 512 4872 vetus
543 4817 850 4887 sepulcrum
880 4816 1148 4887 lapidemn
1172 4815 1425 4870 Ademari
1457 4813 1744 4869 vicccomi-

141 4904 218 4960 tis
243 4902 526 4960 Sealarum
555 4915 612 4962 et
650 4906 864 4962 abbatis
908 4905 1030 4960 laici
1063 4904 1379 4960 monasterii
1411 4903 1738 4970 Tutelensis,

140 4994 237 5064 qui
273 5005 529 5063 regnante
553 4997 837 5068 Rodulpho
867 5011 992 5068 rege
1018 4994 1222 5065 floruit,
1255 4995 1470 5050 videtur
1501 4995 1659 5050 hodie
1687 4994 1739 5050 in

141 5086 380 5143 ecclesia
409 5088 703 5145 Tutelensi.
731 5089 932 5146 Verum
965 5088 1148 5144 multae
1173 5088 1414 5143 rationes
1437 5096 1598 5143 erant
1621 5103 1743 5158 qua:

143 5179 312 5234 istum
343 5180 396 5234 in
423 5180 651 5236 ecclesia
678 5181 895 5252 sepeliri
925 5179 1185 5236 sinerent.
1219 5179 1484 5247 Primum,
1509 5182 1634 5251 quia
1659 5195 1744 5236 re-

142 5283 424 5328 staurator
465 5274 778 5330 monasterii
808 5273 1008 5338 fuerat,
1045 5273 1283 5343 illudque
1305 5273 1547 5327 omnium
1575 5274 1742 5329 bonu-

145 5381 268 5419 rum
295 5365 459 5438 558
485 5382 706 5423 suorum
735 5367 1006 5422 haeredem
1029 5381 1096 5420 ex
1120 5379 1242 5420 asse
1268 5380 1387 5421 esse
1421 5365 1603 5436 jussit,
1629 5374 1742 5420 tum

143 5457 313 5512 etiam
323 5460 444 5526 quia
461 5459 601 5513 haud
615 5459 774 5514 dubie
786 5457 1016 5515 celebris
1027 5457 1406 5534 eratopinione
1420 5458 1744 5516 sanctitatis.

143 5545 284 5601 Nam
309 5548 567 5603 hactenus
590 5557 811 5604 sanctus
840 5557 1067 5604 vocatur
1089 5565 1119 5603 a
1143 5547 1541 5604 Tutelensibus.
1567 5549 1746 5617 Quan-

143 5656 313 5712 quam
341 5656 560 5698 necesse
583 5660 687 5698 non
711 5653 794 5698 est
814 5658 937 5698 eum
963 5643 1016 5696 in
1037 5643 1266 5699 ecclesia
1289 5642 1556 5712 sepultum
1579 5642 1746 5700 fuisse

144 5752 216 5792 co
247 5745 487 5809 tempore
531 5753 639 5807 quo
679 5746 922 5793 mortuus
947 5747 1051 5804 est,
1086 5747 1268 5796 tamen
1296 5737 1399 5795 etsi
1438 5737 1746 5811 sepulcrum

393 5834 664 5897 Ρλτιιοι..
701 5827 1018 5898 CXXXII.

1852 3247 1939 3292 ret
1968 3255 2030 3293 ea
2055 3238 2271 3308 sepeliri
2304 3249 2458 3293 extra
2490 3239 2799 3305 ecclesiam,
2833 3239 2877 3294 si
2903 3255 3028 3295 vera
3055 3248 3198 3294 esset
3227 3239 3446 3310 vulgata

1849 3329 2009 3386 lectio
2043 3333 2228 3402 synodi
2259 3331 2634 3386 Nanuetensis.
2669 3332 2834 3402 Igitur
2857 3332 2909 3388 in
2941 3332 3114 3387 tribus
3134 3331 3268 3388 locis
3290 3341 3448 3389 extra

1850 3424 2135 3479 ecclesiam
2181 3423 2394 3493 sepeliri
2441 3432 2689 3492 poterant
2735 3438 2964 3494 corpora
2995 3433 3356 3489 mortuorum,
3386 3423 3444 3479 in

1851 3517 1992 3571 atrio
2023 3516 2293 3580 videlicet,
2323 3516 2376 3570 in
2404 3516 2613 3585 porticu
2640 3526 2696 3571 et
2722 3517 2775 3571 iu
2802 3517 3022 3573 exedra.

1921 3607 2086 3680 559
2123 3608 2336 3663 Atrium
2381 3616 2464 3663 est
2506 3609 2722 3679 proprie
2767 3609 3000 3679 spatium
3034 3624 3264 3664 vacuum
3296 3610 3445 3680 quod

1850 3698 2111 3754 remansit
2137 3713 2206 3752 ex
2238 3713 2364 3753 area
2395 3697 2508 3752 sive
2537 3698 2652 3754 solo
2671 3698 2762 3754 ubi
2792 3698 3058 3754 :ediﬁcata
3080 3709 3166 3755 est
3185 3699 3440 3766 ecclesia,

1849 3799 2011 3861 atque
2063 3790 2138 3844 ita
2172 3790 2371 3845 atrium
2417 3805 2633 3846 onmem
2661 3791 2866 3847 circum
2912 3789 3082 3848 ambit
3129 3791 3444 3847 ecclesiam.

1848 3882 2060 3938 Atriqu
2091 3893 2268 3939 tamen
2297 3899 2418 3939 cum
2449 3883 2635 3939 dicunt
2675 3889 2924 3939 auctores
2950 3883 3328 3947 ecclesiastici,
3364 3883 3447 3938 iu-

1851 3977 2098 4044 telligunt
2129 3986 2186 4031 ut
2208 3977 2498 4046 plurimum
2519 3991 2641 4032 eam
2662 3984 2872 4048 partem
2896 3977 3023 4032 atrii
3049 3992 3169 4047 quae
3192 3977 3442 4047 proxima

1845 4068 2026 4140 januis
2055 4075 2158 4131 est,
2191 4067 2244 4121 iu
2275 4082 2382 4137 qua
2410 4065 2758 4136 vestibulum.
2787 4066 2932 4121 Infra
2957 4065 3048 4121 lib.
3079 4081 3138 4131 ιι,
3173 4081 3292 4135 cap.
3323 4065 3387 4120 51
3423 4081 3439 4120 :

1855 4179 1875 4213 ι
1909 4160 1966 4216 Si
1990 4161 2044 4216 in
2071 4161 2211 4216 atrio
2227 4159 2489 4226 ecclesias,
2515 4159 2668 4229 cujus
2688 4166 2844 4229 porta
2870 4158 3111 4229 reliquiis
3131 4167 3444 4212 sanctorum

1850 4259 2164 4306 consecrata
2195 4257 2298 4314 est,
2337 4268 2358 4300 ›
2391 4257 2500 4304 etc.
2540 4247 2863 4304 Anastasius
2891 4247 2944 4302 in
2979 4247 3096 4301 Vita
3135 4245 3308 4317 Sergii
3355 4261 3444 4302 se-

1850 4343 2012 4401 eundi
2045 4357 2059 4397 :
2106 4361 2124 4394 ι
2153 4339 2524 4413 Conjungente
2549 4355 2680 4395 vero
2706 4339 2899 4396 eodem
2939 4352 3085 4411 rege,
3128 4339 3442 4395 universos-

1849 4452 1956 4508 que
1978 4435 2174 4507 gradus
2200 4434 2442 4506 ejusdem
2488 4431 2869 4490 sacratissima:
2903 4432 3047 4489 beati
3079 4431 3225 4488 Petri
3259 4431 3441 4488 eccle-

1772 4502 1825 4562 D
1853 4502 1947 4586 size
1976 4502 2324 4595 ascendente,
2371 4527 2439 4583 ad
2487 4528 2937 4599 przenominatum
2985 4528 3441 4599 appropinquavit

1849 4621 2183 4694 pontiﬁcem,
2206 4619 2298 4690 qui
2334 4619 2389 4675 in
2414 4621 2554 4676 atrio
2580 4634 2744 4691 super
2767 4620 2967 4692 gradus
2991 4619 3146 4691 juxta
3179 4619 3324 4676 fores
3346 4635 3440 4676 ee-

1851 4715 2028 4774 clesiae
2057 4731 2179 4772 cum
2223 4715 2476 4770 universo
2513 4715 2660 4770 clero
2706 4723 2762 4769 et
2806 4713 3003 4785 populo
3029 4713 3276 4770 Romano
3308 4715 3444 4770 assi-

1851 4809 2048 4865 stebat.
2081 4828 2099 4862 ι
2155 4809 2429 4864 Ditmarus
2461 4807 2926 4879 Mersepurgensis
2977 4807 3030 4862 in
3082 4807 3221 4862 libro
3264 4807 3441 4878 primo

1851 4900 2281 4958 Chronicorum:
2311 4919 2328 4952 ι
2357 4899 2492 4956 Cum
2538 4899 2605 4954 ad
2651 4900 2850 4964 atrium
2887 4899 3265 4955 defunctorum
3293 4901 3446 4953 veni-

1853 5002 1956 5058 ret,
1987 4993 2174 5048 videus
2204 4992 2258 5046 in
2297 5006 2362 5046 eo
2411 5005 2662 5062 magnam
2710 4991 3111 5046 multitudinem
3141 4989 3443 5046 oblationes

1851 5083 2164 5141 offerentem
2214 5082 2484 5138 sacerdoti
2536 5097 2722 5137 coram
2767 5081 2951 5152 templi
3017 5079 3222 5135 foribus
3271 5083 3442 5135 stanti

1849 5176 2026 5248 primo
2061 5173 2320 5230 substitit.
2359 5191 2377 5225 ι
2435 5172 2756 5229 Anastasius
2787 5173 2840 5227 in
2886 5172 3008 5228 Vita
3041 5170 3177 5225 Doni
3230 5171 3388 5239 primi
3426 5188 3439 5224 :

1857 5289 1876 5322 ι
1911 5267 2009 5324 Hie
2037 5267 2235 5322 atrium
2278 5266 2420 5322 beati
2446 5264 2591 5322 Petri
2623 5263 2848 5336 apostoli
2882 5263 3150 5334 superius,
3184 5261 3326 5330 quod
3361 5269 3444 5314 cst

1853 5370 1979 5416 ante
2009 5359 2293 5414 ecclesiam
2326 5359 2378 5413 in
2406 5357 2888 5430 quadriperticum,
2916 5354 3129 5424 magnis
3155 5351 3441 5407 marmori-

1850 5457 1966 5532 bus
1998 5455 2208 5510 stravit.
2242 5475 2259 5505 ι
2317 5454 2434 5522 Quo
2479 5453 2598 5508 loco
2648 5453 2724 5508 sic
2765 5450 2930 5520 aliqui
2985 5449 3218 5522 legunt:
3269 5467 3287 5499 ι
3339 5447 3440 5503 llic

1850 5531 2046 5603 atrium
2077 5547 2219 5602 beati
2254 5545 2398 5600 Petri
2428 5545 2654 5616 apostoli
2686 5544 2955 5614 superius,
2982 5543 3125 5614 quod
3155 5542 3441 5613 paradisus

1852 5642 2073 5710 dicitur,
2099 5651 2290 5711 estque
2331 5649 2456 5694 ante
2487 5638 2794 5704 ecclesiam,
2829 5660 2848 5689 ι
2896 5646 3002 5693 etc.
3036 5638 3248 5692 Atrium
3292 5635 3440 5690 enim

1852 5735 2141 5808 aliquando
2167 5741 2420 5791 vocatum
2453 5741 2535 5788 est
2562 5732 2864 5804 paradisus,
2899 5740 2958 5785 ut
2986 5729 3230 5797 pluribus
3253 5736 3445 5794 osteua

2967 5821 3035 5886 1’;
