3920 6404
522 290 629 353 122

1799 236 1809 244 ’
1861 255 2200 339 STEPHANI
2234 276 2503 337 BALUZII
2810 281 2819 288 '
3342 276 3396 285 "
3643 289 3721 350 tu

523 409 604 467 dit
647 400 965 464 Hel-ibertas
997 398 1331 476 Rosweydus
1379 414 1434 456 .n
1478 397 1623 454 notis
1670 393 1738 452 ad
1786 393 2102 457 Pauiiuum;
2139 397 2182 453 Α
2212 395 2352 449 ticus
2397 404 2450 450 et
2500 394 2716 449 exedra.
2764 392 3218 458 Honorilicentior
3268 404 3444 453 autem
3484 354 3724 471 sepultura

522 492 615 558 ubi
658 499 821 555 etiam
868 503 990 568 post
1037 488 1311 549 Breulium
1352 490 1574 545 adnotat
1622 487 1818 543 atrium
1864 483 2108 541 ecclesia

522 589 863 653 Parisiensis,
895 585 1036 658 quod
1066 597 1207 639 nunc
1243 580 1404 653 vulgo
1425 578 1615 635 Parcis
1649 578 1864 645 dicitur,
1895 574 2111 647 paradi-

527 699 646 741 sum
706 680 882 737 vocari
932 678 986 734 in
1041 674 1276 746 antiquis
1320 673 1523 729 chartis
1551 670 1789 740 ejusdem
1844 666 2104 723 ecclesia.

525 771 634 830 Cur
658 779 836 827 autem
860 767 1056 822 atrium
1080 772 1328 821 vocatum
1353 762 1425 819 sit
1449 759 1734 833 paradisus
1757 757 1931 829 aperit
1953 765 2110 810 vetus

527 864 715 924 charta
741 861 914 918 sancti
942 858 1178 916 Victoris
1223 853 1598 918 Massiliensis,
1627 851 1772 907 edita
1812 850 1865 904 in
1902 846 2109 903 annali-

525 962 626 1017 bus
652 955 1095 1020 Massiliensibus,
1120 966 1243 1023 pag.
1268 948 1395 1005 296.
1422 948 1504 1004 Ex
1534 945 1783 1020 paradiso
1823 944 1984 1016 igitur
2030 941 2111 996 fa-

523 1052 644 1108 ctus
675 1059 757 1108 est
786 1048 1073 1122 parvisius.
1110 1043 1225 1114 Qua
1273 1057 1405 1099 voce
1441 1042 1613 1096 utitur
1640 1038 1923 1096 Matthaus
1957 1035 2111 1094 Pari-

523 1143 661 1209 sius,
690 1141 845 1212 cujus
865 1140 982 1195 hac
1002 1145 1128 1193 sunt
1150 1135 1317 1191 Verba
1346 1132 1413 1189 ad
1440 1147 1640 1187 annum
1659 1129 1818 1197 1250,
1841 1143 1962 1199 pag.
1981 1126 2106 1188 798,

523 1230 727 1291 ultima
752 1231 1004 1291 editionis
1037 1225 1436 1285 Londinensis:
1468 1241 1490 1276 ι
1522 1222 1677 1279 Unde
1720 1237 1816 1292 pro
1849 1218 1940 1274 illa
1982 1218 2115 1273 sub-

523 1324 725 1383 stantia
751 1320 1105 1395 persolvenda
1135 1316 1430 1390 cogebatur
1454 1315 1543 1370 ille
1561 1311 1939 1385 pauperculus,
1974 1308 2110 1364 mul-

524 1419 595 1476 tis
617 1416 806 1475 diebus
833 1413 1046 1471 scholas
1071 1423 1351 1475 exercens,
1376 1407 1613 1465 venditis
1656 1407 1710 1462 in
1759 1403 1999 1477 parvisio
2047 1402 2115 1457 li-

414 1499 422 1509 ’
523 1508 679 1565 bellis
707 1508 872 1562 vitam
899 1502 1203 1560 famelicam
1231 1511 1286 1558 et
1315 1501 1592 1557 codrinam
1624 1496 1911 1572 protelare.
1949 1514 1968 1548 ι
2008 1493 2111 1551 At-

527 1611 633 1668 que
657 1596 746 1651 hic
768 1608 885 1651 mos
915 1592 1210 1648 etiamnum
1239 1590 1395 1645 durat
1425 1597 1488 1645 ut
1528 1588 1651 1644 libri
1680 1585 1842 1657 vulgo
1871 1586 2113 1641 vendan-

2211 483 2360 539 locus
2386 500 2484 555 per
2504 485 2621 553 illas
2643 494 2989 557 tempestates
3014 498 3133 544 erat
3152 489 3203 543 in
3233 489 3391 555 atrio,
3425 498 3723 564 anteponam

2209 576 2472 643 ecclesia,
2509 577 2562 632 id
2588 586 2671 633 est
2712 577 2766 632 in
2796 577 3127 634 nobilissima
3174 582 3296 635 atrii
3340 591 3507 653 parte.
3543 580 3727 641 Adnotat

2211 668 2352 723 enim
2381 666 2668 725 Gretserus
2694 669 2749 724 in
2783 669 2922 726 libro
2952 670 3187 726 secundo
3211 671 3275 727 de
3296 671 3505 727 Funere
3522 673 3728 730 Christia-

2213 774 2306 826 no,
2337 774 2456 830 cap.
2488 759 2542 828 8,
2575 760 2990 817 Constantinum
3015 761 3265 834 Magnum
3299 764 3511 834 sepeliri
3544 766 3726 823 voluisse

2213 853 2267 909 in
2299 854 2564 910 vestibulo
2593 852 2748 928 561
2798 855 3043 912 ecclesia
3086 855 3189 912 ΟΡ.
3238 859 3531 928 eodemque
3565 859 3610 913 in
3643 859 3727 916 loco

2213 945 2468 1017 deinceps
2497 947 2734 1017 sepultos
2763 963 2881 1004 esse
2910 948 3168 1020 plurimos
3203 947 3544 1020 imperatores
3565 962 3617 1006 ac
3633 967 3728 1021 pou.

2212 1036 2406 1093 titices.
2438 1039 2512 1094 De
2538 1037 2749 1095 Othone
2786 1038 3026 1096 secundo
3055 1042 3380 1112 imperatore
3422 1049 3625 1096 testatur
3651 1041 3729 1098 Leo

2214 1129 2545 1188 Marsicanus
2589 1132 2642 1188 in
2676 1131 2811 1189 libro
2856 1135 3092 1189 secundo
3130 1133 3383 1189 Chronici
3429 1132 3729 1199 Cassinensls,

2213 1238 2332 1295 cap.
2364 1223 2416 1287 9,
2459 1238 2581 1279 eum
2630 1224 2898 1296 sepultum
2940 1241 3061 1282 esse
3106 1226 3158 1280 in
3194 1224 3333 1280 atrio
3359 1223 3589 1280 ecclesia:
3624 1226 3729 1279 beati

2214 1314 2364 1370 Petri
2393 1316 2641 1387 apostoli.
2689 1316 2756 1372 Et
2784 1317 2924 1373 libro
2944 1333 3019 1384 IV,
3047 1333 3167 1389 cap.
3206 1316 3263 1385 8,
3293 1328 3456 1390 agens
3483 1318 3543 1373 de
3574 1316 3730 1387 Elgaita

2215 1406 2437 1463 Roberti
2483 1408 2637 1464 ducis
2663 1424 2853 1475 uxore,
2896 1409 2971 1464 ait
3007 1424 3125 1465 eam
3166 1411 3224 1465 in
3265 1408 3504 1464 ecclesia
3537 1409 3733 1480 paradiso

2218 1506 2345 1554 ante
2366 1498 2645 1556 basilicam
2674 1497 2818 1555 Petri
2850 1499 3081 1571 apostoli
3108 1497 3363 1554 tumularl
3400 1496 3629 1552 voluisse.
3668 1496 3732 1552 Sic

2217 1592 2514 1662 antiquitus
2542 1591 2788 1663 sepulcra
2818 1593 3076 1647 comitum
3114 1591 3499 1647 Tolosanorum
3539 1599 3666 1645 erant
3694 1590 3733 1644 in

525 1694 614 1742 tur
638 1684 691 1739 in
721 1682 991 1756 parvisiis,
1027 1680 1330 1753 praesertim
1368 1679 1423 1735 in
1451 1677 1688 1750 parvisio
1729 1676 1975 1733 ecclesia
2007 1674 2113 1729 Pa-

2218 1685 2356 1740 atrio
2381 1676 2625 1741 ecclesia
2666 1686 2837 1741 sancti
2878 1684 3178 1751 Saturnini,
3226 1690 3397 1754 prope
3421 1690 3630 1754 portam,
3667 1680 3729 1736 ubi

523 1777 790 1833 risiensis.
829 1764 1054 1830 Fallitur
1087 1787 1217 1841 ergo
1253 1770 1493 1837 Vossius,
1530 1770 1623 1841 qui
1672 1767 1971 1842 parvisium
2022 1767 2113 1823 hic

2217 1777 2481 1833 hactenus
2504 1776 2776 1843 videntur,
2800 1776 2973 1832 donec
2991 1774 3195 1832 Urbani
3221 1774 3444 1830 secundi
3475 1771 3734 1828 auctoritate

524 1867 913 1937 interpretatur
936 1864 1177 1920 scholam
1213 1861 1585 1932 parvulorum.

595 1956 842 2012 Porticus
869 1964 955 2011 est
996 1955 1149 2011 locus
1189 1952 1609 2010 deambulationi
1660 1959 1842 2023 aptus,
1885 1958 1944 2005 ut
1986 1960 2115 2006 sunt

524 2051 759 2108 claustra
784 2049 1135 2106 ecclesiarum
1159 2050 1215 2103 et
1241 2046 1717 2102 monasteriorum.
1749 2044 1974 2100 Incerta
2012 2059 2112 2098 au-

527 2154 633 2200 tem
659 2143 956 2215 antiquitus
981 2140 1133 2197 fuere
1162 2141 1320 2197 sedes
1343 2140 1672 2212 porticuum.
1699 2137 1836 2194 Nam
1866 2152 1989 2193 cum
2018 2138 2115 2193 ho-

533 2236 622 2292 die
651 2235 849 2305 uhique
879 2232 987 2289 sint
1014 2232 1071 2288 in
1094 2232 1265 2288 latere
1289 2232 1552 2299 ecclesia,
1584 2230 1714 2287 olim
1740 2230 1936 2286 alicubi
1958 2238 2115 2285 erant

526 2327 669 2382 inter
694 2323 856 2398 500
881 2324 1166 2381 ecclesiam
1198 2330 1255 2379 et
1278 2322 1623 2389 vestibulum,
1653 2330 1765 2378 tum
1798 2322 1865 2377 ad
1903 2333 2115 2377 utrum-

528 2433 636 2489 que
673 2416 814 2472 latus
849 2415 1028 2488 templi
1059 2423 1120 2471 ut
1143 2415 1211 2472 de
1240 2416 1438 2487 templo
1465 2412 1630 2488 Tyrio
1675 2423 1905 2471 testatur
1948 2414 2106 2470 Euse-

523 2509 645 2565 bius
665 2507 760 2564 lib.
789 2523 821 2562 x
852 2506 1099 2563 Historia
1119 2504 1521 2570 ecclesiastica,
1548 2518 1670 2575 cap.
1693 2504 1745 2558 4.
1782 2504 1919 2560 Hinc
1947 2504 2115 2574 porti-

524 2610 621 2656 cus
663 2597 995 2670 aquilonaris
1023 2597 1164 2667 apud
1191 2596 1389 2652 Bedam
1421 2595 1516 2651 lib.
1544 2611 1603 2660 u,
1636 2609 1755 2667 cap.
1780 2594 1832 2658 3,
1864 2593 2114 2649 Historia

523 2691 902 2749 ecclesiastica
928 2691 1102 2760 gentis
1130 2688 1448 2762 Anglorum,
1488 2697 1544 2744 et
1574 2688 2010 2760 septentrionalis
2047 2704 2112 2743 ac

504 2785 823 2842 'mcridiaua
867 2783 1009 2853 apud
1036 2780 1315 2837 Habanum
1361 2782 1415 2836 in
1463 2782 1825 2852 descriptione
1852 2780 2112 2836 Ecclesia

523 2876 827 2935 Fuldensis.
888 2876 1397 2945 Romaporticum
1453 2874 1694 2929 basilica
1738 2872 1911 2928 sancti
1966 2871 2111 2928 Petri

524 2970 695 3026 fuisse
733 2977 859 3024 ante
885 2968 1108 3036 januam
1152 2966 1393 3022 ecclesia
1436 2964 1612 3036 colligi
1664 2972 1844 3034 potest
1885 2978 1953 3019 ex
1994 2962 2113 3019 loco

524 3073 688 3131 supra
726 3057 896 3115 relato
940 3072 1006 3113 ex
1042 3054 1329 3113 Vita-Doni
1359 3070 1532 3127 papa,
1561 3055 1652 3110 ubi
1678 3055 1880 3109 atrium
1918 3053 2115 3109 dicitur

523 3126 691 3209 fuisse
720 3160 845 3208 ante
868 3150 1155 3207 ecclesiam
1183 3150 1236 3205 iu
1260 3126 1742 3220 quadriiporticum.
1769 3147 1921 3216 Quod
1947 3149 2111 3205 etiam
2140 3126 2185 3191 Ο

524 3246 703 3319 colligi
727 3251 903 3316 potest
927 3259 994 3299 ex
1019 3242 1223 3298 Isidoro
1245 3242 1342 3297 lib.
1366 3256 1435 3296 xv
1458 3240 1761 3314 Originum,
1787 3255 1905 3312 cap.
1934 3242 1988 3307 5,
2019 3243 2111 3312 qui

526 3338 751 3393 adnotat
796 3334 996 3391 atrium
1038 3334 1165 3389 hinc
1210 3333 1417 3389 dictum
1449 3333 1589 3406 quod
1618 3335 1885 3391 addantur
1922 3338 1968 3392 ei
2008 3347 2112 3392 tres

523 3431 756 3503 porticus
782 3426 1030 3483 exterius.

595 3522 829 3588 Exedra,
856 3520 903 3576 si
928 3517 1174 3575 vocabuli
1201 3517 1469 3590 originem
1495 3519 1846 3584 attendimus,
1886 3527 2005 3573 erat
2036 3517 2114 3573 lo-

526 3630 621 3673 cus
650 3617 855 3672 circum
886 3613 1171 3670 ecclesiam
1214 3611 1268 3667 in
1306 3627 1416 3683 quo
1444 3612 1633 3668 sedere
1675 3627 1740 3667 ac
1771 3610 2113 3681 requiescere

526 3710 746 3766 licebat.
779 3708 835 3763 ln
860 3705 1057 3778 templo
1090 3704 1256 3778 Tyrio
1277 3704 1488 3760 exedra
1512 3712 1667 3759 erant
1687 3704 1995 3758 constituta
2020 3718 2117 3759 ex-

530 3808 615 3855 tra
667 3799 815 3853 illam
864 3806 1075 3869 partem
1114 3793 1356 3851 ecclesia
1394 3793 1448 3848 in
1487 3808 1592 3863 qua
1620 3808 1718 3847 nos
1744 3793 1919 3865 majus
1943 3792 2113 3848 altare

529 3890 876 3955 collocamus,
910 3888 965 3944 in
994 3888 1224 3944 circuitu
1253 3886 1428 3952 chori,
1461 3885 1539 3942 sic
1565 3891 1624 3939 ut
1660 3884 2114 3957 coniungerentur

530 3984 722 4043 deinde
752 4000 873 4040 cum
894 3983 1068 4055 portis
1093 3981 1288 4054 quibus
1311 3981 1365 4035 in
1393 3980 1627 4035 medium
1659 3980 1913 4051 templum
1943 3980 2112 4033 intra-

530 4078 711 4134 batur.
756 4075 1016 4130 Existimo
1047 4081 1225 4129 autem
1265 4072 1492 4126 exedras
1517 4071 1863 4126 constituisse
1900 4078 2111 4139 partem

535 4182 808 4226 murorum
836 4164 1101 4233 ecclesia,
1128 4166 1181 4220 id
1223 4173 1327 4231 est,
1364 4162 1536 4219 factas
1584 4164 1637 4218 in
1679 4176 1830 4217 muro
1858 4164 2015 4217 sedes
2057 4161 2111 4216 iu

531 4262 757 4319 circuitu
785 4258 1051 4324 ecclesia,
1078 4266 1140 4311 ut
1169 4258 1463 4312 etiamnum
1494 4256 1739 4309 videmus
1768 4254 1821 4308 in
1845 4254 2113 4323 aliquibus

531 4352 793 4409 ecclesiis.
816 4346 874 4404 lu
904 4362 1058 4404 muro
1084 4346 1209 4402 dein
1249 4346 1339 4401 illo
1365 4345 1691 4416 prominenti
1721 4360 1843 4400 cum
1871 4344 2114 4399 ununulli

2212 1871 2586 1926 eameterium
2614 1884 2799 1926 eorum
2827 1870 3183 1925 constitutum
3212 1875 3299 1923 est
3325 1868 3379 1923 in
3410 1866 3540 1922 atrio
3559 1864 3733 1922 basilice

2213 1960 2504 2016 deaurata.
2534 1960 2625 2027 Et,
2653 1970 2714 2016 ut
2740 1960 3048 2017 domesticis
3080 1966 3298 2014 utamur
3328 1957 3593 2029 exemplis,
3617 1956 3735 2011 restio

2213 2053 2398 2108 bulum
2428 2053 2672 2110 ecclesia
2694 2052 3002 2109 T'utelensis
3028 2061 3149 2108 erat
3173 2052 3304 2107 olim
3335 2051 3482 2107 locus
3501 2048 3734 2104 destinatas

2215 2144 2540 2215 sepeliendis
2581 2143 2960 2200 viceeomitum
2989 2142 3420 2202 Tutennensinm
3467 2137 3733 2210 corporibus,

2214 2250 2445 2307 quorum
2477 2246 2634 2301 erant
2660 2235 2837 2307 ampla
2860 2250 2926 2291 ac
2950 2234 3235 2306 magniﬁca
3262 2234 3319 2288 in
3349 2230 3613 2288 ecclesiam
3630 2227 3733 2282 illam

2215 2326 2406 2381 merita
2436 2341 2501 2381 ac
2546 2325 2848 2392 beneﬁcia;
2887 2338 3186 2395 eorumque
3224 2322 3471 2395 sepulcra
3496 2321 3730 2376 etiamnum

2214 2427 2432 2474 manent
2454 2425 2576 2490 post
2597 2425 2675 2474 tot
2700 2416 2914 2473 sacula.
2944 2415 3152 2471 Alieubi
3196 2422 3377 2471 tamen
3416 2412 3630 2483 porticus
3653 2413 3735 2462 ent

2212 2511 2794 2568 lionoritlceutissimus
2833 2509 3122 2581 sepultura
3162 2508 3337 2564 locus.
3368 2506 3600 2578 Legimus
3629 2500 3732 2557 enim

2215 2606 2354 2678 apud
2384 2607 2586 2662 Bedam
2623 2604 2678 2661 in
2708 2606 2849 2662 libro
2884 2605 3123 2662 secundo
3156 2598 3298 2660 Hist.
3323 2598 3532 2668 coclea,
3571 2613 3668 2669 cap.
3689 2595 3728 2660 ὅ,

2214 2699 2578 2771 Augustinum
2623 2708 2679 2756 et
2707 2708 2930 2757 caeteros
2968 2698 3393 2756 Cantuarienses
3438 2693 3731 2764 archiepisco—

2215 2792 2389 2862 posin
2416 2791 2628 2862 porticu
2658 2791 3068 2853 Cantuariensis
3096 2780 3341 2848 ecClesia:
3366 2787 3585 2860 sepultos
3616 2783 3733 2839 inim

2215 2883 2388 2941 donec
2412 2884 2779 2940 necessarium
2808 2882 2908 2940 fuit
2939 2898 3034 2940 eos
3065 2883 3285 2954 sepeliri
3310 2881 3451 2937 intra
3468 2877 3726 2942 ecclesiam,

2216 2975 2340 3045 quia
2370 2975 2608 3046 porticus
2638 2973 2727 3030 illa
2757 2973 2937 3044 plures
2965 2987 3161 3044 capere
3198 2980 3309 3027 neu
3340 2976 3559 3042 poterat.

2287 3067 2493 3122 Praeter
2533 3066 2729 3120 atrium
2774 3065 2902 3121 illud
2946 3065 3089 3136 quod
3130 3072 3251 3119 erat
3292 3070 3417 3118 ante
3453 3054 3730 3132 principalem

2216 3166 2426 3228 portam
2450 3157 2715 3223 ecclesia,
2741 3156 2794 3211 in
2823 3170 2931 3228 quo
2952 3156 3051 3211 viri
3081 3155 3358 3227 principes
3386 3150 3730 3225 sepeliebantur,

2215 3251 2361 3307 aliud
2386 3250 2582 3306 atrium
2617 3257 2736 3305 erat
2767 3251 2821 3305 in
2849 3264 2955 3320 quo
2992 3248 3394 3321 sepeliebantur
3418 3246 3577 3303 omnis
3596 3239 3731 3317 condi-

2216 3344 2379 3399 tionis
2406 3344 2667 3400 homines.
2699 3343 2832 3398 Erat
2857 3351 3038 3400 autem
3067 3342 3266 3397 atrium
3301 3341 3428 3397 illud
3452 3337 3636 3410 proprie
3651 3344 3730 3387 ct:-

2215 3436 2523 3492 meterium.
2580 3437 2746 3492 Vetus
2795 3436 2983 3492 charta
3040 3432 3419 3490 Arehambaldi
3471 3423 3730 3486 vicecomilis

2214 3528 2634 3584 Comhornensis
2667 3543 2766 3599 pro
2797 3528 3125 3584 monasterio
3155 3524 3428 3582 Tutelensi
3459 3542 3473 3578 :
3505 3541 3523 3575 ι
3551 3520 3643 3577 Hoc
3662 3529 3730 3569 att-

2218 3628 2323 3675 tem
2368 3621 2482 3690 ipse
2513 3618 2840 3674 Gaucelinus
2878 3618 2945 3675 de
2983 3614 3357 3674 Purabnl‘eria
3396 3621 3566 3686 postea
3590 3608 3729 3663 devote

2215 3689 2529 3781 adimplevit
2555 3709 2622 3765 ad
2652 3708 2852 3764 ostium
2882 3707 3163 3764 cimaterii
3194 3706 3368 3762 saneti
3397 3699 3609 3763 Martini,
3630 3689 3729 3766 quod

2216 3812 2300 3861 est
2321 3814 2443 3860 aute
2472 3812 2679 3876 portam
2709 3803 2954 3860 ecclesia
2980 3802 3150 3859 sancti
3178 3800 3427 3873 Martyris
3454 3792 3639 3853 Juliani.
3664 3805 3679 3841 ι

2287 3897 2414 3954 CAP.
2441 3898 2562 3954 129.
2584 3927 2654 3937 ——
2679 3896 2783 3952 Per
2801 3912 2952 3952 suam
2976 3895 3258 3950 incuriam.
3289 3892 3494 3948 Statuta
3517 3876 3728 3957 synodalia

2218 3993 2456 4051 Simonis
2487 3994 2723 4065 episcopi
2748 3991 3070 4049 Sodorensis
3100 4006 3220 4063 cap.
3249 3989 3285 4045 4
3315 4007 3329 4044 :
3368 4007 3386 4041 ι
3416 3978 3729 4057 Capellanict-

2216 4095 2380 4142 veant
2421 4101 2488 4142 ne
2525 4101 2624 4157 per
2668 4085 3047 4158 negligentiam
3091 4083 3286 4156 aliquis
3329 4080 3500 4137 infans
3537 4076 3632 4132 sine
3664 4069 3727 4125 bl-

2216 4182 2437 4253 ptismo,
2464 4182 2607 4250 quod
2638 4179 2798 4245 absit,
2834 4179 3115 4234 moriatur.
3153 4195 3172 4230 ο

2289 4274 2417 4333 CAP.
2459 4274 2581 4331 152.
2609 4306 2681 4315 -
2721 4271 2923 4328 Tabula
2963 4279 3284 4327 consecrata.
3330 4260 3583 4324 Hincmari
3615 4250 3727 4323 Capi'

2220 4369 2352 4437 tula,
2396 4370 2479 4425 tit.
2520 4368 2574 4436 5,
2614 4383 2730 4438 cap.
2762 4364 2796 4421 3
2826 4383 2840 4422 :
2877 4384 2896 4418 ι
2930 4364 3188 4421 Tabulam
3233 4362 3459 4434 quisque
3489 4352 3722 4430 presbyter.

532 4447 831 4554 cupiisseltl
886 4442 1123 4545 sepeliri,
1168 4456 1425 4554 Icameras
1459 4441 1721 4510 quasdam
1766 4455 1831 4496 ac
1875 4440 2113 4495 Ῐονηίοεε
2144 4492 2194 4554 D
2221 4463 2307 4517 cui
2336 4460 2702 4519 necessarium
2734 4457 2913 4522 fuerit,
2951 4457 3017 4513 de
3045 4440 3317 4527 marmore
3340 4452 3423 4511 vel
3457 4450 3590 4521 nigra
3619 4448 3723 4515 pett“a

533 4535 921 4591 construebant
961 4534 1014 4587 in
1051 4532 1272 4587 exedra.
1325 4532 1378 4586 iu
1421 4535 1618 4603 quibus
1656 4546 1841 4588 eorum
1887 4548 2113 4604 corpora

532 4628 934 4693 condebantur;
959 4633 1120 4693 atque
1146 4623 1446 4678 istiusmodi
1469 4640 1700 4680 camera
1722 4624 1905 4696 plures
1927 4628 2118 4680 etiam-

535 4730 663 4776 num
698 4719 943 4775 videntur
972 4718 1026 4772 in
1050 4717 1280 4772 circuitu
1303 4717 1545 4774 ecclesia
1575 4718 1899 4775 Tutelensis.
1950 4719 2118 4773 Recte

534 4829 666 4885 ergo
711 4810 1026 4867 adnotatum
1079 4819 1164 4866 est
1206 4823 1237 4864 a
1284 4808 1677 4865 Bartholomao
1724 4809 1993 4865 Brixieusi
2032 4811 2115 4879 15,

537 4921 592 4977 q.
619 4904 674 4970 2,
706 4916 825 4975 cap.
859 4898 1302 4970 Pracipiendum,
1333 4902 1559 4957 exedras
1580 4902 1683 4957 dici
1716 4902 1975 4972 quasdam
2005 4902 2119 4957 vol-

535 5005 619 5052 tas
645 5004 766 5066 qua
792 4992 1032 5048 exterius
1061 4991 1340 5046 adharent
1362 4990 1661 5062 parietibus
1686 4989 1949 5046 ecclesia.
1973 4991 2114 5048 Exe-

534 5086 755 5143 drarum
784 5096 914 5140 usus
945 5080 1124 5148 desiit,
1165 5095 1288 5136 cum
1309 5122 1323 5148 ,
1352 5080 1607 5152 gliscente
1629 5081 1821 5148 abusu,
1852 5082 2029 5152 palam
2053 5096 2119 5137 ac

536 5178 744 5251 publice
766 5190 954 5232 omnes
1004 5173 1060 5230 in
1098 5173 1326 5230 ecclesia
1373 5174 1562 5248 sedere
1602 5176 1912 5247 coepissent,
1952 5178 2118 5233 etiam

534 5269 661 5327 laici
702 5284 767 5325 ac
793 5268 1025 5325 femina.
1060 5264 1197 5321 Hinc
1244 5272 1327 5323 tot
1372 5265 1599 5322 diversa
1640 5266 2119 5339 interpretationes

535 5364 697 5438 hujus
728 5362 996 5430 vocabuli,
1026 5376 1150 5419 cum
1175 5360 1307 5417 nihil
1343 5361 1478 5418 certi
1522 5362 1689 5419 statui
1724 5372 1907 5435 posset
1953 5364 2020 5420 de
2061 5378 2120 5421 re

538 5473 658 5528 qua
680 5456 791 5527 jam
821 5463 1089 5512 vetustate
1119 5455 1442 5524 exoleverat.

541 5601 551 5611 ,
608 5548 797 5620 Itaque
825 5556 883 5604 ut
927 5549 993 5603 ad
1024 5548 1080 5604 id
1124 5548 1407 5604 redeamus
1450 5548 1594 5604 unde
1643 5549 1873 5621 digressi
1906 5566 2111 5619 smnus,

539 5642 646 5700 tria
692 5649 844 5697 extra
894 5641 1172 5698 ecclesiam
1214 5640 1329 5697 loca
1367 5649 1526 5696 erant
1566 5642 1617 5698 in
1662 5643 1859 5714 quibus
1904 5645 2115 5715 sepeliri

541 5742 792 5808 poterant
826 5748 1048 5807 corpora
1070 5743 1425 5801 mortuorum,
1461 5735 1657 5788 atrium
1700 5735 1961 5801 videlicet,
1995 5751 2117 5805 por-

2224 4562 2317 4608 aut
2344 4553 2459 4609 litio
2485 4550 2870 4608 honestissimo
2890 4550 3184 4606 secundum
3211 4563 3365 4605 suam
3392 4539 3721 4618 possibilitatem

2224 4645 2447 4700 honeste
2482 4640 2784 4698 aﬂ‘ectatam
2829 4642 3046 4707 habeat,
3077 4649 3132 4696 et
3165 4642 3321 4697 nobis
3364 4639 3428 4693 ad
3468 4637 3719 4692 consecrat?

2223 4730 2349 4790 dum
2391 4733 2598 4797 aderat,
2638 4748 2798 4804 quam
2839 4748 3043 4798 secum,
3074 4747 3198 4787 cum
3222 4727 3525 4802 expedierit,
3549 4718 3718 4778 deferat.

2224 4824 2277 4880 in
2305 4840 2407 4896 qua
2441 4840 2594 4881 sacra
2624 4825 2881 4896 mysteria
2917 4821 3077 4895 562
3116 4823 3405 4878 secundum
3432 4819 3573 4874 ritum
3596 4806 3719 4867 eccle-

2219 4914 2497 4971 siasticum
2526 4929 2686 4987 agere
2715 4912 2908 4969 valeat.
2944 4933 2962 4966 ι
3003 4913 3200 4967 Litium
3229 4926 3412 4983 porro,
3440 4917 3493 4963 ut
3515 4906 3600 4960 hoc
3623 4909 3717 4968 quo-

2220 5022 2326 5078 que
2354 5006 2529 5061 obiter
2572 5006 2831 5069 dicamus,
2879 5019 2944 5061 ea
2995 5002 3191 5074 lapidis
3238 5002 3377 5074 nigri
3427 4994 3605 5068 species
3637 4995 3717 5041 c556

2220 5099 2435 5155 videtur
2460 5104 2575 5170 ’quo
2618 5099 2776 5170 vulgo
2816 5099 3019 5154 utimur
3064 5098 3132 5153 ad
3174 5094 3537 5169 cooperiendas
3564 5086 3714 5141 domos.

2223 5206 2382 5264 quem
2429 5207 2459 5247 α
2505 5169 2765 5249 vocabulo
2810 5191 3013 5247 Gallico
3055 5191 3263 5245 ardoise
3306 5186 3528 5244 Nicetius
3561 5169 3714 5233 vocati!

2224 5285 2513 5352 ardosiam,
2553 5285 2795 5342 Monetus
2825 5284 3174 5340 lithostilben.
3208 5276 3455 5337 Tabulam
3483 5274 3602 5331 illam
3628 5279 3713 5321 cmi"

2223 5384 2515 5441 accratam,
2548 5390 2653 5447 qua
2697 5379 2774 5430 uti
2823 5375 3089 5430 debebant
3134 5370 3426 5444 presbyteri
3464 5378 3567 5422 cum
3602 5360 3708 5414 sae“

2226 5469 2483 5541 mysteria
2512 5468 2857 5524 celebrabant
2891 5475 3042 5522 extra
3067 5465 3365 5529 ecclesiam,
3400 5460 3550 5515 altare

2224 5540 2318 5617 tile
2352 5567 2677 5616 vocaverunt
2714 5560 2993 5629 sequentia
3037 5557 3249 5614 sacnla.
3294 5554 3469 5610 Exstat
3498 5548 3639 5629 autent
3664 5540 3706 5629 ,Ψ

2225 5651 2526 5708 Pontilicali
2578 5617 2819 5705 Romano
2864 5650 2999 5706 ordo
3041 5650 3109 5706 de
3154 5641 3529 5707 consecratione
3566 5617 3706 5684 HW”

2225 5746 2337 5804 sive
2367 5741 2551 5800 aliaris
2578 5742 2863 5821 portatilis.
