3920 6422
166 299 287 359 429

1168 294 1378 353 ΝΟΤᾸΕ
1410 295 1504 351 AD
1533 294 1664 352 LIB.
1691 294 1714 351 l
1750 294 1844 363 DE
1877 291 2163 365 ECCLES.
2205 291 2490 350 DISCIPL.

3321 294 3426 355 43.0

244 414 374 471 Cn.
405 409 529 469 149.
550 438 625 454 --
651 410 719 466 In
755 368 927 466 hom.
948 407 1030 478 In,
1052 408 1314 474 exercitu,
1354 415 1417 464 ut
1452 408 1637 465 statim
1666 406 1747 465 di-
1772 411 1827 471 Α
1848 407 1966 469 rolo
1992 405 2184 479 Magno
2220 408 2387 474 vixit;
2438 408 2491 479 In
2534 420 2643 483 qua
2681 405 2999 481 perstringit
3030 404 3293 463 acerrime
3320 407 3437 477 epi-

157 515 278 564 cet.
329 504 586 559 Prohibet
631 511 812 558 autem
853 517 922 557 ne
961 501 1080 570 quis
1125 514 1314 557 eorum
1360 499 1451 570 qui
1498 499 1748 564 militant,

157 597 309 652 alios
333 602 491 665 cogat
526 593 597 648 ad
637 592 946 657 bibendum,
976 591 1229 647 nimirum
1254 604 1425 664 usque
1463 590 1530 647 ad
1575 590 1753 646 ebrie-
1782 626 1787 633 .

159 700 359 746 tatem.
409 685 623 757 Alioqui
666 686 813 740 enim
843 680 991 742 nulla
1032 684 1120 740 lex
1146 691 1293 741 vetat
1318 684 1446 754 quin
1482 684 1640 740 amici
1672 684 1752 740 in-

156 781 347 837 vicem
389 777 610 851 bibant,
651 776 811 832 modo
855 791 946 832 res
993 777 1109 832 hac
1152 781 1264 832 stet
1302 775 1445 831 intra
1490 775 1783 833 terminos

155 870 502 930 sobrietatis.
696 912 703 920 .
1437 942 1459 951 ο

236 977 373 1032 Car.
403 973 527 1031 169.
552 1002 625 1016 -
650 960 1014 1043 Disciplinam.
1043 969 1100 1024 Id
1128 979 1244 1035 est,
1276 968 1543 1039 privatam
1571 967 1752 1040 ﬂagel-

153 1068 345 1124 lorum
390 1056 818 1138 castigatitmem.
871 1061 1229 1118 Existimabat
1276 1060 1364 1116 vir
1411 1058 1754 1117 doctissimus

152 1160 405 1216 Joannes
447 1157 688 1214 Morinos
726 1155 870 1212 istud
914 1166 1087 1224 parum
1133 1168 1228 1209 seu
1275 1152 1555 1208 medicinae
1582 1152 1753 1222 proni»

156 1251 410 1308 tentialis
435 1264 604 1324 genus
624 1248 925 1304 inauditum
950 1248 1005 1302 in
1032 1246 1276 1303 Ecclesia
1307 1246 1474 1302 fuisse
1504 1253 1631 1301 ante
1657 1261 1754 1301 an-

154 1358 297 1399 num
344 1341 811 1413 nongentesimum
852 1339 1380 1411 quinquagesimum,
1423 1338 1755 1410 exemplum-

152 1450 271 1507 que
300 1434 485 1490 datum
521 1432 698 1489 fuisse
724 1447 754 1487 a
794 1431 1069 1488 Dominieo
1098 1431 1370 1496 Loriceto,
1396 1429 1551 1498 cuius
1584 1431 1753 1485 virtu»

153 1537 277 1583 tem
343 1540 411 1583 ac
468 1525 840 1582 fortitudinem
903 1524 1138 1579 humana
1200 1524 1458 1596 majorem
1514 1524 1752 1580 celebrat

153 1618 365 1674 Petrus
393 1615 661 1671 Damiani.
691 1614 801 1671 Sed
826 1629 928 1686 ego
952 1616 1004 1669 in
1037 1614 1242 1684 Regula
1276 1615 1448 1670 sancti
1478 1614 1751 1669 Aureliani

151 1714 406 1786 epise0pi
432 1711 765 1768 Arelatensis
789 1712 863 1766 ita
900 1710 1020 1781 lego
1046 1710 1224 1781 capite
1249 1709 1313 1764 41
1346 1728 1359 1764 :
1392 1728 1413 1762 ο
1447 1709 1552 1764 Pro
1576 1707 1750 1779 quali-

1857 514 2049 570 scopos
2074 502 2331 570 quosdam
2366 500 2450 556 sui
2487 500 2765 573 temporis,
2801 501 2895 571 qui
2922 507 3117 559 caetera
3147 500 3310 556 dediti
3341 515 3435 557 vo-

1853 591 2145 663 luptatibus
2184 592 2298 647 suis
2326 608 2422 665 per
2457 600 2625 665 totum
2653 592 2819 665 diem,
2847 590 3078 665 oﬂicium
3113 608 3270 649 suum
3298 593 3436 648 reci~

1853 684 2042 740 tabant
2081 684 2275 755 partim
2313 698 2435 749 cum
2480 683 2629 757 ibant
2666 684 2930 749 cubitum,
2972 680 3167 754 partim
3208 699 3331 739 cum
3377 697 3436 739 se

1855 791 2013 833 mane
2051 776 2293 833 vestibus
2342 776 2654 833 induebant.
2706 776 2881 832 Lubet
2928 775 3017 832 hic
3069 768 3273 831 referre
3321 772 3433 846 ipsa

1851 865 2088 925 hominis
2113 868 2279 925 verba
2304 881 2319 923 :
2350 886 2370 919 ι
2404 867 2510 921 Alii
2536 882 2666 927 vero
2690 866 2779 947 qui
2800 907 2817 934 ,
2857 866 2999 937 quod
3036 866 3204 938 pudet
3231 865 3432 932 dicere,

1852 957 2015 1029 etiam
2040 958 2300 1033 episcopi,
2326 966 2437 1014 tota
2464 957 2548 1012 die
2568 956 2830 1033 conviviis
2851 964 2905 1011 et
2929 955 3136 1027 poculis
3158 963 3433 1033 vacantes,

1852 1056 1909 1103 et
1941 1030 2093 1119 penei
2116 1030 2285 1118 usque
2312 1048 2365 1102 in
2393 1047 2569 1104 noctis
2596 1030 2831 1103 medium
2857 1045 2942 1101 vel
2973 1061 3142 1116 usque
3170 1045 3235 1099 ad
3270 1030 3437 1118 gallo-

1856 1155 1974 1199 rum
1997 1148 2217 1197 cantum
2242 1148 2335 1195 aut
2363 1154 2428 1197 eo
2454 1139 2685 1213 amplius
2712 1139 2939 1195 diversis
2961 1138 3176 1194 student
3204 1136 3436 1208 potioni-

1852 1227 1954 1285 bus
1996 1244 2108 1285 suae
2148 1227 2466 1311 satisfacere
2491 1227 2774 1299 voluntati,
2807 1227 2894 1283 isti
2927 1226 3079 1292 tales,
3112 1226 3283 1298 magis
3324 1238 3436 1291 stu-

1853 1324 2043 1383 dentes
2088 1324 2391 1379 hominibus
2433 1323 2648 1393 placere
2693 1335 2852 1391 quam
2898 1319 3030 1384 Deo,
3077 1320 3226 1393 prius
3272 1335 3433 1392 quam

1854 1413 2142 1469 dormitum
2180 1421 2328 1479 cant,
2371 1421 2663 1468 nocturnas
2688 1410 2896 1480 vigilias
2930 1406 3195 1479 desidiose
3233 1396 3436 1479 persol-
3468 1482 3479 1489 ν

1852 1514 2060 1572 ventes,
2090 1512 2262 1560 stratu
2296 1519 2423 1577 mox
2468 1504 2756 1568 decubant,
2789 1504 2961 1559 donec
3001 1502 3193 1557 iterum
3227 1494 3439 1573 tempus

1851 1594 2213 1653 manducandi
2244 1604 2298 1649 et
2328 1593 2543 1650 bibendi
2580 1594 2785 1650 redeat.
2814 1593 3108 1666 Surgentes
3134 1609 3286 1659 vero,
3309 1610 3433 1650 cum

1853 1701 1912 1743 se
1932 1686 2170 1742 vestibus
2200 1685 2444 1751 induunt.
2469 1684 2659 1741 diurna
2685 1692 2947 1756 peragunt
2966 1682 3161 1750 officia,
3182 1694 3438 1755 putantes

150 1768 442 1876 btet‘culpa
470 1803 519 1859 si
560 1814 782 1859 necesse
812 1768 983 1856 tueri;
999 1768 1193 1873 flagelli
1234 1792 1479 1871 accipere
1513 1768 1749 1870 discipli-

1863 1775 1953 1843 tibi
1997 1775 2243 1832 suiIicere
2286 1789 2445 1844 posse
2485 1775 2529 1829 si
2563 1774 2750 1829 saltem
2781 1789 2996 1844 quoquo
3032 1773 3191 1829 modo
3220 1773 3308 1828 illa
3343 1772 3438 1828 de-

153 1910 316 1960 nam,
341 1908 620 1964 nunquam
644 1890 918 1964 legitimus
943 1891 1238 1946 excedatur
1265 1904 1541 1955 numerus,
1566 1889 1619 1944 id
1640 1897 1750 1957 est,

152 1987 390 2057 triginta
429 1994 482 2041 et
516 1998 730 2041 novem.
764 2002 783 2034 ι
816 1981 884 2038 Et
907 1980 1195 2038 concilium
1223 1979 1618 2050 Moguntiacum
1649 1978 1750 2034 sub

152 2075 360 2135 Carolo
403 2074 594 2148 Magno
641 2074 883 2130 habitum
930 2074 1005 2128 ita
1053 2073 1244 2128 statuit
1293 2073 1348 2128 in
1403 2071 1577 2141 capite
1618 2069 1688 2124 45
1731 2088 1747 2125 :

157 2188 180 2221 ι
227 2164 494 2223 Volumus
537 2174 598 2221 ut
636 2165 973 2235 disciplinam
1019 2164 1342 2235 condignam
1381 2163 1618 2218 habeant
1657 2160 1752 2231 qui

153 2260 282 2317 haec
308 2259 521 2316 discere
556 2258 851 2330 negligunt,
897 2258 1011 2314 sive
1055 2259 1110 2312 in
1153 2257 1364 2329 jejunio
1404 2257 1518 2335 sive
1566 2255 1619 2310 in
1646 2255 1752 2310 alia

155 2350 518 2421 castigatione
566 2352 938 2408 emendentur.
990 2368 1009 2402 ι
1055 2349 1396 2419 Descriptum
1442 2356 1528 2404 est
1571 2356 1751 2402 autem

156 2444 501 2517 caputistud
531 2443 583 2499 in
614 2443 753 2500 libro
780 2443 968 2513 quinto
995 2440 1462 2525 Capitular.,.eap.
1490 2438 1579 2496 95.

230 2544 369 2601 CAP.
398 2544 522 2601 176.
551 2576 621 2587 -
649 2544 730 2600 Ad
753 2544 1063 2600 venandum.
1100 2538 1235 2598 Vide
1272 2540 1493 2598 Petrum
1530 2539 1753 2597 Blesen-

156 2656 281 2696 sem
306 2639 463 2710 epist.
491 2636 560 2693 56
580 2646 635 2694 et
662 2636 749 2704 61,
782 2647 836 2693 et
866 2645 1022 2692 notas
1045 2644 1261 2691 nostras
1289 2635 1356 2690 ad
1384 2632 1749 2706 Agobardum.

232 2741 370 2798 Car.
396 2741 517 2798 191.
542 2771 614 2782 -
638 2740 680 2793 Α
706 2740 1054 2795 monasteriis.
1086 2738 1270 2810 itaque
1299 2739 1414 2793 haec
1437 2734 1752 2791 constitutio

157 2834 312 2890 edita
344 2832 442 2888 fuit
469 2832 725 2888 adversus
760 2835 1081 2898 monachos;
1111 2833 1347 2904 quicum
1371 2831 1437 2885 de
1464 2828 1751 2901 singulari-

158 2932 277 2979 tate
302 2932 677 2991 censerentur,
710 2924 905 2980 missas
942 2923 1212 2981 solitarias
1241 2922 1516 2979 celebrare
1540 2934 1750 2992 praesu-

157 3017 412 3071 mebant.

235 3105 373 3162 Csp.
414 3105 535 3161 192.
560 3134 632 3146 --
658 3103 984 3161 Sacerdotali
1019 3101 1276 3174 catalogo.

158 3197 257 3267 qui
299 3198 356 3251 in
398 3196 543 3253 clero
574 3192 808 3268 cooptati
853 3205 999 3262 sunt,
1038 3208 1104 3251 eo
1130 3192 1358 3269 nomine
1386 3207 1415 3247 a
1455 3190 1611 3263 plebe
1640 3189 1751 3245 dis-

162 3286 353 3343 tincti.

239 3390 372 3447 Car.
402 3389 524 3446 191.
547 3388 882 3456 —Quotidie
921 3387 1311 3443 eucharistiam.
1350 3381 1589 3439 Libellus
1629 3397 1755 3453 sup-

159 3481 294 3551 plex
338 3481 723 3535 monachorum
758 3476 1135 3541 Fnldensium,
1170 3475 1362 3531 Carolo
1405 3473 1598 3545 Magno
1631 3486 1755 3544 por-

162 3584 376 3638 rectus,
427 3588 546 3644 cap.
594 3572 627 3626 4
672 3588 683 3625 :
739 3588 758 3622 t
812 3570 962 3638 Quod
1011 3566 1169 3641 563
1216 3563 1753 3622 communicationem

164 3663 331 3719 't’racti
377 3664 533 3735 panis
581 3670 705 3717 ante
751 3661 928 3716 cibum
973 3659 1211 3730 quotidie
1251 3672 1465 3714 sumere
1511 3671 1618 3709 non
1673 3667 1757 3710 re-

164 3760 404 3824 spuatur
431 3752 723 3808 secundum
747 3748 986 3820 exempla
1016 3746 1435 3820 praecedentium
1455 3744 1696 3799 Patrum.
1731 3760 1752 3796 ι

243 3852 379 3908 Car;
418 3851 538 3907 196.
578 3881 650 3891 —
690 3849 813 3905 Non
854 3857 974 3904 ante
1014 3847 1266 3902 discedat.
1299 3841 1436 3901 Vide
1478 3842 1758 3899 homiliam

164 3955 424 4000 octavam
452 3941 671 3998 Caesarii
699 3939 1050 3995 Arelatensis.

246 4046 376 4101 Car.
414 4045 615 4101 199.-——
640 4042 946 4099 Torunensi.
978 4040 1056 4096 Ne
1083 4039 1204 4111 quis
1227 4046 1378 4110 putet
1403 4037 1493 4093 hic
1520 4042 1758 4092 erratum

64 4189 78 4203 ,
167 4152 299 4193 esse
336 4152 365 4190 a
399 4134 744 4206 typograpbo,
787 4144 978 4187 moneo
1008 4130 1088 4184 sic
1122 4128 1379 4198 scriptum
1415 4142 1533 4182 esse
1562 4125 1616 4180 in
1648 4124 1762 4179 edi-

171 4230 327 4284 tione
356 4222 812 4280 Helmmstadieusi
839 4231 891 4276 et
920 4222 973 4276 in
997 4219 1181 4275 codice
1210 4233 1310 4275 ms.
1338 4215 1627 4272 Parisiensi
1653 4227 1763 4285 quo

171 4335 280 4375 nos
311 4318 391 4372 usi
422 4330 608 4372 sumus
636 4315 688 4369 iu
725 4315 826 4369 hac
852 4312 1106 4367 editione.

249 4408 383 4466 Cum
409 4409 490 4462 Itis
518 4407 704 4462 verbis.
735 4398 905 4475 Supra
934 4417 1052 4471 cap.
1082 4401 1148 4454 7O
1177 4418 1190 4454 :
1220 4397 1421 4470 Corpus
1446 4407 1491 4452 et
1525 4394 1759 4467 sanguis,

1850 1874 2089 1920 cantent.
2124 1883 2142 1915 ι
2178 1863 2255 1919 Ne
2283 1880 2413 1919 vero
2445 1864 2681 1935 episcopi
2728 1872 2996 1919 nostrates
3037 1871 3226 1932 putent
3252 1861 3303 1917 id
3334 1863 3437 1919 sibi

1850 1969 1883 2009 a
1911 1970 1998 2010 me
2027 1955 2229 2009 dictum
2272 1968 2416 2020 esse,
2457 1954 2610 2025 quasi
2663 1954 2782 2009 illos
2831 1955 3114 2010 traducere
3152 1954 3435 2022 voluerim,
3470 1938 3475 1945 ’

1852 2041 2014 2117 564
2060 2044 2249 2101 iisdem
2294 2044 2435 2116 apud
2479 2044 2622 2115 ipsos
2650 2044 2829 2100 verbis
2874 2055 2996 2099 utar
3034 2043 3228 2115 quibus
3271 2046 3440 2102 utitur

1852 2135 1995 2191 idem
2034 2145 2223 2191 auctor
2266 2150 2394 2207 erga
2438 2134 2787 2192 Bathuricum
2835 2152 2849 2191 :
2897 2154 2917 2187 ς
2964 2135 3078 2191 Non
3122 2138 3265 2193 enim
3312 2137 3435 2192 talia

1852 2224 2167 2291 referendo,
2214 2226 2417 2296 inquit,
2470 2241 2566 2281 vos
2609 2226 2869 2281 denotare
2916 2226 3069 2293 volo,
3106 2229 3199 2283 sed
3242 2243 3311 2284 ne
3356 2228 3441 2285 his

1851 2316 2247 2387 participcmini
2300 2317 2595 2373 admonere
2657 2329 2865 2371 Summa
2926 2317 3249 2374 humilitatis
3313 2320 3442 2375 sub-

1849 2407 2085 2479 iectione
2114 2422 2404 2477 praesumo.
2440 2426 2459 2458 ι

1922 2497 2051 2577 βυ».
2077 2497 2197 2557 215.
2223 2527 2295 2559 έ-
2312 2496 2443 2554 Cum
2466 2512 2609 2554 urso.
2647 2495 2906 2554 Solebant
2934 2497 3077 2554 enim
3104 2500 3157 2556 in
3184 2498 3440 2558 Kalendis

1851 2585 2125 2644 Januariis
2166 2587 2549 2644 transformare
2581 2604 2643 2651 se
2679 2584 2926 2645 homines
2957 2590 3010 2643 in
3052 2591 3307 2661 pecudes.
3346 2602 3441 2647 aut

1854 2680 1907 2751 in
1955 2679 2119 2745 feras,
2161 2688 2256 2734 aut
2302 2680 2355 2739 in
2401 2687 2672 2751 portenta,
2721 2688 2781 2734 ut
2822 2695 2888 2734 ex
2936 2679 3151 2736 Maximi
3200 2681 3436 2754 episcopi

1855 2767 2206 2826 Taurinensis
2230 2768 2450 2825 homilia
2475 2769 2540 2824 de
2566 2768 2819 2824 Kalendis
2844 2766 3086 2824 Januarii
3115 2768 3435 2842 jampridem

1854 2861 2186 2933 collegerunt
2214 2858 2315 2914 viri
2353 2858 2514 2915 docti.
2555 2858 2916 2915 Assumcbant
2945 2860 3123 2931 itaque
3152 2876 3437 2919 cervorum

1856 2969 1921 3009 ac
1946 2953 2235 3008 vitulorum
2276 2950 2500 3018 formas,
2531 2961 2641 3006 tum
2668 2950 2833 3007 etiam
2864 2967 3135 3018 ursorum,
3164 2961 3222 3008 ut
3261 2963 3438 3012 muto-

1856 3060 1976 3099 rum
2026 3043 2336 3099 animalium
2400 3044 2646 3115 insanam
2700 3043 3051 3113 petulantiam
3104 3042 3325 3100 liberius
3375 3062 3440 3103 ac

1318 3099 1379 3157 Μ
1413 3098 2104 3207 θείςιθχξξδθιὶοθηιίυε
2151 3136 2349 3193 imitari
2406 3114 2643 3207 possent.
2694 3098 2885 3191 i’ostea
2937 3151 3060 3191 cum
3114 3135 3166 3191 id
3216 3138 3440 3195 vetitum

1854 3230 2046 3285 fuisset
2100 3235 2213 3283 tam
2266 3226 2650 3284 ecclesiasticis
2697 3242 2858 3297 quam
2911 3227 3157 3283 civilibus
3210 3229 3438 3301 legibus,

1852 3321 1996 3376 hanc
2027 3319 2291 3375 insaniam
2311 3317 2604 3374 Christiani
2634 3333 2667 3373 a
2689 3317 2943 3374 Kalendis
2965 3316 3239 3374 Januariis
3270 3327 3437 3377 trans-

1855 3413 2095 3466 tulerunt
2134 3412 2186 3465 in
2214 3410 2329 3466 dies
2375 3410 2493 3466 illos
2518 3409 2611 3480 qui
2654 3408 2982 3464 antecedunt
3024 3410 3237 3465 initium
3295 3410 3440 3479 Qua-

1856 3503 2196 3575 dragesimae.
2226 3498 2359 3557 Vide
2399 3503 2660 3573 synodum
2702 3488 3226 3557 Antissiodorenstnn
3263 3484 3455 3559 Anna;

1856 3595 2050 3671 charii,
2081 3593 2363 3664 epistolam
2404 3591 2681 3648 Zacharim
2713 3594 2780 3648 ad
2815 3591 3171 3657 Bonifacium,
3195 3609 3336 3675 .quae
3362 3603 3445 3651 est

1858 3687 1963 3742 M2
2007 3687 2147 3742 inter
2187 3684 2585 3753 Bonifacianas,
2620 3694 2675 3742 et
2714 3685 2950 3742 edictum
2994 3684 3342 3747 Carlomanni
3387 3689 3444 3745 in

1860 3780 2017 3837 initio
2042 3779 2162 3834 libri
2192 3778 2365 3850 quinti
2393 3776 2800 3850 Capitularium.

1934 3870 2293 3929 Talamascas.
2341 3869 2400 3925 Id
2449 3877 2533 3926 est
2576 3871 2776 3936 larvas,
2818 3876 2879 3925 ut
2922 3877 3080 3927 antea
3119 3871 3442 3942 esplicatum

1859 3972 1963 4019 est.
2013 3961 2128 4019 Hoc
2154 3971 2335 4035 caput,
2385 3962 2437 4016 in
2481 3963 2749 4032 epitomen
2797 3961 3096 4027 redactum,
3127 3976 3193 4016 ex
3235 3970 3447 4017 vetusto

1860 4056 2152 4112 Rhemensi
2177 4054 2406 4111 concilio
2432 4052 2598 4108 refert
2624 4052 2848 4107 Vossius
2876 4052 2927 4107 in
2957 4052 3094 4108 libro
3120 4053 3354 4107 secundo
3380 4053 3446 4107 de

1861 4144 2022 4217 Yitiis
2058 4145 2326 4202 sermonis
2360 4161 2373 4197 :
2409 4160 2429 4195 ι
2467 4143 2669 4197 Larvas
2709 4144 3041 4209 daemonum,
3085 4157 3221 4213 quas
3260 4143 3448 4214 vulgus

1863 4236 2184 4291 talamascas
2229 4243 2417 4299 vocat,
2469 4234 2568 4289 sub
2615 4233 2987 4288 anathemate'
3003 4232 3369 4304 prohibemus.
3421 4254 3441 4288 ι

1864 4326 2001 4381 llinc
2040 4342 2253 4397 masque
2282 4325 2421 4394 apud
2466 4340 2564 4379 nos
2610 4339 2707 4394 pro
2749 4323 2916 4378 larva.
2963 4322 3043 4378 Ex
3078 4323 3264 4378 eodem
3299 4319 3448 4379 fonte

1866 4430 2049 4477 ortum
2077 4427 2159 4473 est
2184 4419 2326 4490 quod
2354 4415 2575 4472 occultae
2604 4416 2904 4471 litterarum
2935 4427 3101 4480 notae,
3130 4418 3325 4488 quibus
3351 4419 3448 4473 ali-

174 4513 287 4561 ειε-
324 4501 462 4557 Ᾱῖνο
497 4498 717 4555 “diem
752 4498 1080 4552 Francorum
1119 4494 1281 4565 regis:
1317 4501 1376 4546 ¹¹ι
1416 4493 1469 4547 in
1502 4491 1621 4547 Vita
1650 4486 1766 4558 eius
1791 4479 1844 4542 Β
1871 4512 1996 4583 quid
2024 4511 2143 4567 aliis
2169 4479 2398 4567 celatum
2428 4509 2674 4565 volumus
2702 4526 2860 4581 quam
2896 4511 2946 4565 ci
2975 4512 3040 4565 ad
3070 4479 3226 4581 quem
3258 4513 3449 4567 scribi-

176 4602 413 4652 testatur
442 4590 750 4661 Helgaldus,
777 4590 849 4644 ita
876 4588 1166 4644 dicebant:
1197 4583 1396 4657 Corpus
1434 4583 1647 4638 Domini
1677 4598 1770 4636 no-

176 4687 280 4740 stri
310 4684 437 4737 Jesu
466 4680 660 4736 Christi
690 4681 755 4734 sit
782 4678 876 4735 tibi
914 4678 1056 4732 salus
1097 4678 1285 4732 anima:
1321 4685 1369 4731 et
1409 4674 1658 4746 corporis.
1694 4661 1770 4727 Ea

176 4771 415 4829 formula
440 4787 545 4825 non
574 4778 864 4841 usurpatur
889 4769 972 4823 his
999 4766 1199 4821 ultimis
1226 4765 1572 4835 temporibus.
1606 4762 1770 4818 Nobis

112 4866 117 4871 ’
176 4864 362 4927 enim,
409 4877 531 4918 cum
565 4861 1044 4924 communicamns,
1087 4857 1202 4913 haec
1236 4865 1441 4911 tantum
1488 4855 1770 4927 presbyter

180 4956 320 5013 dicit
354 4973 369 5008 ι
410 4952 610 5023 Corpus
653 4952 865 5006 Domini
906 4951 1069 5005 nostri
1112 4950 1239 5004 Jesu
1275 4945 1471 5003 Christi
1511 4945 1769 5000 custodiat

177 5046 422 5102 animum
448 5052 593 5097 tuam
620 5042 674 5096 in
700 5041 859 5096 vitam
882 5051 1150 5095 wternam.
1183 5040 1364 5092 Amen.
1436 5053 1445 5061 '

259 5146 389 5202 Car.
418 5145 545 5200 203.
573 5175 641 5185 —
667 5141 912 5214 Capitula
941 5143 1150 5197 habeat.
1175 5141 1233 5197 Id
1260 5150 1364 5206 est,
1395 5140 1440 5195 si
1471 5124 1771 5209 temporum

182 5248 498 5296 nostrorum
534 5236 712 5292 verbis
759 5234 902 5306 loqui
927 5234 1193 5302 volumus,
1242 5233 1518 5290 Summam
1549 5220 1768 5289 casuum

185 5331 554 5388 conscientiae.
1688 5392 1691 5393 ν

263 5429 393 5485 (In.
413 5429 539 5486 208.
555 5460 624 5471 ——
646 5428 869 5487 Peneum
889 5428 1149 5486 servitutis
1167 5445 1297 5484 saw.
1322 5425 1565 5485 Ofﬁcium
1588 5440 1768 5492 suum,

190 5531 253 5579 ut
284 5524 445 5579 hodie
477 5523 765 5594 loquimur.
804 5523 993 5580 Exstat
1028 5522 1167 5592 apud
1201 5521 1528 5578 Stevartium
1556 5520 1773 5592 elegans

191 5614 440 5684 praefatio
481 5614 678 5670 veteris
713 5614 990 5684 cujusdam
1029 5613 1310 5685 scriptoris
1348 5613 1400 5667 in
1438 5611 1675 5683 psalmos
1703 5609 1772 5667 ad

193 5698 546 5762 Bathuricum
576 5707 883 5778 episcopum
920 5707 1387 5773 Ratisbonensem,
1420 5705 1511 5776 qui
1543 5703 1642 5758 sub
1670 5702 1772 5758 Ca-

1872 4620 2012 4673 mus,
2044 4604 2347 4660 talamascm
2378 4598 2631 4659 dicuntur
2670 4605 2722 4658 in
2767 4603 3065 4671 fragmento
3095 4603 3295 4660 Odonis
3332 4600 3467 4658 Ari-'

1870 4697 2007 4752 berti
2038 4697 2101 4751 de
2127 4695 2271 4751 caede
2301 4695 2558 4750 Bernardi
2595 4695 2805 4750 comitis
2840 4694 3269 4761 Barcinonensis,
3296 4696 3447 4766 cujus

1870 4797 2078 4861 partem
2107 4785 2370 4841 edidimus
2408 4786 2458 4839 in
2494 4787 2637 4839 notis
2664 4784 2729 4839 ad
2760 4783 3100 4856 Agobardum
3134 4804 3147 4839 :
3186 4804 3205 4837 ι
3242 4784 3447 4839 Caetera

1870 4894 1991 4950 quae
2029 4876 2264 4945 pandere
2302 4875 2661 4946 periculosum
2690 4885 2771 4931 est
2800 4876 2995 4931 litteris
3034 4876 3333 4931 talamascis
3366 4877 3447 4930 in-

1872 4969 2126 5025 scribam.
2165 4988 2183 5020 ι
2226 4967 2283 5021 In
2324 4968 2424 5021 hoc
2464 4983 2628 5037 porro
2671 4966 2813 5032 loco,
2855 4983 2950 5036 pro
2993 4983 3058 5022 eo
3098 4968 3239 5037 quod
3286 4966 3450 5021 editio

1874 5057 2365 5116 Helmaestadiensis
2402 5058 2567 5113 habet
2606 5074 2737 5129 quas
2778 5056 2927 5129 vulgo
2968 5057 3332 5112 dalamaschus
3365 5073 3450 5110 vo-

1875 5160 2020 5217 cant,
2046 5165 2164 5216 nos,
2194 5150 2364 5204 secuti
2398 5149 2772 5204 auctoritatem
2814 5149 3016 5204 codicis
3047 5146 3366 5201 Parisiensis
3396 5156 3452 5202 et

1874 5239 2173 5304 Hincmari,
2207 5247 2319 5293 tum
2350 5237 2513 5294 etiam
2557 5254 2625 5293 ne
2655 5239 2992 5294 turbaremus
3031 5237 3208 5293 fontes
3233 5252 3298 5292 ex
3331 5237 3451 5307 qui-

1876 5331 1976 5387 bus
2017 5345 2113 5385 sua
2151 5329 2495 5385 Burcbardus
2540 5330 2766 5400 accepit,
2806 5329 3087 5392 edidimus,
3123 5346 3253 5399 quas
3297 5329 3448 5400 vulgo

1873 5421 2190 5477 talamascas
2229 5418 2429 5474 dicunt.
2459 5416 2561 5487 Qui
2591 5434 2719 5474 vero
2747 5420 2986 5474 codicem
3015 5414 3451 5474 Helmacstadien-

1873 5529 1986 5571 sem
2028 5504 2324 5582 antiquitus
2355 5510 2672 5581 descripsit,
2718 5508 2928 5564 videtur
2973 5517 3096 5564 ante
3130 5509 3315 5566 oculos
3362 5510 3451 5565 ha-

1871 5602 2052 5664 buisse
2074 5604 2359 5662 concilium
2390 5601 2691 5657 Rhemense
2717 5618 2745 5655 a
2774 5602 2962 5657 Vossio
2993 5601 3284 5658 laudatum.

1944 5697 2071 5754 Car.
2097 5693 2219 5749 216.
2239 5724 2306 5733 -
2330 5690 2624 5762 Presbyteri
2652 5708 2741 5761 per
2770 5688 2893 5747 Kal.
2916 5691 3235 5749 Coustitutio
3257 5689 3450 5748 Riculii
