3848 5432
486 314 585 372 651
1823 312 2032 371 STEPH

2143 313 2167 370 1
2203 314 2286 370 ΒΑ
2296 313 2474 372 LUle
3597 325 3671 384 131

486 423 725 495 episcopi
763 421 1190 488 Suessionensis,
1229 435 1347 493 cap.
1385 421 1458 478 20
1492 438 1508 478 :
1543 440 1564 477 σ
1597 421 2070 496 Rationi‘quoque
2098 431 2146 491 Α
2171 427 2516 483 durissimam
2545 427 2909 484 sustinebunt.
2924 427 3198 486 t.Adnotat
3223 429 3672 493 Sirmondnsadth-

484 516 794 587 proximum
839 529 958 570 esse
998 514 1276 571 sanximus
1315 522 1374 570 ut
1413 514 1469 570 in
1497 530 1820 588 unoquoque
1860 531 2065 584 mense,
2169 518 2337 589 pitula
2363 517 2539 576 Caroli
2564 519 2714 575 Calvi
2748 519 3135 575 harmiscaram
3157 523 3455 591 graviorem
3477 527 3673 584 mulctam

485 616 689 665 statuta
726 607 886 680 565
922 607 1028 672 die,
1063 607 1116 662 id
1149 615 1235 662 est
1271 607 1327 664 in
1362 607 1617 666 Kalendis
1643 610 2068 682 uniuscujusque
2166 607 2356 675 fuisse,
2387 625 2506 680 quae
2534 625 2566 664 a
2605 609 2848 681 principe
2890 625 2988 680 pro
3034 613 3260 669 arbitrio
3304 623 3452 670 extra
3489 618 3674 675 ordinas

483 706 710 772 mensis,
739 719 838 776 per
877 703 1115 775 singulas
1137 703 1392 760 decanias
1424 705 1725 776 presbyteri
1755 705 1914 761 simul
1943 721 2067 763 con-
2168 697 2371 770 imponi
2414 699 2634 755 soleret.
2660 699 2796 756 Vide
2825 700 3076 756 Vossium
3125 703 3178 758 in
3231 704 3368 761 libro
3393 708 3600 763 secundo
3632 712 3676 766 de

481 797 734 862 veniant;
759 804 812 854 et
837 797 1238 861 convenientes,
1266 811 1374 852 non
1399 796 1568 868 pastis
1587 797 1673 852 vel
1698 798 2065 868 potationibus
2171 786 2326 846 Vitiis
2361 790 2651 857 sermonis.
2675 790 2768 862 qui
2798 801 2946 848 recte
2977 792 3067 850 hic
3101 793 3285 850 Vitutn
3326 796 3676 857 Amerhachiun

480 895 696 952 vacent,
727 886 820 941 sed
849 886 916 941 de
956 900 1054 941 suo
1081 885 1382 940 ministerio
1423 894 1478 941 et
1505 886 1756 958 religiosa
1783 901 2064 943 conversa-
2165 881 2527 953 reprehendit.

479 978 629 1034 tione
657 986 822 1048 atque
846 976 912 1033 de
940 977 1027 1032 his
1055 993 1177 1048 qua:
1201 977 1255 1032 in
1281 992 1467 1034 eorum
1494 979 1787 1050 paroechiis
1814 977 2065 1038 accidunt
2231 971 2360 1028 CAP-
2390 973 2516 1028 242-
2547 1003 2619 1014 —
2646 973 2710 1030 Si
2732 973 2927 1046 plum.
2949 976 3284 1033 BreViarium
3319 987 3405 1034 est
3431 982 3620 1038 canonis
3631 983 3678 1039 3?.

475 1085 784 1127 sermonem
814 1070 1072 1125 habeant.
1109 1089 1128 1121 ι
2163 1063 2375 1120 concilii
2399 1064 2786 1132 Triburiensis,
2814 1075 2874 1122 ut
2910 1067 3226 1138 plerumque
3261 1069 3401 1126 solet
3427 1071 3605 1142 Regina
3626 1074 3675 1128 ita

547 1161 794 1233 Singulos
835 1148 1049 1216 biberes;
1089 1159 1230 1216 Infra
1270 1161 1407 1218 libro
1433 1177 1496 1229 ιι,
1533 1178 1648 1234 cap.
1681 1163 1789 1218 452
1819 1181 1833 1217 :
1888 1182 1908 1216 ι
1941 1161 2092 1220 δὴν
2161 1157 2366 1214 referre
2391 1173 2627 1216 canones
2664 1159 2808 1217 illius
2833 1163 3041 1234 synodi.
3085 1163 3278 1234 Agitur
3319 1173 3495 1220 autem
3529 1165 3616 1221 illic
3632 1167 3676 1222 de

473 1253 582 1325 guli
606 1252 847 1321 singulos
885 1252 1100 1307 biberes
1125 1253 1410 1324 accipiant.
1445 1273 1464 1306 ι
1500 1253 1558 1309 ld
1583 1263 1668 1309 est
1686 1255 1928 1326 singulos
1947 1255 2058 1310 vini
2153 1245 2280 1319 iure
2312 1257 2646 1319 patronatus.
2671 1247 2831 1306 lubet
2852 1265 2982 1323 ergo
3003 1265 3177 1307 canon
3215 1260 3275 1306 ut
3301 1251 3347 1308 si
3377 1251 3551 1322 plures
3569 1253 3679 1308 unius

471 1347 728 1418 scyphos,
766 1345 1065 1401 utVossius
1087 1345 1499 1415 interpretatur.
1532 1345 1738 1418 Regula
1762 1346 1934 1402 sancti
1961 1345 2058 1401 Be-
2159 1338 2406 1395 ecclesia
2430 1338 2646 1410 patroni
2669 1338 2890 1408 fuerint,
2921 1347 2977 1395 et
3003 1341 3290 1397 convenire
3319 1341 3464 1398 inter
3491 1341 3591 1396 illos
3608 1357 3679 1396 non

470 1435 692 1500 nedicti,
726 1450 843 1505 cap.
873 1433 980 1490 35:
1011 1454 1028 1486 t
1059 1434 1441 1505 Septimanarii
1462 1437 1731 1507 accipiant
1757 1451 1918 1508 super
1945 1447 2055 1492 sta-
2157 1431 2395 1503 potuerit
2418 1431 2484 1487 de
2504 1431 2820 1503 presbytero
2848 1431 2940 1502 qui
2986 1431 3131 1487 illam
3168 1441 3324 1502 regat
3357 1441 3414 1488 et
3455 1433 3678 1507 gubernet,

470 1535 641 1582 tutam
685 1543 952 1583 annonam
979 1527 1219 1598 singulos
1259 1527 1495 1584 biberes.
1534 1547 1553 1580 ι
1615 1527 1820 1600 Regula
1881 1528 2053 1584 sancti
2157 1523 2440 1592 episcopus
2465 1523 2749 1580 ecclesiam
2789 1523 3004 1580 claudat
3027 1532 3084 1580 et
3120 1539 3340 1581 sacrum
3396 1525 3452 1581 in
3476 1541 3536 1582 ea
3565 1527 3679 1581 mini-

467 1616 746 1672 Aureliani
776 1617 829 1672 in
858 1617 1087 1686 epilogo.
1126 1636 1144 1669 ι
1181 1615 1398 1672 Cibaria
1430 1617 1674 1688 quotidie
1709 1619 1775 1672 ad
1809 1617 2055 1674 refectio-
2157 1614 2384 1669 sterium
2413 1613 2671 1670 celebrari
2699 1615 3165 1686 prohibeatdonec
3191 1617 3438 1688 patronis
3456 1620 3679 1674 concordis

467 1721 594 1761 nem
621 1707 744 1772 tria,
776 1707 840 1762 ad
872 1708 1154 1778 prandium
1179 1709 1306 1773 duo,
1338 1709 1405 1763 ad
1431 1723 1642 1764 cmnam
1679 1710 1802 1765 duo.
1833 1710 2052 1766 Biberes
2157 1706 2375 1772 redeat;
2423 1707 2566 1776 quod
2607 1715 2767 1762 antea
2811 1706 3164 1763 constitutum
3209 1706 3391 1764 fuerat
3435 1710 3487 1765 in
3527 1709 3679 1780 synodo

469 1795 536 1850 ad
577 1795 949 1861 refectionem,
1002 1797 1054 1851 id
1104 1807 1208 1862 est,
1254 1797 1309 1852 in
1353 1807 1544 1854 aestate
1578 1815 1810 1864 merum,
1842 1809 1898 1855 et
1937 1809 2046 1858 tres
2077 1796 2122 1855 Β
2149 1795 2496 1854 Cabilonensi
2562 1798 2822 1854 secunda.
2891 1798 3047 1869 Apud
3105 1797 3481 1856 Burchardum
3547 1810 3679 1856 tamen

465 1887 736 1944 caldellos.
775 1907 792 1939 ›
828 1889 893 1943 Ει
922 1887 1080 1943 infra.
1113 1906 1132 1940 ί
1164 1888 1386 1945 Biberes
1410 1889 1568 1946 binas
1595 1891 1661 1945 ad
1683 1892 1988 1961 prandium.
2023 1912 2042 1945 ι

464 1980 818 2038 Ekkehardus
870 1982 923 2036 in
965 1981 1105 2037 libro
1134 1981 1200 2038 de
1240 1981 1470 2039 Casibus
1512 1984 1826 2039 monasterii
1875 1986 2048 2040 sancti

463 2071 623 2134 Galli,
670 2089 788 2139 cap.
819 2072 922 2126 ll:
965 2090 983 2124 ι
1032 2072 1228 2127 Invitat
1279 2074 1494 2128 tandem
1542 2073 1707 2128 abbas
1746 2075 1951 2144 pariter
1980 2076 2048 2131 ad

462 2164 684 2216 uomlcs
715 2166 961 2228 fratrum,
991 2163 1186 2234 quibus
1217 2163 1511 2234 conscripti
1538 2172 1740 2228 essent,
1764 2164 1999 2219 biberes.
2023 2184 2042 2218 ι

461 2253 541 2308 Ex
576 2254 662 2308 his
695 2271 824 2325 ergo
854 2264 1000 2324 patet
1027 2255 1166 2310 male
1205 2255 1260 2310 in
1309 2255 1545 2312 editione
1583 2254 2045 2312 Helmzestadiensi

459 2345 718 2414 scriptum
742 2361 862 2400 esse
883 2345 1116 2415 singulos
1139 2345 1296 2400 libere
1321 2348 1564 2416 excipiat.
1587 2344 1724 2402 Male
1748 2346 1876 2402 item
1905 2347 2045 2419 apud

457 2434 828 2491 Burcbardum
852 2437 1083 2508 singulos
1115 2438 1285 2494 bibere
1304 2438 1527 2508 faciant.

530 2525 683 2580 Ultra
710 2527 916 2582 tertiam
945 2529 1122 2583 vicem.
1155 2527 1289 2584 Vide
1335 2529 1429 2584 lib.
1456 2543 1490 2584 v
1521 2528 1590 2586 de
1627 2527 1928 2587 Concordia
1957 2544 2045 2587 sa-

457 2618 684 2673 cerdotii
719 2629 770 2673 ct
800 2619 1033 2689 imperii,
1064 2634 1184 2691 cap.
1216 2619 1307 2686 5t,
1331 2618 1358 2692 ᾗ
1381 2619 1436 2675 2.

526 2709 654 2765 Car.
686 2711 809 2765 218.
835 2741 904 2751 -
936 2709 1176 2782 Propria:
1215 2711 1463 2767 ecclesia.
1521 2711 1834 2770 Admonitio
1877 2729 2042 2787 syno-

455 2803 594 2857 dalis
644 2803 868 2872 antiqua
895 2821 908 2858 :
939 2803 1038 2859 Res
1064 2805 1114 2858 et
1145 2805 1421 2874 facultates
1441 2821 1573 2876 quas
1597 2817 1712 2876 post
1735 2807 1873 2862 diem
1897 2809 2041 2862 ordi-

453 2895 678 2948 nationis
700 2903 885 2949 vestrav.
923 2897 1210 2963 acquiritis,
1238 2896 1307 2949 ad
1330 2895 1601 2951 ecclesiam
1634 2897 1702 2951 ad
1732 2914 1888 2968 quam
1919 2899 2042 2954 titu-

453 2984 549 3039 lati
576 2987 698 3039 estis
721 2986 977 3055 pertinere
996 2988 1194 3041 sciatis.
1223 2986 1503 3043 Paschalis
1541 2986 1585 3042 ll
1629 2987 1683 3042 in
1724 2989 1946 3060 epistola
1971 2992 2038 3047 ad

449 3075 816 3148 Norigaudum
869 3078 1181 3149 episcopum
1228 3081 1770 3154 Augustodunensem
1803 3105 1816 3141 :
1851 3106 1871 3139 ι
1901 3087 2034 3142 Illud

2151 1889 2246 1945 lib.
2275 1905 2337 1955 ιι,
2377 1905 2495 1961 cap.
2523 1889 2616 1956 45,
2646 1897 2702 1946 ει
2729 1889 2784 1945 in
2816 1890 2989 1960 prima
3025 1889 3344 1947 collectione
3381 1890 3678 1947 Decretalitnn

2151 1994 2269 2050 cap.
2299 1981 2349 2046 1,
2374 1980 2438 2034 de
2452 1981 2575 2051 jure
2594 1990 2830 2050 patron.,
2861 1981 2948 2036 hic
2976 1995 3169 2046 canon,
3200 1981 3294 2052 qui
3325 1982 3581 2053 reperitur
3599 1980 3678 2037 edi-

2151 2082 2235 2128 tus
2259 2073 2311 2126 in
2341 2071 2570 2127 concilio
2595 2071 2961 2136 Cabilonensi,
2995 2071 3248 2128 tribuitur
3281 2071 3514 2127 concilio
3535 2071 3682 2127 Medio-

2148 2164 2409 2220 matricis.
2449 2163 2788 2218 Burcltardus
2827 2172 3008 2218 autem
3051 2172 3108 2219 et
3144 2163 3461 2220 Bernardus
3485 2162 3679 2220 Circae:

2148 2257 2382 2314 diversis
2449 2257 2848 2327 exemplaribus
2911 2257 3055 2312 hunc
3113 2273 3386 2314 canonem
3437 2256 3676 2313 Metensem

2147 2341 2500 2421 descripsisse
2521 2351 2791 2416 videntur,
2816 2365 2939 2405 cum
2968 2349 3194 2406 diversae
3217 2351 3528 2407 sinteorum
3548 2350 3682 2405 lectio-

2147 2455 2243 2497 nes
2287 2441 2342 2496 in
2370 2440 2644 2498 nonnullis
2671 2441 2806 2497 locis
2836 2441 3078 2513 ejusdem
3125 2443 3342 2514 capitis.
3391 2443 3567 2514 Itaque
3600 2441 3680 2497 ﬁeri

2144 2539 2324 2601 potest
2358 2539 2416 2584 ut
2443 2531 2621 2586 editus
2647 2543 2862 2600 quoque
2908 2529 3071 2586 fuerit
3101 2531 3156 2586 in
3207 2531 3441 2588 Metensi
3483 2532 3680 2602 quapiam

2144 2621 2371 2693 synodo.
2399 2620 2746 2676 lmmutatum
2771 2636 2935 2691 porro
2964 2633 3149 2692 postea
3175 2631 3262 2677 est
3284 2622 3398 2678 hoc
3424 2620 3513 2691 jus
3541 2631 3682 2676 aucto-

2141 2713 2305 2769 ritate
2328 2713 2622 2770 lnnocentii
2645 2713 2708 2768 Ill
2734 2713 2964 2768 Romani
3005 2714 3290 2785 pontiﬁcis.
3322 2709 3428 2771 llic
3453 2716 3581 2772 enim
3603 2724 3680 2768 sti-

2143 2805 2245 2860 tuit
2285 2813 2344 2858 ut
2373 2804 2416 2858 si
2449 2805 2514 2860 de
2547 2803 2671 2873 jure
2701 2813 3018 2874 patronatus
3050 2808 3427 2864 controversia
3455 2808 3682 2864 emet-serit

2141 2895 2282 2951 inter
2317 2895 2508 2961 laicos,
2559 2905 2614 2949 et
2643 2897 2728 2951 cui
2770 2897 3026 2967 competit
3067 2896 3205 2952 infra
3233 2908 3475 2969 quatuor
3519 2913 3681 2953 menses

2139 3004 2246 3045 non
2275 2989 2438 3046 fuerit
2467 2989 2768 3056 deﬁnitum,
2812 3006 2878 3046 ex
2907 2999 3033 3046 tunc
3060 2991 3346 3048 ecclesiam
3380 2993 3547 3064 ipsam
3588 2992 3682 3046 dio:-

2138 3097 2367 3137 cesanus
2393 3081 2679 3151 episcopus
2715 3097 2821 3137 non
2871 3081 3082 3138 diﬁ‘erat
3136 3084 3202 3139 de
3247 3100 3486 3154 persona
3538 3086 3682 3140 idonea

452 3176 631 3222 autem
682 3167 974 3238 apostolica
1024 3170 1348 3227 auctoritate
1407 3173 1720 3240 statuimus,
1773 3185 1835 3231 ut
1903 3177 2035 3233 nulli
2062 3155 2109 3220 C
2138 3171 2408 3228 ordinare.
2444 3171 2637 3226 Exstat
2680 3173 2794 3227 hac
2821 3171 3134 3228 constitutio
3177 3172 3340 3245 567
3389 3176 3530 3246 apud
3568 3173 3684 3228 inno-

450 3259 790 3330 preshytero,
821 3280 840 3314 ι
892 3270 1022 3329 ειε.,
1053 3270 1113 3316 ut
1161 3262 1302 3319 intra
1341 3263 1397 3320 in
1433 3266 1744 3339 Appendice
1789 3277 2034 3328 actorum

450 3363 720 3419 veterum,
747 3355 828 3409 tit.
869 3354 956 3412 21.

522 3444 649 3500 Car.
678 3446 803 3502 220.
854 3479 924 3489 —
951 3447 1346 3522 Inquirendum.
1379 3449 1516 3508 Vide
1559 3461 1716 3511 notas
1759 3455 1828 3510 ad
1869 3465 2033 3528 caput

449 3539 801 3594 centesimum
833 3549 1102 3611 quartum.

521 3627 648 3682 Car.
679 3629 802 3683 250.
821 3659 888 3670 —
913 3627 1118 3686 Usuris.
1143 3633 1439 3690 Concilium
1461 3633 1848 3693 Suessionense
1876 3637 2032 3695 habi-

449 3725 560 3772 tum
593 3735 734 3774 anno
777 3721 929 3783 1078,
988 3723 1086 3777 sub
1136 3722 1380 3779 Manassc
1429 3727 1837 3800 archiepiscopo
1880 3729 2028 3784 Rhe-

450 3811 662 3862 mensi:
701 3828 718 3861 ‹
761 3810 828 3866 Ut
859 3812 1035 3867 nullus
1071 3814 1299 3870 clericus
1339 3827 1431 3870 aut
1475 3818 1644 3874 laicus
1688 3821 2030 3877 Christianus

451 3915 645 3956 usuras
672 3901 926 3972 accipiat.
957 3904 1022 3958 Et
1042 3906 1085 3960 si
1113 3906 1232 3975 quis
1257 3923 1342 3962 res
1369 3908 1597 3977 alicujus
1640 3911 1693 3965 in
1720 3911 2028 3968 vadimonio

447 3994 704 4064 suscepit,
735 4003 790 4049 et
817 3992 926 4063 jam
959 3996 1082 4051 inde
1119 3998 1348 4068 capitale
1374 4014 1528 4054 suum
1556 4001 1738 4068 habet,
1765 4017 1853 4057 res
1885 4003 2029 4074 ipsas

447 4083 660 4147 reddat,
695 4091 748 4137 et
786 4098 890 4136 non
922 4083 1041 4153 plus
1073 4084 1322 4154 accipiat.
1357 4105 1376 4136 ι

515 4171 645 4227 Cu».
670 4173 795 4228 241.
821 4204 892 4214 -
911 4172 1233 4229 Rewadiare.
1263 4175 1338 4230 Ita
1361 4190 1584 4246 prorsus
1611 4178 1782 4236 codex
1805 4195 1906 4235 ms.
1923 4179 2030 4236 Re-

447 4264 678 4336 ginonis.
723 4265 827 4320 Pro
858 4281 965 4336 quo
1014 4265 1178 4321 editio
1220 4265 1714 4326 Helmazstadiensis
1752 4271 1934 4336 habet,
1968 4283 2024 4326 ut

445 4356 604 4410 banni
635 4357 794 4410 nostri
844 4357 916 4411 rei
949 4374 1039 4427 per
1063 4357 1417 4428 ﬁdejussores,
1444 4371 1550 4416 etc.
1581 4362 2024 4419 Emendationem

445 4457 688 4500 nostram
711 4448 1030 4503 conﬁrmant
1050 4453 1213 4505 etiam
1245 4453 1367 4507 libri
1391 4453 1784 4524 Capitularium
1807 4468 1861 4512 et
1889 4457 2026 4512 liber

2137 3263 2374 3320 centium
2400 3261 2483 3326 lll,
2518 3263 2610 3318 lib.
2644 3279 2682 3328 ι,
2711 3264 2869 3333 epist.
2908 3263 3034 3330 521,
3073 3275 3128 3320 ει
3169 3264 3293 3321 inde
3335 3266 3394 3322 in
3433 3281 3547 3337 cap.
3588 3264 3684 3320 Cm

2133 3366 2364 3427 propter.
2390 3354 2469 3409 De
2489 3355 2613 3426 jure
2634 3366 2844 3427 patron.

2204 3443 2334 3498 CAP.
2371 3443 2498 3499 245.
2531 3474 2602 3484 —
2643 3444 2822 3499 Dividi
2850 3445 2984 3500 inter
3024 3445 3218 3517 plures.
3260 3445 3438 3504 Vetus
3481 3458 3560 3504 est
3601 3446 3684 3501 hac

2133 3533 2339 3605 regula,
2363 3541 2422 3588 ut
2446 3533 2691 3604 pluribus
2712 3533 2977 3606 exemplis
3019 3535 3237 3606 probari
3277 3545 3490 3606 posset,
3533 3534 3682 3590 eodem

2131 3626 2384 3680 nimirum
2403 3623 2527 3694 jure
2551 3641 2657 3697 quo
2677 3626 2901 3680 vetitum
2923 3634 3041 3681 erat
3061 3642 3130 3682 ne
3149 3626 3256 3682 duo
3281 3627 3526 3697 episcopi
3546 3632 3686 3680 essent

2131 3717 2186 3773 in
2217 3732 2323 3772 una
2349 3716 2609 3771 Ecclesia.
2645 3715 2844 3771 Verum
2875 3716 3128 3786 quoniam
3167 3717 3417 3771 nonnulli
3458 3716 3682 3771 interdum

2130 3809 2199 3863 ab
2245 3809 2346 3862 hac
2374 3807 2558 3876 regula
2596 3807 2966 3871 discedebant,
2994 3807 3272 3863 admoneri
3323 3808 3454 3864 illos
3501 3805 3683 3864 subinde

2129 3898 2365 3968 oportuit
2390 3913 2457 3952 ne
2487 3898 2827 3952 sanctissima
2868 3898 3113 3954 instituta
3142 3897 3486 3955 desererent.
3515 3897 3682 3953 Remo

2129 3989 2249 4044 duit
2275 3998 2453 4045 tamen
2481 4005 2621 4060 saepe
2657 3990 2707 4044 id
2733 3990 2953 4057 malum,
2983 3991 3118 4046 adeo
3145 4001 3202 4045 ut
3226 3992 3398 4046 etiam
3437 3990 3683 4063 aliquando

2129 4083 2357 4139 ecclesia
2380 4099 2483 4138 una
2500 4083 2708 4138 duobus
2734 4085 3066 4156 presbyteris
3089 4085 3279 4140 eodem
3309 4095 3555 4156 tempore
3574 4099 3686 4139 com-

2128 4175 2434 4230 mitteretur
2454 4191 2576 4230 cum
2605 4189 2870 4230 consensu
2895 4183 2950 4230 et
2970 4176 3295 4232 auctoritate
3315 4178 3682 4246 episcoporum.
3740 4199 3750 4218 ο
3792 4189 3793 4246 ξ

2127 4265 2356 4321 Exstant
2404 4266 2548 4320 enim
2589 4265 2784 4320 litterae
2826 4264 3169 4321 Rodhmundi
3212 4265 3688 4337 Augustodunensis

2126 4343 2384 4430 episcopi,
2417 4359 2558 4414 data:
2594 4360 2740 4414 circa
2781 4375 2981 4413 annum
3023 4360 3147 4425 9i0,
3195 4360 3398 4428 quibus
3450 4359 3684 4430 Capellam

2127 4451 2299 4506 sancti
2320 4449 2575 4506 Germani
2600 4451 2665 4504 de
2699 4448 2943 4503 Ccntissa
2967 4449 3256 4503 committit
3306 4450 3522 4504 duobus
3562 4445 3686 4503 cleri-

445 4537 580 4607 lcgis
623 4538 1120 4611 Longobardorum.
1154 4544 1476 4600 Rewadiant
1505 4545 1763 4613 bannum,
1795 4559 1854 4602 ut
1911 4548 2026 4604 Sir-
2055 4519 2104 4579 ί)
2129 4545 2229 4608 cis,
2285 4563 2303 4595 ι
2337 4552 2395 4598 ιιι
2437 4560 2556 4598 eam
2584 4543 2775 4598 diebus
2798 4543 2994 4612 quibus
3020 4543 3325 4597 advixerint
3351 4553 3598 4608 teneant,
3623 4555 3686 4594 re-

446 4628 675 4683 lllOlltlllS
703 4629 797 4694 ait,
828 4631 917 4699 qui
951 4633 1016 4685 ad
1046 4633 1207 4688 banni
1258 4633 1506 4690 mulctam
1532 4637 1736 4706 judicio
1761 4640 2020 4707 damnati,

444 4732 543 4788 pro
558 4735 620 4773 ea
638 4720 766 4774 dant
781 4720 941 4792 566
953 4723 1409 4780 wadium.Charta
1423 4725 1694 4784 Mathildis
1711 4732 1905 4800 reginae
1925 4747 2023 4801 pro

447 4812 777 4865 monasterio
802 4813 972 4867 sancti
1002 4813 1208 4869 Bertini
1235 4817 1288 4870 in
1319 4816 1494 4872 Sithiu
1521 4836 1534 4872 :
1581 4839 1598 4871 ε
1633 4818 2024 4880 Judicaverunt

445 4900 607 4953 etiam
633 4902 868 4969 praedicti
897 4904 1087 4959 arbitri
1117 4906 1258 4976 quod
1285 4909 1327 4962 si
1360 4911 1593 4966 rusticus
1633 4913 1828 4966 ostium
1864 4931 2017 4969 suum

447 4998 633 5044 contra
660 4991 1066 5048 ministerialem
1095 5005 1149 5050 et
1179 4998 1428 5054 scabinos
1467 5002 1680 5055 abbatis
1714 5003 2018 5070 clausisset,

446 5082 641 5162 liceret.
677 5084 912 5140 seabinis
959 5095 1013 5141 et
1071 5088 1411 5144 ministeriali
1456 5093 1653 5147 ostium
1701 5073 2028 5163 impellendo‘

447 5175 674 5242 aperire,
717 5183 770 5230 et
797 5174 1033 5241 vadinm,
1081 5180 1244 5232 etiam
1291 5180 1505 5235 scriniis
1541 5181 1747 5246 fractis,
1791 5184 1835 5236 si
1866 5193 2020 5236 extra

447 5281 621 5319 serant
651 5283 755 5322 non
783 5269 1131 5320 invenisan
1185 5282 1480 5324 asportare.
1521 5293 1538 5316 ι
1594 5272 2021 5326 Lindenbrnging

2129 4644 2277 4708 gant,
2309 4635 2634 4706 possideant.
2671 4653 2688 4687 ι
2715 4633 2983 4704 [ntegrum
3013 4633 3246 4704 diploma
3271 4634 3471 4689 edetur
3496 4633 3622 4688 inira
3646 4630 3683 4682 in

2126 4725 2436 4795 Appendice
2457 4734 2696 4781 actorum
2721 4734 2986 4779 veterum.

2197 4818 2325 4873 Car.
2355 4817 2480 4873 216.
2510 4849 2581 4859 -
2623 4817 2679 4871 Si
2719 4828 2912 4871 autent.
2963 4817 3305 4872 Burchardus
3336 4816 3433 4871 lib.
3479 4833 3560 4878 Ill,
3591 4827 3683 4879 cap.

2124 4907 2250 4972 259,
2280 4907 2445 4962 refert
2485 4908 2628 4962 hunc
2661 4922 2922 4963 canonum
2971 4925 2988 4956 ‹
3040 4922 3104 4960 cx
3135 4906 3363 4960 concilio
3420 4898 3685 4958 Rhcnwnsi

2125 5009 2390 5067 prtcsentc
2429 4997 2698 5052 Ludovico
2738 4999 3059 5066 imperatore
3091 5038 3106 5061 ,
3157 5012 3273 5065 cap.
3323 4995 3378 5058 5,
3424 5017 3443 5047 ι
3493 5008 3606 5049 cum
3633 4991 3684 5042 sit

2127 5087 2338 5142 concilii
2380 5087 2684 5142 llicldensis.
2721 5089 2796 5140 Ita
2820 5087 2996 5140 visum
3033 5086 3342 5140 Burchardo
3380 5085 3569 5138 omnia
3591 5096 3685 5136 nmo

2127 5185 2261 5232 tare.

2199 5269 2366 5316 Canas
2401 5281 2488 5314 nul
2520 5269 2860 5316 Cariitinrins.
2890 5268 3027 5319 Puto
3055 5267 3145 5314 hic
3180 5279 3367 5320 νοερπι
3401 5263 3686 5319 nenitian'st
