3920 6430
105 421 224 481 433

1142 411 1354 478 NOTAE
1381 413 1474 474 AD
1509 411 1640 474 LIB.
1669 410 1691 469 l
1719 409 1811 469 DE
1844 411 2128 473 ECCLES.
2171 411 2455 476 DISCIPL;

3288 421 3396 478 454

107 538 387 593 Praeterea
414 532 558 594 inter
579 536 731 592 varia
753 535 934 608 capita
959 519 1061 592 'de‘
1079 535 1276 606 quibus
1305 534 1430 591 laici
1458 532 1587 590 olim
1617 531 1698 586 in-
1725 527 1782 590 Α
1819 551 1836 574 ο
1877 529 2060 603 569.
2113 535 2214 590 An.
2257 535 2388 591 CAP.
2433 536 2560 592 254.
2600 564 2670 578 -—
2710 536 2989 609 Presbyter
3031 553 3212 594 unam.
3269 538 3400 597 Vide

111 628 535 699 terrogabautur
579 629 648 684 ab
683 627 971 698 episcopo,
1019 626 1164 682 istud
1215 641 1431 698 quoque
1482 625 1701 696 ponitur

108 716 259 772 infra
287 733 406 789 cap.
449 718 557 774 '57:
611 737 630 770 ‹
669 717 727 772 Si
757 717 956 788 aliquis
1000 715 1053 771 in
1083 732 1179 772 sua
1223 717 1384 772 domo
1435 714 1706 771 consentit

107 822 242 862 cum
269 807 503 878 propriis
525 807 739 864 ancillis
767 807 852 862 vel
892 807 1214 878 geneciariis
1239 807 1353 862 suis
1381 804 1705 861 adulterium

107 909 457 973 perpetrare.
497 921 516 954 ι
559 900 802 972 Denique
833 910 1024 958 auctor
1053 901 1248 973 dialogi
1289 901 1356 956 de
1402 899 1556 956 Statu
1607 899 1711 954 Ec-

109 993 341 1061 clesiae,
390 994 483 1064 qui
529 1009 562 1049 a
611 993 874 1050 Cordesio
925 993 1106 1049 editus
1153 1003 1237 1049 est
1289 1008 1409 1048 cum
1467 990 1710 1062 epistolis

110 1086 423 1155 Hincmari,
439 1089 728 1146 szeculares
744 1089 992 1146 homines
1007 1091 1337 1163 redarguens
1357 1089 1448 1162 qui
1471 1090 1712 1145 redditus

109 1181 522 1238 ecclesiasticos
549 1180 921 1252 possidebant,
947 1182 1034 1238 his
1062 1181 1181 1238 illos
1217 1182 1400 1237 verbis
1441 1182 1710 1252 increpat:

116 1289 139 1324 ‹
181 1272 298 1328 Vos
315 1287 436 1327 cum
457 1273 717 1328 uxoribus
743 1281 800 1328 et
827 1272 1038 1329 ancillis
1062 1273 1279 1338 vestris,
1302 1284 1376 1335 et,
1394 1271 1537 1342 quod
1562 1269 1716 1341 pejus

111 1370 228 1429 est,
261 1362 501 1418 nonnulli
525 1377 651 1418 cum
677 1365 873 1418 scortis
902 1364 1138 1419 decimas
1167 1371 1221 1418 et
1260 1363 1560 1418 oblationes
1585 1360 1716 1417 lide-

113 1454 260 1510 lium
301 1455 718 1512 manducabitis.
768 1475 787 1506 »
840 1454 990 1510 Alias
1033 1456 1180 1510 enim
1217 1453 1516 1525 genitiarize
1553 1468 1714 1508 voca-

112 1546 315 1602 bulum
362 1548 643 1603 lionestum
685 1555 788 1612 est,
842 1547 985 1616 quod
1034 1546 1175 1602 idem
1222 1545 1366 1600 valet
1394 1559 1458 1599 ac
1498 1543 1713 1600 ancilla.

113 1637 272 1694 Infra
300 1639 393 1693 lib.
421 1654 482 1704 ιι,
507 1653 626 1708 cap.
661 1637 783 1700 176,
813 1651 880 1693 ex
905 1638 1134 1693 concilio
1163 1635 1492 1692 Nannctensi
1518 1653 1531 1689 :
1583 1636 1720 1689 inter

115 1731 434 1801 genitiarias
460 1746 584 1784 suas
615 1729 917 1783 residentes.
957 1727 1264 1784 Ludovicus
1306 1743 1403 1784 rex
1445 1726 1718 1796 Bajoario-

120 1837 251 1874 rem
277 1821 330 1874 in
358 1830 503 1876 tumo
524 1820 758 1874 secundo
782 1819 1092 1890 Metropolis
1113 1819 1565 1890 Salisburgensis,
1594 1833 1716 1888 pag.

1805 625 1972 681 Notas
1995 627 2061 680 ad
2091 627 2372 696 epistolam
2405 628 2476 683 29
2511 629 2643 700 Lupi
2673 630 3060 700 Fcrrariensis.

1877 716 1957 770 Au
1978 715 2107 772 Car.
2135 716 2263 772 259.
2285 748 2354 758 —-
2371 717 2713 774 Pwuiteutem
2741 723 2938 776 invitet.
2964 719 3100 776 Vide
3120 722 3399 779 homiliam

1806 809 2040 880 primam
2069 809 2312 877 Caesarii,
2335 811 2684 868 Arelatensis.

1879 902 1960 956 An
1990 901 2117 957 CAP.
2151 901 2278 958 285.
2300 934 2368 943 —
2389 902 2573 970 Qualis
2608 905 2900 961 tribulatio.
2932 904 3066 962 Cum
3093 906 3402 980 prodigium

1813 992 2086 1062 quoddam
2121 993 2428 1058 eveniebat,
2461 991 2681 1064 jejuniis
2712 993 2865 1061 illud,
2895 995 3150 1065 precibus
3181 1005 3237 1052 et
3273 997 3404 1051 mis-

1814 1098 1997 1139 sarum
2027 1084 2481 1142 celebrationibus
2505 1087 2818 1156 expiabant.
2851 1086 3163 1144 Bonifacius
3191 1099 3404 1160 martyr

1815 1175 1973 1245 epist.
2007 1175 2098 1242 72,
2128 1192 2248 1247 quae
2279 1186 2390 1233 tota
2415 1186 2500 1233 est
2526 1178 2590 1233 de
2621 1178 2724 1233 hac
2756 1178 2984 1235 materia
3023 1197 3036 1234 :
3070 1198 3086 1232 ι
3115 1179 3239 1236 lllas
3275 1181 3404 1235 mis-

1815 1283 1906 1324 sas
1946 1284 2065 1339 quae
2109 1284 2210 1340 pro
2255 1271 2667 1341 tempestatibus
2715 1269 2833 1325 ﬁeri
2875 1270 3086 1326 soleant
3131 1271 3408 1328 celebrare

1815 1375 1934 1426 vos,
1956 1361 2281 1433 presbyteri,
2311 1362 2694 1418 recordamini.
2721 1381 2739 1414 ι
2768 1361 2956 1420 Exstat
2982 1363 3035 1418 in
3054 1361 3192 1418 libro
3213 1362 3410 1418 Sacra-

1817 1461 2122 1506 mentorum
2151 1453 2316 1508 missa
2341 1467 2441 1522 pro
2471 1468 2794 1523 quacunque
2829 1452 3196 1510 tribulatione.
3226 1451 3414 1523 Nuper

1789 1605 1798 1610 ,η
1816 1558 1946 1599 vero
1975 1559 2076 1615 ego
2103 1543 2265 1598 aliam
2297 1544 2472 1614 reperi
2499 1546 2550 1598 in
2585 1545 2753 1600 veteri
2777 1545 2963 1600 codice
2989 1560 3117 1610 ms.,
3164 1559 3326 1616 quam
3356 1543 3413 1599 in

1794 1635 2134 1714 .Appendice
2161 1645 2406 1691 actorum
2442 1643 2687 1691 veterum
2715 1636 2877 1692 edere
2899 1636 3076 1690 visum
3105 1644 3212 1690 est.

1891 1729 2141 1784 Edictum
2168 1742 2424 1785 nostrum.
2463 1729 2602 1786 Ilinc
2627 1730 2806 1801 colligi
2844 1745 3003 1800 posse
3032 1730 3250 1786 videtur
3274 1729 3420 1805 jeju-

1821 1822 1910 1877 nia
1948 1831 2003 1877 et
2049 1823 2471 1892 supplicationes
2507 1837 2630 1894 quae
2677 1832 2833 1877 extra
2880 1822 3126 1878 ordinem
3173 1819 3422 1893 injuuge-

122 1912 220 1978 12,
264 1931 282 1963 ‹
320 1911 584 1982 Mancipia
613 1910 777 1982 568
817 1910 956 1966 infra
989 1921 1197 1966 curlem
1241 1910 1382 1965 inter
1429 1924 1625 1980 pueros
1668 1918 1725 1964 et
1749 1899 1797 1959 Β
1828 1915 2026 1971 bantur
2055 1955 2070 1983 ,
2101 1931 2208 1971 nou
2239 1917 2443 1986 absque
2481 1915 2810 1970 auctoritate
2850 1913 3112 1985 principis
3147 1913 3421 1968 interdum

122 2005 366 2061 feminas
408 2006 662 2077 genecias
703 2020 929 2062 numero
976 2005 1168 2077 viginti
1205 2005 1329 2060 duo.
1365 2015 1388 2059 ι’
1416 2003 1630 2060 Titulus
1657 2003 1728 2059 80

121 2097 270 2168 legis
298 2097 722 2152 Alamannorum
751 2115 764 2152 :
797 2096 874 2152 De
911 2114 970 2152 eo
994 2097 1226 2168 quicum
1264 2096 1459 2151 ancilla
1484 2095 1730 2151 vestiario

122 2201 174 2245 et
208 2190 514 2261 geneciaria
555 2189 911 2244 concubuerit.
957 2187 1070 2244 Lex
1099 2197 1279 2242 autem
1327 2187 1567 2258 explicat
1600 2185 1729 2256 quid

124 2283 199 2337 sit
228 2281 432 2336 ancilla
457 2281 763 2352 geneciaria
794 2299 806 2334 :
845 2299 864 2334 ι
901 2279 1036 2335 Etsi
1067 2295 1190 2334 cum
1217 2278 1390 2348 puella
1417 2279 1482 2333 de
1507 2277 1731 2349 genecio

125 2375 318 2444 priore
363 2374 716 2429 concubuerit
764 2372 960 2444 aliquis
1005 2380 1194 2428 contra
1227 2370 1560 2428 voluntatem
1592 2370 1729 2440 ejus,

125 2480 258 2520 cum
300 2479 357 2518 vr
395 2462 496 2518 sol.
529 2471 837 2534 componat.
872 2461 1082 2532 Siquis
1123 2477 1246 2516 cum
1292 2460 1474 2532 aliqua
1528 2461 1594 2514 de
1628 2459 1734 2514 alio

128 2556 364 2628 genecio
390 2563 578 2611 contra
597 2555 929 2609 voluntatem
960 2554 1080 2625 ejus
1108 2552 1486 2616 concubuerit,
1513 2567 1636 2608 cum
1673 2567 1734 2608 Ill

130 2647 600 2716 sol.couiponat.i
621 2645 932 2701 Genitiaria:
959 2659 1088 2716 ergo
1115 2644 1271 2698 diem:
1301 2641 1509 2697 ancillte
1535 2643 1658 2712 quia
1680 2643 1735 2698 in

132 2739 369 2812 genecio
401 2739 515 2794 sive
545 2752 799 2810 gynaeceo
823 2737 1011 2808 posita:
1035 2744 1214 2800 erant,
1242 2735 1294 2790 id
1317 2744 1402 2790 est
1423 2734 1475 2788 in
1496 2749 1559 2790 ea
1581 2744 1739 2806 parte

135 2832 343 2887 domus
382 2832 472 2887 ubi
513 2830 747 2894 feminm,
797 2839 858 2884 ut
908 2827 1268 2884 Nannetcnsis
1307 2825 1522 2882 concilii
1558 2827 1742 2884 verbis

136 2937 389 2992 utamur,
437 2927 504 2982 de
543 2925 794 2982 laniﬁciis
821 2925 934 2981 suis
980 2934 1037 2980 et
1074 2925 1330 2996 operibus
1358 2925 1636 2981 textilibus
1685 2932 1741 2980 et

139 3018 505 3074 muliebribus
537 3019 675 3074 inter
716 3033 774 3074 se
811 3018 1140 3088 tractabant.
1169 3017 1531 3074 Gcncciorum
1559 3025 1740 3072 autem

140 3112 253 3165 duo
284 3125 485 3182 genera
515 3110 677 3165 fuisse
705 3109 882 3182 colligi
926 3119 1104 3181 potest
1146 3128 1214 3166 ex
1243 3110 1362 3166 loco
1383 3111 1496 3182 jam
1525 3111 1742 3166 laudato

141 3202 284 3274 legis
304 3202 749 3268 Alamannorum,
779 3203 1027 3273 superius
1073 3211 1128 3257 et
1172 3199 1418 3268 inferius,
1457 3201 1508 3256 id
1549 3212 1653 3266 est,
1683 3209 1743 3256 ut

1828 2009 2179 2066 consuevisse
2208 2009 2450 2064 decenti.
2481 2007 2708 2063 Frustra
2737 2007 2882 2062 enim
2917 2007 3170 2078 princeps
3206 2005 3423 2061 tolleret

1830 2099 2212 2154 necessitatem
2240 2097 2593 2169 exspectandi
2639 2097 2801 2153 edicti
2837 2096 2882 2152 si
2919 2111 2981 2152 ea
3023 2095 3165 2150 nulla
3204 2094 3420 2151 fuisset.

1830 2190 2055 2247 Carolus
2098 2189 2325 2262 Magnus
2373 2191 2427 2246 in
2463 2190 2614 2246 brevi
2647 2189 3005 2262 capitulorum
3043 2188 3186 2258 quod
3224 2205 3256 2243 a
3306 2188 3424 2243 Sir-

1832 2283 2031 2338 mondo
2059 2282 2260 2338 editum
2287 2289 2372 2337 est
2401 2281 2456 2336 in
2485 2289 2630 2337 tomo
2657 2281 2895 2336 secundo
2917 2278 3276 2335 Conciliorum
3299 2277 3426 2332 Gal-

1801 2372 1940 2449 .lim,
1968 2389 2092 2445 pag.
2136 2372 2266 2429 262.
2300 2392 2318 2425 ι
2368 2371 2551 2428 Primo
2590 2370 3124 2428 commemorandum
3153 2376 3236 2424 est
3274 2369 3422 2438 quod

1835 2482 1980 2523 anno
2019 2467 2299 2539 praeterito
2323 2467 2428 2522 tria
2457 2465 2703 2522 triduana
2723 2463 2928 2536 jejunia
2973 2464 3218 2528 fecimus,
3248 2461 3424 2517 Deum

1838 2564 2046 2619 orando
2073 2572 2132 2617 ut
2161 2561 2251 2618 ille
2280 2562 2438 2618 nobis
2465 2562 2781 2632 dignaretur
2811 2560 3102 2616 Ostendere
3146 2561 3198 2614 in
3230 2557 3428 2628 quibus

1803 2705 1806 2708 .
1837 2655 2176 2712 conversatio
2206 2665 2394 2711 nostra
2427 2669 2614 2711 coram
2660 2653 2750 2710 illo
2787 2653 3065 2709 emendari
3109 2651 3427 2707 debuisset:

1837 2745 1981 2815 quod
2013 2761 2156 2800 nunc
2182 2745 2364 2801 facere
2395 2745 2788 2801 desideramus.
2820 2763 2838 2795 ι
2871 2742 3178 2799 Ludovicus
3205 2741 3337 2796 Pius
3365 2740 3421 2794 in

1841 2834 2002 2890 tertio
2028 2835 2316 2906 capitulari
2351 2834 2804 2906 Aquisgranensi,
2833 2848 2952 2906 cap.
2981 2834 3049 2890 ὃς
3081 2853 3098 2886 ι
3130 2831 3428 2888 Recordari

1842 2943 1940 2984 vos
1964 2928 2238 2984 credimus
2259 2928 2492 2998 qualiter
2521 2929 2625 2984 hoc
2650 2945 2792 2984 anno
2818 2927 3046 2984 consilio
3075 2925 3426 2983 sacerdotum

1844 3022 2146 3079 ctaliorum
2179 3023 2418 3079 ﬁdelium
2443 3032 2752 3079 nostrorum
2770 3021 3023 3093 generale
3040 3019 3304 3091 jejunium
3334 3035 3436 3090 per

1848 3123 2020 3170 totum
2070 3131 2296 3186 regnum
2330 3123 2640 3171 nostrorum
2683 3113 2961 3170 celebrare
2996 3111 3278 3182 jussimus.
3312 3131 3330 3165 ι
3366 3112 3436 3172 Et

1850 3205 1990 3261 infra
2027 3224 2039 3260 :
2077 3225 2095 3258 ι
2129 3204 2392 3262 Volumus
2425 3214 2485 3261 ut
2512 3205 2766 3278 generale
2815 3205 3124 3260 triduanum
3166 3203 3436 3274 jejunium

143 3298 547 3366 interpretatur
604 3297 962 3368 Spelmannus
984 3338 999 3362 ,
1052 3298 1334 3352 honestius
1374 3307 1430 3352 ct
1471 3298 1736 3352 servilius.
1769 3269 1818 3334 ο
1848 3298 2084 3353 secunda
2109 3297 2242 3354 feria
2275 3307 2397 3368 post
2417 3269 2639 3354 octavas
2667 3296 3017 3352 Pentecostes
3050 3269 3437 3351 celebrandum

145 3389 450 3444 Existimat
477 3389 622 3444 enim
651 3389 734 3442 vir
769 3387 1114 3443 doctissimus
1141 3388 1422 3460 genecium
1465 3385 1632 3443 fuisse
1667 3386 1750 3444 Io-

143 3497 279 3538 cum
301 3494 478 3550 ptume
504 3479 790 3534 mulierum
816 3479 1168 3545 destinatum,
1194 3478 1334 3534 sicut
1355 3477 1482 3534 olim
1515 3477 1569 3531 in
1594 3491 1745 3532 more

145 3573 258 3629 fuit
285 3571 434 3626 viros
460 3570 591 3626 dare
637 3571 690 3625 in
733 3569 1022 3640 pistrinum
1059 3584 1233 3640 paena
1275 3582 1464 3623 causa.
1509 3565 1651 3622 Sane
1691 3567 1746 3622 in

148 3663 297 3720 libro
337 3663 571 3718 secundo
613 3661 745 3734 legis
785 3661 1218 3733 Longobardor.,
1265 3660 1350 3715 tit.
1381 3659 1471 3724 57,
1525 3673 1645 3729 cap.
1691 3657 1746 3729 7,

148 3758 391 3830 legimus
404 3772 523 3812 eam
545 3757 841 3827 antiquitus
859 3771 1074 3823 pcenam
1100 3757 1600 3812 sanctimonialibus
1625 3770 1746 3812 cura

149 3851 336 3922 ruptis
364 3849 658 3920 irrogatam
685 3847 854 3904 fuisse
878 3857 935 3902 ut
954 3848 1180 3920 genecio
1206 3849 1566 3912 traderentur,
1594 3848 1752 3904 abro-

149 3949 451 4012 gatamque
484 3947 768 4011 propterea
805 3953 924 3994 eam
961 3939 1134 4010 legem
1168 3939 1237 3995 ab
1287 3939 1616 4011 imperatore
1649 3937 1753 3994 Lo-

155 4033 362 4098 tliario,
387 4049 454 4089 ne
473 4042 663 4103 postea
691 4033 866 4089 locum
893 4033 1204 4088 mcechandi
1235 4047 1357 4088 cum
1388 4033 1635 4103 pluribus
1657 4033 1754 4088 lia-

149 4125 375 4190 berent,
405 4125 451 4179 si
480 4124 531 4180 in
557 4125 781 4196 genecio
810 4125 1292 4180 constituerentur.
1317 4123 1408 4178 Eae
1441 4138 1587 4200 vero,
1623 4138 1754 4193 quo-

152 4216 309 4271 niam
340 4217 568 4270 stamina
597 4215 762 4271 etiam
785 4231 1083 4288 pensaque,
1113 4230 1234 4285 quae
1255 4214 1596 4271 muliebrium
1624 4229 1756 4286 ope.

153 4322 285 4363 rum
318 4306 581 4362 vocabulo
628 4306 999 4372 continentur,
1036 4306 1326 4371 ducebant,
1379 4304 1613 4376 pensiles
1659 4319 1754 4360 an.

156 4398 300 4456 cilia:
330 4407 592 4454 vocantur
626 4399 682 4453 in
726 4397 866 4454 libro
893 4397 1130 4454 secundo
1161 4393 1296 4468 legis
1322 4395 1752 4466 Longobardor.,

159 4493 248 4545 tit.
289 4489 347 4555 9,
391 4505 509 4560 cap.
541 4491 598 4557 2,
647 4491 736 4546 ubi
773 4490 1085 4562 praecipitur
1131 4489 1397 4544 ministris
1446 4485 1756 4558 reipublicae

157 4598 224 4638 ut
253 4583 535 4640 mulierem
574 4584 820 4650 liberam,
845 4598 965 4654 qua:
990 4597 1149 4639 servo
1178 4590 1370 4653 sponte
1401 4580 1667 4651 nupserit,
1697 4579 1751 4634 in

1848 3387 2118 3444 indicetur
2140 3397 2196 3444 et
2225 3388 2551 3461 generaliter
2577 3389 2646 3444 ab
2667 3388 2919 3443 omnibus
2938 3403 3064 3442 cum
3091 3402 3305 3442 summa
3333 3388 3432 3443 de-

1848 3479 2063 3536 v0tione
2089 3480 2431 3536 observetur.
2465 3498 2484 3531 ι
2518 3477 2652 3534 Vide
2680 3477 2966 3534 concilium
3011 3477 3319 3533 Parisieuse
3355 3494 3436 3544 vr,

1849 3578 1906 3633 in
1928 3573 2156 3645 epistola
2185 3574 2252 3628 ad
2279 3572 2612 3645 Ludovicum
2641 3580 2696 3627 et
2716 3571 3034 3627 Lotbarium
3056 3571 3440 3642 imperatores,

1847 3679 1905 3728 et
1931 3670 2024 3724 lib.
2055 3684 2110 3725 vr
2140 3667 2461 3738 Capitular.,
2492 3681 2611 3737 cap.
2642 3665 2766 3721 184.

1918 3761 2048 3818 Car.
2085 3760 2214 3816 286.
2243 3758 2579 3814 —Pra:stat.
2621 3756 2978 3819 Commodat.
3030 3765 3275 3814 mutuum
3322 3757 3437 3814 dat.

1851 3853 2074 3918 Gallice,
2089 3853 2178 3924 qui
2198 3851 2360 3922 préte.
2383 3849 2633 3905 Ruricius
2656 3849 3062 3906 Lemovicensis
3085 3849 3181 3905 lib.
3207 3865 3245 3913 ι,
3275 3849 3440 3920 epist.

1853 3947 1906 4013 7,
1939 3946 2007 4002 ad
2052 3944 2335 4001 Bassulum
2364 3942 2734 4000 Cadurcorum
2755 3983 2770 4010 ,
2795 3943 2872 3998 uti
2901 3958 3042 4009 reor,
3082 3943 3396 4014 episcopum
3423 3961 3441 3997 :

1859 4056 1877 4090 ι
1905 4036 2126 4092 Librum
2148 4051 2307 4107 quem
2328 4036 2702 4105 praestiteratis
2719 4051 2803 4090 me
2825 4035 3099 4090 remisisse
3119 4035 3386 4106 significo.
3417 4053 3439 4086 ι

1853 4127 1975 4183 Lib.
2017 4142 2058 4182 ιι
2109 4127 2243 4198 legis
2287 4125 2665 4198 Wisigothor.,
2710 4125 2793 4180 tit.
2822 4125 2881 4191 5,
2908 4141 3027 4196 cap.
3061 4127 3096 4179 2
3125 4144 3137 4180 :
3171 4145 3190 4176 ι
3219 4125 3275 4180 Si
3316 4125 3444 4195 quis

1855 4216 2015 4273 alicui
2041 4215 2345 4286 iumentum
2368 4223 2464 4270 aut
2486 4215 2754 4270 caballum
2779 4223 2874 4268 aut
2903 4215 3048 4270 aliud
3075 4214 3276 4269 animal
3305 4229 3445 4285 pm-

1855 4309 2076 4366 stiterit.
2115 4329 2135 4360 ι
2169 4307 2350 4364 Titulo
2376 4307 2447 4362 54
2481 4307 2616 4378 legis
2646 4307 2838 4362 Salica‘.
2863 4323 2878 4361 :
2909 4327 2927 4359 ι
2959 4304 3017 4361 Si
3046 4306 3168 4376 quis
3196 4306 3353 4362 alteri
3377 4307 3447 4362 de

1858 4403 2022 4461 rebus
2050 4403 2166 4459 suis
2190 4401 2394 4472 aliquid
2424 4401 2778 4473 praestiterit,
2813 4408 2870 4455 et
2897 4399 2947 4455 ei
2989 4399 3226 4476 reddere,
3259 4399 3446 4456 nolue-

1855 4495 1947 4551 rit.
1981 4514 2002 4549 ι

1929 4587 2093 4660 57o
2115 4585 2245 4644 Car.
2292 4585 2418 4643 289.
2451 4618 2520 4628 —
2551 4586 2824 4642 Absidam.
2851 4585 3030 4642 Editio
3069 4583 3448 4649 Ηιειιῐιιιξειειᾱ.⁸

156 4687 402 4742 curtem,
429 4677 482 4730 id
507 4685 591 4732 est
613 4675 871 4747 palatium
893 4675 1037 4746 regis
1060 4675 1261 4730 ducant
1287 4681 1342 4728 ct
1361 4673 1500 4727 inter
1519 4670 1752 4742 pensiles
1775 4645 1832 4708 Β
1859 4645 2116 4737 αυῆιῖειῖι,
2151 4679 2455 4751 Utrumque
2489 4680 2706 4744 dicitur,
2736 4679 2832 4735 sed
2859 4678 3050 4734 absida
3080 4676 3446 4748 frequentius.

160 4771 396 4826 ancillas
424 4771 772 4826 constituant.
798 4769 922 4825 Haec
946 4778 1063 4825 erat
1090 4769 1254 4840 igitur
1295 4781 1454 4838 paena
1485 4764 1604 4835 ejus
1637 4779 1758 4837 quae

160 4881 224 4919 se
264 4878 426 4918 servo
449 4862 823 4929 conjunxerat.
841 4859 1100 4932 Superest
1122 4867 1182 4913 ut
1202 4857 1588 4929 investigcmus
1613 4855 1758 4927 quod

162 4954 461 5009 discrimen
485 4962 626 5007 esset
658 4953 799 5006 inter
818 4949 924 5006 duo
950 4949 1192 5022 genecia.
1223 4946 1358 5002 Nam
1399 4946 1758 5016 Spelmannus

163 5047 310 5100 hanc
360 5052 569 5114 partem
611 5041 830 5112 reliquit
882 5042 1160 5096 intactam.
1188 5037 1246 5094 In
1284 5038 1562 5110 superiore
1596 5037 1761 5109 igitur

163 5136 315 5194 haud
341 5136 503 5191 dubie
549 5135 772 5206 genecio
801 5135 1109 5190 constituta:
1142 5140 1299 5186 erant
1343 5130 1551 5186 ancillae
1588 5130 1760 5201 origi-

164 5230 346 5295 nalcs,
390 5228 442 5283 id
491 5237 574 5283 est
618 5241 738 5298 qua:
772 5240 877 5281 non
912 5231 1290 5296 peccaverant,
1333 5221 1426 5276 sed
1473 5236 1542 5275 ex
1588 5223 1760 5275 servis

166 5331 316 5376 natae
355 5327 516 5375 crant
553 5318 606 5373 in
655 5317 904 5373 domibus
932 5315 1295 5370 dominarum.
1324 5311 1434 5366 llas
1461 5311 1642 5381 itaque
1666 5311 1761 5366 bo-

165 5413 381 5470 nestius
419 5411 745 5468 tractabant.
787 5407 917 5476 Quae
957 5423 1086 5464 vero
1130 5414 1506 5477 peccaverant,
1545 5418 1623 5459 ea:
1654 5403 1764 5458 for-

170 5507 334 5563 tassis
374 5507 427 5560 in
457 5503 746 5576 ergastulis
789 5500 1123 5565 constitutae,
1178 5512 1246 5552 ne
1301 5498 1356 5552 in
1409 5505 1762 5567 conspectum

168 5601 394 5672 quidem
453 5599 793 5654 dominarum
847 5593 1306 5657 admittebantur;
1360 5591 1454 5646 sed
1508 5591 1562 5644 id
1619 5588 1764 5660 quod

167 5697 336 5751 vilius
355 5702 474 5749 erat
501 5692 642 5748 intra
662 5692 880 5748 domum
907 5687 1192 5753 curabant,
1214 5685 1401 5740 felices
1420 5681 1563 5755 quod
1585 5683 1764 5738 adhuc

173 5797 270 5844 aut
297 5789 481 5843 vivere
528 5783 1007 5858 permittebantur,
1053 5787 1147 5835 aut
1190 5778 1441 5834 exsilium
1476 5791 1586 5832 non
1626 5775 1761 5831 tole-

172 5883 394 5938 rabant.

1047 5936 1136 5954 ιο*
1180 5941 1205 5953 su
1234 5939 1243 5950 ο
1290 5947 1319 5966 ,δ

1860 4773 2031 4845 Vulgo
2049 4781 2229 4828 autem
2247 4772 2486 4827 absidam
2513 4773 2939 4842 interpretantur
2959 4771 3142 4826 sedem
3170 4770 3282 4825 sive
3301 4770 3450 4822 thro-

1860 4881 1988 4920 num
2016 4863 2252 4934 episcopi
2299 4863 2354 4917 in
2380 4862 2632 4918 ecclesia.
2672 4861 2935 4933 Equidem
2963 4860 3248 4916 consentio
3297 4860 3450 4912 thro-

1862 4973 1992 5012 num
2023 4955 2210 5021 fuisse,
2238 4954 2315 5009 uti
2349 4969 2493 5008 nunc
2521 4967 2735 5024 quoque
2765 4961 2883 5019 est,
2918 4953 2970 5006 in
3001 4952 3210 5014 absida,
3241 4950 3293 5004 id
3322 4959 3406 5005 est
3431 4989 3448 5012 ,

1866 5047 2009 5103 intra
2047 5045 2278 5116 spatium
2303 5059 2410 5098 ara:
2435 5044 2624 5114 majori
2656 5043 3050 5114 propinquum,
3080 5041 3222 5110 quod
3249 5047 3305 5091 ut
3335 5039 3452 5108 plu-

1868 5142 2064 5195 rimum
2094 5136 2347 5194 cancellis
2376 5145 2663 5206 separatur
2691 5151 2722 5189 a
2752 5134 2956 5204 reliqua
2986 5141 3140 5203 parte
3177 5131 3446 5186 ecclesiae.

1869 5235 1978 5292 Sed
2008 5250 2129 5290 cum
2162 5233 2304 5304 apud
2346 5231 2692 5286 Anastasium
2717 5230 2771 5284 in
2804 5229 2924 5283 Vita
2949 5227 3144 5281 Leonis
3182 5223 3266 5288 lll,
3299 5239 3455 5294 repe-

1871 5327 2007 5383 riam
2038 5325 2186 5379 illum
2215 5323 2481 5378 fenestras
2511 5322 2578 5377 de
2609 5321 2799 5377 absida
2829 5335 2897 5376 ex
2924 5319 3067 5373 vitro
3095 5316 3325 5371 diversis
3355 5331 3451 5370 co-

1867 5418 2072 5474 loribus
2096 5415 2426 5472 conclusisse
2443 5421 2606 5484 atque
2627 5411 2990 5474 decoravisse.
3017 5423 3184 5479 cogor
3209 5405 3454 5462 absidem

1821 5563 1824 5566 .
1869 5511 2212 5584 interpretari
2239 5511 2304 5566 de
2333 5509 2508 5580 spatio
2535 5507 2625 5563 illo
2651 5505 2814 5570 quod,
2846 5513 2907 5560 ut
2927 5504 3060 5568 dixi,
3090 5502 3452 5574 propinquum

1825 5643 1828 5645 λ
1869 5615 1952 5662 est
1981 5621 2088 5661 ara:
2118 5601 2329 5672 majori,
2357 5611 2413 5658 et
2437 5599 2694 5656 cancellis
2735 5605 3046 5667 separatum
3073 5603 3159 5651 est
3183 5610 3214 5650 a
3245 5593 3455 5664 reliqua

1865 5699 2114 5755 ecclesia.
2149 5697 2283 5751 Vide
2311 5693 2646 5750 Glossarium
2688 5689 2968 5746 Francisci
3008 5688 3204 5745 Pitbtei
3226 5728 3240 5754 ,
3266 5694 3322 5743 et
3345 5686 3457 5743 Ro-

1867 5792 2071 5864 sweydi
2099 5789 2480 5848 Onomasticon
2517 5785 2584 5840 ad
2617 5784 2766 5842 Vitas
2795 5783 3038 5839 Patrum.

1939 5884 2069 5941 Car.
2100 5881 2227 5938 290.
2252 5909 2324 5922 —
2343 5876 2609 5934 Ciliciam.
2633 5874 2788 5944 Quod
2813 5872 3058 5932 ecclesia:
3075 5871 3458 5941 vestimentum
