3920 6422
478 430 481 433 ἱ
515 442 610 497 555

1855 432 2194 497 STEPHANI
2231 439 2316 495 BA
2326 437 2502 496 LUZII

3649 422 3745 479 456

515 560 663 607 vocat
694 551 943 607 Ruricius
967 551 1059 607 lib.
1089 568 1150 619 ιι,
1178 553 1336 623 epist.
1366 552 1457 608 20.
1487 551 1621 608 Vide
1666 563 1823 609 notas
1865 564 2079 613 nostras
2106 524 2159 613 Α
2182 550 2441 606 Bonifacii
2473 546 2573 616 IX,
2617 565 2646 604 a
2685 565 2770 605 me
2812 562 2983 619 nuper
3010 549 3254 603 inventas
3283 546 3337 601 in
3369 542 3538 600 veteri
3575 548 3747 598 codice

514 647 576 703 ad
603 644 851 701 homilias
877 645 1093 701 Caesarii
1121 645 1472 701 Arelatensis.

580 728 707 791 Car.
738 736 947 793 29L—
968 737 1269 809 Expellam.
1303 739 1380 794 Ex
1416 739 1584 794 veleri
1620 738 1874 795 Ecclesia:
1912 732 2082 821 more,

511 827 974 897 qmc’ptenitentes
1005 845 1035 883 a
1061 841 1325 888 conventu
1356 840 1410 886 et
1437 831 1813 886 communione
1843 814 2087 887 remove-

515 921 624 975 iiat.
654 919 881 991 Insignis
909 929 992 976 est
1015 922 1068 975 in
1098 936 1216 976 eam
1251 937 1365 976 rem
1398 912 1618 977 humilia
1650 922 1821 990 prima
1862 920 2084 976 Cmsarii

510 1004 862 1066 Arelatensis.
910 1009 1019 1067 Sed
1067 1011 1210 1067 hanc
1246 1012 1484 1083 regulam
1536 1020 1721 1082 postea
1769 1012 1822 1065 in
1856 1010 2087 1081 gratiam

510 1102 963 1157 monasteriorum
986 1102 1317 1173 infregerunt
1342 1100 1566 1157 Romani
1590 1099 1895 1172 pontifices.

586 1190 654 1245 Ut
690 1209 958 1261 peccemus
996 1193 1229 1266 instigat.
1274 1194 1424 1249 Hanc
1473 1193 1757 1249 formulam
1784 1208 1903 1248 esse
1935 1199 2089 1251 vetu-

514 1292 653 1336 stam
685 1282 842 1338 facile
873 1284 1143 1357 colligitur
1172 1302 1235 1341 ex
1272 1285 1492 1342 Ruricio
1518 1285 1910 1353 Lemoviccnsi,
1945 1286 2087 1356 apud

510 1386 671 1440 quem
701 1373 802 1428 ista
830 1375 1081 1446 leguntur
1111 1376 1203 1431 lib.
1234 1393 1296 1442 tt,
1328 1377 1485 1447 epist.
1516 1377 1583 1433 12
1608 1392 1622 1430 :
1654 1396 1671 1427 ι
1697 1377 1765 1431 At
1795 1392 1900 1446 quo
1935 1377 2085 1447 prio-

516 1476 602 1517 res
641 1462 833 1517 dicturi
858 1478 1045 1521 sumus
1065 1466 1379 1536 iniquitates
1400 1478 1611 1522 nostras
1636 1483 1815 1522 coram
1859 1466 2088 1523 Domino

514 1550 597 1605 vel
614 1552 875 1621 prolaturi
897 1554 998 1608 nisi
1017 1555 1230 1612 diabolo
1256 1557 1458 1628 utique,
1476 1556 1567 1627 qui
1589 1556 1903 1613 delictorum
1928 1565 1984 1613 et
2007 1554 2090 1612 in-

512 1653 702 1699 centor
721 1653 805 1700 est
825 1653 879 1700 et
899 1646 1138 1702 delator?
1160 1648 1276 1718 Ipse
1296 1649 1439 1703 enim
1462 1658 1520 1703 ut
1540 1663 1821 1720 peccemus
1847 1648 2086 1719 instigat.

512 1734 649 1806 Ipse,
681 1752 803 1793 cum
830 1741 1259 1808 peccaverimus,
1286 1749 1522 1797 accusat.
1558 1740 1626 1796 Et
1652 1742 1772 1797 ideo
1797 1741 1851 1796 in
1878 1740 2089 1797 confes-

511 1830 663 1886 sione
685 1831 974 1887 criminum
1003 1847 1034 1886 a
1077 1833 1232 1888 nobis
1269 1833 1631 1903 praeveniatur
1659 1833 1711 1888 in
1755 1833 1951 1890 saeculo
1973 1875 1989 1901 ,
2026 1843 2087 1889 ut

513 1931 699 1999 contra
730 1938 831 1980 nos
865 1938 973 1979 non
998 1924 1202 1980 haheat
1231 1926 1375 1995 quod
1398 1925 1637 1996 proferat
1667 1926 1720 1981 in
1754 1924 1957 1981 futuro.
1990 1945 2009 1978 ι

537 2014 566 2055 ⁸
584 2013 800 2071 Necain
822 2026 1024 2088 partus.
1045 2047 1120 2059 —
1140 2018 1417 2074 Obscurus
1439 2027 1521 2075 est
1542 2019 1632 2074 hic
1653 2018 1822 2074 locus.
1845 2017 2089 2074 Parenti-

511 2103 612 2160 bus
634 2102 780 2161 enilit
806 2105 1037 2178 imponit
1060 2108 1244 2163 decem
1280 2122 1541 2163 annorum
1583 2107 1954 2178 paenitentiam
1995 2107 2088 2178 qui

513 2194 712 2251 liberos
753 2211 880 2253 suos
919 2198 1222 2253 voluntarie
1248 2199 1565 2263 occiderint,
1616 2199 1798 2254 statim
1841 2213 1973 2253 vero
1996 2211 2090 2253 eos

513 2287 791 2345 duodecim
822 2305 994 2346 annos
1021 2292 1290 2362 poenitere
1328 2291 1481 2361 jubet
1505 2292 1594 2361 qui
1629 2290 1797 2345 illium
1819 2288 1901 2346 vel
1927 2289 2088 2344 tiliam

513 2379 827 2436 occiderint.
861 2371 954 2437 ’Ne
1008 2382 1129 2452 quis
1168 2397 1296 2437 vero
1330 2391 1479 2454 putet
1517 2382 1765 2438 mendum
1814 2382 1904 2439 hic
1931 2397 2049 2438 esse
2071 2422 2088 2449 ,

513 2482 771 2530 constans
810 2483 891 2531 est
933 2476 1051 2532 haec
1078 2476 1241 2532 lectio
1269 2478 1322 2531 in
1351 2477 1586 2532 editione
1630 2476 2088 2533 Helmacstadiensi

510 2570 569 2617 et
594 2563 648 2618 in
672 2563 860 2621 codice
878 2563 1192 2631 Parisiensi,
1219 2576 1329 2620 tum
1355 2567 1517 2621 etiam
1543 2568 1595 2621 in
1622 2567 1791 2621 veteri
1820 2566 1956 2621 libro
1977 2580 2093 2636 ρω-
2128 2626 2136 2645 ἢ

517 2651 789 2708 nitentiali
826 2668 990 2724 quem
1030 2654 1270 2710 Morinus
1293 2655 1459 2710 edidit
1488 2669 1554 2709 ex
1593 2656 1975 2725 antiquissimo
2000 2666 2090 2711 co-

517 2742 635 2799 dice
666 2742 869 2800 Siculo.
917 2744 1034 2801 Lux
1066 2756 1242 2802 autem
1274 2747 1401 2801 huic
1434 2745 1731 2802 difﬁcultati
1783 2747 1963 2803 aﬂerri
1999 2760 2093 2819 po-

519 2845 626 2891 test
645 2852 711 2893 ex
739 2835 1077 2905 Burchardo,
1109 2840 1247 2911 apud
1272 2854 1432 2910 quem
1465 2842 1565 2895 ista
1596 2841 1848 2912 leguntur
1876 2844 1927 2898 in
1954 2843 2093 2900 libro

519 2944 651 2983 six:
681 2947 702 2982 ι
730 2929 930 2985 Fecisti
960 2933 1104 3001 quod
1129 2933 1372 3001 quadam
1402 2933 1655 2989 mulieres
1688 2934 1865 2990 facere
1895 2934 2091 3003 solent,

522 3036 642 3091 qua:
665 3020 792 3076 dum
822 3020 1177 3091 fornicamur,
1195 3024 1351 3097 5'71
1366 3035 1420 3080 et
1433 3035 1619 3096 partus
1645 3042 1769 3083 suos
1787 3044 1980 3084 necare
1996 3044 2062 3083 vo
2078 3059 2092 3071 -

520 3108 658 3175 lunt,
681 3120 847 3182 agunt
872 3122 932 3170 ut
954 3122 1112 3169 utero
1149 3123 1439 3184 conceptos
1472 3118 1748 3171 excutiant
1789 3119 1901 3172 suis
1929 3118 2095 3174 malo-

524 3201 665 3256 iiciis
688 3212 742 3257 et
764 3203 877 3259 suis
904 3204 1108 3270 herbis,
1149 3204 1335 3261 decem
1376 3221 1548 3262 anuos
1586 3223 1683 3278 per
1719 3209 1986 3279 legitimas
2016 3209 2094 3265 fe-

2184 661 2285 700 ms.
2312 643 2648 700 bibliotheca
2671 643 2869 715 Regina.

2256 730 2384 790 Car.
2415 734 2537 791 516.
2560 767 2631 776 -
2657 734 2981 806 Quicunque.
3014 731 3071 789 Id
3099 742 3216 797 est,
3245 732 3556 803 quicunque
3585 743 3649 781 ex
3674 726 3749 781 bis

2185 829 2275 903 qui
2306 829 2673 901 paenitentiam
2708 835 3052 901 acceperunt,
3082 842 3145 881 ac
3174 832 3354 879 vestes
3382 821 3749 893 paenitendum

2187 930 2613 992 assumpserunt.
2656 919 2865 991 Alioqui
2901 919 3044 975 enim
3081 916 3305 973 ridicula
3335 924 3481 971 esset
3512 912 3599 966 illa
3629 926 3750 967 con-

2186 1012 2413 1066 stitulio.

2256 1101 2383 1158 CAP.
2413 1102 2632 1158 2527.—
2658 1099 2991 1173 Spectacula.
3038 1099 3301 1155 Larvatos
3343 1094 3625 1159 homines,
3673 1091 3754 1145 des

2187 1189 2542 1243 mascarades.
2598 1186 2721 1243 Haec
2759 1186 2903 1242 enim
2943 1192 3069 1241 sunt
3107 1179 3417 1254 spectacula
3453 1178 3754 1234 ultimorum

2191 1284 2510 1349 temporum.
2564 1277 2698 1334 Vide
2744 1290 2907 1348 supra
2953 1272 3047 1331 ubi
3094 1270 3161 1330 de
3210 1268 3524 1329 talamascis
3565 1268 3755 1323 dictum

2186 1374 2386 1514 08;".
2418 1457 2543 1515 328.
2566 1487 2642 1500 —
2670 1454 2916 1529 Synodus
2949 1454 3218 1512 Helibern.
3268 1452 3326 1509 In
3365 1450 3577 1507 duobus
3610 1456 3760 1502 vetu-

2166 1550 2442 1606 stissimis
2485 1546 2761 1607 codicibus
2807 1546 3231 1619 manuscriptis,
3287 1560 3395 1600 uno
3460 1540 3629 1611 Regio
3654 1581 3670 1606 ,
3714 1547 3766 1593 et

2188 1641 2358 1698 altero
2390 1651 2595 1702 nostro,
2627 1626 2877 1712 legitur:
2918 1637 3161 1711 Synodus
3199 1636 3520 1690 Ebernensia
3558 1632 3765 1685 dicitur.

2189 1730 2257 1787 In
2279 1730 2444 1786 tribus
2466 1729 2898 1800 quadragesimis,
2919 1737 3025 1784 etc.
3049 1725 3216 1783 Vetus
3237 1725 3483 1781 collectio
3505 1735 3767 1777 canonum

2187 1821 2635 1885 Hibernicorum,
2684 1818 2844 1890 572
2871 1819 3016 1874 edita
3070 1817 3126 1872 in
3182 1827 3326 1871 tumo
3370 1814 3445 1870 IX
3494 1809 3771 1884 Spicilcgii

2114 1910 2163 1971 B
2189 1911 2511 1970 Dacheriani
2559 1926 2623 1965 ex
2675 1910 3045 1966 vetustissimo
3088 1911 3274 1965 codice
3316 1924 3420 1963 ms.
3453 1904 3770 1962 monasterii

2191 2004 2554 2069 Corbeiensis,
2594 2003 2687 2058 lib.
2714 2019 2858 2068 thv,
2889 2002 3119 2074 synodus
3154 2000 3513 2055 Hibernensis.
3569 1997 3640 2051 In
3679 1997 3773 2048 tri-

2191 2097 2304 2162 bus,
2322 2106 2425 2152 etc.
2462 2098 2683 2152 Viderat
2705 2107 2885 2151 autem
2912 2095 3311 2151 illustrissimus
3334 2079 3775 2161 archiepiscopus

2190 2187 2511 2243 Parisiensis
2540 2185 2733 2243 Petrus
2762 2189 2826 2244 de
2857 2188 3036 2244 Marca
3068 2196 3338 2243 vetustum
3370 2186 3618 2241 codicem
3652 2198 3773 2242 ms.,

2192 2279 2245 2333 in
2286 2295 2393 2349 quo
2434 2287 2594 2349 caput
2639 2279 2782 2333 istud
2834 2279 3165 2350 descriptum
3214 2292 3333 2333 esse
3378 2275 3675 2330 dicebatur
3722 2289 3778 2325 ex

2191 2373 2409 2428 concilio
2434 2373 2736 2428 Hibernico.
2772 2372 2968 2427 Errant
2997 2373 3179 2441 itaque
3207 2369 3297 2441 qui
3326 2368 3778 2424 constitutionem

2192 2466 2336 2521 illam
2372 2466 2610 2520 tribuunt
2640 2465 2872 2522 concilio
2901 2464 3255 2519 Eliberitano.
3305 2460 3437 2515 Illud
3476 2456 3781 2512 admonen-

2194 2558 2342 2624 dum,
2372 2558 2581 2629 aliquos
2618 2566 2877 2627 praeterea
2908 2571 3142 2612 canones
3170 2553 3501 2619 Eliberitano
3546 2547 3781 2604 conciiio

2194 2649 2425 2703 tributos
2456 2665 2483 2702 a
2514 2648 2826 2704 Burchardo
2876 2656 2931 2703 et
2976 2645 3174 2712 Ivone,
3227 2641 3454 2715 reperiri
3510 2640 3562 2694 in
3623 2638 3785 2693 colle-

2194 2741 2376 2795 ctione
2424 2739 2736 2794 monasterii
2781 2737 3146 2794 Corbeieusis.
3201 2735 3355 2792 Unde
3406 2732 3551 2787 trahi
3604 2740 3786 2801 potest

2196 2846 2571 2909 argumentum
2602 2838 2779 2908 quoad
2815 2837 2949 2891 alios
2981 2835 3073 2906 qui
3112 2848 3217 2889 non
3256 2831 3616 2887 inveniuntur
3650 2829 3787 2882 inter

2197 2944 2434 2984 canones
2483 2929 2728 3010 vulgatos
2774 2927 2963 3011 synodi
3010 2922 3375 2980 Eliberitanse.
3424 2920 3571 2975 Fuse
3626 2932 3789 2991 porro

2197 3022 2320 3077 alibi
2350 3023 2742 3092 disputabimus
2771 3023 2837 3077 de
2866 3031 2978 3077 toto
3009 3019 3100 3076 illo
3128 3018 3345 3091 negotio
3375 3017 3439 3072 de
3467 3029 3580 3084 quo
3609 3013 3789 3084 agitur

2196 3114 2251 3167 in
2283 3114 2386 3169 isto
2414 3115 2612 3185 capite.
3418 3144 3422 3150 ι

2266 3206 2394 3261 (In.
2422 3207 2631 3262 35‘1—
2659 3206 2930 3277 Eulogius.
2964 3204 3022 3259 Id
3053 3212 3154 3270 est,
3182 3216 3378 3274 panem
3406 3199 3790 3260 benedictum,

519 3295 630 3350 rias
669 3297 933 3365 paenitere
957 3268 1141 3354 debes.
1174 3316 1195 3352 ι
1223 3298 1292 3354 Et
1317 3299 1452 3354 infra
1478 3319 1492 3355 :
1524 3319 1544 3354 ι
1578 3268 1895 3358 Interfecisti
1926 3302 2091 3358 filium
2118 3268 2165 3329 Ο
2196 3310 2256 3354 ιιι
2286 3300 2443 3356 hodie
2474 3299 2766 3370 loquimur.

519 3385 603 3440 vel
626 3386 788 3442 ﬁliam
822 3377 1119 3446 voluntarie
1144 3400 1265 3462 post
1289 3394 1540 3461 partum?
1572 3392 1631 3449 Si
1661 3393 1857 3461 fecisti,
1891 3395 2092 3453 duode-

519 3479 628 3534 cim
657 3495 829 3535 annos
855 3497 954 3552 per
981 3482 1248 3554 legitimas
1272 3484 1435 3541 ferias
1459 3485 1724 3557 pmnitere
1751 3487 1931 3543 debes.
1963 3507 1982 3542 ι

589 3570 724 3626 Ante
751 3583 1071 3645 conceptum.
1114 3574 1167 3631 Id
1192 3585 1299 3642 est,
1323 3578 1629 3647 petionihus
1662 3587 1714 3634 et
1738 3578 1922 3635 herbis
1951 3594 2095 3635 mor-

522 3658 699 3721 tiferis
716 3664 941 3723 effecisti
963 3684 1031 3724 ne
1051 3669 1380 3739 conciperes,
1398 3686 1596 3726 annum
1620 3688 1782 3726 unum
1803 3673 2088 3742 poenitcas.

516 3756 590 3812 At
628 3757 674 3811 si
722 3769 1072 3828 posteaquam
1115 3762 1439 3830 concepisti,
1465 3778 1586 3818 cum
1614 3763 1831 3831 gravida
1860 3778 1940 3829 es,
1962 3751 2091 3819 utc-

525 3861 644 3900 rum
690 3854 841 3902 tuum
888 3850 1176 3913 excussisti
1203 3888 1219 3912 ,
1261 3858 1373 3906 tum
1435 3860 1544 3909 tres
1605 3869 1775 3909 annos
1831 3856 2094 3924 paenitere

522 3936 706 3993 debes.
749 3938 1124 3995 Pmnitentiale
1143 3943 1531 4014 Andegavense
1557 3945 1756 4001 editum
1787 3961 1817 4000 a
1848 3946 2088 4002 Morino:

528 4046 545 4079 ι
578 4027 765 4085 Mulier
790 4038 1002 4101 partum
1030 4047 1183 4088 suum
1225 4046 1350 4088 ante
1379 4035 1495 4090 dies
1527 4037 1879 4109 quadraginta
1906 4042 2103 4108 sponte

520 4118 794 4188 perdens,
862 4136 1061 4177 annum
1116 4137 1279 4178 unum
1334 4126 1611 4195 paeniteat.
1657 4113 1739 4184 'Si
1793 4143 1921 4184 vero
1973 4138 2095 4198 post

521 4212 877 4284 quadraginta
920 4215 1070 4280 dies,
1118 4224 1459 4273 trcs'annos.
1531 4219 1588 4275 Si
1633 4235 1763 4276 vero
1807 4231 2093 4293 postquam

523 4302 796 4359 animatus
818 4303 995 4372 luerit,
1020 4307 1172 4377 quasi
1201 4307 1484 4365 homicida.
1520 4328 1538 4362 ι
1568 4310 1701 4368 Vide
1719 4310 2092 4369 Burchardum

522 4392 616 4449 lib.
644 4409 757 4450 xu.

609 4483 824 4558 Vegula.
866 4486 996 4544 Vide
1026 4490 1300 4562 llugonem
1329 4493 1639 4551 Menardum
1670 4497 1723 4551 in
1755 4496 1907 4552 Notis
1934 4496 2000 4552 ad
2031 4497 2096 4553 li-

527 4576 682 4631 brum
713 4576 1215 4641 Sacrameutorum.
1244 4598 1366 4654 pag.
1393 4584 1519 4639 9.52.
1576 4628 1579 4631 .

595 4666 894 4725 Clementia:
923 4682 971 4726 et
998 4672 1222 4728 miseric.
1260 4674 1338 4729 Ita
1368 4677 1588 4731 omnino
1616 4679 1783 4735 codex
1815 4695 1915 4735 ms.
1945 4681 2096 4735 Pari«

524 4758 722 4815 sieusis
765 4769 820 4817 et
861 4760 1203 4820 Burchardus
1242 4766 1336 4820 lib.
1371 4783 1490 4833 xu,
1535 4784 1653 4839 cap.
1686 4770 1737 4835 7,
1780 4779 1891 4826 tum
1929 4774 2094 4828 etiam

525 4848 851 4924 Halitgarius
894 4855 947 4909 in
992 4854 1132 4912 libro
1176 4866 1348 4912 sexto.
1402 4858 1535 4915 Nam
1574 4860 1739 4918 editio
1779 4861 2094 4919 Helnnesta-

524 4945 727 5000 diensis
756 4944 831 5001 ita
857 4947 1039 5013 habet,
1070 4947 1394 5005 clementiam
1423 4961 1471 5005 et
1500 4952 1912 5008 misericordiam
1948 4964 2094 5009 tuam

523 5047 581 5091 ut
611 5036 830 5106 famulo,
864 5047 971 5096 etc.
1006 5039 1248 5097 Marinus
1275 5051 1473 5107 autem,
1506 5044 1831 5100 clementiam
1860 5056 2005 5100 tuum
2044 5055 2092 5100 et

523 5133 936 5188 miscricordiam
966 5144 1112 5190 tuam
1150 5146 1198 5190 et
1235 5144 1559 5206 maiestatem
1588 5149 1732 5194 tuam
1774 5153 1830 5194 ut
1872 5142 2094 5212 famulo.

526 5224 849 5305 Lectionem‘
865 5243 1026 5297 porro
1051 5229 1254 5284 codicis
1278 5228 1599 5287 Parisieusis
1624 5235 1908 5288 continuat
1934 5236 2097 5290 etiam

527 5317 685 5372 Liber
725 5317 1117 5374 Puenitentialis
1163 5320 1378 5390 Egberti
1427 5322 1783 5379 Eboracensis
1829 5326 2098 5394 arcniepi—

524 5409 695 5477 sc0pi,
718 5410 858 5479 apud
882 5409 1149 5465 Morinum
1170 5412 1225 5465 in
1244 5410 1569 5481 Appendiee,
1592 5426 1715 5483 pag.
1735 5413 1822 5477 19,
1849 5423 1901 5469 et
1928 5414 2098 5469 codex

526 5497 883 5568 Dionysiauus
907 5500 1101 5556 ibidem
1130 5501 1309 5558 editus
1331 5517 1454 5574 pag.
1480 5502 1567 5557 70.
1606 5501 1781 5559 Fuere
1805 5504 2101 5575 antiquitus

526 5589 675 5644 varia
696 5591 1092 5649 absolutionum
1120 5610 1335 5665 genera,
1361 5597 1426 5652 de
1448 5596 1644 5666 quibus
1672 5596 1789 5653 fuse
1815 5606 1870 5653 et
1894 5597 2101 5654 erudite

528 5692 727 5739 tractat
758 5685 901 5741 idem
940 5686 1201 5745 Marinus.
1255 5690 1407 5746 Nunc
1430 5706 1564 5745 vero
1597 5692 1683 5747 hic
1713 5692 1764 5747 in
1791 5694 2100 5764 Appendice

523 5786 767 5832 actorum
796 5788 1037 5835 veterum
1072 5781 1234 5837 edere
1268 5784 1442 5838 visum
1476 5794 1561 5840 est
1597 5794 1806 5841 veteres
1842 5786 2102 5844 formulas

525 5868 880 5944 absolutionis
920 5887 1039 5944 qua:
1079 5875 1130 5928 in
1166 5890 1266 5933 usu
1302 5885 1459 5931 erant
1495 5886 1608 5932 aevo
1646 5877 1893 5949 Gregorii
1937 5878 2003 5934 XI
2049 5888 2104 5936 ct

2266 3395 2393 3451 Car.
2435 3394 2664 3452 533..-——
2699 3394 2888 3448 Exstat
2934 3390 3075 3462 apud
3118 3384 3498 3445 Burchardum
3544 3384 3659 3441 lib.
3702 3398 3793 3448 η,

2195 3502 2314 3558 cap.
2347 3487 2435 3541 5'5.

2265 3577 2393 3633 Car.
2427 3576 2550 3633 535.
2585 3608 2653 3617 —
2686 3575 2910 3631 Cottam.
2948 3574 3124 3630 Editio
3154 3571 3526 3635 Helmzestad.,
3562 3569 3793 3625 εοιικα.

2196 3668 2299 3723 Sed
2327 3670 2496 3724 codex
2517 3668 2840 3723 Parisieusis
2865 3667 3065 3721 diserte
3095 3666 3350 3735 Scriptum
3375 3662 3538 3718 habet
3565 3672 3794 3716 cotton.

2193 3759 2538 3816 Burcbardus
2587 3756 2641 3815 et
2687 3756 2778 3813 lvo
2828 3767 2982 3830 parte
3024 3773 3099 3822 vr,
3152 3772 3271 3827 cap.
3311 3750 3439 3817 283,
3493 3761 3646 3807 cono
3698 3750 3797 3804 sine

2196 3871 2381 3926 cappa.
2411 3854 2712 3911 Concilium
2746 3852 3004 3917 Metensc,
3037 3851 3275 3907 habitum
3308 3864 3447 3904 anno
3472 3847 3615 3910 888,
3652 3863 3705 3902 c.
3731 3844 3796 3900 βξ

2200 3967 2218 4001 ι
2253 3947 2322 4004 Ut
2352 3964 2510 4003 nemo
2541 3946 2863 4003 clericorum
2898 3962 3047 4000 arma
3081 3952 3290 4015 portet,
3334 3941 3418 3995 vel
3465 3939 3796 3995 indumenta

2194 4038 2407 4095 laicalia
2432 4039 2637 4104 induat,
2662 4038 2714 4092 id
2738 4049 2840 4102 est,
2865 4048 3040 4094 cottos
3062 4035 3143 4092 vel
3168 4032 3448 4091 mantellos
3472 4032 3600 4087 sine
3626 4046 3796 4102 capp:

2197 4148 2303 4188 non
2332 4141 2537 4203 portet,
2571 4140 2626 4186 et
2651 4130 2772 4185 laici
2807 4145 3009 4201 cappas
3038 4142 3144 4183 non
3177 4132 3410 4197 portent.
3438 4143 3457 4175 ι
3491 4122 3797 4177 Cunradns

2197 4224 2482 4295 episcopus
2510 4224 2562 4278 in
2593 4220 2864 4278 Chronico
2895 4236 3076 4277 rerum
3109 4217 3612 4290 Maguntiacarum,
3659 4213 3797 4286 apud

2195 4311 2504 4369 Reuberum
2524 4356 2536 4377 ,
2568 4325 2691 4384 pag.
2723 4308 2827 4370 455
2856 4329 2867 4362 :
2905 4330 2922 4363 ι
2957 4309 3244 4365 Αιίιοιιιιιε·
3265 4320 3444 4363 autem
3478 4304 3797 4376 primordia

2198 4406 2280 4463 sui
2312 4421 2636 4462 consecrans
2677 4405 3018 4476 praesulatus,
3067 4419 3359 4475 purpuram
3405 4400 3696 4470 optimam
3741 4397 3799 4453 de

2197 4495 2421 4551 almarin
2445 4496 2654 4561 tollens,
2679 4495 2778 4550 sibi
2811 4494 2937 4550 fecit
2956 4504 3156 4558 vestes,
3180 4494 3434 4557 tunicam,
3458 4494 3798 4555 sorcotium,

2198 4595 2249 4641 et
2281 4585 2617 4650 mantellum,
2652 4596 2709 4640 ut
2742 4586 2793 4640 in
2823 4585 3164 4656 imperatoris
3192 4584 3338 4639 curia
3370 4580 3686 4654 gloriosior
3715 4596 3801 4652 ap-

2200 4688 2431 4749 pareret.
2461 4698 2478 4730 ι
2508 4676 2664 4733 Cotta
2693 4693 2821 4748 ergo
2848 4679 2961 4733 sive
2990 4686 3168 4732 cottus
3196 4684 3312 4730 erat
3336 4673 3499 4728 vestis
3523 4673 3796 4744 oblonga,

2200 4773 2293 4826 sed
2323 4787 2440 4841 qua:
2470 4771 2706 4841 caputio,
2748 4783 2806 4825 ut
2844 4768 3003 4825 hodie
3035 4767 3324 4838 loquimur,
3357 4766 3618 4821 carebat.
3678 4764 3799 4820 Περ

2199 4873 2316 4918 erat
2361 4863 2528 4919 vestis
2577 4862 2837 4918 laicorum
2867 4904 2882 4928 ,
2936 4878 3040 4933 qua
3088 4860 3404 4931 prohibetur
3449 4855 3692 4914 clericis
3738 4870 3799 4911 ne

2198 4963 2440 5009 utantur.
2481 4953 2840 5024 Spelmannus
2870 4962 3050 5008 tamen
3079 4960 3135 5006 et
3161 4951 3385 5006 Vossius
3408 4949 3612 5004 volunt
3642 4958 3798 5007 cett:

2198 5047 2458 5101 vocabulo
2488 5046 2781 5118 signiﬁcari
2818 5043 3100 5100 latibulum
3120 5084 3134 5109 ,
3154 5028 3485 5113 speluncam
3508 5080 3523 5103 ,
3582 5053 3794 5129 casam,

2202 5138 2509 5210 tugurium,
2548 5138 2916 5208 gurgustium,
2962 5138 3070 5191 imo
3105 5136 3268 5190 etiam
3304 5133 3466 5188 cellas
3492 5140 3552 5186 et
3586 5130 3795 5187 dormi-

2202 5229 2398 5284 torium
2435 5230 2843 5285 monachorum.
2887 5227 3113 5283 Frustra
3141 5240 3272 5282 sane
3297 5234 3381 5281 est
3404 5220 3675 5290 Vossius,
3710 5222 3795 5293 qui

2202 5331 2408 5380 cottum
2438 5323 2580 5393 apud
2607 5322 2825 5378 Petrum
2855 5321 3101 5376 Damiani
3141 5318 3235 5374 lib.
3269 5334 3329 5384 ιι,
3370 5317 3524 5386 epist.
3578 5318 3673 5380 15-,
3711 5316 3790 5368 in-

2203 5422 2533 5484 terpretatur
2554 5414 2620 5469 de
2641 5413 2734 5469 vili
2761 5412 2922 5470 cubili
2955 5421 3047 5467 aut
3074 5410 3293 5477 lectulo,
3317 5424 3437 5465 cum
3470 5408 3568 5463 hic
3600 5418 3793 5478 agatur

2203 5505 2271 5561 de
2298 5515 2448 5561 veste
2479 5504 2804 5570 monachali,
2834 5505 2936 5559 sub
2967 5520 3071 5575 qua
3101 5503 3400 5559 monachus
3426 5500 3513 5556 ille
3543 5498 3793 5571 quotitﬁc

2203 5602 2258 5656 in
2289 5600 2430 5656 lecto
2458 5598 2871 5669 complctorium
2899 5597 3292 5655 insusurrabat.
3330 5596 3465 5652 Nam
3500 5591 3793 5649 monachis

2204 5707 2401 5748 exuere
2430 5700 2636 5747 vestem
2667 5707 2772 5747 non
2806 5690 3004 5746 licebat
3031 5704 3153 5746 cum
3189 5689 3333 5743 irent
3362 5687 3631 5742 cubitum.
3690 5683 3790 5737 lie-

2205 5784 2325 5856 gula
2365 5783 2540 5841 sancti
2576 5782 2883 5849 Benedicti,
2926 5776 3044 5853 cap.
3072 5780 3183 5836 22:
3218 5798 3236 5832 ι
3271 5778 3463 5835 Vcstiti
3510 5775 3789 5831 dormiant

2205 5887 2261 5931 et
2306 5878 2468 5933 cincti
2515 5876 2742 5950 cingulis
2791 5885 2885 5933 aut
2929 5873 3166 5932 funibus.
3200 5894 3220 5928 ι
3283 5869 3490 5945 Regula
3539 5861 3787 5940 lagistri
