3848 5656
113 391 210 446 457

1064 395 1272 454 NOTAE
1315 399 1407 456 AD
1443 397 1573 457 LIB.
1611 401 1630 456 Ι
1667 401 1754 459 DE
1777 404 2060 463 ECCLES.
2099 405 2371 468 DlSCIPL.

3251 423 3356 480 458

112 499 266 571 573
293 514 412 571 cap.
441 501 500 557 li
531 521 543 557 :
577 521 596 556 ι
628 501 760 560 Cum
791 507 1088 575 dormiunt,
1117 511 1294 566 vestiti
1321 511 1590 568 dormiant
1621 522 1676 568 et
1701 533 1750 592 Α
1778 531 1890 570 rem
1925 521 1976 572 in
2008 523 2303 590 prmstitum
2331 527 2680 595 concedebat,
2703 539 2758 585 et
2782 529 2974 601 quibus
3004 529 3211 605 legibus
3234 552 3356 593 eam

112 593 290 647 cincti.
325 611 344 645 ι

91 714 93 716 -
176 680 305 736 Car.
333 681 457 761 556.
475 714 543 724 -
568 683 653 741 Ea:
675 687 894 750 concilio
917 689 1264 761 Adrisphach.
1288 692 1490 751 Locum
1517 695 1681 753 fuisse

107 773 156 828 in
188 760 433 842 Bajoaria
465 777 668 833 indicat
700 779 882 838 titulus
914 783 1310 858 istiuscapitis.
1362 787 1466 845 Sed
1496 790 1549 846 in
1575 805 1681 860 qua

106 874 255 935 parte
287 867 548 937 Bajoarim
586 871 722 926 situs
760 870 954 940 fuerit,
1001 886 1093 931 aut
1131 892 1237 947 quo
1269 887 1509 951 tempore
1541 881 1682 938 cele-

106 956 316 1010 bratum
358 958 428 1012 sit
468 957 596 1036 illud
635 963 954 1031 concilium,
988 982 1092 1022 non
1125 969 1377 1038 explicat.
1410 971 1678 1028 Forsitan

106 1047 328 1121 intelligi
363 1051 520 1106 debet
550 1051 615 1108 de
641 1057 868 1112 concilio
898 1060 1039 1129 quod
1063 1060 1216 1132 juxta
1247 1064 1418 1133 ripam
1451 1066 1678 1123 Danubii

104 1138 378 1196 celebrare
411 1156 472 1197 se
513 1141 647 1200 velle
689 1148 910 1220 scripsit
955 1151 1019 1206 ad
1059 1153 1375 1224 Gregorium
1413 1156 1478 1211 ιιι
1521 1158 1680 1214 Boni-

101 1229 272 1286 facius
320 1229 701 1304 Moguntinus,
755 1246 813 1292 ut
863 1240 1058 1312 legitur
1105 1245 1156 1299 in
1206 1247 1436 1316 epistola
1489 1252 1678 1320 quinta

99 1322 337 1392 ejusdem
369 1324 647 1400 Gregorii,
697 1345 815 1400 quae
847 1342 930 1387 est
963 1334 1064 1388 150
1108 1337 1248 1392 inter
1274 1337 1674 1398 Bonifaeianas.

97 1411 226 1467 Nam
277 1414 390 1469 illic
432 1417 611 1486 agitur
654 1409 720 1474 de
757 1431 920 1492 ‘gente
965 1423 1368 1496 Bajoariorum,
1422 1433 1562 1488 unde
1608 1435 1677 1490 ad

95 1501 413 1576 Gregorium
448 1509 740 1580 scripserat
775 1502 1104 1571 Bonifacius.
1159 1517 1462 1590 Bajoariam
1513 1539 1675 1594 porro

93 1596 368 1655 Bonifacio
393 1604 736 1659 commissam
765 1621 792 1660 a
816 1606 1077 1679 Gregorio
1107 1625 1247 1678 esse,
1276 1621 1329 1667 et
1355 1628 1384 1667 a
1411 1614 1673 1670 Zacharia

91 1689 501 1759 conﬁrmatam,
551 1693 705 1750 docet
747 1699 972 1768 epistola
1015 1699 1252 1769 ejusdem
1287 1705 1565 1761 Zacltarim
1604 1708 1670 1761 ad

92 1779 266 1848 ipsum
301 1783 448 1850 data,
473 1802 590 1855 qua:
618 1797 697 1843 est
729 1789 829 1843 145
859 1791 997 1846 inter
1023 1793 1424 1868 Bonifacianas,
1453 1809 1506 1854 et
1537 1799 1674 1855 scri-

1782 613 2100 668 conccderct
2137 617 2474 685 exponebat;
2513 623 2812 690 precariam
2841 625 3060 694 petitor,
3106 627 3197 698 qui
3242 643 3355 684 rem

1780 702 2026 770 precario
2053 704 2365 774 accipiebat,
2397 723 2499 778 qua
2529 725 2749 768 censum
2779 723 2833 770 et
2859 715 2991 771 alias
3021 719 3360 778 conditiones

1782 791 2058 863 impositas
2089 797 2425 866 expleturum
2475 815 2534 855 se
2579 803 2946 872 proﬁtebatur.
2983 827 3003 861 ι
3059 809 3258 865 Verum
3307 811 3358 866 id

1781 883 2016 952 quidem.
2075 884 2178 940 Sed
2213 896 2391 943 tamen
2429 905 2579 960 aeque
2610 902 2815 949 certum
2868 906 2952 952 est
2999 901 3257 968 precariae
3304 912 3362 956 et

1781 979 2074 1044 praestat-ite
2101 981 2358 1036 vocabula
2405 985 2656 1040 confundi
2702 989 2828 1044 olim
2861 991 3053 1058 solita,
3102 994 3224 1064 quia
3273 1011 3360 1051 res

1783 1082 1899 1136 qua:
1931 1072 2174 1139 precario
2205 1075 2506 1141 tenebatur,
2549 1088 2800 1147 praastata
2830 1082 2912 1136 vel
2943 1087 3178 1154 prtestita
3211 1088 3356 1142 dice-

1781 1157 1958 1226 batur,
2010 1162 2060 1215 id
2111 1173 2194 1217 est
2244 1164 2308 1218 ad
2359 1178 2566 1222 certum
2621 1180 2827 1242 tempus
2876 1177 3071 1230 tradita
3100 1219 3113 1241 ,
3167 1182 3356 1248 pretée.

1784 1250 1898 1307 Lib.
1955 1269 1970 1307 ι
2029 1253 2350 1325 Antiquitat.
2423 1259 2765 1317 Fuldcnsium
2830 1268 2968 1336 apud
3027 1266 3355 1337 Pistorium,

1780 1356 1902 1413 pag.
1937 1344 2062 1409 459,
2103 1345 2299 1402 lustrat
2324 1351 2542 1420 quidam
2576 1354 2678 1408 tria
2711 1357 2974 1427 mancipia
3009 1359 3214 1415 donans
3245 1378 3357 1417 mo-

1779 1438 2018 1491 nasterio
2045 1437 2317 1506 Fuldensi,
2347 1443 2525 1498 abbati
2556 1445 2812 1518 Ratgario
2833 1449 3100 1521 signiﬁcat
3124 1469 3181 1508 se
3209 1470 3358 1510 man-

1780 1531 1915 1600 cipia
1948 1530 2030 1584 illa
2060 1533 2260 1588 donare
2287 1551 2348 1590 ea
2377 1539 2681 1596 conditione
2710 1562 2728 1594 ‹
2755 1553 2813 1597 ut
2839 1551 2891 1598 et
2919 1560 3016 1615 ego
3041 1545 3165 1614 illis,
3189 1564 3358 1618 usque

1777 1621 1902 1675 dum
1934 1623 2093 1693 hujus
2123 1625 2243 1680 vita:
2272 1631 2538 1686 curricula
2569 1634 2764 1702 patior,
2815 1639 2880 1690 ad
2915 1639 3355 1695 sustentationem

1777 1728 1876 1783 per
1925 1725 2160 1771 vestram
2215 1723 2533 1790 precariam.
2593 1745 2610 1776 ι
2675 1727 2977 1783 lunumera‘
3015 1729 3181 1785 ferme
3235 1741 3358 1786 sunt

1782 1805 2080 1861 istiusmodi
2110 1811 2355 1880 exempla
2406 1814 2456 1866 iu
2500 1815 2581 1870 bis
2622 1815 2775 1873 libris
2805 1816 3198 1889 Autiquitatum
3228 1821 3356 1876 Ful-

90 1870 164 1922 bit
212 1873 382 1928 etiam
421 1874 741 1933 Wilibaldus
772 1880 824 1934 in
857 1885 1031 1952 capite
1079 1901 1222 1941 nono
1265 1889 1330 1942 de
1366 1888 1482 1964 Vita
1531 1890 1668 1958 ejus.
1702 1889 1748 1948 Β
1778 1895 2024 1951 densium
2060 1908 2114 1952 et
2145 1901 2290 1955 alibi.
2347 1903 2548 1959 Charta
2592 1905 2894 1965 Salomonis
2934 1911 3143 1966 abbatis
3183 1915 3352 1970 sancti

88 1961 127 2013 Α
156 1959 440 2019 Bonil'aeio
473 1965 636 2037 igitur
665 1969 875 2024 l’ortcau
908 1971 1234 2029 celebratum
1266 1987 1349 2032 est
1377 1959 1666 2034 concilium

89 2050 136 2104 iu
189 2054 308 2122 ripa
361 2053 590 2111 Danubii
640 2059 781 2128 apud
823 2060 1182 2133 Adrispbaclt.
1247 2067 1370 2123 llaec
1419 2079 1501 2124 est
1547 2087 1666 2125 mea

84 2145 435 2215 conjectura,
489 2165 607 2222 quae
657 2160 836 2207 tamen
890 2169 996 2208 non
1040 2167 1124 2210 est
1163 2159 1450 2214 admodum
1495 2172 1664 2216 certa.

81 2233 224 2290 Infra
257 2239 432 2308 capite
457 2240 560 2295 578
589 2240 752 2310 hujus
798 2242 924 2297 libri
973 2254 1151 2300 exstat
1197 2248 1340 2302 aliud
1386 2251 1667 2307 decretum

79 2331 327 2396 ejusdem
359 2336 573 2404 synodi.
630 2334 696 2389 Et
729 2336 978 2391 fortassis
1010 2338 1076 2391 ad
1106 2354 1225 2394 eam
1257 2356 1472 2413 quoque
1503 2345 1670 2414 pertri-

77 2428 211 2473 nent
242 2436 360 2492 cap.
384 2415 490 2477 580
511 2423 707 2490 et'58'2,
735 2424 934 2479 usitato
956 2425 1250 2498 Reginonis
1281 2447 1430 2488 more
1460 2444 1513 2487 ut
1543 2450 1667 2490 cum

75 2526 138 2565 ex
172 2515 459 2583 superiore
487 2517 716 2571 concilio
749 2517 1004 2572 nonnulla
1045 2536 1143 2590 per
1171 2523 1369 2578 saltum
1407 2527 1571 2596 petit,
1612 2528 1666 2582 in

94 2602 238 2657 itulo
266 2614 432 2674 ponat
459 2605 610 2662 Unde
636 2624 814 2680 supra.
853 2608 1004 2676 Quod
1035 2611 1303 2668 interdum
1328 2619 1543 2671 errandi
1575 2634 1668 2674 oc—

79 2696 238 2750 ...asio'
260 2696 572 2756 Burchat'do
606 2703 724 2758 fuit.
1383 2701 1388 2705 ’

140 2789 278 2846 CAP.
309 2792 434 2847 542.
460 2825 530 2836 --
573 2795 651 2850 De
678 2799 1000 2855 ministeriis.
1052 2799 1107 2856 ld
1141 2809 1222 2856 est
1251 2842 1266 2868 ,
1315 2801 1382 2858 de
1409 2802 1566 2858 bonis
1611 2813 1666 2860 et

101 2883 238 2937 ebus
263 2885 527 2954 ecclesias,
561 2898 618 2943 ut
647 2905 839 2948 sensus
866 2895 1102 2963 postulat
1132 2905 1187 2951 et
1215 2897 1372 2951 docet
1402 2906 1664 2966 praeterea

100 2973 267 3030 itulus
313 2979 527 3048 capitis.
582 2979 723 3037 Infra
757 3000 880 3055 cap.
909 2985 1054 3042 275:
1091 3007 1109 3040 ‹
1145 2987 1203 3044 Si
1236 2989 1432 3060 aliquis
1463 2989 1528 3045 de
1558 2990 1660 3044 mi-

97 3066 300 3123 tistcrio
325 3071 567 3128 ecclesiae
597 3075 835 3146 quolibet
866 3080 1023 3134 modo
1059 3080 1263 3151 aliquid
1301 3081 1517 3137 furatus
1549 3083 1663 3140 fue-

103 3158 161 3222 it,
189 3170 397 3229 septem
424 3178 592 3219 annos
613 3169 894 3236 pteniteat.
922 3190 939 3222 ι
976 3170 1067 3226 Sic
1098 3173 1149 3226 in
1174 3175 1338 3228 veteri
1369 3175 1660 3230 concordia

1773 1986 1932 2053 Galli,
1967 1990 2106 2058 apud
2137 1989 2450 2048 Goldastum
2487 1997 2538 2050 in
2574 2007 2716 2054 temo
2743 2002 2977 2056 secundo
3000 2002 3199 2059 Rerum
3224 2005 3356 2059 Ala-

1771 2084 2178 2151 manniearum,
2224 2103 2344 2158 pag.
2378 2087 2485 2142 69:
2521 2111 2538 2142 ‹
2577 2091 2913 2164 Complaeuit
2959 2098 3114 2151 nobis
3162 2108 3220 2152 ut
3266 2115 3355 2154 res

1771 2191 1907 2245 quas
1939 2179 2092 2232 nobis
2133 2183 2351 2234 tradidit
2384 2182 2722 2253 lttgelbol'dus
2763 2203 2858 2258 per
2887 2189 3024 2245 hanc
3055 2191 3351 2260 precariam

1771 2267 1820 2320 ei
1873 2279 2272 2337 praestaremus.
2311 2292 2328 2322 ι
2375 2276 2571 2344 Supra,
2623 2293 2745 2347 pag.
2782 2279 2871 2344 65,
2919 2299 2936 2331 ‹
2970 2283 3246 2349 praestaria
3298 2281 3355 2338 in

1770 2360 2137 2429 quinquennio
2175 2374 2462 2431 renovata,
2496 2387 2513 2418 ι
2564 2367 2717 2438 juxta
2755 2369 2928 2440 legem
2977 2371 3042 2425 de
3088 2370 3352 2440 precariis

1771 2453 2099 2507 renovandis
2124 2470 2284 2524 quam
2317 2455 2524 2526 Regino
2549 2458 2720 2514 ‘rel‘ert
2749 2455 2886 2515 infra
2917 2475 3033 2532 cap.
3059 2462 3164 2518 565
3193 2462 3351 2532 hujus

1769 2537 1912 2594 libri.
1970 2541 2252 2600 Precarias
2279 2561 2410 2616 ergo
2438 2548 2638 2604 dabant
2680 2559 2734 2605 et
2775 2551 2828 2606 hi
2856 2553 2946 2621 qui
2978 2567 3090 2608 rem
3122 2564 3349 2624 praesta—

1768 2630 1916 2686 bant.
1969 2633 2138 2691 Porro
2163 2652 2260 2707 pro
2291 2639 2372 2692 his
2399 2641 2576 2695 verbis
2607 2642 2857 2697 dicebant
2883 2645 3048 2699 etiam
3078 2645 3346 2714 precatio-

1767 2735 1910 2786 nem,
1936 2725 2274 2793 petitionem,
2305 2731 2722 2798 praestationem,
2749 2732 3088 2800 beneﬁcium,
3113 2744 3171 2789 ut
3199 2745 3348 2806 patet

1765 2825 1831 2864 ex
1865 2811 2096 2869 laudatis
2122 2815 2518 2886 Antiquitatum
2549 2819 2893 2877 Fuldcnsium
2928 2823 3100 2879 libris.

1835 2899 1964 2955 Car.
1987 2901 2112 2957 565.
2131 2935 2203 2944 -
2231 2903 2657 2976 Usufructuario.
2689 2910 2744 2964 ld
2774 2922 2875 2976 est,
2899 2928 2998 2983 per
3019 2914 3342 2982 precariam.

1766 2989 1900 3046 Nam
1940 2995 2029 3063 qui
2069 2995 2196 3050 olim
2231 3013 2326 3066 per
2361 2999 2664 3069 precariam
2695 3003 2971 3071 possidere
3001 3005 3344 3072 dicebantur,

1764 3085 2011 3154 sequenti
2045 3094 2284 3156 tempore
2317 3103 2402 3144 res
2429 3089 2780 3146 ecclesiarum
2817 3100 2998 3148 tenere
3025 3094 3345 3150 dicebautur

1765 3175 2196 3244 usufructuario,
2237 3188 2296 3235 ut
2330 3191 2476 3252 patet
2507 3198 2578 3237 ex
2613 3185 2804 3240 iisdem
2845 3185 2996 3241 libris
3029 3185 3344 3257 Antiquita-

97 3252 468 3308 uouaehorum
501 3254 876 3314 Tutelensium
916 3277 1037 3334 cum
1067 3264 1538 3321 Aureliaceusibus
1565 3283 1658 3322 no-
1685 3263 1730 3324 C
1764 3281 1876 3326 tum
1903 3269 2275 3328 Fuldcnsium.
2329 3273 2473 3330 Idem
2513 3277 2658 3331 etaim
2698 3278 2838 3333 valet
2883 3288 3068 3335 tenere
3097 3280 3343 3350 precario

79 3345 214 3399 mine
254 3347 639 3420 presbyteralis
684 3352 974 3414 ministerii
1020 3355 1394 3429 intelliguntur
1423 3359 1563 3414 bona
1601 3370 1658 3416 et

79 3449 161 3489 res
205 3439 494 3495 ecclesiae:
529 3461 546 3494 ι
581 3441 957 3516 Presbyterale
1008 3450 1364 3505 ministerium
1413 3453 1657 3508 ecclesiae

78 3529 245 3582 sancti
277 3531 521 3587 Amancii
550 3533 889 3602 de‘Faureio,
919 3546 972 3593 et
1003 3547 1110 3598 tres
1135 3555 1356 3598 mansos
1385 3543 1439 3597 in
1464 3545 1655 3600 eadem

77 3625 240 3674 cui-te.
266 3640 288 3673 ι
327 3623 460 3679 Vide
480 3639 599 3694 quae
619 3621 684 3682 de
706 3627 836 3685 ﬁsco
858 3631 1212 3703 presbyterali
1231 3647 1398 3705 supra
1421 3635 1654 3691 diximus

79 3706 126 3763 in
157 3713 301 3767 notis
331 3714 397 3768 ad
426 3727 588 3786 caput
615 3717 704 3773 24.

144 3801 269 3858 CAP.
304 3804 515 3860 541-—
535 3806 820 3880 Ignorante
848 3814 1088 3869 concilio.
1123 3815 1177 3870 ιιι
1206 3825 1291 3872 est
1319 3818 1486 3884 clero,
1515 3819 1654 3875 infra

79 3909 185 3963 cap.
216 3897 345 3954 549.
397 3900 696 3958 Concilium
740 3907 884 3961 enim
929 3909 1196 3974 interdum
1234 3913 1484 3968 dicebant
1530 3931 1651 3970 emn

77 3987 277 4044 clerum
307 3991 684 4065 intelligerent.
714 3997 857 4052 Infra
880 4002 1056 4070 capite
1084 4000 1208 4068 557,
1235 4021 1410 4058 coram
1434 4007 1653 4062 concilia

79 4074 345 4137 Ecclesiaz.
386 4084 684 4156 Imperator
725 4088 1148 4149 Constantinus:
1181 4113 1199 4145 ι
1235 4095 1442 4152 Habeat
1490 4115 1655 4154 unus-

78 4173 298 4244 quisque
326 4174 602 4231 licentiam
642 4182 983 4238 sanctissimo
1018 4186 1297 4242 catholicae
1335 4191 1655 4245 venerabili-

79 4277 172 4332 que
195 4267 435 4323 concilio
466 4270 752 4339 decedens,
781 4273 1047 4330 bonorum
1080 4280 1222 4347 quod
1247 4282 1455 4350 Optavit
1489 4283 1654 4338 relin-

80 4367 249 4420 quere.
289 4375 308 4409 ι
345 4357 462 4415 Non
491 4359 689 4416 licebat
719 4377 848 4435 ergo
881 4365 1151 4437 episcOpis
1180 4368 1480 4426 distrahere
1510 4373 1651 4428 bona

80 4445 423 4505 ecclesiarum
456 4450 658 4522 absque
686 4456 911 4511 consilio
937 4467 990 4513 et
1016 4473 1238 4515 assensu
1269 4460 1522 4530 fratrum,
1545 4465 1650 4520 nisi

82 4531 204 4596 forte
231 4541 467 4598 terrulas
493 4553 586 4598 aut
612 4546 801 4602 vineas
829 4549 1053 4619 exiguas
1079 4559 1172 4606 aut
1197 4553 1442 4609 eccleslze
1469 4556 1648 4612 minus

1759 3370 1814 3416 et
1842 3362 2260 3420 usuiructuario.

1829 3451 1993 3524 575
2022 3454 2193 3524 Caput
2215 3457 2358 3512 istud
2383 3473 2489 3514 non
2513 3467 2596 3514 est
2625 3461 2854 3516 divisum
2885 3461 2937 3514 in
2959 3461 3194 3516 editione
3223 3461 3342 3516 llel-

1759 3546 2144 3612 nmstadiensi,
2185 3563 2359 3618 neque
2396 3549 2449 3604 in
2496 3551 2746 3621 capitulis
2783 3551 2960 3608 Caroli
2985 3551 3155 3617 Calvi,
3196 3553 3338 3609 unde

1757 3647 2030 3709 sumptum
2061 3650 2161 3695 est.
2212 3640 2449 3698 Divisum
2493 3642 2676 3714 itaque
2727 3643 2856 3699 illud
2908 3643 3124 3700 exhibet
3169 3645 3339 3701 codex

1757 3728 2078 3786 Parisiensis
2102 3731 2177 3785 ita
2205 3740 2315 3787 uta
2337 3733 2492 3789 nobis
2508 3733 2712 3788 editum
2744 3744 2840 3789 est.
2881 3733 3118 3788 Primum
3141 3736 3338 3791 vetusti

1756 3822 1962 3879 couicis
1999 3823 2292 3880 auctoritas
2335 3822 2512 3880 eﬁ'ecit
2559 3834 2617 3880 ut
2655 3824 2722 3880 ab
2759 3826 2995 3881 editione
3023 3825 3338 3882 Helmaesta-

1758 3914 1928 3968 diensi
1960 3916 2336 3972 recederemus
2370 3917 2421 3971 iu
2447 3917 2550 3972 hoc
2578 3917 2716 3972 loco.
2747 3918 2948 3973 Deinde
2973 3919 3046 3972 ita
3069 3920 3226 3974 nobis
3258 3919 3337 3973 fa-

1756 4004 2004 4059 ciendum
2046 4005 2146 4060 fuit
2179 4015 2240 4061 ut
2282 4006 2546 4075 originem
2578 4007 2733 4062 istius
2768 4007 3048 4062 divisionis
3079 4007 3333 4062 ostende-

1758 4110 1958 4160 remus,
2000 4112 2122 4150 eum
2170 4105 2332 4167 caput
2380 4097 2523 4153 istud
2564 4098 2752 4152 eodem
2806 4099 2964 4152 modo
3017 4099 3158 4168 apud
3200 4097 3336 4153 Bur-

1756 4185 2016 4240 cbardum
2045 4194 2102 4240 et
2125 4187 2340 4241 lvonem
2367 4186 2596 4241 divisum
2621 4187 2923 4257 reperiatur
2937 4203 3042 4256 quo
3071 4186 3337 4242 in‘codiee

1756 4275 2069 4332 Parisiensi.
2104 4277 2209 4332 Sed
2256 4277 2624 4343 Burehardus,
2650 4293 2771 4334 cum
2803 4278 2945 4349 apud
2973 4294 3032 4335 se
3056 4279 3335 4335 statuisset

1754 4383 1824 4424 ne
1846 4377 2088 4424 uteretur
2123 4369 2442 4425 auctoritate
2469 4368 2856 4441 Capitularium
2883 4385 3066 4442 regum
3097 4371 3336 4426 Franco-

1755 4477 1896 4528 rum,
1932 4462 2063 4517 duas
2088 4462 2243 4518 istius
2269 4461 2461 4532 capitis
2495 4470 2680 4533 partes
2719 4462 2958 4518 tribuere
2989 4463 3176 4518 maluit
3198 4478 3330 4518 eon-

1755 4551 1877 4605 cilio
1905 4550 2208 4607 Matiscensi
2257 4560 2312 4607 et
2343 4551 2576 4607 concilio
2601 4552 2742 4623 apud
2776 4552 3133 4623 Caris'racum.
3173 4552 3330 4622 Quod

82 4629 226 4687 utiles
256 4643 349 4689 θυι
377 4635 537 4709 longe
565 4639 788 4708 positas,
831 4640 994 4715 574
1025 4653 1085 4698 ιη
1112 4645 1317 4716 pla-cui;
1347 4647 1646 4719 Agathensi
1674 4621 1727 4680 Π
1751 4640 1928 4697 fraudi
1959 4642 2056 4697 fuit
2092 4642 2262 4709 lvoui,
2289 4643 2380 4713 qui
2401 4652 2556 4713 parte
2607 4621 2688 4708 tu,
2717 4657 2836 4713 cap.
2999 4653 3054 4700 et
3074 4621 3207 4709 234,
3231 4645 3328 4699 de-

83 4725 322 4781 concilio.

143 4811 266 4870 CAP.
297 4817 422 4874 549.
449 4849 523 4861 --
557 4819 625 4876 In
655 4839 749 4877 suo
779 4822 936 4879 clero.
977 4825 1286 4898 Legendum
1318 4830 1458 4886 haud
1488 4831 1651 4888 dubie

82 4901 231 4960 inscio
262 4908 423 4965 clero.
473 4912 672 4986 Verum
713 4915 840 4985 quia
877 4925 930 4977 et
961 4918 1227 4976 Martinus
1270 4922 1642 4991 Bracarensis,

85 5007 142 5048 ex
169 5011 271 5066 quo
300 5009 462 5071 caput
503 5004 649 5060 istud
693 5017 964 5077 sumptum
999 5019 1111 5076 est,
1155 5022 1265 5066 tum
1303 5013 1649 5071 Burcltardus

84 5082 130 5138 iu
155 5087 356 5148 duobus
385 5092 536 5161 locis,
562 5107 618 5150 et
647 5096 736 5150 lvo
762 5097 1110 5156 Caruotensis
1141 5113 1292 5171 parte
1321 5120 1404 5169 tu,
1435 5124 1485 5162 c.
1519 5106 1623 5161 I79.

85 5173 214 5233 banc
241 5179 524 5241 lectionem
551 5185 911 5254 retinuerunt,
940 5206 1037 5246 nos
1065 5207 1278 5262 queque
1305 5195 1645 5252 retinendam

81 5278 350 5338 propterea
379 5279 496 5334 esse
525 5277 858 5348 putavimus,
891 5285 1190 5351 praesertim
1233 5301 1356 5339 eum
1394 5297 1446 5342 et
1478 5287 1647 5343 editio

85 5353 556 5427 Helmaestadiensis
590 5377 651 5425 et
687 5370 857 5427 codex
889 5372 1212 5436 Parisiensis
1256 5377 1400 5432 illam
1444 5381 1648 5436 diserte

81 5451 372 5512 exhibeant.

139 5541 260 5601 Car.
289 5547 412 5604 562.
443 5583 514 5594 —
554 5551 846 5608 Precarite.
901 5573 920 5607 ι
973 5556 1074 5624 Qui
1130 5572 1246 5614 rem
1293 5559 1579 5624 Ecclesiae,
1620 5577 1640 5612 ι

78 5633 218 5656 ..Α-Ι.-
270 5654 276 5656 .
369 5649 380 5656 ρ
413 5641 466 5656 η-

1753 4733 1995 4788 scribens
2024 4732 2416 4799 Burebardum,
2449 4734 2867 4791 constitutiones
2896 4735 3018 4792 illas
3055 4735 3332 4805 accepisse

1755 4839 1812 4878 se
1837 4824 1991 4879 docet
2013 4839 2077 4878 ex
2128 4824 2433 4882 Matisceusi
2483 4825 2716 4882 concilio
2743 4835 2800 4881 et
2838 4842 2906 4882 ex
2929 4825 3158 4882 concilio
3194 4825 3335 4895 apud

1751 4912 2105 4970 Garisiacum.
2141 4916 2274 4972 Arte
2323 4917 2487 4986 igitur
2509 4927 2566 4973 et
2593 4917 2858 4980 industria
2883 4914 3179 4973 Burchardi
3209 4913 3338 4970 elle-

1754 5014 1899 5062 ctum
1947 5015 2032 5064 est
2079 5017 2137 5063 ut
2171 5009 2423 5080 pleraque
2466 5009 2702 5081 capitula
2752 5018 3072 5078 putarentur
3109 5007 3252 5060 edita
3282 5008 3337 5063 in

1749 5100 1973 5168 synodis
1994 5100 2478 5173 quibusdam,qu2
2517 5111 2698 5158 tamen
2737 5117 2766 5155 a
2802 5116 2989 5172 regum
3027 5106 3344 5156 nostrorum

1753 5193 2077 5246 auctoritate
2104 5193 2343 5262 profecta
2370 5205 2546 5250 erant.

1824 5281 2019 5338 --Nisi
2073 5285 2142 5340 ad
2181 5284 2512 5344 libertatm.
2547 5282 2819 5340 Fortassis
2875 5284 3018 5340 istud
3066 5281 3347 5337 decretum

1753 5385 1840 5433 est
1870 5381 2130 5437 adversus
2165 5381 2455 5442 barbaram
2481 5387 2537 5434 et
2571 5375 2790 5431 stultam
2817 5375 3180 5446 quorumdam
3213 5391 3350 5430 con-

1755 5471 2115 5535 suetudinem,
2171 5471 2263 5541 qui
2323 5469 2594 5540 mancipia
2647 5474 2704 5520 et
2759 5480 2952 5525 servos
2995 5465 3353 5524 ecclesiarum

1753 5560 2294 5618 commutabantcutu
2319 5562 2483 5616 mutis
2505 5555 2852 5620 animalibus.
2885 5567 3010 5630 puta
3026 5572 3147 5613 cum
3172 5559 3352 5626 equiS.
