3920 6454
578 424 689 486 459

1941 419 2281 484 STEPHANI
2318 423 2587 485 nALuzu
3673 405 3740 499 ni

579 559 652 600 ne
681 541 768 598 die
792 539 1073 600 Dominico
1122 538 1408 612 quisquam
1449 552 1518 596 ex
1547 503 1640 596 “iis
1663 537 1756 611 qui
1786 537 1841 595 in
1868 538 2016 596 clero
2044 555 2172 596 con-
2200 548 2247 605 Α
2275 556 2395 613 gem
2425 541 2869 610 ecclesiasticam,
2894 543 3000 600 duo
3021 549 3308 614 sequentes
3341 545 3403 600 ad
3427 543 3572 619 legem
3588 555 3741 611 munda-

580 636 758 692 stitnti
787 644 912 691 sunt
938 633 1146 704 iudicet
1180 633 1417 704 aliquam
1446 648 1690 690 causam.
1722 632 1878 702 Quod
1900 634 2024 689 ideo
2050 641 2164 687 sta-

580 736 759 782 tutum
807 739 928 782 esse
953 735 1201 797 apparet,
1243 741 1312 780 ne
1342 726 1466 797 quis
1494 733 1753 781 avocatus
1802 726 1871 782 ab
1915 725 2166 781 oratione

575 819 876 876 Ecclesiam
914 819 1012 875 Dei
1059 819 1377 891 negligeret.
1434 818 1674 876 Noverat
1721 819 1864 874 hanc
1920 818 2166 888 regulam

573 912 762 984 Agano
812 911 1318 983 Augustodunensis
1358 912 1664 984 episcopus.
1706 911 1774 966 Et
1814 922 1993 966 tamen
2048 911 2166 981 ipsa

573 1003 944 1059 sacratissima
1008 1003 1362 1060 Pentecostes
1415 1006 1502 1060 die
1571 1005 1842 1076 negotium
1892 1003 2164 1074 quoddam

573 1097 812 1165 suscepit
857 1093 1232 1163 iudicandum.
1273 1095 1378 1152 Sed
1410 1098 1688 1153 sciendum
1718 1105 1804 1153 cst
1847 1096 1976 1152 illud
1995 1095 2164 1152 fuisse

573 1187 707 1240 tanti
756 1187 1012 1241 ammenti
1045 1195 1102 1240 ut
1131 1187 1431 1243 Ecclesiatn
1468 1189 1732 1243 turbaret.
1761 1187 2027 1243 Praefatus
2057 1188 2163 1242 ita-

569 1294 676 1349 quc
711 1280 765 1332 in
789 1289 935 1333 tanta
975 1281 1060 1333 die
1093 1297 1195 1335 non
1247 1279 1592 1335 sa’cularibus
1641 1282 1731 1334 sed
1770 1281 1957 1335 divinis
1981 1281 2162 1351 ofﬁciis

568 1373 864 1427 vacandum
897 1373 1086 1440 fuisse,
1123 1377 1398 1446 negotium
1446 1376 1579 1431 illud
1637 1376 1714 1430 ait
1753 1392 1811 1431 se
1857 1375 2162 1446 suscepisse

527 1462 938 1534 ‘judicandum,
982 1478 1200 1538 propter
1238 1471 1562 1540 gravitatem
1607 1471 1743 1541 ejus,
1793 1471 2049 1536 divinum,
2076 1470 2163 1525 in-

568 1560 710 1630 quit,
737 1560 893 1614 etiam
916 1559 1256 1624 formidantes
1273 1562 1562 1630 judicium,
1591 1564 1634 1617 si
1671 1571 1849 1616 nostra
1879 1579 1982 1616 non
2013 1562 2160 1615 miti-

565 1655 818 1715 garentur
859 1649 1188 1702 auctoritate.
1253 1648 1527 1720 [ntegrum
1579 1649 1856 1719 Aganonis
1901 1649 2156 1720 diploma,

567 1750 690 1790 cum
721 1736 887 1790 multa
912 1738 1208 1793 -contineat
1263 1748 1450 1794 notatu
1499 1739 1684 1812 digna,
1725 1742 1948 1797 edemus
1978 1743 2032 1796 in
2055 1741 2160 1811 Ap-

563 1828 790 1898 pendice
827 1839 1073 1884 actorum
1104 1840 1369 1886 veterum.

2268 647 2414 686 nam.
2467 630 2623 686 Prior
2662 631 2823 704 577
2853 633 3077 706 respicit
3106 635 3380 706 episcopos
3406 645 3456 690 et
3497 645 3739 710 sequentium

2267 722 2521 779 ordinum
2545 724 2773 788 clericos
2797 740 2862 782 ac
2893 727 3205 791 monachos,
3239 728 3458 784 secunda
3480 728 3630 789 laicos.

2337 813 2466 871 CAP.
2504 815 2630 871 404.
2667 845 2740 857 -—
2773 814 2839 871 In
2875 827 3028 887 pacto
3077 815 3339 874 Francor.
3379 818 3533 890 Caput
3562 821 3669 880 istud
3697 827 3742 882 in-

2267 917 2478 979 tegrum
2505 908 2688 965 retulit
2708 907 3051 966 Burchardus
3080 909 3136 965 in
3163 925 3260 967 suo
3287 910 3523 981 Decreto,
3548 929 3601 970 ex
3621 921 3740 974 conci-

2264 1000 2339 1055 lio
2371 999 2652 1068 Toletano,
2693 1010 2751 1057 ut.
2775 1002 2994 1068 assolet,
3029 1005 3126 1059 sed
3153 1013 3369 1074 pactum
3399 1020 3499 1061 non
3524 1007 3739 1080 descripsit.

2264 1090 2452 1162 Itaque
2485 1092 2750 1148 obscurus
2791 1081 2897 1148 erit
2938 1094 3027 1149 hic
3062 1094 3214 1151 locus
3239 1095 3429 1166 legenti
3451 1096 3740 1166 Burchardum,

2265 1183 2370 1238 nisi
2400 1184 2700 1239 subsidium
2730 1193 2879 1255 petat
2900 1201 2931 1240 a
2961 1185 3256 1260 Reginone,
3290 1189 3380 1258 qui
3418 1200 3601 1261 pactum
3622 1196 3740 1248 statim

2265 1275 2442 1342 posuit
2471 1275 2524 1329 in
2546 1275 2648 1331 hoc
2674 1276 2811 1332 loco.
2842 1277 3095 1350 lntelligit
3122 1287 3304 1335 autem
3329 1288 3528 1352 pactum
3548 1298 3574 1337 a
3594 1283 3744 1339 Francis

2265 1362 2456 1418 initum
2507 1381 2630 1419 cum
2681 1365 2974 1436 Ripnariis.
3020 1367 3133 1424 Iloc
3162 1369 3390 1425 solemni
3427 1372 3644 1428 vocabulo
3678 1385 3743 1428 tum

2264 1454 2554 1511 utebantur
2601 1465 2660 1511 ut
2708 1458 2884 1515 foedus
2922 1459 3296 1532 signiﬁcarent
3329 1461 3413 1519 vel
3456 1467 3745 1519 conventione-

2263 1545 2433 1615 pacis,
2470 1547 2614 1618 quod
2646 1562 2745 1604 nos
2781 1550 2942 1605 hodie
2982 1551 3294 1610 diceremus
3333 1554 3480 1609 traité
3509 1556 3562 1610 de
3590 1558 3681 1626 pair
3707 1575 3745 1610 ot

2262 1639 2566 1695 d’altiance.
2605 1639 2856 1713 Synodus
2878 1643 3364 1718 Dingolvingensis,
3390 1647 3540 1718 cap.7
3564 1663 3576 1703 :
3603 1667 3616 1700 ι
3641 1649 3692 1703 De
3708 1665 3745 1703 eo

2261 1740 2322 1786 ut
2350 1730 2528 1787 nullus
2557 1732 2872 1790 haereditate
2900 1750 3000 1790 sua
3040 1737 3284 1806 privetur
3312 1737 3410 1792 nisi
3442 1751 3530 1808 per
3561 1745 3648 1792 tres
3668 1752 3745 1791 caui

2262 1839 2352 1881 sas
2385 1838 2506 1894 qua'
2555 1825 2609 1880 in
2649 1833 2810 1898 pacto
2837 1827 3164 1882 scribentur.
3210 1847 3231 1881 ›
3265 1828 3581 1900 Eginhardus
3612 1829 3662 1883 ad
3689 1844 3746 1882 an-

637 1918 766 1974 CAP.
797 1920 1016 1976 578.-—-
1053 1921 1186 1997 Ante
1217 1924 1456 1979 missam.
1505 1923 1677 1982 Hodie
1728 1924 1876 1982 aliud
1925 1926 2154 1983 obtinet.
2186 1921 2235 1983 B
2263 1935 2392 1973 num
2430 1917 2538 1974 812
2582 1917 2808 1988 loquens
2851 1919 2918 1974 de
2950 1919 3144 1992 legatis
3189 1919 3462 1978 Michaelis
3499 1921 3747 1992 imperatoris

563 2011 700 2066 Nam
741 2013 784 2068 si
806 2029 871 2067 ea
907 2023 1208 2084 temporum
1254 2017 1554 2072 necessitas
1593 2018 1797 2073 incidat
1823 2026 1881 2073 ut
1906 2028 2157 2090 oporteat

563 2105 820 2174 agricolis
859 2104 1023 2177 576
1072 2116 1165 2161 aut
1194 2106 1314 2162 aliis
1361 2110 1628 2178 operariis
1651 2111 1969 2180 permittere
1997 2120 2056 2166 ut
2080 2110 2155 2165 la-

559 2197 786 2252 boribus
836 2200 948 2254 suis
984 2200 1298 2255 incumbant
1325 2202 1377 2257 in
1405 2203 1596 2260 diebus
1628 2205 1926 2261 Dominicis
1949 2217 2042 2260 aut
2069 2206 2152 2262 fe-

560 2291 738 2356 stivis,
767 2291 817 2345 id
845 2290 960 2360 jam
995 2308 1101 2349 non
1133 2293 1258 2350 licet
1288 2307 1416 2352 ante
1450 2297 1694 2364 missam,
1733 2299 1828 2355 sed
1863 2311 2151 2371 postquam

559 2401 623 2442 ca
652 2387 924 2443 celebrata
955 2399 1058 2446 est.

627 2484 755 2540 CAP.
788 2485 912 2542 582.
940 2517 1011 2528 -—-
1037 2487 1359 2545 Banm’atur.
1403 2490 1685 2562 Ejiciatur,
1724 2493 2041 2563 expellatur.

627 2577 756 2634 CAP.
790 2578 916 2635 594.
942 2611 1013 2620 -—
1033 2582 1342 2656 Quicunque
1364 2584 1536 2640 libert.
1563 2586 1642 2641 Ex
1675 2587 1780 2641 isto
1807 2601 2034 2653 canone,
2057 2587 2149 2658 qui

555 2683 745 2724 revera
782 2679 866 2726 est
913 2673 1127 2728 concilii
1153 2673 1396 2730 Toletani
1435 2677 1637 2746 quarti,
1677 2677 1781 2732 orti
1810 2685 1936 2732 sunt
1961 2693 2149 2748 quam-

561 2759 745 2829 plures
783 2763 953 2833 spurii
1005 2778 1246 2820 canones
1274 2764 1552 2822 Toletanis
1579 2769 1830 2823 conciliis
1859 2784 2149 2840 perperam

561 2853 771 2918 tribuli,
793 2869 916 2909 cum
960 2855 1014 2911 in
1058 2856 1165 2913 illis
1196 2874 1301 2913 non
1342 2869 1557 2915 exstent
1582 2877 1754 2931 neque
1787 2872 2000 2918 exstare
2023 2878 2151 2932 pos-

561 2946 693 3002 sint.
725 2947 891 3002 Istum
926 2949 1132 3021 Regino
1147 2950 1464 3007 laudaverat
1497 2968 1566 3008 ex
1603 2954 1834 3009 concilio
1866 2955 2146 3011 Toletano.

561 3035 700 3090 Tum
728 3051 893 3108 caput
921 3039 1026 3096 596
1068 3043 1234 3113 (quod
1273 3055 1546 3115 sumptum
1591 3056 1674 3101 est
1709 3062 1776 3101 ex
1806 3047 1942 3103 libro
1971 3049 2148 3118 primo

557 3127 976 3196 Capitulariutn,
1008 3133 1464 3202 quemadmodum
1493 3145 1548 3192 et
1569 3137 1698 3209 595)
1736 3138 1920 3193 retulit
1958 3139 2044 3195 Ea:
2065 3157 2151 3195 eo-

555 3217 695 3284 dem,
738 3237 853 3289 cap.
889 3222 980 3287 82,
1015 3223 1068 3277 id
1096 3234 1203 3291 est,
1242 3241 1310 3281 ex
1338 3227 1525 3283 eodem
1567 3229 1704 3285 libro
1731 3230 2142 3302 Capitularium.

2259 2009 2363 2066 ΟΡ.
2391 2011 2459 2068 ad
2498 2009 2752 2066 Carolum
2781 2010 3030 2082 Magnum
3067 2013 3250 2069 missis
3283 2031 3298 2067 :
3340 2031 3360 2066 ι
3394 2013 3668 2084 Aquisgrani
3691 2013 3745 2066 ubi

2257 2103 2325 2158 ad
2356 2104 2740 2173 imperatorem
2764 2112 3054 2171 venerunt,
3083 2105 3350 2177 scriptum
3384 2105 3519 2176 pacti
3556 2106 3610 2161 ab
3643 2119 3688 2159 eo
3713 2104 3746 2158 in

2256 2197 2484 2268 epistola
2513 2197 2904 2268 suscipientes,
2936 2199 3062 2255 inde
3083 2200 3290 2255 reversi
3321 2199 3562 2266 Romam,
3595 2199 3637 2254 in
3657 2197 3747 2252 basi-

2255 2287 2357 2344 lica
2389 2290 2564 2344 sancti
2594 2289 2739 2344 Petri
2767 2290 3022 2346 ‘eumdem
3051 2291 3194 2362 pacti
3230 2307 3330 2348 seu
3364 2289 3564 2348 foederis
3585 2289 3746 2346 libellum

2255 2394 2286 2434 a
2307 2379 2489 2435 Leone
2518 2395 2654 2451 papa
2683 2381 2860 2436 denuo
2891 2391 3271 2453 susceperunt.
3318 2402 3338 2436 ι

2324 2473 2452 2528 CAP.
2480 2472 2606 2528 445.
2644 2505 2715 2514 -
2754 2474 2858 2542 Qui
2911 2477 3204 2546 episcopus.
3250 2475 3423 2549 Caput
3476 2476 3596 2534 Istud
3633 2475 3746 2546 aliqua
3826 2472 3827 2516 ξ

2253 2578 2384 2618 cura
2419 2574 2602 2619 nostra
2645 2565 2868 2637 indiget.
2913 2566 3198 2638 Sumptum
3227 2577 3316 2624 est
3345 2569 3485 2625 enim
3517 2584 3571 2624 ex
3603 2566 3746 2623 statutis

2254 2657 2513 2714 Ecclesia:
2543 2660 2800 2731 antiquis,
2841 2675 2964 2730 qua:
3001 2660 3301 2732 unicuique
3330 2661 3563 2734 epise0po
3585 2659 3679 2714 olim
3699 2657 3744 2711 lc-
3814 2641 3816 2648 ’

2253 2752 2524 2820 gebantur
2575 2746 2630 2806 in
2683 2754 3097 2810 consecratione
3159 2770 3278 2810 sua.
3347 2755 3544 2812 Statuta
3599 2754 3747 2822 antiqua
3826 2746 3827 2814 ξ

2253 2841 2611 2900 Orientalium
2674 2857 2834 2901 vocat
2889 2845 3017 2903 Atto
3075 2846 3436 2905 Vercellensis
3499 2849 3548 2904 in
3597 2843 3746 2918 epistola

2250 2925 2464 3004 octava,
2522 2936 2614 2993 ubi
2663 2939 2820 2996 docet
2851 2955 2916 2996 ea
2943 2941 3286 2998 dinumerata
3326 2941 3488 2998 fuisse
3526 2942 3572 2996 in
3603 2947 3748 2995 centum

2250 3030 2508 3101 capitula,
2538 3031 2749 3087 initium
2773 3043 2954 3090 autem
2990 3051 3180 3092 eorum
3215 3037 3384 3094 fuisse
3412 3037 3509 3105 Qui
3543 3037 3747 3106 episcopus,

2252 3127 2360 3176 etc.
2388 3119 2612 3177 Viderat
2631 3123 2737 3179 duo
2771 3124 3000 3180 istorum
3031 3135 3364 3183 statutorum
3391 3122 3748 3196 exemplariaSe-

2251 3211 2474 3268 verinus
2503 3211 2721 3280 Binius,
2752 3231 2919 3271 unum
2946 3217 3267 3274 monasterii
3303 3209 3746 3279 Cetnblacensis,al-

552 3309 921 3381 Burchardus,
973 3331 1066 3372 seu
1118 3318 1220 3374 ista
1270 3337 1376 3376 non
1427 3285 1883 3390 animadverteris,
1920 3342 1988 3381 an
2015 3328 2146 3398 quia
2174 3285 2219 3349 Ο
2251 3305 3273 3398 lenm}saniiliPaVOBiSlocandam.
3311 3309 3426 3378 Quo
3450 3309 3600 3380 magis
3618 3305 3746 3398 initum

556 3401 922 3460 destinaverat
948 3405 1340 3477 Capitularium
1365 3411 1625 3469 librorum
1663 3417 1994 3473 mentionem
2017 3418 2142 3474 nul-

551 3489 657 3546 lam
690 3492 891 3560 facere,
922 3509 1085 3568 caput
1110 3499 1214 3555 596
1238 3500 1478 3558 laudavit
1499 3519 1567 3560 ex
1595 3506 1826 3562 concilio
1854 3507 2141 3578 Toletano,

553 3599 677 3654 cap.
729 3586 819 3642 82.
869 3587 1003 3644 Tum
1041 3593 1216 3648 eidem
1259 3596 1490 3652 concilio
1542 3598 1731 3654 tribuit
1777 3601 1942 3655 etiam
1965 3603 2144 3674 capita

549 3676 674 3740 597,
699 3676 791 3744 98,
820 3679 910 3746 99,
933 3681 1060 3748 402,
1089 3698 1213 3739 cum
1265 3686 1474 3744 duobus
1513 3691 1886 3760 sequentibus,
1919 3694 2045 3764 quia
2088 3695 2143 3751 in

555 3770 743 3824 codice
788 3771 1080 3842 Reginonis
1143 3776 1458 3834 adnotatum
1522 3796 1632 3837 non
1693 3793 1813 3839 erat
1849 3785 1992 3842 unde
2049 3786 2140 3842 illa

554 3871 768 3932 sumpta
800 3877 1001 3920 essent.
1042 3869 1123 3923 Ex
1158 3885 1266 3940 quo
1287 3871 1636 3931 Burchardus
1674 3878 1966 3950 colligebat
1987 3897 2137 3937 sum-

551 3963 641 4024 pta
664 3957 844 4011 omnia
891 3973 1012 4014 esse
1051 3975 1117 4015 ex
1147 3962 1379 4018 concilio
1421 3964 1705 4022 Toletano.
1768 3969 2138 4027 Burchardum

553 4047 726 4101 secuti
749 4059 874 4102 sunt
896 4043 985 4106 lvo
1005 4060 1062 4105 et
1081 4050 1394 4109 Gratianus.
1433 4057 1540 4113 Sed
1575 4056 1790 4130 Loaysa
1844 4060 2016 4117 noluit
2045 4077 2144 4132 pro

551 4138 853 4194 canonibus
880 4138 1157 4198 Toletanis
1197 4160 1490 4215 agnoscere
1529 4149 1706 4220 capita
1750 4149 1862 4218 illa,
1891 4153 2144 4225 quamvis

551 4244 617 4284 ea
655 4225 900 4286 retulerit
930 4232 983 4286 in
1007 4233 1112 4290 line
1142 4237 1356 4292 concilii
1392 4240 1555 4310 primi
1587 4241 1852 4310 Toletani,
1885 4245 2020 4301 satis
2062 4245 2144 4300 in-

552 4335 727 4374 nuens
767 4321 851 4376 his
889 4323 1068 4379 verbis
1107 4341 1214 4381 non
1264 4338 1456 4397 putare
1489 4346 1548 4386 se
1598 4332 1818 4388 condita
1877 4335 2043 4391 fuisse
2085 4337 2142 4392 in

553 4410 799 4467 conciliis
842 4411 1161 4471 Toletanis:
1219 4436 1237 4468 ι
1273 4415 1601 4491 Fragmenta
1649 4424 1750 4478 sub
1781 4424 1936 4480 titulo
1957 4427 2142 4483 conci-

549 4501 747 4558 liorum
798 4505 1182 4564 Toletanorum
1225 4511 1310 4566 vel
1342 4525 1597 4583 corrupte
1638 4515 1721 4570 vel
1769 4516 1906 4572 falso
1952 4518 2142 4588 citata,

553 4606 678 4647 cum
712 4593 763 4647 in
796 4594 881 4650 bis
909 4597 1160 4653 conciliis
1184 4615 1290 4654 non
1321 4600 1691 4659 inveniantur.
1738 4624 1758 4656 ι

619 4682 748 4738 CAP.
779 4684 904 4742 599.
935 4717 1008 4727 --
1033 4687 1111 4743 De
1131 4688 1340 4758 fantilia
1366 4691 1638 4750 Ecclesiae.
1665 4695 1720 4750 Id
1753 4705 1858 4764 est,
1889 4714 1955 4754 ex
1979 4715 2138 4756 man-

547 4775 708 4847 cipiis
748 4786 803 4832 et
852 4780 1027 4836 servis
1057 4782 1320 4841 ecclesiae.
1349 4783 1484 4842 Vide
1522 4787 1616 4844 lib.
1657 4806 1710 4844 tv
1739 4790 1873 4863 legis
1902 4793 2141 4864 Wisigo-

544 4868 690 4923 tbor.
736 4870 819 4924 tit.
837 4871 888 4935 5,
922 4887 1042 4943 cap.
1072 4873 1127 4928 7.

617 4957 746 5016 CAP.
773 4961 902 5017 402.
932 4994 1004 5004 -—
1042 4963 1148 5031 Qui
1202 4967 1452 5023 debitum.
1510 4969 1764 5029 Formula
1820 4976 1922 5031 ista
1957 4985 2138 5033 exstat

545 5049 707 5142 etiam
756 5055 898 5123 apud
931 5054 1254 5113 Marculfum
1303 5060 1398 5117 lib.
1444 5078 1524 5130 ιι,
1570 5080 1690 5136 cap.
1721 5066 1812 5132 52,
1851 5070 1946 5124 sed
1973 5071 2136 5142 paulo

543 5141 778 5200 diversa.
811 5146 945 5202 Item
986 5148 1041 5203 in
1071 5150 1407 5212 chartulario
1450 5159 1769 5214 monasterii
1817 5141 2138 5220 Usercensis

489 5289 492 5292 .
541 5237 686 5309 apud
717 5237 1053 5298 Lemovices.

614 5329 746 5386 CAP.
777 5333 902 5389 405.
929 5360 993 5372 -ο
1016 5335 1154 5409 Lege
1177 5341 1470 5397 mundana.
1503 5343 1623 5401 Lib.
1653 5361 1716 5413 ll,
1761 5360 1886 5417 cap.
1911 5347 2035 5415 H2,
2059 5366 2140 5406 se-

543 5424 775 5478 cundum
815 5425 982 5498 legem
1017 5431 1342 5488 mundanam
1371 5434 1629 5505 ﬁniatur;
1673 5446 1730 5494 et.
1749 5454 1872 5510 cap.
1895 5440 2024 5508 258,
2049 5459 2137 5498 se-

543 5517 772 5570 cundum
800 5521 1127 5577 mundanam
1149 5522 1316 5596 legem
1340 5538 1560 5583 mortem
1601 5531 1879 5602 suscipias.
1912 5532 2138 5591 Munda-

545 5621 618 5661 na
650 5607 733 5662 lex
755 5610 1110 5681 distinguitur
1157 5616 1266 5672 illic
1303 5620 1371 5673 ab
1409 5621 1802 5686 ecclesiastica,
1847 5624 1900 5680 id
1944 5635 2030 5680 est
2059 5627 2136 5681 ci-

539 5697 666 5752 vilis
688 5714 718 5753 a
741 5703 1024 5758 canonica.
1051 5703 1158 5762 Sed
1190 5717 1302 5763 tum
1329 5711 1402 5766 ita
1427 5711 1573 5783 loqui
1601 5713 1892 5770 malebant.
1923 5715 1978 5770 In
2007 5732 2138 5786 pra-

542 5791 747 5846 t'atione
775 5791 1167 5864 Capitularium
1207 5799 1351 5871 leges
1397 5802 1714 5859 dividuntur
1739 5806 1792 5858 in
1833 5809 2133 5864 mundanas

541 5892 598 5939 et
635 5885 1057 5945 ecclesiasticas.
1083 5889 1302 5950 Priores
1341 5900 1448 5950 duo
1497 5895 1620 5952 libri
1655 5899 1931 5968 pertinent
1956 5901 2022 5956 ad
2050 5902 2130 5958 le-

2249 3401 2333 3448 est
2358 3394 2500 3449 edita
2531 3397 2600 3450 ab
2631 3394 2721 3450 illo
2760 3411 2866 3452 non
2901 3396 3092 3454 fuisse.
3122 3397 3260 3454 Nam
3309 3400 3437 3456 licet
3483 3396 3696 3466 descripta
3714 3401 3747 3443 ut

2245 3485 2538 3556 plurimum
2570 3485 2679 3541 sint
2719 3487 2776 3541 in
2805 3487 3037 3544 concilio
3062 3488 3478 3563 Cartltaginensi
3510 3495 3681 3560 quarto,
3701 3489 3749 3534 ta-

2250 3595 2372 3634 men
2398 3579 2508 3635 illic
2534 3596 2641 3636 non
2672 3589 2890 3638 exstant
2923 3597 2990 3640 eo
3025 3584 3219 3640 ordine
3248 3599 3360 3656 quo
3387 3584 3613 3655 leguntur
3638 3580 3678 3633 in
3707 3575 3747 3628 li-

2246 3671 2360 3726 bris
2381 3665 2639 3742 antiquis.
2673 3663 2906 3746 Regino,
2935 3675 3063 3746 quia
3092 3676 3196 3732 ista
3221 3677 3522 3750 accipiebat
3550 3690 3606 3730 ex
3625 3665 3748 3727 conci-

2246 3763 2321 3819 lio
2356 3764 2446 3820 illo
2473 3764 2918 3839 Carthagineusi,
2961 3783 3070 3824 non
3099 3770 3290 3826 citavit
3337 3778 3530 3827 statuta
3571 3759 3747 3826 Εεοιεξίε

2246 3855 2490 3926 antiqua.
2531 3854 2663 3924 Nos,
2711 3872 2835 3914 cum
2877 3874 2966 3916 res
3010 3862 3194 3933 magni
3230 3860 3487 3918 momenti
3514 3859 3593 3924 sit,
3619 3861 3748 3912 etsta-

2249 3955 2364 4002 tuta
2392 3947 2481 4002 illa
2501 3947 2691 4018 perdiu
2718 3950 2990 4022 viguerint
3020 3953 3076 4008 in
3104 3953 3374 4021 Ecclesia,
3405 3953 3490 4008 illa
3510 3946 3748 4023 quandoque
3826 3961 3827 3976 π

2245 4043 2470 4097 edemus
2491 4055 2560 4097 ex
2583 4043 2953 4100 vetustissimo
2980 4044 3170 4102 codice
3197 4061 3302 4102 ms.

2249 4192 2556 4271 NOTIE
2607 4193 2744 4272 AD
2805 4195 3326 4274 CAPITULA
3387 4191 3634 4275 LIBRI
3676 4182 3743 4264 Il.
3826 4182 3827 4275 l

2314 4324 2447 4382 CAP.
2493 4325 2544 4380 1.
2583 4353 2656 4366 --
2691 4325 2779 4382 Ea:
2809 4329 3028 4384 concilio
3057 4328 3371 4402 Rothomag.
3399 4319 3746 4388 Conciliicullls'
3826 4325 3827 4402 l

2244 4418 2392 4489 piam
2457 4417 2912 4490 Rothomagensis
2975 4436 3214 4479 canones
3284 4421 3582 4494 frequenter
3626 4410 3746 4469 laudat

2245 4508 2413 4581 578
2439 4507 2669 4582 Regino,
2707 4511 2799 4580 qui
2841 4521 3018 4567 tamen
3049 4528 3158 4568 non
3190 4514 3531 4584 reperiuntur
3564 4509 3610 4564 in
3639 4501 3745 4560 colle-

2246 4604 2519 4660 ctionibus
2574 4606 2950 4661 conciliorum.
2982 4606 3117 4662 Nam
3148 4617 3349 4678 praeter
3378 4608 3533 4664 istum
3557 4607 3745 4669 canona“

2245 4693 2454 4766 Regina
2482 4710 2550 4750 ex
2587 4696 2778 4752 eodem
2809 4697 3036 4754 concilio
3065 4698 3236 4755 refert
3259 4701 3439 4771 capita
3466 4698 3547 4762 68,
3566 4694 3640 4758 69,
3664 4686 3744 4747 liii,
3826 4717 3827 4754 δ

2242 4787 2366 4852 599,
2407 4789 2532 4854 406,
2560 4788 2665 4844 M5
2692 4798 2750 4846 et
2787 4790 2893 4846 416
2928 4791 3084 4848 istius
3111 4794 3334 4849 secundi
3364 4793 3502 4848 libri.
3528 4787 3743 4855 Antiquam
3826 4789 3827 4802 ‘

2241 4892 2421 4940 autem
2451 4899 2572 4940 esse
2593 4886 2831 4956 oportuit
2857 4887 3146 4943 concilium
3169 4887 3324 4955 illud,
3351 4903 3470 4944 cum
3491 4884 3686 4941 habitum
3704 4875 3746 4929 sil

2241 4987 2368 5033 ante
2395 4977 2750 5050 Reginonem.
2779 4978 3052 5048 Fortassis
3077 4981 3244 5036 etiam
3278 4979 3545 5051 antiquius
3566 4981 3634 5030 est
3653 4978 3744 5025 anno

2237 5070 2366 5135 858,
2419 5085 2540 5124 cum
2593 5070 2868 5127 Herardus
2923 5070 3254 5128 Turonensis
3292 5081 3473 5128 utatur
3504 5062 3744 5141 quibusdam
3826 5087 3827 5090 η

2237 5161 2421 5218 verbis
2449 5178 2570 5232 qua:
2603 5172 2821 5220 exstant
2851 5164 2902 5218 in
2935 5165 3038 5220 isto
3065 5165 3263 5237 capite,
3294 5175 3355 5221 ut
3387 5165 3557 5222 statim
3580 5159 3742 5215 dicetur.
3826 5157 3827 5172 ‘

2241 5254 2347 5311 Sed
2373 5253 2501 5311 alibi
2529 5256 2864 5312 commodior
2891 5256 2994 5312 erit
3019 5256 3086 5311 de
3113 5258 3200 5315 his
3221 5260 3417 5329 agendi
3444 5257 3592 5314 locus.

2318 5347 2608 5420 Synodum.
2654 5349 2710 5404 Id
2754 5358 2858 5416 est,
2887 5358 3210 5407 conventum
3252 5352 3310 5407 in
3345 5351 3571 5408 Ecclesia
3603 5341 3739 5399 ham

2245 5442 2373 5498 dum
2421 5457 2544 5497 cum
2592 5441 2876 5512 episcopus
2922 5441 2990 5496 ad
3046 5441 3194 5498 illam
3223 5443 3446 5500 accedet
3483 5440 3738 5495 visitaturus

2246 5534 2452 5604 Duplex
2479 5550 2609 5604 ergo
2637 5535 2893 5606 synodus,
2920 5535 2997 5590 uti
3023 5550 3184 5606 supra
3208 5536 3464 5591 diximus.
3493 5531 3611 5592 Una.
3631 5529 3738 5592 (μηδ’

2241 5627 2526 5697 episcopus
2557 5626 2609 5679 in
2648 5627 2869 5681 civitate
2909 5627 3123 5697 agebat,
3163 5627 3229 5681 ad
3260 5642 3420 5697 quam
3449 5623 3610 5679 venire
3642 5619 3728 5667 ιθυο

2241 5719 2439 5772 bantur
2467 5719 2768 5789 presbyteri
2799 5734 2869 5774 ex
2911 5721 3199 5776 rusticanis
3224 5720 3494 5790 parueciis,
3519 5727 3601 5786 pro
3620 5698 3723 5772 ίηφιί
3826 5701 3827 5746 ἶ

2241 5809 2439 5863 sitione
2470 5808 2754 5864 ministerii
2789 5809 2891 5864 sui.
2917 5809 3058 5890 Alia,
3087 5789 3248 5880 quam
3278 5810 3550 5880 episcopus
3571 5789 3735 5890 “ite?”

2241 5899 2473 5964 ministri
2505 5900 2760 5956 tenebant
2787 5901 2842 5958 in
2868 5881 3188 5972 unaquaque
3214 5898 3460 5962 ecclesia,
3485 5905 3590 5950 cum
3615 5881 3733 5954 tisi"
