3920 6470
189 451 305 510 ιει

1243 459 1450 522 NOTAE
1487 462 1580 522 AD
1615 461 1745 524 LIB.
1781 461 1827 521 II
1860 462 1951 522 DE
1983 465 2263 529 ECCLES.
2302 469 2592 532 DlSClPL.’

3365 472 3476 532 442

192 564 377 660 tionis
419 579 615 660 munus
645 564 882 660 obibant,
924 567 977 624 in
1005 583 1112 642 qua
1152 576 1453 648 presbyteri
1496 578 1796 634 reddebant
1819 577 1871 639 A
1898 578 2047 646 tiam,
2082 590 2309 655 utpatet
2349 602 2417 643 ex
2458 603 2613 660 capp.
2643 585 2770 656 238,
2795 587 3047 657 278,5I8
3090 596 3148 646 et
3185 587 3290 646 496
3317 589 3471 646 istius

191 657 474 711 rationem
531 658 814 715 ministerii
865 660 977 728 sui,
1038 671 1092 718 et
1154 664 1207 720 in
1255 681 1359 737 qua
1405 670 1792 740 judicabanlur

189 761 386 800 causa:
411 747 695 817 synodales
732 751 1157 824 uniuscujusque
1196 759 1468 826 parueciaa.
1499 759 1644 814 Infra
1667 776 1786 829 cap.

188 839 309 894 234
337 857 352 893 :
387 859 405 890 ι
439 839 513 895 De
536 841 636 896 hoc
656 842 797 911 quod
843 845 973 900 mihi
1002 854 1308 918 reputatum
1336 860 1417 906 est
1445 851 1498 905 in
1529 853 1633 908 hac
1661 867 1788 925 syn-

186 931 339 995 odo,
398 950 417 982 ι
473 940 577 986 etc.
612 933 676 986 Et
706 949 823 1003 cap.
854 934 958 991 2'58
991 955 1004 990 :
1043 955 1061 988 ι
1101 939 1177 994 De
1202 940 1304 996 hoc
1347 943 1489 1013 quod
1533 952 1591 998 tu
1632 958 1792 1000 accu-

185 1032 322 1077 sata
353 1039 410 1077 es
439 1023 489 1078 in
521 1027 798 1095 prtesentia
829 1028 984 1084 istius
1011 1031 1249 1102 episcopi
1273 1034 1326 1088 in
1359 1035 1464 1090 hac
1489 1037 1720 1107 synodo,
1757 1055 1778 1090 ι

186 1124 302 1170 etc.
336 1118 413 1170 De
441 1117 541 1172 hac
564 1119 748 1173 ultima
778 1122 986 1192 synodo
1021 1123 1423 1196 intelligendum
1459 1135 1588 1198 puto
1615 1144 1780 1184 cano-

185 1223 322 1262 nem
373 1209 776 1268 Trihuriensem
812 1230 841 1268 a
879 1215 1152 1286 Reginone
1201 1219 1342 1274 infra
1390 1222 1618 1277 relatum
1661 1240 1782 1295 cap.

181 1299 323 1354 296.
367 1300 504 1368 Quin
533 1313 585 1358 et
612 1304 913 1362 Richardus
946 1308 1298 1366 Bituricensis
1323 1315 1783 1386 archiepiscopus,

181 1393 283 1461 qui
325 1404 583 1463 regnante
622 1395 868 1469 Philippo
901 1401 1075 1469 primo
1113 1401 1448 1460 Francorum
1476 1422 1602 1478 rege
1628 1409 1783 1476 vixit,

181 1496 519 1539 conventum
569 1503 665 1557 pro
712 1491 1048 1548 dedicatione
1095 1494 1374 1564 cujusdam
1423 1498 1668 1554 ecclesiae
1704 1500 1784 1555 fa-

179 1587 338 1630 ctum
367 1589 522 1632 vocat
547 1581 858 1649 concilium,
891 1586 1014 1655 quia
1045 1587 1187 1642 haud
1216 1589 1378 1645 dubie
1408 1599 1533 1648 tunc
1566 1592 1675 1647 illic
1708 1592 1784 1646 fe-

177 1671 262 1724 cit
291 1674 436 1740 quod
471 1683 581 1728 tum
611 1675 790 1733 facere
820 1678 1066 1736 solebant
1090 1683 1328 1754 episcopi
1368 1699 1492 1739 cum
1519 1683 1784 1743 dioeceses

178 1778 319 1819 suas
348 1766 672 1822 circuibant.

253 1856 586 1930 Inprwlerm.
620 1879 823 1919 occurr.
856 1864 1098 1937 Capitula
1133 1866 1357 1924 IIerardi
1387 1870 1778 1942 archiepiscopi

1894 675 2116 730 secundi
2159 676 2301 732 libri.
2334 677 2501 735 Vetus
2535 680 2726 736 charta
2763 683 3000 737 nondum
3043 682 3188 739 edita
3223 682 3294 744 de
3340 695 3472 752 pace

1893 763 2212 822 Morinensis
2248 771 2487 826 ecclesiae
2527 779 2770 842 tempore
2817 773 3026 829 Callisti
3071 773 3294 829 secundi
3342 787 3472 826 con-

1889 852 2035 911 fecta
2067 871 2083 911 :
2119 875 2138 909 ‹
2173 857 2328 926 Quod
2354 860 2399 916 si
2429 862 2712 933 episcopus
2732 864 2816 918 vel
2837 865 3044 936 legatus
3079 864 3250 942 ipsius
3278 864 3330 917 in
3353 862 3472 918 loco

1891 945 1981 1000 ubi
2012 945 2079 1000 de
2116 949 2464 1018 synodalibus
2511 953 2691 1008 causis
2722 954 2968 1028 placitari
3016 953 3153 1009 solet
3185 953 3472 1023 injuriatus

1888 1036 1975 1091 vel
2017 1036 2350 1108 inquietatus
2387 1041 2573 1109 fuerit,
2612 1055 2666 1099 et
2709 1045 2934 1115 paciﬁce
2984 1044 3264 1116 synodalia
3299 1044 3472 1098 deter-

1888 1127 2098 1184 minare
2142 1133 2467 1202 nequiverit,
2513 1137 2776 1192 canonico
2825 1137 3028 1208 judicio
3065 1137 3342 1193 deﬁnitum
3389 1143 3472 1190 est

1886 1229 1949 1276 ut
1999 1222 2374 1281 universaliter
2403 1228 2654 1299 deinceps
2696 1230 2764 1285 ad
2811 1231 3099 1286 matricem
3145 1228 3473 1284 conveniant

1889 1311 2204 1380 ecclesiam,
2253 1316 2363 1372 illic
2403 1319 2468 1374 de
2514 1321 2766 1376 omnibus
2807 1319 3076 1390 justitiam
3116 1321 3344 1392 negotiis
3394 1319 3474 1372 fa-

1888 1407 2027 1460 cturi
2051 1407 2117 1462 de
2155 1409 2358 1478 quibus
2388 1413 2669 1468 admonitii
2700 1413 2901 1469 fuerint
2929 1429 3026 1484 per
3055 1413 3294 1485 episc0pi
3326 1411 3473 1482 lega-

1888 1493 2110 1550 tionem.
2145 1515 2165 1548 ι

1955 1585 2083 1642 Car.
2118 1589 2184 1654 5,
2229 1590 2258 1663 ᾗ
2298 1591 2348 1644 1.
2384 1623 2455 1632 -—
2483 1591 2646 1665 580
2692 1592 2942 1649 Faidam.
2986 1594 3045 1649 1d
3089 1603 3173 1650 est
3228 1601 3470 1665 apertam

1885 1687 1939 1734 et
1984 1681 2266 1750 capitalem
2324 1683 2701 1752 inimicitiam,
2757 1688 2826 1743 ob
2878 1702 3077 1742 caesum
3125 1687 3355 1757 aliquem
3405 1686 3472 1741 de

1881 1775 2200 1844 propinquis
2250 1787 2588 1846 susceptam,
2621 1788 2678 1832 ut
2723 1788 2868 1834 recte
2919 1779 3241 1850 explicatum
3283 1794 3315 1832 a
3357 1775 3472 1832 Sir-

1886 1865 2083 1920 mondo
2121 1874 2244 1932 est,
2292 1875 2347 1922 et
2395 1874 2543 1938 patet
2590 1869 2756 1924 etiam
2800 1885 2867 1924 ex
2907 1871 3011 1925 isto
3062 1869 3356 1940 Reginonis
3393 1869 3471 1924 lo-

174 1947 540 2016 Turoncnsis,
573 1968 692 2024 cap.
725 1954 869 2009 135:
911 1931 1024 2012 «'ut
1062 1959 1238 2013 vocati
1280 1959 1346 2013 ad
1387 1931 1649 2032 synodum
1699 1931 1780 2016 in-
1811 1931 1857 1993 Β
1884 1969 1980 2021 co,
2030 1955 2268 2027 itemque
2295 1973 2361 2012 ex
2395 1931 2581 2029 capite
2620 1959 2745 2013 2&1.
2775 1959 3050 2016 Interdum
3102 1931 3279 2014 tavmen
3325 1959 3471 2014 faida

173 2044 548 2110 praetermisso
573 2056 882 2102 occurrant.
914 2046 1009 2103 Sin
1041 2049 1194 2116 alias,
1219 2053 1661 2108 condemnentur.
1686 2072 1705 2105 ι

251 2132 500 2206 Νειιιιατι.
529 2137 583 2191 in
606 2137 752 2207 facil.
778 2138 938 2194 Juxta
957 2143 1193 2212 regulam
1214 2145 1386 2198 sancti
1401 2144 1669 2217 Gregorii,
1689 2148 1782 2218 qui

175 2227 258 2282 sic
287 2227 476 2282 scribit
501 2231 565 2284 ad
595 2230 976 2287 Maximianum
1025 2235 1336 2306 episcopum
1379 2236 1779 2308 Syracusanum

174 2319 272 2376 lib.
303 2337 367 2388 ιι,
397 2323 583 2378 indici.
623 2325 712 2390 10,
744 2325 903 2394 epist.
927 2325 1001 2381 λιι
1035 2346 1054 2380 ‹
1094 2327 1149 2382 Si
1177 2343 1282 2399 qua
1315 2326 1563 2384 fortassis
1597 2327 1780 2384 diﬁici-

173 2411 248 2466 lia
279 2412 542 2481 existunt,
565 2430 683 2484 qua:
707 2415 1061 2473 fraternitatis
1084 2428 1186 2474 tua:
1208 2418 1414 2489 judicio
1439 2435 1777 2491 nequaquam

171 2504 357 2560 dirimi
405 2507 633 2576 possint,
686 2509 802 2564 haec
845 2509 1180 2566 solummodo
1227 2522 1472 2567 nostrum
1512 2511 1776 2581 judicium

170 2592 457 2665 ﬂagitent;
491 2606 548 2651 ut
572 2597 834 2654 sublevati
871 2601 938 2656 de
966 2600 1202 2658 minimis
1222 2643 1236 2669 ,
1268 2602 1320 2658 in
1347 2604 1529 2659 causis
1558 2604 1777 2676 majori-

170 2683 276 2740 bus
306 2685 579 2743 efﬁcacius
605 2704 951 2759 occupentur.
990 2709 1008 2741 ι
1583 2715 1586 2718 ’

243 2776 377 2832 ΟΜ).
414 2779 552 2831 2.-
573 2779 859 2852 Episcopus
886 2783 939 2835 in
972 2783 1191 2854 synodo.
1224 2784 1570 2843 Burchardus
1591 2788 1693 2844 ista
1719 2797 1774 2845 et

168 2885 291 2940 qua:
323 2872 576 2944 deinceps
604 2885 903 2944 sequuntur
936 2892 1107 2948 usque
1138 2879 1204 2933 ad
1242 2890 1403 2950 caput
1431 2892 1643 2938 sextum
1675 2884 1776 2939 tri-

170 2960 290 3016 buit
324 2961 491 3035 579
511 2964 849 3037 Eutychiauo
875 2982 1048 3038 papae,
1072 2969 1158 3023 cui
1192 2970 1356 3025 etiam
1383 2973 1696 3028 tribuuntur
1715 2975 1770 3029 in

167 3051 572 3111 veteri'codice
620 3072 720 3112 ms.
771 3060 1084 3114 monasterii
1129 3059 1526 3132 Rivipullensis.
1571 3066 1768 3123 Verum

164 3145 300 3201 hinc
335 3148 679 3204 manifestum
714 3160 799 3204 est
830 3151 917 3204 illa
941 3133 1213 3224 descripta
1244 3170 1363 3211 esse
1399 3157 1450 3210 in
1482 3161 1649 3214 veteri
1683 3176 1772 3215 co-

162 3237 290 3294 dice
321 3255 391 3292 ex
415 3238 643 3296 Decreto
664 3241 968 3298 Burchardi
998 3247 1141 3315 quod
1170 3248 1379 3302 numeri
1412 3249 1521 3304 illic
1547 3253 1766 3323 ascripti

163 3340 300 3387 sunt
327 3331 515 3402 quales
535 3343 749 3389 exstant
775 3336 914 3405 apud
941 3337 1335 3394 Burchardum.
1358 3341 1412 3394 In
1442 3344 1596 3398 titulo
1623 3346 1768 3400 enim

163 3425 274 3480 ista
320 3425 572 3496 leguntur
606 3448 618 3483 :
651 3427 939 3484 Decretalis
986 3432 1244 3486 institutio
1289 3432 1558 3488 Euticiani
1593 3453 1766 3507 papaa,

160 3516 299 3587 quid
342 3518 568 3590 episcopi
609 3521 664 3572 in
701 3521 899 3592 synodo
943 3521 1159 3577 debeant
1203 3524 1483 3594 inquirere.
1536 3526 1765 3598 Capitul.

161 3621 282 3663 χει.
319 3607 455 3663 Tum
493 3627 506 3663 :
546 3609 934 3680 Jusjurandum
963 3613 1215 3684 synodale
1244 3614 1593 3672 xcn.Postea
1624 3634 1638 3672 :
1667 3618 1768 3672 Ju-

163 3712 467 3755 ramentum
500 3715 809 3758 cwterorum
837 3721 989 3760 xcut.
1021 3707 1090 3760 Et
1126 3707 1206 3762 sic
1238 3707 1304 3762 de
1330 3709 1561 3764 czeteris.
1593 3708 1768 3781 Igitur

162 3801 300 3848 ante
341 3794 714 3873 Burchardum
764 3797 866 3852 ista
912 3813 1020 3852 non
1075 3797 1394 3853 dicebantur
1435 3814 1555 3856 esse
1594 3801 1767 3873 Euty-

163 3885 350 3940 chiani
373 3871 557 3956 papae;
589 3895 648 3941 ut
670 3903 728 3943 re
751 3903 878 3943 vera
907 3889 1050 3945 illius
1075 3905 1197 3945 esse
1226 3906 1332 3946 non
1360 3901 1605 3962 possunt,
1639 3909 1762 3949 cum

163 3977 341 4032 multa
369 3978 477 4033 illic
504 3980 806 4036 habeantur
833 3997 953 4052 quae
974 3981 1152 4038 Caroli
1180 3981 1354 4055 Magni
1382 3998 1556 4039 aevum
1578 3995 1764 4056 aperte

163 4068 436 4135 redolent,
464 4071 830 4144 Entychianus
843 4084 1022 4130 autem
1050 4073 1236 4131 Romae
1260 4077 1460 4131 sederit
1480 4080 1580 4133 sub
1602 4077 1764 4134 ﬁnem

163 4161 317 4216 tertii
343 4163 545 4218 smculi.
593 4165 742 4220 Adeo
768 4175 947 4221 autem
978 4175 1104 4221 nota
1130 4182 1237 4222 non
1268 4176 1424 4223 erant
1445 4183 1559 4224 aevo
1585 4167 1764 4226 Caroli

163 4253 374 4326 Magni,
401 4255 593 4312 saltem
630 4257 732 4314 sub
775 4257 995 4313 nomine
1028 4258 1350 4330 Eutychiani
1399 4268 1494 4313 aut
1535 4259 1763 4331 alicujus

165 4347 311 4403 alius
331 4347 559 4404 Romani
590 4351 882 4421 pontiﬁcis,
932 4361 991 4406 ut
1033 4365 1208 4424 neque
1241 4361 1456 4409 exstent
1504 4355 1558 4409 in
1604 4354 1763 4410 colle-

165 4439 350 4494 ctione
395 4441 748 4511 epistolarum
793 4443 1193 4514 pontiﬁciarum
1225 4459 1289 4500 ex
1317 4446 1513 4515 quibus
1532 4445 1762 4502 Galliam

163 4528 624 4603 Germaniamque
653 4533 889 4604 replevit.
913 4535 1155 4591 Riculqu
1183 4538 1625 4610 archiepiscopus
1655 4539 1762 4596 Mo-
1841 4578 1846 4582 ι

1884 2049 2154 2121 signiﬁcat
2189 2051 2503 2121 simpliciter
2547 2053 2884 2108 inimicitiam
2933 2053 3180 2124 quamvis
3213 2053 3279 2108 de
3320 2053 3467 2108 cardo

1883 2155 1991 2196 non
2042 2151 2264 2210 agatur,
2307 2153 2365 2198 ut
2408 2144 2460 2198 in
2512 2143 2654 2200 libro
2700 2145 2938 2200 secundo
2985 2145 3119 2216 legis
3159 2143 3468 2215 Longobar-

1883 2231 2106 2297 dorum,
2139 2234 2224 2287 tit.
2265 2234 2354 2300 15,
2410 2249 2526 2305 cap.
2566 2235 2622 2288 2.
2671 2235 2746 2290 De
2787 2233 2945 2290 faidis
2985 2235 3297 2290 coercendis
3340 2249 3468 2288 con-

1880 2323 2087 2378 stitutio
2117 2331 2292 2378 exstat
2318 2323 2457 2378 infra
2505 2339 2623 2394 cap.
2658 2324 2810 2380 81.Α
2863 2323 3008 2380 faida
3049 2325 3335 2380 deductum
3384 2332 3470 2378 est

1880 2414 2140 2482 faidosus,
2183 2417 2236 2470 id
2273 2426 2356 2472 est
2385 2418 2431 2473 is
2471 2418 2563 2487 qui
2613 2417 2811 2472 faidam
2861 2419 3102 2486 patitur,
3157 2406 3312 2487 cujus
3353 2416 3466 2470 vita

1879 2512 1935 2566 in
1966 2520 2081 2566 tuto
2131 2527 2238 2566 non
2288 2520 2371 2568 est
2423 2519 2643 2582 propter
2689 2511 3005 2566 inimicitias
3051 2509 3329 2580 capitales.
3385 2507 3466 2562 Ex

1877 2605 2067 2661 eodem
2090 2603 2237 2660 fonte
2263 2604 2417 2659 ﬂuxit
2458 2604 2776 2661 vocabulum
2800 2604 3046 2676 faiditus,
3075 2605 3217 2675 quod
3261 2604 3469 2675 signiti-

1877 2706 1967 2754 cat
1994 2698 2208 2769 proprie
2237 2697 2488 2754 rebellem
2524 2713 2588 2753 ac
2607 2698 2962 2766 proditorem,
2993 2698 3062 2754 ob
3078 2712 3198 2754 eam
3240 2711 3464 2753 causam

1874 2791 2236 2861 proscriptum
2273 2799 2328 2845 et
2363 2789 2629 2854 exsulem,
2663 2798 2723 2845 ut
2761 2790 3077 2845 adnotatum
3104 2797 3190 2844 est
3230 2800 3263 2844 a
3304 2788 3464 2844 nobis

1877 2882 1932 2936 in
1981 2883 2122 2936 notis
2158 2882 2227 2936 ad
2274 2879 2516 2936 Concilia
2562 2879 2750 2936 Gallice
2795 2878 3184 2937 Narbonensis.
3239 2879 3466 2935 Fallitur

1875 2973 2018 3028 enim
2043 2971 2264 3028 Vossius
2289 2988 2411 3026 cum
2434 2988 2499 3026 ex
2525 2987 2691 3042 prava
2717 2972 2950 3028 lectione
2971 2986 3091 3044 qua!
3115 2979 3291 3027 exstat
3317 2969 3462 3042 apud

1875 3063 2095 3118 Petrum
2146 3063 2471 3117 monachum
2528 3061 2757 3116 Vallium
2810 3059 3027 3116 Cernaii
3076 3061 3132 3115 in
3185 3057 3460 3130 capite85

1876 3150 2130 3206 Historia:
2168 3150 2560 3221 Albigensium,
2589 3150 2680 3205 ubi
2715 3157 2838 3219 post
2865 3149 3139 3220 ruptarios
3175 3149 3462 3204 nominan-

1879 3255 1965 3300 tur
1988 3245 2187 3316 faydici
2218 3256 2330 3298 tum
2361 3244 2524 3298 etiam
2550 3243 2810 3312 deceptus
2854 3252 2984 3298 nota
3026 3240 3336 3314 marginali,
3365 3241 3459 3298 ubi

1874 3339 2137 3408 scriptum
2187 3346 2269 3393 est
2305 3338 2438 3407 forte
2483 3336 2727 3405 fatidici,
2761 3337 2972 3408 putavit
3013 3336 3106 3392 hic
3148 3338 3232 3409 agi
3258 3336 3323 3391 de
3371 3335 3462 3391 his

1873 3431 1964 3500 qui
1993 3429 2104 3485 fata
2138 3429 2257 3485 aliis
2290 3429 2646 3500 praedicturos
2688 3443 2746 3484 se
2786 3429 3152 3498 promittunt,
3205 3444 3327 3484 cum
3368 3438 3449 3485 ta-

1872 3539 1994 3580 men
2027 3523 2092 3577 de
2133 3519 2334 3577 faiditis
2362 3530 2575 3591 agatur,
2603 3520 2657 3575 id
2699 3527 2784 3575 est
2811 3519 3176 3590 proditoribus
3214 3519 3453 3589 proscri-

1869 3617 1978 3688 ptis
2009 3631 2106 3670 seu
2143 3613 2392 3680 baniiitis.
2429 3613 2567 3673 Hinc
2595 3612 2970 3668 faidimentum
2995 3627 3094 3684 pro
3122 3612 3452 3684 proditione.

1939 3706 2043 3781 §6.
2075 3705 2229 3774 Quod
2257 3708 2426 3760 morth
2466 3705 2666 3760 dicunt.
2698 3703 2816 3760 Lib.
2860 3721 2878 3758 ι
2908 3703 3042 3776 legis
3086 3703 3453 3775 Longobard.,

1869 3800 1954 3856 tit.
1995 3799 2048 3866 9,
2079 3814 2197 3870 cap.
2224 3798 2310 3864 15,
2337 3809 2391 3853 et
2434 3798 2518 3852 tit.
2543 3796 2632 3865 36,
2679 3812 2800 3868 cap.
2833 3798 2859 3852 1
2891 3814 2904 3852 :
2940 3815 2960 3850 ‹
2995 3797 3053 3854 Si
3083 3811 3273 3853 servus
3307 3797 3454 3867 regis

1867 3893 2049 3948 morth
2084 3892 2297 3959 fecerit,
2328 3893 2401 3947 ita
2447 3891 2808 3958 decernimus,
2843 3898 2903 3946 ut
2953 3899 3244 3962 componat
3279 3889 3451 3961 ipsam

1865 4000 2153 4056 personam
2177 3985 2318 4040 sicut
2346 3984 2647 4055 appretiata
2681 3981 2864 4051 fuerit,
2895 3989 2950 4038 et
2977 3996 3165 4038 servus
3207 3981 3322 4052 ipse
3364 3995 3458 4035 su-

1865 4093 1962 4150 per
1987 4076 2186 4132 fossam
2211 4077 2378 4147 ipsius
2395 4077 2593 4131 mortui
2615 4075 2968 4147 appendatur,
2985 4082 3044 4129 ut
3064 4075 3116 4129 in
3130 4089 3196 4130 eo
3214 4073 3452 4130 vindicta

1867 4169 2044 4235 detur,
2076 4175 2131 4222 et
2157 4167 2228 4223 sit
2275 4183 2439 4222 causa
2472 4166 2643 4221 ﬁnita.
2681 4185 2700 4218 ι

1935 4259 2071 4332 §53.
2105 4258 2384 4314 Ordiendis
2407 4257 2544 4313 telis.
2577 4255 2758 4313 Editio
2791 4255 3161 4323 Helmaastad.,
3195 4255 3450 4312 ordinan-

1864 4351 1968 4405 dis.
1999 4350 2180 4406 Codex
2209 4364 2375 4417 mss.,
2401 4348 2688 4404 ordiendis.
2737 4348 2890 4406 Isaiae
2929 4363 3048 4420 cap.
3098 4363 3230 4416 xxv,
3263 4345 3444 4404 Telam

1864 4458 2022 4513 quam
2061 4442 2264 4496 orditus
2308 4451 2404 4496 est.
2471 4449 2476 4456 '
3417 4479 3422 4486 .

1931 4534 1960 4607 §
1993 4534 2082 4589 55.
2107 4531 2230 4588 Nisi
2251 4535 2304 4588 in
2332 4533 2570 4590 ecclesia.
2603 4533 2773 4608 Igitur
2815 4549 2914 4606 per
2948 4533 3069 4592 illas
3094 4540 3448 4606 tempestates

165 4621 442 4693 guntinus,
471 4638 645 4694 neque
665 4638 728 4677 ex
745 4625 1081 4696 Eutychiano
1101 4625 1388 4682 laudentur
1408 4645 1436 4683 a
1461 4628 1757 4702 Reginone.

1878 4640 2094 4695 :orpora
2128 4633 2466 4680 mortuorum
2494 4624 2877 4681 deferebantur
2899 4625 2966 4681 ad
2997 4623 3310 4692 ecclesiam,
3340 4623 3449 4681 ibi‘

166 4712 286 4781 Quo
314 4714 513 4770 factum
553 4716 757 4786 pariter
786 4727 868 4772 est
903 4727 959 4772 ut
995 4719 1086 4788 qui
1118 4718 1466 4776 collectioncs
1501 4723 1760 4779 concilio-

162 4823 286 4861 rum
322 4820 706 4877 procurarunt,
751 4825 874 4866 cum
915 4811 1032 4867 sine
1061 4811 1268 4867 delectu
1307 4822 1501 4868 cuncta
1541 4817 1765 4870 ederent

163 4897 362 4968 quibus
390 4899 696 4953 veneranda
720 4897 1021 4969 priscorum
1049 4902 1365 4970 pontiﬁcum
1396 4903 1762 4960 Romanorum

161 4991 388 5046 nomina
425 4994 798 5063 praeﬁguntur,
832 4994 936 5048 ista
969 5002 1145 5048 tamen
1183 4994 1505 5068 Eutychiani
1547 4997 1764 5052 decreta

158 5083 466 5139 omiserint.
496 5083 613 5140 Mea
645 5087 828 5156 Opinio
857 5096 960 5150 est,
991 5087 1076 5140 illa
1120 5103 1224 5143 non
1256 5103 1378 5142 esse
1416 5103 1481 5142 ex
1527 5089 1757 5144 concilio

157 5178 441 5250 quopiam,
472 5195 648 5250 neque
677 5197 741 5236 ex
774 5181 1004 5236 decretis
1033 5181 1261 5253 alicujus
1287 5181 1512 5236 Romani
1543 5183 1759 5252 pontiﬁ-

155 5271 268 5335 cis,
299 5271 397 5326 sed
426 5271 716 5327 formulam
768 5273 933 5328 fuisse
977 5274 1271 5328 secundum
1322 5289 1482 5343 quam
1521 5274 1758 5345 episcopi

159 5364 501 5434 interrogare
527 5365 794 5420 debebant
835 5365 1002 5420 laicos
1031 5366 1081 5418 in
1123 5380 1444 5435 unaquaque
1486 5367 1755 5436 partecia,

159 5472 282 5522 eam
310 5471 473 5526 porro
497 5456 783 5510 formulam
813 5457 1000 5512 eodem
1027 5466 1266 5526 tempore
1297 5457 1566 5511 inventam
1593 5456 1758 5513 fuisse

161 5562 272 5617 quo
303 5547 580 5617 inquisitio
620 5549 685 5604 dc
715 5551 822 5604 vita
863 5549 1182 5606 clericorum
1213 5565 1331 5620 qua:
1367 5549 1646 5620 praemissa
1671 5559 1756 5606 est

160 5639 320 5694 initio
346 5640 468 5696 libri
498 5641 680 5711 primi.

216 5731 366 5806 (Car.
399 5733 453 5788 3.
485 5764 556 5774 —
580 5733 896 5804 Synodalem
926 5751 1161 5790 causam.
1206 5735 1261 5790 Id
1293 5743 1378 5791 est
1405 5752 1525 5806 quae
1551 5736 1616 5790 ad
1642 5735 1755 5806 epi-

128 5835 141 5854 ί
163 5801 312 5893 scopi
342 5801 703 5896 cognitionem
733 5827 1022 5897 pertineat,
1065 5842 1186 5897 quae
1219 5801 1452 5894 judicari
1479 5801 1752 5883 debeat-in

168 5914 444 5975 audientia
480 5918 797 5982 episcooali,
824 5919 1079 5974 nimirum
1124 5919 1193 5975 ad
1221 5919 1454 5974 dandam
1487 5920 1752 5980 omnitetv

1866 4734 1971 4792 que
1997 4718 2442 4776 custodiebantur
2460 4718 2516 4773 in
2540 4717 2738 4790 vigiliis
2755 4717 3056 4774 nocturnis.
3081 4715 3229 4773 Istud
3254 4714 3453 4772 deinde

1865 4821 2129 4868 mutatum
2158 4820 2262 4867 est.
2313 4810 2419 4866 Sed
2457 4825 2566 4882 quo
2614 4819 2855 4882 tempore
2902 4810 3162 4866 acciderit
3208 4809 3312 4865 ista
3346 4807 3452 4864 im-

1863 4905 2090 4960 mutatio
2113 4918 2218 4958 non
2249 4903 2384 4958 adeo
2405 4903 2565 4958 facile
2593 4903 2828 4959 discerni
2863 4909 3063 4974 potest.
3092 4901 3189 4957 Vir
3217 4899 3451 4958 clarissio

1862 5011 1983 5051 mus
2005 4995 2328 5050 Laurentius
2350 4993 2638 5050 Bocliellus
2664 4993 2720 5049 in
2749 4993 2887 5050 libro
2909 4994 3071 5048 tertio
3091 4991 3445 5048 Decretorum

1862 5089 2118 5145 Ecclesiae
2144 5087 2458 5154 Gallicanae,
2482 5087 2566 5142 tit.
2591 5085 2681 5153 18,
2705 5101 2824 5157 cap.
2854 5087 2941 5152 11,
2971 5084 3137 5140 refert
3168 5085 3444 5140 decretum

1860 5183 2128 5254 quoddam
2181 5198 2246 5236 ea;
2301 5179 2940 5252 synodalibus/Ecclesia’
2991 5177 3328 5244 Rhemensis,
3388 5175 3445 5231 in

1863 5275 2061 5346 quibus
2109 5280 2333 5328 cavetur
2380 5282 2438 5327 ut
2474 5287 2703 5342 corpora
2729 5278 3066 5326 mortuorum
3103 5287 3122 5320 ι
3164 5282 3273 5323 non
3311 5267 3446 5340 vigi-

1861 5366 2045 5422 lentur
2074 5365 2128 5420 in
2153 5363 2385 5420 ecclesia
2420 5363 2486 5418 de
2511 5374 2669 5418 nocte
2691 5371 2914 5433 propter
2939 5358 3204 5415 maleﬁcia
3227 5373 3349 5429 qua:
3369 5372 3440 5415 ex

1864 5457 2258 5522 hoc,accidere
2304 5462 2527 5527 possent
2559 5462 2615 5509 et
2652 5467 2794 5523 saepe
2823 5451 3140 5508 acciderunt
3183 5449 3445 5520 tempori-

1855 5553 1957 5608 bus
1981 5549 2286 5605 retroactis.
2335 5567 2354 5600 ο
2392 5544 2528 5600 Tum
2575 5545 2627 5599 in
2679 5543 2854 5613 capite
2889 5541 2958 5596 30
3007 5541 3251 5612 ejusdem
3303 5539 3444 5598 tituli

1857 5643 2118 5701 describit
2155 5641 2313 5713 581
2366 5638 2512 5694 aliud
2541 5638 2816 5693 decretum
2841 5653 2906 5692 ea:
2946 5636 3285 5709 synodalibus
3331 5635 3438 5692 Ec-

1856 5738 2027 5793 clesite
2070 5735 2361 5799 Trecensis,
2394 5734 2448 5788 in
2503 5749 2610 5804 quo
2642 5733 2717 5787 ita
2766 5731 3025 5802 scriptum
3065 5739 3179 5787 est:
3230 5750 3249 5783 ι
3285 5729 3437 5785 Inhi-

1857 5829 2023 5883 beant
2056 5825 2230 5881 curati
2252 5824 2364 5880 suis
2393 5822 2739 5894 parochianis
2765 5837 2831 5876 ne
2853 5819 3073 5892 vigilent
3108 5821 3162 5874 in
3205 5817 3434 5875 ecclesia

1855 5920 1924 5976 de
1956 5927 2116 5980 nocte
2156 5917 2374 5978 quando
2423 5931 2651 5987 corpora
2701 5915 3006 5986 aliquorum
3056 5911 3433 5970 defunctorum
