3848 5524
503 438 610 498 H3

1880 440 2226 499 STEPHANI
2253 439 2525 507 DALUZH

3586 474 3597 486 ο
3656 446 3745 502 ιιι

508 558 704 614 ibidem
742 559 1095 630 deportantur
1130 559 1215 618 vel
1241 560 1387 628 alibi,
1409 571 1632 634 propter
1655 561 1919 619 maleﬁcia
1954 577 2074 634 quin
2099 561 2152 623 Α
2177 573 2293 612 cum
2321 573 2397 615 xu
2433 559 2598 628 juret.
2625 556 2746 626 Quo
2775 559 2937 615 etiam
2971 558 3130 615 modo
3155 559 3387 615 habetur
3421 560 3567 631 apud
3609 560 3743 634 Regi-

507 653 702 706 ihidem
732 651 864 707 ﬁunt
891 660 944 708 et
970 654 1300 724 temporibus
1326 656 1615 712 retroactis
1646 657 2006 728 contigerunt.
2049 676 2070 711 ι

506 738 609 795 Sed
639 743 721 797 vir
746 743 1082 800 clarissimus
1121 761 1226 801 non
1259 746 1534 803 adnotavit
1574 757 1789 818 tempus
1831 764 1939 820 quo
1966 760 2078 804 sta-

507 840 619 887 tnta
647 832 730 887 illa
760 835 973 890 condita
1004 834 1243 892 luerunt.
1268 836 1386 892 Jam
1435 847 1591 894 antea
1640 840 1924 895 concilium
1969 839 2078 895 Eli-

501 920 803 980 lzeritanum
833 935 1097 983 statuerat
1127 929 1179 985 in
1222 944 1429 985 canone
1451 930 1561 985 55:
1600 950 1619 983 ‹
1653 929 1731 987 Nc
1759 931 1973 987 feminae
2019 932 2074 986 in

499 1016 812 1070 cmznctcrlo
856 1017 1199 1087 pervigilem,
1243 1032 1308 1075 eo
1347 1019 1490 1089 quod
1537 1034 1679 1091 saepe
1718 1021 1821 1077 sub
1848 1024 2073 1078 obtentu

497 1103 760 1159 orationis
788 1105 991 1161 scelera
1016 1106 1249 1163 latenter
1270 1110 1630 1165 committant.
1671 1131 1691 1165 ι

565 1197 694 1252 CAP.
719 1197 771 1253 ϐ.
791 1230 864 1244 -ρ-
885 1198 1227 1258 Burchardus
1255 1203 1357 1261 ista
1383 1205 1668 1276 descripsit
1699 1204 1752 1261 in
1776 1205 1929 1261 initio
1949 1205 2070 1262 libri

494 1286 656 1353 sexti,
686 1306 752 1345 ea:
782 1291 1002 1346 concilio
1043 1290 1388 1350 Triburiensi.
1420 1296 1485 1350 Et
1532 1305 1707 1353 tamen
1754 1297 1931 1353 verbis
1963 1292 2071 1353 Re-

494 1374 712 1450 ginonis
761 1382 961 1451 utitur,
994 1399 1114 1454 qua:
1151 1385 1481 1459 elegantiora
1517 1376 1645 1446 sunt
1675 1390 1908 1463 vulgatis
1953 1392 2068 1447 edi-

496 1470 732 1527 tionibus
773 1474 964 1544 synodi
995 1473 1376 1533 Trihuriensis.
1422 1479 1558 1534 Tum
1601 1480 1789 1535 tribuit
1820 1480 1907 1535 illa
1958 1480 2068 1551 pri-

496 1562 658 1618 initus
682 1558 964 1639 Melcliiadi
988 1580 1162 1637 papas,
1188 1569 1276 1625 cui
1306 1584 1335 1624 ι
1366 1569 1512 1626 nullo
1550 1570 1656 1625 alio
1689 1571 1888 1626 tributa
1915 1580 2061 1626 sunt.

488 1646 598 1710 Sed
623 1671 744 1711 cum
766 1657 976 1714 videret
1008 1661 1338 1732 Reginonem
1369 1678 1430 1722 ea
1456 1672 1701 1735 repetere
1729 1679 1797 1719 ex
1825 1665 2065 1721 sanctio-

493 1748 650 1804 nibus
678 1751 952 1808 canonicis
972 1762 1026 1809 et
1050 1770 1112 1810 ex
1140 1754 1345 1825 judicio
1370 1757 1771 1828 episcoporum,
1792 1755 2062 1825 judicium

489 1840 861 1910 episcoporum
908 1847 1203 1903 cauouihus
1242 1848 1453 1903 concilii
1495 1848 1881 1915 Triburiensis,
1933 1862 2059 1903 san-

489 1930 696 1986 ctiones
734 1934 1025 1991 canonicas
1058 1938 1269 2007 putavit
1296 1939 1612 1996 tribuendas
1657 1954 1776 1996 esse
1813 1941 2061 1995 Romano

487 2021 717 2091 cuipiam
758 2025 1018 2095 pontifici.
1068 2027 1207 2085 Tum
1264 2048 1393 2089 vero
1443 2042 1744 2105 Opportune
1792 2033 1871 2088 illi
1917 2033 2061 2090 haud

488 2111 646 2169 dubie
668 2117 907 2173 occurrit
940 2134 1135 2178 nomen
1166 2121 1498 2181 Melchiadis.
1528 2125 1641 2181 Hoc
1663 2133 1781 2181 erat
1823 2125 2060 2183 hominis

486 2204 784 2277 ingeniiim.

554 2297 680 2353 CAP.
711 2299 763 2355 9.
782 2330 854 2343 —
878 2301 1095 2358 Missam
1130 2302 1188 2360 S.
1217 2305 1375 2362 Idan.
1410 2306 1468 2362 id
1496 2317 1598 2375 est,
1625 2308 1839 2366 festum.

482 2370 497 2388 ”
551 2386 677 2443 Car.
709 2389 798 2445 41.
829 2392 1089 2466 -Caput
1108 2396 1250 2453 istud
1275 2414 1379 2455 non
1399 2402 1575 2457 ex’stat
1605 2403 1658 2458 in
1689 2405 2057 2462 vetustissimo

476 2468 620 2568 libr'o
655 2480 1037 2553 Capitularium
1069 2488 1399 2548 bibliothecae
1428 2492 1611 2563 Regia:
1639 2511 1706 2551 ex
1732 2511 1837 2567 quo
1876 2498 2054 2568 prima

477 2566 800 2630 Parisiensis
819 2575 982 2633 editio
1004 2578 1386 2651 Capitularium
1408 2587 1623 2655 prodiit,
1652 2566 1827 2658 neque
1846 2566 1900 2644 in
1932 2589 2057 2647 Col-

477 2657 713 2730 hertino,
735 2679 842 2721 non
871 2666 1087 2725 demum
1116 2671 1167 2726 in
1186 2671 1557 2746 Rivipullensi.
1592 2657 1937 2745 Quiaitamen
1984 2698 2053 2738 ex

476 2756 643 2810 veteri
672 2755 810 2813 libro
838 2756 1039 2815 editum
1066 2772 1172 2829 est,
1200 2780 1321 2821 cum
1368 2767 1443 2822 illi
1476 2780 1735 2840 praeterea
1783 2773 1939 2829 iidem
1972 2774 2053 2831 fa-

476 2844 583 2900 ciat
610 2848 716 2903 ista
751 2848 995 2909 collectio
1026 2850 1314 2926 Regiuouis
1358 2861 1593 2932 itemque
1614 2873 1767 2920 vetus
1806 2867 2050 2925 collectio

477 2950 742 2993 canonum
772 2954 873 3025 ms.
906 2944 959 2999 in
983 2946 1306 3006 bibliotheca
1355 2951 1537 3025 Regia,
1565 2957 1785 3013 dubium
1810 2976 1916 3015 non
1966 2970 2052 3019 cst

380 3028 389 3033 '
476 3027 604 3096 quin
649 3024 812 3087 fuerit
833 3032 959 3090 olim
987 3034 1042 3092 in
1068 3038 1221 3094 libris
1260 3024 1671 3114 Capitularium.
1719 3048 1826 3104 Sed
1868 3059 2047 3107 utrum

475 3114 635 3212 l’ueijt
658 3118 985 3195 descriptum
1016 3128 1070 3183 in
1102 3128 1239 3187 libro
1278 3148 1496 3203 quarto,
1524 3148 1583 3192 ut
1618 3139 1817 3196 habent
1861 3142 2050 3212 vulga-

475 3213 542 3305 tae
567 3209 947 3282 Capitularium
970 3219 1248 3289 editiones,
1279 3226 1360 3281 vel
1384 3226 1436 3282 in
1465 3231 1721 3300 secundo,
1758 3242 1815 3288 ut
1838 3209 2045 3305 Regina

472 3300 623 3369 citat,
653 3305 734 3362 vel
764 3308 978 3366 demum
1012 3312 1065 3368 in
1090 3316 1295 3387 quinto,
1331 3329 1387 3374 ut
1430 3322 1482 3376 in
1521 3325 1689 3379 veteri
1731 3300 2045 3383 collectione

471 3404 629 3462 quam
652 3411 776 3454 mox
808 3399 1183 3474 laudavimus,
1215 3408 1428 3468 difﬁcile
1462 3415 1604 3471 dictu
1644 3426 1744 3472 est.
1793 3417 1852 3473 In
1884 3419 2046 3477 colle-

460 3481 646 3580 'ctione
683 3500 862 3549 autem
910 3494 1003 3555 illa
1046 3498 1124 3555 sic
1164 3499 1361 3575 legitur
1397 3519 1414 3560 :
1461 3505 1843 3579 Capitularium
1874 3511 1964 3567 lib.
1986 3524 2040 3580 v,

452 3588 579 3675 ‘cap.
610 3578 697 3637 90.
724 3580 1022 3660 Presbyteri
1049 3592 1306 3664 interfecti
1334 3599 1571 3670 episcopo
1601 3601 1668 3655 ad
1699 3603 1852 3673 cujus
1874 3578 2044 3675 para;

465 3670 635 3726 thiam
657 3678 913 3745 pertinent
948 3679 1233 3741 solvantur.
1270 3684 1423 3745 Unde
1467 3690 1716 3763 colligere
1757 3670 2041 3765 possumus

463 3760 808 3824 librariorum
827 3774 1417 3846 quandoqneindnstria
1440 3760 1685 3839 effectum
1706 3760 1823 3842 esse
1846 3797 1901 3843 ut
1918 3804 2041 3858 per-

462 3853 1039 3949 inultakomitterentur
1059 3869 1111 3922 in
1136 3873 1533 3942 exemplaribus
1558 3876 1709 3934 novis
1735 3892 1855 3949 quae
1876 3853 2039 3938 facie-

460 3940 593 4000 bant
628 3945 1046 4025 Capitularium,
1094 3974 1212 4030 qua:
1261 3940 1439 4020 tamen
1497 3940 1783 4024 exstabant
1835 3972 1888 4026 in
1931 3973 2038 4030 illis

461 4038 874 4109 antiquioribus.
924 4047 1285 4121 Burchardns,
1334 4067 1393 4112 ut
1433 4046 1652 4124 assolet,
1703 4073 1863 4133 caput
1894 4064 2036 4123 istud

354 4211 360 4215 Α
457 4142 563 4215 non
598 4130 779 4189 laudat
820 4149 887 4192 ex
915 4137 1068 4215 libris
1104 4141 1511 4215 Capitularium,
1566 4152 1658 4207 sed
1699 4130 1783 4207 cxi
1811 4156 2035 4213 concilio

454 4207 812 4293 Trilmriensi,
834 4242 954 4298 cap.
979 4209 1030 4285 Β.
1052 4230 1110 4286 in
1131 4207 1305 4305 capite
1328 4253 1459 4294 sane
1484 4251 1678 4311 quarto
1700 4242 1843 4299 illius
1870 4242 2033 4318 582

455 4311 668 4406 coacilii
714 4314 970 4374 statuitur
994 4320 1061 4378 de
1107 4328 1497 4396 compositione
1522 4333 1817 4406 presbyteri
1841 4311 2027 4394 occisi.

452 4400 706 4499 ﬁttemen
728 4409 908 4465 omnia
952 4412 1162 4471 diversa
1192 4428 1319 4474 sunt
1349 4436 1379 4476 a
1410 4400 1571 4479 sensu
1610 4400 1773 4482 istius
1814 4429 2028 4499 capitis.

452 4486 590 4588 Illuc
612 4509 741 4569 ergo
764 4498 1017 4571 deceptus
1040 4510 1123 4561 est
1158 4506 1504 4569 Burchardns
1528 4519 1670 4585 quod
1699 4486 1914 4588 putaret
1942 4537 2031 4577 ca-

450 4581 561 4673 pita
588 4592 707 4653 qua".
732 4600 1030 4660 sequuntur
1059 4605 1178 4663 post
1203 4608 1362 4669 caput
1399 4600 1468 4657 37
1507 4581 1661 4659 istius
1700 4581 1849 4673 libri,
1882 4612 2025 4681 quod

440 4675 765 4765 'expressum
786 4686 869 4733 est
896 4694 962 4736 ex
981 4686 1276 4744 canonibus
1305 4692 1517 4747 concilii
1542 4675 1928 4765 Triburiensis,
1956 4702 2024 4757 ad

444 4758 588 4841 idem
621 4768 905 4827 concilium
928 4777 1199 4845 pertinere
1221 4779 1391 4840 donec
1418 4787 1691 4843 veniretur
1728 4791 1794 4847 ad
1815 4758 2020 4849 consti-

442 4853 706 4913 tutionem
734 4862 953 4922 concilii
983 4864 1419 4931 'Wormaticnsis.
1454 4876 1553 4934 Hic
1574 4888 1657 4934 est
1686 4879 1806 4937 fons
1831 4891 1886 4938 et
1911 4885 2020 4940 ori-

438 4944 530 5047 go,
552 4951 694 5047 quod
711 4969 851 5028 saepe
872 4957 1152 5017 dicendum
1174 4975 1277 5035 est,
1297 4969 1587 5025 multorum
1610 4988 1851 5030 errorum
1877 4977 2016 5047 apud

2178 664 2377 706 nouem
2407 659 2515 706 tam
2551 651 2604 707 in
2632 651 2867 707 editione
2902 650 3364 709 lielmaestadiensi
3388 668 3557 724 quam
3595 655 3647 709 in
3672 672 3744 711 co-

2177 738 2297 795 dice
2322 739 2635 797 Parisiensi.
2663 741 2967 797 Absurdum
3010 755 3271 813 praeterea
3306 750 3394 799 est
3433 758 3742 815 quemquam

2177 831 2293 902 cogi
2320 832 2388 887 ad
2414 833 2798 889 inveniendum
2831 841 2907 889 tot
2931 834 3320 905 conjuratores.
3352 834 3602 905 Denique
3635 835 3743 890 duo-

2176 921 2350 978 decim
2391 931 2601 981 tautum
2642 925 2802 996 vulgo
2849 934 2959 981 tum
3004 926 3247 981 adhiberi
3285 925 3480 982 solitos
3522 935 3667 996 patet
3690 943 3742 983 ex

2175 1011 2312 1069 libro
2334 1015 2572 1071 secundo
2594 1015 2914 1086 Capitular.,
2942 1032 3060 1087 cap.
3089 1017 3192 1086 25;
3221 1018 3312 1073 lib.
3338 1034 3419 1083 tv,
3449 1033 3573 1089 cap.
3606 1018 3667 1073 15
3700 1029 3742 1075 et

2171 1103 2273 1172 26;
2301 1106 2394 1163 lib.
2422 1124 2473 1171 v,
2505 1123 2626 1178 cap.
2658 1107 2757 1163 201
2782 1126 2797 1176 ;
2833 1118 2945 1169 tum
2967 1110 3128 1173 etiam
3161 1127 3227 1166 ex
3256 1110 3395 1167 libro
3425 1112 3607 1181 primo
3632 1111 3740 1182 legis

2170 1191 2600 1266 Longobardor..
2632 1199 2697 1253 tit
2719 1199 2805 1266 15,
2834 1214 2957 1271 cap;
2978 1200 3013 1254 3
3037 1216 3052 1264 ;
3082 1201 3164 1256 tit.
3197 1201 3285 1266 16,
3311 1217 3436 1273 cap.
3466 1202 3536 1267 ες
3565 1203 3647 1257 tit.
3664 1203 3738 1270 ἐξ,

2170 1304 2288 1359 cap.
2312 1289 2411 1357 73;
2436 1299 2492 1347 et
2512 1291 2603 1347 lib.
2635 1308 2695 1358 ιι,
2728 1293 2810 1348 tit.
2851 1290 2902 1358 Ι,
2938 1309 3055 1365 cap.
3092 1293 3160 1359 ες
3200 1295 3283 1349 tit.
3325 1294 3416 1359 14.
3463 1311 3589 1365 cap.
3632 1296 3741 1359 ια

2172 1377 2255 1433 tit.
2286 1377 2378 1445 55,
2403 1395 2520 1451 cap.
2543 1380 2598 1448 ‘2,
2626 1383 2680 1448 ὅ,
2712 1382 2745 1445 5
2774 1392 2829 1439 et
2847 1382 2952 1448 5'5;
2981 1399 3043 1439 ex
3067 1383 3224 1457 titulo
3260 1385 3499 1455 denique
3533 1387 3603 1440 53
3630 1385 3737 1457 legis

2170 1467 2620 1539 Alamannorum,
2655 1483 2711 1529 ct
2736 1490 2801 1530 ex
2834 1475 2990 1531 titulo
3017 1475 3050 1533 8
3078 1484 3133 1530 et
3174 1475 3244 1530 52
3265 1476 3398 1546 legis
3421 1477 3737 1547 Burgundio.

2166 1575 2317 1615 num.
2361 1562 2613 1623 Attamen
2646 1566 2985 1639 septuaginta
3029 1566 3165 1621 duos
3204 1567 3628 1623 sacramentales
3661 1569 3736 1621 ad-

2167 1650 2367 1715 hibitos
2409 1652 2581 1710 fuisse
2635 1656 2689 1712 in
2733 1672 2898 1713 causa
2946 1656 3061 1713 Otae
3122 1658 3321 1727 reginae
3365 1658 3529 1714 docet
3570 1667 3737 1713 auctor

2164 1743 2450 1800 Annalium
2482 1744 2827 1803 Fuldensium
2880 1747 2946 1802 ad
2988 1763 3185 1803 annum
3234 1746 3360 1815 898,
3409 1748 3457 1804 si
3504 1763 3629 1803 vera
3670 1756 3735 1802 est

2165 1833 2343 1893 lectio.

2089 1918 2138 1981 Β
2235 1910 2465 1987 Uxorem
2488 1933 2716 1989 antittat.
2745 1934 2899 2007 Apud
2926 1932 3298 1992 Bnrchardum
3325 1945 3383 1991 et
3411 1935 3733 1997 Gratianum,

2163 2029 2274 2077 tum
2300 2022 2461 2079 etiam
2507 2025 2560 2079 in
2601 2025 2740 2081 libro
2772 2027 2962 2097 quinto
3008 2026 3392 2092 Decretalium,
3455 2027 3667 2098 legitur,
3696 2038 3733 2079 ei

2161 2110 2352 2184 absque
2379 2132 2467 2186 spe
2491 2116 2723 2189 coniugii
2762 2129 2990 2185 maneat,
3018 2134 3213 2190 magno
3238 2119 3383 2174 inter
3406 2119 3525 2174 hmc
3552 2120 3726 2173 discri-

2158 2201 2326 2269 mine,
2353 2214 2411 2259 ut
2453 2221 2613 2262 nemo
2650 2223 2755 2263 non
2802 2210 2963 2264 ridet.
3019 2210 3161 2265 Sane
3206 2221 3373 2281 caput
3422 2210 3495 2264 2i
3536 2211 3730 2265 concilii

2158 2293 2485 2368 Moguntini,
2542 2303 2702 2369 unde,
2755 2305 2831 2359 uti
2880 2305 3137 2373 diximus,
3185 2316 3465 2378 sumptum
3516 2316 3597 2362 est
3641 2307 3732 2362 hoc

2147 2396 2341 2460 caput,
2375 2389 2536 2446 liabet
2565 2402 2612 2447 et
2637 2411 2851 2449 uxorem
2879 2397 3103 2452 amitlat.

2227 2476 2355 2534 CAP.
2388 2478 2475 2534 6i.
2522 2511 2587 2523 -—
2631 2481 3012 2554 Reginbaldum
3054 2486 3336 2559 cliorepisc.
3380 2486 3618 2544 Levabat
3650 2490 3727 2544 hic

2158 2567 2435 2642 Otgarium
2461 2573 2833 2648 Moguntinum
2860 2582 3321 2653 archiepiscopum
3351 2583 3503 2639 fasce
3540 2587 3726 2655 episca-

2154 2660 2281 2731 pali,
2314 2672 2371 2717 ut
2401 2675 2544 2734 patet
2572 2682 2635 2721 ex
2670 2667 2901 2725 Rudoli‘o
2932 2671 2983 2725 in
3020 2670 3133 2726 Vita
3158 2673 3367 2729 Rabani
3396 2684 3451 2730 et
3479 2692 3545 2731 ex
3575 2677 3722 2734 veleri

2155 2750 2504 2824 inscriptione
2526 2772 2685 2827 quam
2718 2759 3001 2818 Browerus
3030 2763 3194 2819 edidit
3224 2764 3277 2819 in
3321 2764 3466 2820 libro
3505 2769 3723 2821 secundo

2151 2845 2551 2919 Antiquitatum
2590 2851 2956 2922 Fuldensium,
2988 2872 3107 2931 cap.
3142 2857 3227 2921 15,
3273 2875 3397 2930 qua
3423 2861 3505 2915 sic
3536 2860 3720 2916 habet:

2154 2936 2317 3011 583
2346 2961 2363 2992 ε
2406 2944 2562 3001 Anno
2596 2942 2807 3001 Domini
2837 2946 2939 3003 808
2969 2948 3103 3020 (lege
3127 2949 3276 3021 858),
3320 2951 3621 3008 lndictioue
3648 2955 3719 3018 i5,

2150 3030 2455 3091 dedicatum
2482 3044 2563 3090 est
2593 3036 2693 3091 hoc
2713 3039 3012 3094 oratorium
3032 3038 3185 3109 jussu
3214 3039 3425 3112 Otgarii
3457 3045 3714 3114 archiepi-

2150 3123 2296 3194 scopi
2336 3140 2365 3178 a
2411 3125 2743 3199 Reginbaldo
2795 3129 3178 3204 chorepiscOpo
3218 3150 3271 3188 vi
3320 3130 3546 3191 Kalend.
3578 3136 3719 3192 Octo-

2146 3213 2283 3270 bris.
2319 3235 2338 3267 ι
2370 3216 2607 3287 Epistula
2629 3234 2790 3290 porro
2812 3220 3017 3278 Rabaui
3053 3225 3120 3280 ad
3159 3240 3281 3281 eum
3312 3227 3538 3298 scripta,
3571 3245 3717 3299 quam

2074 3284 2119 3347 (ἶ
2150 3305 2238 3361 hic
2267 3284 2670 3381 citat‘Regino,
2715 3313 2951 3371 nondum
2990 3315 3134 3370 edita
3177 3325 3263 3372 est
3314 3284 3545 3390 integra.

2147 3407 2362 3483 gmenta
2399 3410 2579 3456 autem
2611 3402 2716 3458 alia
2755 3405 2823 3460 ab
2860 3405 2964 3461 isto
2989 3406 3155 3462 refert
3180 3407 3394 3481 Regillo
3434 3410 3582 3465 iui’ra
3608 3426 3711 3483 Cap.

2145 3486 2249 3546 202
2287 3472 2341 3547 et
2367 3491 2491 3547 544.
2524 3493 2838 3567 Regiubaldi
2861 3499 3190 3571 epitaphium
3222 3472 3399 3558 existat
3439 3503 3584 3558 inter
3604 3472 3717 3574 poc-

2142 3591 2287 3641 mata
2336 3583 2567 3644 Rabani.
2617 3586 2694 3644 Εο
2723 3589 2904 3662 itaque
2952 3600 3187 3659 mortuo,
3249 3592 3602 3651 Thiotmarus
3630 3596 3712 3650 fuit

2142 3675 2559 3750 chorepiscopus
2613 3680 2978 3753 Moguntinus,
3026 3694 3085 3739 ut
3131 3684 3386 3743 Rabanus
3418 3695 3649 3743 ieslalur
3669 3688 3710 3740 in

2141 3766 2362 3838 epistola
2391 3770 2457 3825 ad
2488 3784 2611 3825 eum
2638 3771 2859 3843 scripta,
2889 3788 3008 3845 quae
3036 3784 3212 3830 exstat
3236 3776 3289 3830 in
3320 3777 3480 3833 initio
3520 3778 3637 3833 libri
3659 3779 3711 3831 de

2140 3858 2313 3914 sacris
2338 3860 2647 3918 Ordinibus.
2691 3864 2814 3921 Haec
2844 3874 2973 3920 sunt
3018 3865 3135 3938 ejus
3185 3868 3351 3923 verba
3386 3885 3401 3923 :
3443 3888 3463 3920 (
3507 3869 3571 3923 Et
3595 3869 3701 3940 quia

2139 3951 2244 4005 mei
2283 3964 2688 4023 cooperatorcm
2712 3957 2765 4015 in
2792 3973 2950 4014 sacro
2978 3958 3281 4017 ministerio
3307 3971 3358 4017 te
3389 3961 3554 4034 elegi,
3592 3964 3705 4019 hor-

2132 4051 2226 4111 tor
2249 4052 2308 4099 ut
2336 4045 2478 4115 quod
2535 4062 2633 4117 pro
2674 4048 2996 4129 inﬁrmitate
3028 4052 3275 4121 corporis
3327 4069 3515 4110 coram
3544 4056 3708 4109 multis

2136 4136 2406 4204 exponere
2427 4151 2531 4191 non
2556 4151 2797 4209 possum,
2820 4126 2896 4206 tu,
2927 4126 3016 4211 qui
3038 4141 3225 4213 junior
3243 4150 3409 4199 aatate
3427 4154 3483 4200 et
3500 4143 3704 4199 validior

2133 4239 2193 4281 es
2220 4242 2464 4299 corpore,
2498 4229 2602 4286 illis
2625 4231 2717 4303 qui
2752 4232 2819 4287 ad
2855 4218 3217 4291 sacerdotium
3250 4237 3490 4292 ordinati
3525 4247 3703 4293 suntet

2133 4319 2491 4378 ministerium
2513 4325 2848 4381 sacerdotale
2873 4343 3033 4399 agere
3055 4328 3255 4384 debent
3278 4340 3469 4385 notum
3496 4332 3698 4388 facias.»

2131 4407 2316 4480 Itaque
2343 4414 2510 4468 codex
2566 4425 2720 4471 vetus
2756 4416 3096 4477 bibliotheca:
3147 4419 3332 4492 Regia:
3368 4440 3437 4478 ex
3479 4440 3587 4494 quo
3618 4438 3700 4479 nos

2128 4517 2301 4572 nuper
2348 4504 2611 4562 edidimus
2664 4507 2859 4564 librqu
2908 4508 3114 4566 llabani
3167 4512 3233 4566 de
3283 4513 3697 4585 chon-episcopis,

2132 4594 2228 4651 fuit
2255 4596 2492 4667 ejusdem
2520 4600 2837 4665 Tltiotmari.
2878 4620 3001 4660 cum
3033 4606 3084 4660 in
3118 4605 3298 4662 fronte
3329 4608 3457 4664 libri
3488 4610 3590 4664 ista
3613 4626 3698 4662 an-

2130 4686 2354 4758 tiquitus
2395 4692 2595 4761 scripta
2626 4693 2735 4749 sint
2766 4712 2779 4747 :
2815 4693 3087 4751 Thiotmar
3128 4697 3500 4770 corepiswpus
3530 4699 3696 4769 adqui-

2123 4781 2260 4838 sivit.
2290 4782 2366 4839 De
2392 4801 2497 4856 quo
2522 4786 2679 4851 libro.
2704 4790 2963 4859 quoniam
2995 4790 3209 4847 occasio
3239 4789 3386 4857 tulit,
3415 4794 3697 4848 admoneri.

2123 4875 2250 4935 dum
2299 4886 2386 4934 est
2416 4880 2741 4936 mentionem
2781 4881 2984 4939 factam
3013 4898 3132 4940 esse
3166 4899 3197 4938 a
3227 4882 3466 4942 Rudoll‘o
3486 4886 3695 4957 presby-

2121 4978 2240 5025 tero
2271 4970 2325 5025 in
2349 4969 2471 5027 Vita
2514 4971 2761 5029 Rabani:
2812 4994 2831 5028 ί
2866 4975 3003 5031 Sunt
3043 4990 3257 5049 quoque
3301 4977 3411 5034 alia
3449 4977 3690 5051 opuscula

435 5032 830 5113 Burchardum.
858 5047 966 5106 Sed
1013 5064 1189 5111 tamen
1231 5032 1371 5114 idem
1400 5062 1451 5116 in
1484 5063 1587 5118 hoc
1635 5064 1753 5121 loco
1802 5032 2017 5124 videtur

2151 5058 2235 5130 ius
2263 5102 2276 5127 .
2311 5062 2503 5133 inquit,
2531 5080 2650 5134 quae
2699 5066 2765 5120 ad
2811 5032 3136 5138 interrogata
3165 5032 3513 5126 diversorum
3537 5070 3588 5126 ei
3614 5082 3689 5122 re-

432 5136 743 5236 nonegiss'e
764 5141 901 5244 bona
934 5143 1055 5200 fide.
1093 5145 1224 5204 Nam
1254 5166 1374 5221 (μηδ
1405 5152 1510 5209 illic
1542 5155 1794 5212 dicuntur
1820 5158 1888 5214 de
1913 5158 2013 5216 Ca-

2120 5154 2386 5223 spondere
2416 5158 2788 5214 necessarium
2827 5159 2966 5227 fuit;
3028 5176 3261 5231 quorum
3311 5177 3484 5219 unum
3517 5170 3599 5221 est
3629 5159 3687 5212 de

2130 5244 2166 5264 -¹
2202 5260 2205 5261 ⁷
2325 5247 2334 5257 ”
2756 5250 2786 5260 "
2890 5253 2902 5263 ‘
3106 5266 3237 5288 "me
3255 5267 3368 5299 mm
3403 5254 3476 5308 ad
3498 5253 3687 5325 Drugo-
