3920 6474
218 434 346 491 445

1267 433 1476 490 NOTAE
1513 431 1604 488 AD
1638 421 1765 487 LIB.
1805 423 1847 485 ll
1886 429 1974 485 DE
1995 429 2273 485 ECCLES.
2318 428 2596 485 DlSClPL.
2675 447 2686 458 '

3379 425 3490 478 141)

222 564 467 620 quorum
503 556 705 604 matres
734 547 952 619 agnosci
984 549 1189 614 nolunt,
1227 565 1332 605 non
1361 551 1692 613 occidantur,
1725 549 1818 602 sed
1846 553 1894 612 Α
1924 546 2181 599 adversus
2209 545 2354 598 illum
2393 560 2423 599 a
2454 544 2672 600 Nicolao
2715 543 2857 598 facta
2889 553 3034 609 sunt,
3079 558 3142 598 ea
3173 542 3239 597 ab
3271 543 3385 613 ipso
3417 544 3494 597 ta-

222 650 364 692 :mte
387 640 606 710 januam
642 639 880 694 ecclesiae
909 639 1278 710 projiciantur,
1305 649 1362 696 ut
1390 642 1509 695 dein
1540 641 1605 694 ab
1635 640 1813 710 aliquo

219 727 383 782 ﬁdeli
413 730 772 799 suscipiantur
794 731 1083 785 nutriendi.
1109 731 1244 786 Vide
1284 733 1376 786 lib.
1409 750 1462 787 vt
1497 733 1811 801 Capitular.,

217 835 352 890 cap.
380 819 501 884 142,
533 830 586 874 ct
609 819 980 875 Burchardum
1008 821 1101 874 lib.
1133 838 1213 888 ιιι,
1245 840 1362 892 cap.
1387 825 1487 878 201
1515 832 1566 879 et
1590 823 1713 878 209..

300 912 430 966 Car.
468 909 553 966 75.
578 943 647 953 --
667 913 852 982 Caput
875 915 1016 968 istud
1058 931 1161 970 non
1199 925 1378 970 exstat
1406 917 1456 970 in
1488 916 1623 970 libro
1655 914 1811 970 tertio

212 1001 644 1071 Capitulariutn,
669 1012 724 1058 ut
765 1004 922 1058 hodie
960 1006 1137 1059 editus
1173 1016 1276 1072 est,
1304 1008 1397 1062 sed
1426 1008 1477 1060 in
1517 1009 1710 1078 primo.
1743 1006 1811 1062 Et

211 1097 409 1145 tamen
435 1091 660 1147 habetur
682 1095 736 1147 in
767 1095 868 1149 nne
903 1082 1025 1150 lihri
1049 1099 1189 1152 tertii
1222 1098 1273 1152 in
1300 1098 1462 1153 veteri
1495 1099 1676 1152 codice
1706 1115 1804 1155 ms.

209 1195 291 1234 ex
317 1197 428 1250 quo
453 1184 648 1252 prodiit
670 1183 989 1240 Parisiensis
1013 1187 1184 1256 prima
1207 1189 1372 1243 editio
1399 1188 1806 1258 Capitularium,

205 1260 358 1315 item
389 1263 445 1316 in
469 1264 653 1318 codice
681 1261 1048 1334 Rivipullensi,
1074 1277 1184 1325 tum
1213 1269 1372 1324 etiam
1397 1269 1451 1324 in
1477 1269 1804 1324 Colbertiuo.

207 1351 275 1406 In
308 1353 462 1408 nullo
486 1365 665 1409 autem
695 1365 934 1412 veterum
969 1359 1212 1417 codicum
1239 1375 1373 1428 quos
1412 1361 1519 1414 vidi
1546 1370 1728 1416 exstat
1752 1357 1807 1416 in

203 1444 365 1500 libro
395 1447 586 1515 primo.
616 1446 780 1519 534
805 1448 889 1514 Et,
921 1450 1062 1518 quod
1096 1451 1289 1510 mirum
1334 1459 1439 1514 cst,
1481 1465 1586 1506 non
1631 1459 1809 1506 exstat

204 1535 271 1589 in
315 1537 505 1592 codice
529 1553 636 1608 quo
659 1539 741 1593 usi
771 1549 896 1594 sunt
931 1539 1020 1609 qui
1065 1541 1295 1610 primam
1338 1541 1626 1598 editionem
1658 1542 1806 1597 Pari-

201 1627 459 1684 siensem
483 1630 832 1686 adornarunt.
861 1631 1048 1688 Simile
1073 1633 1269 1688 accidit
1297 1635 1455 1704 capiti
1485 1635 1550 1689 de
1587 1634 1808 1705 inquali-

201 1719 326 1774 hus
347 1723 616 1778 mentiaris
639 1732 692 1776 et
718 1724 1062 1792 ponderibus,
1088 1734 1146 1781 ut
1171 1727 1545 1783 adnotabimus
1566 1725 1705 1782 inl‘ra
1735 1728 1804 1782 ad

203 1819 385 1880 caput
404 1811 508 1866 427
542 1813 694 1868 istius
718 1813 861 1870 libri.

1916 645 2001 689 cta
2030 651 2148 688 esse
2177 635 2360 689 scribit
2384 636 2432 688 vi
2455 635 2609 688 otiicii
2636 650 2697 688 ac
2719 636 2996 704 potestatis
3021 650 3150 689 suae.
3185 652 3201 684 ι
3235 632 3488 698 Putasne,

1915 727 2109 796 inquit,
2142 728 2426 797 magniﬁce
2453 742 2569 790 rex,
2601 727 2739 796 quod
2774 728 2872 781 etsi
2905 727 3158 795 praefatus
3190 725 3490 795 praedeces-

1912 833 2003 872 sor
2048 829 2232 874 noster
2273 820 2615 889 praestantior
2663 821 2816 875 nobis
2862 819 3023 873 fuerit
3068 820 3262 873 merito
3307 828 3360 872 et
3406 832 3492 872 sa-

1911 911 2133 980 pientia,
2161 927 2260 966 nos
2287 927 2352 966 eo
2381 913 2549 967 simus
2572 910 2745 964 oliicio
2775 920 2826 965 et
2857 919 3120 979 potestate
3151 907 3420 962 minores?
3463 926 3483 960 ι

1912 1002 2042 1056 Data
2070 1003 2335 1068 Laterani,
2358 1019 2386 1055 ν
2415 1003 2536 1057 ldus
2565 1001 2892 1064 Decembris,
2922 1017 3063 1054 anno
3095 999 3250 1058 1208.

1980 1093 2104 1146 CAP.
2141 1094 2260 1148 126.
2293 1125 2362 1134 -
2392 1094 2515 1148 Sine
2539 1094 2770 1148 licentia.
2814 1092 2939 1147 Vide
2975 1101 3129 1146 notas
3151 1093 3214 1145 ad
3247 1090 3492 1161 apologa-

1911 1181 2076 1236 ticum
2107 1183 2395 1251 Agohardi,
2436 1199 2555 1253 cap.
2587 1183 2640 1239 9.
3511 1249 3513 1252 ,

1980 1267 2109 1329 CAP.
2153 1275 2273 1330 150.
2299 1306 2371 1318 —
2405 1276 2559 1344 Apud
2595 1273 2838 1337 Paulum,
2871 1275 2961 1329 ιιι).
2995 1289 3056 1327 ιι.
3096 1273 3339 1336 Sentent.
3361 1313 3373 1336 ,
3408 1272 3488 1326 tit.

1909 1368 1999 1432 19,
2031 1379 2192 1438 caput
2214 1371 2355 1425 istud
2380 1370 2457 1425 sic
2482 1385 2798 1439 expressum
2829 1378 2910 1423 est
2942 1387 2955 1423 :
3002 1388 3021 1419 ι
3056 1368 3236 1438 Neque
3259 1367 3492 1421 furiosus

1909 1474 2084 1527 neque
2111 1459 2314 1514 furiosa
2342 1461 2743 1515 matrimonium
2769 1461 3090 1514 contrahere
3115 1467 3366 1528 possunt;
3398 1457 3492 1512 sed

1906 1557 2246 1605 contractum
2277 1551 2680 1604 matrimonium
2719 1551 2899 1605 furore
2933 1567 3036 1603 non
3071 1549 3291 1604 tollitur.
3332 1567 3351 1602 ι
3395 1547 3491 1602 Cui

1907 1641 2189 1696 sententia:
2212 1641 2353 1699 hanc
2379 1641 2876 1710 interpretationem
2910 1639 3184 1707 suhjttnxit
3210 1638 3451 1694 Atrianus
3475 1654 3488 1692 :

1913 1750 1931 1785 ι
1964 1731 2020 1786 Si
2052 1733 2142 1800 qui
2185 1732 2588 1786 matrimonium
2633 1732 2747 1786 sani
2785 1731 3183 1794 contraxerint,
3223 1738 3278 1782 et
3305 1728 3394 1782 nui
3425 1742 3492 1784 ex

1905 1824 2115 1878 duobus
2137 1824 2367 1878 amentia
2409 1833 2499 1878 aut
2539 1823 2686 1878 furor
2723 1823 3030 1886 accesserit,
3068 1823 3137 1876 ob
3165 1823 3305 1878 hanc
3345 1820 3490 1874 inlit-

291 1902 422 1955 CAP.
451 1902 541 1956 77.
561 1933 631 1943 —
654 1903 907 1975 Campam
931 1907 1214 1978 appellant.
1243 1908 1333 1965 Sic
1359 1912 1699 1966 emendatum
1723 1921 1807 1968 est
1835 1910 1880 1968 B
1911 1919 2151 1971 mitatem
2193 1916 2438 1988 coniugia
2489 1917 2671 1971 talium
2717 1918 2846 1971 solvi
2895 1932 2999 1970 non
3023 1924 3264 1984 possunt.
3297 1931 3316 1965 ι
3369 1910 3492 1970 Haec

201 2003 280 2042 ex
315 1992 503 2048 codice
529 2009 625 2050 ms.
656 1994 967 2052 Parisiensi.
997 1998 1131 2054 Nam
1166 2001 1330 2055 editio
1359 2000 1803 2059 Helmzestadien-

202 2078 296 2132 sis
318 2079 573 2147 habebat,
601 2086 739 2153 quod
777 2087 1058 2154 capitulum
1101 2089 1381 2159 appellant.
1426 2092 1665 2163 Diploma
1698 2095 1804 2149 lio-

206 2172 362 2228 berti
403 2174 544 2244 regis
571 2189 599 2227 a
626 2174 916 2233 Francisco
945 2177 1156 2236 Pithteo
1196 2181 1510 2239 laudatum:
1547 2203 1565 2236 ι
1609 2187 1800 2256 Legem

205 2266 406 2332 duelli,
449 2269 590 2337 quod
639 2269 792 2339 vulgo
834 2271 1030 2326 dicitur
1064 2290 1296 2343 campus.
1335 2296 1353 2328 ι
1387 2277 1634 2347 Synodus
1676 2279 1804 2333 Din-

203 2359 602 2430 golvingensis,
626 2377 747 2431 cap.
775 2362 844 2418 24
877 2381 890 2418 ;
931 2385 949 2417 ι
979 2365 1077 2433 Qui
1107 2383 1266 2436 supra
1295 2369 1561 2436 praedictw
1590 2385 1800 2439 pugme,

201 2453 364 2522 quod
413 2453 674 2510 Catnfwic
719 2457 1241 2527 dicimus,.peracto
1281 2459 1501 2526 judicio,
1545 2478 1602 2514 se
1641 2461 1801 2516 simili

204 2545 456 2600 vindicta
507 2547 716 2616 erigere
762 2558 946 2604 contra
1006 2561 1320 2620 querentem
1375 2554 1798 2622 praesumpserit,

202 2648 616 2693 sacramentum
645 2641 784 2708 quod
809 2641 989 2697 ahteid
1019 2643 1217 2697 dicitur
1238 2642 1381 2709 juret
1407 2651 1460 2697 et
1492 2645 1542 2696 in
1571 2644 1799 2698 ecclesia

201 2744 338 2784 cum
375 2730 542 2784 tribus
570 2746 729 2800 supra
757 2733 1043 2786 nominatis
1071 2734 1569 2788 sacramentalibus.
1611 2754 1630 2786 ι
1664 2734 1800 2789 Hinc

201 2821 469 2890 camphio
496 2820 548 2874 in
573 2820 687 2890 lege
712 2821 1110 2892 Longobardor.
1142 2825 1233 2880 lib.
1263 2840 1322 2889 tt,
1349 2826 1430 2879 tit.
1468 2824 1557 2889 55,
1581 2841 1699 2894 cap.
1734 2825 1794 2880 11

200 2922 264 2966 et
287 2913 382 2968 Ἡ.
413 2913 482 2967 Ει
513 2914 726 2984 corripio
763 2914 958 2970 ibidem
988 2915 1078 2971 lib.
1105 2933 1146 2984 1,
1177 2918 1258 2971 tit.
1291 2918 1402 2982 5,4,
1435 2933 1553 2988 cap.
1583 2919 1634 2973 6.
1666 2917 1799 2973 Vide

201 3005 552 3060 Glossarium
575 3006 978 3078 Lindenbrogii.

279 3095 413 3151 Car.
449 3097 534 3152 80.
558 3128 629 3137 --
659 3098 917 3156 Cotiones.
959 3100 1281 3156 iiincmarus
1311 3103 1469 3172 epist.
1501 3102 1555 3168 5,
1595 3103 1662 3157 ad
1691 3103 1796 3159 Ca-

203 3186 390 3241 rolum
417 3186 636 3242 Calvum
665 3205 676 3243 :
706 3185 883 3244 Etiam
923 3192 1018 3259 ipsi
1043 3192 1306 3248 cocciones
1331 3193 1542 3263 rapinas
1574 3193 1793 3263 faciunt.

207 3281 352 3336 Vide
375 3280 706 3337 Glossarium
735 3283 953 3338 Pithtei.

281 3373 417 3427 Cn.
451 3373 538 3428 81.
563 3405 632 3414 -
660 3375 989 3431 Coercendis.
1031 3377 1104 3433 Ita
1154 3389 1308 3434 vetus
1335 3381 1523 3446 codex,
1550 3383 1639 3438 cui
1667 3398 1796 3439 cou-

1910 2018 2113 2062 tantum
2143 2010 2282 2078 apud
2310 2008 2531 2062 Paulum
2571 2017 2624 2062 et
2652 2009 3015 2077 interpretem.
3044 2005 3174 2072 Quae
3198 2009 3494 2072 sequuntur

1906 2113 2036 2168 ergo
2083 2100 2223 2168 apud
2270 2097 2597 2168 Reginoncm
2640 2105 2694 2151 et
2729 2095 3092 2150 Burchardum
3143 2102 3355 2160 sumpta
3389 2088 3492 2144 for-

1908 2197 2069 2245 tassis
2111 2200 2234 2244 sunt
2272 2207 2338 2245 ex
2384 2191 2607 2260 epistola
2652 2188 2853 2243 Nicolai
2911 2188 3067 2256 pritni
3116 2187 3181 2242 ad
3235 2183 3484 2244 Carolntn

1907 2284 2367 2352 archiepiscopum
2408 2282 2808 2351 Moguntinum,
2841 2279 2992 2348 cujus
3019 2279 3317 2349 fragmenta
3349 2273 3489 2330 refe-

1906 2385 2030 2429 rtmt
2071 2374 2432 2442 Luitprandus
2475 2389 2575 2438 seu
2605 2372 2728 2441 quis
2773 2371 2907 2425 alius
2949 2372 2998 2424 in
3033 2370 3150 2424 Vita
3188 2367 3390 2421 Nicolai
3432 2365 3484 2429 l;

1902 2466 2251 2520 Burchardus
2281 2468 2332 2520 in
2357 2466 2629 2535 excerptis
2649 2465 2809 2519 editis
2835 2479 2863 2516 a
2891 2462 3178 2526 Stevartio,
3211 2475 3330 2530 pag.
3364 2458 3488 2522 687,

1903 2569 1958 2614 et
1993 2559 2288 2614 Gratianus
2320 2559 2443 2613 dist.
2476 2557 2544 2612 50
2567 2597 2582 2623 ,
2612 2571 2730 2626 cap.
2764 2555 2836 2611 55
2858 2563 2910 2609 et
2935 2554 3036 2618 δὲ,
3069 2569 3124 2622 q.
3156 2553 3208 2617 7,
3241 2567 3361 2621 cap.
3393 2549 3485 2604 9.5.
3543 2585 3556 2594 ν

1903 2651 2055 2720 Quod
2090 2653 2334 2708 ultimum
2375 2661 2571 2722 caput,
2603 2651 2756 2715 illud,
2789 2650 3068 2714 nimirum,
3103 2649 3168 2703 de
3199 2662 3306 2718 quo
3344 2661 3487 2701 mine

1903 2743 2129 2813 agimus,
2162 2743 2336 2798 eidem
2361 2742 2584 2798 Nicolao
2616 2741 2802 2797 tribuit
2826 2739 3194 2795 Burchardus.
3217 2736 3322 2793 Sed
3348 2735 3489 2806 apud

1900 2833 2219 2888 Gratianum
2266 2835 2484 2890 additur
2530 2833 2765 2889 clausula
2801 2848 2920 2902 qua:
2969 2845 3075 2886 non
3125 2837 3306 2886 exstat
3346 2826 3487 2898 apud

1903 2925 2233 2996 Regiuonem
2275 2933 2330 2979 et
2373 2923 2763 2979 Burcbardum.
2813 2921 2904 2977 Sic
2943 2921 3086 2976 enim
3123 2919 3283 2974 habet
3321 2916 3486 2972 editio

1899 3016 2142 3072 Gratiani
2171 3035 2182 3069 :
2220 3035 2238 3066 ι
2271 3014 2535 3071 Similiter
2568 3014 2908 3074 sentiendum
2944 3013 3009 3066 de
3050 3011 3134 3068 his
3166 3009 3258 3079 qui
3299 3006 3368 3062 ab
3397 3004 3488 3068 ad-

1900 3108 2157 3163 versariis
2181 3117 2542 3171 excaecantur,
2565 3114 2658 3160 aut
2683 3103 2942 3165 membris
2973 3108 3313 3167 truncantur,
3342 3105 3434 3153 aut
3455 3111 3483 3150 a

1899 3200 2146 3256 barbaris
2169 3199 2374 3263 exseeti
2399 3206 2543 3253 sunt.
2577 3216 2596 3250 ι
2627 3196 2761 3253 Vide
2797 3195 3089 3249 Antonium
3126 3189 3484 3262 Augustinum

1821 3272 1870 3334 ο
1902 3293 1994 3347 lib.
2030 3308 2068 3346 ιι
2097 3293 2162 3347 de
2191 3291 2579 3347 Emendatione
2607 3287 2874 3352 Gratiani,
2907 3286 3117 3356 dialogo
3142 3284 3227 3342 18.

1965 3385 2094 3440 Car.
2139 3383 2262 3438 158.
2292 3413 2362 3424 —-
2410 3382 2608 3436 Eadem
2654 3390 2820 3436 nocte.
2869 3379 3128 3434 Hortatur
3177 3376 3266 3432 hic
3311 3389 3485 3430 canon

202 3466 454 3519 sentiunt
491 3465 609 3522 libri
645 3468 1049 3538 Capitularium.
1098 3470 1154 3525 lu
1203 3471 1437 3527 editione
1482 3472 1798 3530 Helmtesta-
1893 3477 2072 3529 virum
2104 3483 2158 3529 et
2205 3489 2397 3530 novam
2425 3483 2643 3542 nuptam
2670 3473 2745 3528 uti
2784 3471 2956 3541 prima
2984 3481 3141 3525 nocte
3175 3469 3484 3540 nuptiarum

205 3557 390 3611 diensi
424 3557 616 3628 legitur
641 3577 653 3613 :
681 3559 758 3613 De
784 3561 944 3629 [uillis
970 3563 1318 3618 coluerednm.

281 3649 418 3705 Car.
451 3650 573 3706 100.
602 3682 669 3706 ·τ-
691 3653 813 3708 Non
843 3656 1015 3708 homo.
1042 3655 1242 3711 Eodem
1271 3660 1679 3729 argumentandi
1697 3674 1795 3729 ge—

205 3757 348 3797 nere
375 3756 502 3797 usus
534 3753 614 3798 est
643 3743 981 3799 Innocentius
1021 3745 1086 3801 Ill
1131 3755 1188 3801 ut
1223 3750 1532 3804 ostenderet
1570 3751 1797 3804 transla-

209 3833 412 3896 tiones,
445 3832 805 3903 depositioncs
847 3851 912 3890 ac
957 3839 1232 3894 cessiones
1268 3838 1639 3909 episcoporum
1674 3840 1796 3910 jure

207 3922 400 3977 divino
431 3924 700 3993 pertinere
741 3926 810 3980 ad
858 3943 1125 3984 summum
1167 3929 1493 3998 pontiﬁcem.
1524 3931 1612 3985 Ait
1651 3932 1796 3987 enim

207 4013 386 4066 Deum
419 4029 516 4067 suo
554 4023 760 4072 tantum
794 4017 1000 4085 judicio
1039 4033 1344 4074 reservasse
1386 4020 1794 4075 dissolutionem

209 4104 447 4160 carnalis
486 4107 740 4178 conjugii,
771 4110 1043 4164 vinculum
1083 4119 1261 4164 autem
1292 4111 1570 4180 spirituale
1602 4112 1796 4168 fortius

206 4212 335 4250 esse
385 4213 540 4268 quam
599 4201 834 4264 carnale,
867 4211 921 4255 et
967 4202 1087 4257 ideo
1120 4202 1221 4256 ista
1273 4203 1534 4274 attingere
1589 4204 1794 4258 nullum

208 4303 375 4358 posse
401 4301 596 4360 praeter
625 4291 931 4362 pontiﬁcem
969 4291 1287 4348 Romanum.
1320 4312 1337 4344 ι
1376 4292 1491 4347 Νοιι
1521 4295 1685 4358 enim,
1715 4295 1794 4348 in-

209 4379 353 4448 quit,
385 4380 642 4447 humana,
672 4383 766 4438 sed
797 4385 958 4438 etiam
988 4384 1168 4440 divina
1198 4395 1462 4455 potestate
1487 4388 1794 4458 coniugium

205 4472 495 4542 Spirituale
522 4474 832 4529 dissolvitur
865 4493 986 4531 cum
1021 4492 1114 4546 per
1145 4479 1549 4534 translationem
1587 4480 1670 4534 vel
1699 4481 1794 4536 de-

203 4563 535 4633 positiouetn
572 4567 849 4622 autetiam
882 4570 1178 4624 cessionem
1217 4573 1538 4626 auctoritate
1565 4572 1790 4628 Romani

205 4655 508 4726 pontiﬁcis,
537 4675 694 4728 quem
730 4669 941 4716 constat
968 4677 1089 4717 esse
1125 4664 1381 4719 vicarium
1419 4663 1543 4720 .lcsu
1572 4665 1788 4729 Christi,

206 4750 500 4820 cpiscopus
534 4751 603 4806 ab
631 4752 869 4808 Ecclesia
909 4765 1232 4810 removetur.
1269 4777 1286 4806 ι
1310 4757 1498 4812 Exstat
1524 4758 1638 4811 haec
1666 4774 1793 4812 con-

203 4842 423 4898 stitutio
445 4843 538 4898 lib.
567 4860 584 4898 ι
610 4845 956 4914 epistularum
986 4846 1279 4901 Innocentii
1310 4847 1396 4914 lll,
1414 4849 1570 4918 epist.
1594 4849 1717 4916 552,
1743 4861 1796 4905 et

207 4934 340 4988 inde
385 4933 442 4988 in
487 4950 605 5006 cap.
648 4935 790 4990 Inter
833 4938 1149 5008 carpat-ilia,
1191 4938 1268 4992 De
1306 4940 1648 4995 translatione
1688 4942 1797 5012 epi-

207 5027 380 5097 scopi.
405 5028 538 5084 Vide
567 5029 682 5086 lib.t
708 5031 774 5086 de
813 5031 1112 5087 Concordia
1146 5034 1430 5089 sacerdotii
1470 5045 1524 5088 ct
1561 5035 1794 5106 imperii,

208 5135 337 5191 cap.
365 5119 452 5186 26,
488 5121 517 5195 §
545 5121 599 5178 8.

283 5213 412 5268 Cu.
441 5214 560 5267 114.
596 5215 725 5270 Cum
786 5235 879 5272 nos
914 5235 977 5273 ea:
1022 5230 1258 5290 utraque.
1301 5220 1398 5276 Hic
1431 5222 1789 5279 adnotandum

205 5315 296 5360 est
314 5304 591 5361 Nicolaum
631 5323 822 5379 papam
861 5327 966 5365 non
999 5312 1224 5366 traxisse
1251 5313 1318 5366 ad
1345 5328 1402 5368 se
1430 5315 1788 5383 cognitionem

210 5399 427 5452 divortii
466 5397 702 5456 Lotharii
742 5411 796 5455 et
834 5402 1148 5471 Tltetbergte
1180 5419 1244 5458 ex
1276 5404 1550 5474 privilegio
1581 5415 1787 5461 tantum

210 5489 378 5562 585
401 5506 510 5544 suae
535 5494 696 5553 sedis,
724 5495 816 5548 sed
842 5496 966 5563 quia
987 5494 1150 5564 judex
1177 5496 1380 5552 electus
1404 5506 1522 5552 erat
1547 5497 1617 5554 ab
1640 5507 1789 5553 utra-

211 5598 320 5652 que
365 5593 536 5652 parte.
569 5586 696 5649 Qua:
737 5586 1042 5640 observatio
1083 5590 1258 5658 magni
1309 5591 1562 5645 momenti
1600 5599 1685 5646 est
1725 5592 1792 5647 ad

218 5676 605 5729 retundendam
658 5676 953 5732 Innocentii
1000 5678 1066 5733 ill
1115 5683 1652 5747 argumentationem,
1702 5683 1793 5754 qui

215 5767 283 5819 ad
340 5764 634 5836 Philippum
675 5769 968 5840 Augustum
1021 5772 1261 5826 scribens
1303 5775 1369 5828 de
1413 5774 1644 5830 divortio
1679 5773 1795 5843 ejus

221 5873 341 5913 cum
391 5857 723 5931 lngelburgc,
768 5862 1068 5934 cxcntplum
1099 5863 1340 5922 Lotharii
1377 5864 1637 5934 referens,
1677 5882 1797 5940 quae

1608 5985 1688 6014 1".

1898 3566 2205 3620 abstineant
2234 3566 2301 3619 ab
2321 3579 2484 3634 opere
2506 3562 2792 3633 coniugali.
2824 3560 2948 3616 Haec
2969 3560 3275 3616 exhortatio
3299 3568 3484 3628 postea

1896 3672 2053 3711 versa
2097 3663 2180 3711 est
2219 3655 2270 3709 in
2317 3654 2695 3708 necessitatem
2739 3653 2793 3707 in
2836 3651 3102 3720 aliquibus
3138 3648 3480 3708 dioecesibus.

1897 3748 2052 3813 Nam,
2083 3758 2138 3804 ut
2163 3748 2306 3803 istud
2321 3745 2550 3816 exempli
2577 3745 2842 3808 dicamus,
2869 3743 3009 3813 apud
3035 3740 3258 3796 Abbatis
3277 3738 3479 3803 villam,

1895 3843 1950 3898 in
1979 3842 2198 3898 dioecesi
2227 3839 2576 3896 Ambianensi
2600 3879 2614 3904 ,
2661 3853 2724 3893 ea
2757 3836 2884 3892 olim
2915 3833 3248 3892 consuetudo
3285 3838 3484 3887 eratut

1897 3936 2004 3992 illis
2031 3935 2122 4003 qui
2151 3933 2365 3990 noviter
2395 3930 2744 3988 matrimonio
2775 3926 2947 3998 juncti
2975 3934 3134 3982 erant
3162 3939 3268 3980 non
3297 3923 3484 3978 liceret

1897 4026 2043 4080 coire
2077 4025 2249 4080 tribus
2281 4023 2446 4094 586
2489 4023 2761 4093 prioribus
2808 4019 3054 4076 noctibus
3085 4026 3204 4088 post
3243 4015 3478 4086 nuptias.
3563 4027 3578 4038 '

1898 4119 2069 4185 Quam
2100 4118 2546 4174 consuetudinem
2576 4117 2794 4171 decreto
2808 4129 2906 4170 suo
2921 4111 3137 4170 sustulit
3169 4108 3477 4181 pariameu-

1899 4217 2010 4264 tum
2041 4208 2344 4264 l’arisiense
2383 4223 2527 4260 anno
2559 4205 2712 4270 1501,
2746 4205 2831 4260 die
2861 4204 2921 4258 11
2963 4201 3139 4256 Martii
3175 4218 3194 4254 ’ἶ
3239 4198 3411 4264 Quam
3443 4197 3478 4248 ὰ

1897 4316 1999 4354 non
2019 4299 2240 4353 concher
2253 4298 2316 4352 de
2335 4309 2477 4366 lroys
2497 4312 2634 4366 nuyz
2655 4311 2776 4349 avcc
2796 4311 2855 4349 sa
2868 4293 3055 4364 femme
3070 4309 3138 4347 au
3157 4304 3477 4346 commence-

1896 4401 2029 4442 ment
2055 4389 2126 4442 du
2154 4390 2404 4458 mariage,
2429 4387 2501 4441 les
2532 4386 2880 4440 demandeurs
2915 4393 3102 4438 ouront
3125 4383 3178 4436 la
3206 4393 3477 4434 recreance

1896 4481 1944 4535 lc
1987 4497 2165 4550 procos
2202 4479 2445 4549 pendent,
2494 4489 2538 4532 et
2568 4487 2820 4549 pourront
2855 4475 2933 4530 [es
2971 4474 3208 4544 espousés
3255 4469 3477 4524 conc/ter

1897 4573 2249 4644 [rane/remeat
2295 4570 2366 4626 les
2397 4580 2536 4641 troys
2573 4570 2848 4639 premieres
2883 4583 3014 4638 nuys
3040 4581 3156 4620 avcc
3182 4564 3320 4617 leurs
3346 4559 3478 4632 fem-

1900 4681 2025 4717 mcs.
2051 4665 2335 4717 Decretum
2371 4661 2498 4716 illud
2537 4663 2804 4730 integrum
2833 4659 2884 4712 in
2923 4658 3034 4712 suis
3077 4655 3301 4710 Statutis
3352 4667 3476 4724 syn-

1900 4754 2205 4809 odabilibus
2246 4754 2472 4808 inseruit
2503 4751 2807 4823 Stephanus
2829 4749 3158 4805 Poncberius
3191 4746 3474 4817 episcopus

1899 4848 2240 4903 Parisiensis.
2273 4848 2408 4904 Puto
2451 4857 2628 4902 autem
2682 4848 2766 4901 hic
2816 4855 3052 4900 erratum
3099 4857 3218 4898 esse
3244 4858 3272 4896 a
3316 4850 3471 4911 typo-

1900 4940 2106 5009 grapho
2139 4940 2191 4992 in
2219 4939 2453 4994 editione
2486 4939 2818 4992 Statutorum
2846 4935 3183 5008 synodalium
3213 4929 3470 5000 Stephani

1901 5029 2186 5085 Poncheu'i
2217 5030 2451 5100 episcOpi
2472 5029 2814 5096 Parisiensis,
2837 5038 2889 5084 et
2911 5030 3185 5084 decretum
3210 5023 3333 5078 illud
3362 5030 3471 5075 toto

1903 5119 2095 5174 saeculo
2125 5120 2397 5187 antiquius
2419 5135 2557 5175 esse.
2591 5120 2724 5174 Nam
2757 5122 2808 5174 in
2835 5119 3000 5174 veteri
3028 5113 3342 5171 collectione
3369 5109 3472 5164 Ar-

1901 5220 2170 5266 restorum
2227 5210 2462 5267 Matthaei
2520 5210 2768 5268 Char-tier
2813 5206 3069 5264 Advocati
3123 5199 3468 5261 Parisiensis,

1901 5319 2061 5374 quam
2091 5303 2266 5359 habeo
2294 5320 2457 5360 manu
2483 5305 2762 5374 scriptam,
2795 5301 2907 5355 haec
2946 5299 3192 5368 leguntur
3219 5310 3232 5347 :
3262 5290 3333 5344 Le
3357 5305 3473 5366 pre-

1901 5399 2032 5452 mier
2046 5398 2177 5468 jour
2201 5399 2266 5453 de
2304 5398 2452 5454 Mars
2477 5400 2632 5455 1401:
2664 5397 2878 5450 l’Arrcst
2911 5392 3081 5447 donné
3101 5398 3276 5444 centre
3297 5384 3465 5438 l‘Ere-

1899 5506 1997 5562 quc
2025 5491 2289 5547 d‘Amiens
2323 5509 2416 5547 cur
2461 5492 2513 5546 la
2557 5502 2676 5547 tame
2722 5489 2810 5544 des
2837 5487 3142 5545 Sacremens
3188 5493 3234 5539 et
3291 5492 3468 5540 autrec

1897 5588 2073 5644 chose:
2111 5587 2542 5658 ecclesiastiques.
2598 5585 2798 5641 Deinde
2839 5585 2891 5638 in
2939 5581 3043 5637 alio
3074 5580 3241 5637 veteri
3284 5578 3468 5635 codice

1900 5697 2001 5736 ms.
2026 5698 2184 5752 quem
2209 5697 2418 5738 mectun
2443 5681 2568 5736 olim
2592 5679 3013 5736 communicavit
3035 5678 3114 5732 vir
3133 5675 3465 5734 clarissimus

1898 5773 2163 5828 Antonius
2204 5775 2337 5828 Vion
2386 5773 2718 5828 llerovallius
2763 5773 2865 5828 ista
2911 5770 3128 5826 totidem
3153 5767 3332 5828 verbis
3369 5766 3465 5822 ha-

1899 5865 2128 5921 bentur:
2167 5886 2184 5918 ι
2217 5865 2347 5921 L’an
2371 5865 2462 5920 mil
2489 5880 2631 5923 cccc.
2663 5883 2716 5921 ix
2744 5864 2792 5924 le
2836 5862 3088 5935 xnt.jour
3117 5861 3182 5920 de
3213 5859 3355 5918 Mars
3381 5859 3461 5916 l'ut
