3920 6404
660 341 672 365 ἱ
996 334 1071 361 ,Χῖ
1105 341 1122 365 2
1172 338 1188 347 ν.
1286 333 1324 353 τε

1005 354 1015 386 ἠ
1176 376 1214 414 ἰ
1273 397 1302 412 ετ
1331 380 1376 410 “κ-
1449 375 1509 418 μἺ

1058 409 1214 435 ’λέῗ““¹
1265 409 1353 442 ’ξιτ
1449 409 1463 426 ⁵

3051 343 3134 354 νηίδα-ι
3190 344 3194 347 ’
3223 353 3226 356 .

1821 345 2163 426 STEPHANI
2195 346 2471 426 sinuin
3051 345 3134 354 ””’”
3190 345 3193 347 ’
3223 345 3263 375 ’⁷
3690 379 3764 434 us

575 494 596 529 ι
633 481 718 536 dit
742 462 840 550 par
867 479 1052 536 Arrest
1168 427 1219 536 la
1245 428 1522 553 Chor-que
1543 480 1624 538 les
1649 480 1916 538 detl‘enses
1944 482 2101 538 faites
2122 481 2154 537 a
2181 486 2231 546 Α
2257 482 2519 552 scriptum
2545 480 2714 538 fuisse
2765 493 2822 538 ιιι
2869 478 2960 537 illa
2990 477 3238 553 epistola.
3267 465 3591 542 Morcliidum
3615 494 3762 562 itaque,

581 591 600 626 ι
633 575 684 628 la
718 584 968 644 requeste
996 574 1068 628 du
1111 573 1419 630 Procureur
1445 575 1661 646 general
1701 586 1756 631 et
1791 576 1870 630 les
1896 576 2062 630 Maire
2104 584 2159 631 et

578 687 598 720 ι
637 667 905 721 Ecbevins
947 667 1278 722 d‘Ahbeville
1319 683 1388 722 en
1438 669 1695 733 Pontieu,
1747 684 1844 740 par
1889 677 2044 723 vertu
2091 667 2160 723 de

577 775 596 808 ι
634 752 900 811 certaines
929 755 1118 811 Leti-es
1145 757 1369 828 Royaux
1391 797 1406 823 ,
1435 758 1466 811 a
1499 758 1780 828 l‘Evesque
1807 759 2078 813 d‘Amiens
2100 767 2160 813 et

577 863 598 899 ι
632 861 739 901 aux
788 845 960 900 Curez
1008 848 1074 902 de
1124 847 1286 902 Iadite
1339 849 1482 912 ville,
1533 850 1666 904 c‘cst
1711 849 1956 905 assavoir
2009 848 2159 905 audit

575 953 601 990 σ
632 937 878 1009 Evesque
915 939 1047 1010 qu'il
1087 955 1155 995 ne
1182 941 1328 1011 print
1352 957 1420 1012 ny
1451 942 1663 1014 cxigast
1693 952 1883 1014 argent
1905 944 2001 998 des
2025 952 2158 997 nou”

574 1046 594 1081 ι
630 1043 804 1085 veaux
831 1031 1034 1087 mariez
1075 1048 1212 1102 pour
1240 1033 1357 1089 leur
1384 1035 1592 1090 donner
1620 1035 1788 1106 congé
1815 1037 1882 1092 de
1920 1036 2156 1091 coucher

573 1134 595 1170 c
627 1133 757 1174 avcc
781 1119 925 1174 leurs
948 1120 1173 1176 femmes
1196 1121 1249 1176 la
1280 1125 1548 1193 premiere
1568 1165 1582 1190 ,
1613 1126 1775 1192 deux,
1799 1134 1854 1181 et
1879 1126 2156 1184 troisiéme

572 1225 592 1259 ι
627 1217 790 1280 nuyts
812 1211 880 1264 de
916 1208 1063 1266 leurs
1086 1227 1320 1282 nopces,
1352 1222 1408 1270 et
1446 1225 1629 1271 autres
1672 1226 1967 1274 contenues
2007 1219 2158 1275 audit

569 1317 591 1352 ι
624 1301 819 1356 Arrest
839 1342 854 1366 ,
885 1302 1038 1358 avoir
1061 1303 1175 1360 esté
1200 1305 1408 1361 bonnes
1443 1315 1498 1360 et
1522 1306 1759 1363 valables
1782 1347 1797 1373 ,
1827 1317 1883 1363 et
1911 1308 2155 1380 l’opposi-

571 1411 591 1446 ι
625 1395 740 1450 tion
771 1395 926 1450 dudit
953 1397 1200 1467 Evesquc
1233 1401 1385 1454 avoir
1409 1400 1525 1455 esté
1552 1402 1761 1457 donnée
1785 1418 1910 1458 sans
1932 1413 2153 1474 excepte

568 1507 590 1541 ι
630 1505 699 1544 au
726 1491 919 1562 regard
943 1491 1037 1547 des
1057 1494 1371 1563 exceptioiis
1395 1495 1694 1563 generales,
1723 1511 1788 1550 au
1812 1496 2005 1568 regard
2028 1498 2150 1554 des-

571 1601 591 1634 ι
629 1582 839 1652 quelles
867 1584 904 1638 il
932 1583 1012 1638 fut
1041 1585 1118 1639 dit
1147 1585 1224 1640 les
1246 1585 1512 1643 deﬂenses
1536 1589 1688 1643 avoir
1712 1588 1825 1645 esté
1846 1590 2002 1646 faitcs
2022 1604 2152 1646 sans

2261 581 2320 626 ut
2350 581 2495 628 recte
2529 573 2740 628 monuit
2784 571 3054 630 Antonius
3095 573 3446 646 Augustinus,
3490 577 3764 638 homicidium

2258 660 2544 732 signiﬁcat,
2571 677 2676 718 non
2705 677 2738 718 a
2780 663 2924 720 caede
2951 674 3130 720 tamen
3179 665 3406 722 deducta
3430 669 3619 739 origine
3651 686 3761 729 voca-

2258 752 2390 819 buli,
2419 764 2479 809 ut
2533 755 2623 811 ille
2661 757 2893 826 putavit,
2940 772 3065 814 cum
3109 759 3436 815 morchidum
3481 777 3580 817 non
3604 764 3662 820 sit
3696 782 3762 823 vox

2258 845 2469 914 Latina,
2516 847 2612 904 sed
2666 847 2988 917 Theodisca,
3038 857 3100 906 ut
3145 850 3307 907 docet
3336 850 3582 910 Rabanus
3621 854 3764 914 inloco

2256 953 2382 993 mox
2406 939 2644 996 laudato.

2327 1030 2456 1086 CAP.
2485 1031 2611 1088 200.
2631 1062 2705 1073 —
2740 1032 2925 1090 Scelus
2964 1035 3364 1108 multiplicetur.
3408 1038 3534 1097 Post
3555 1040 3632 1098 illa
3650 1045 3764 1103 verba

2257 1117 2418 1190 587
2449 1121 2646 1177 desunt
2670 1131 2796 1178 octo
2819 1121 2943 1180 folia
2972 1125 3028 1180 in
3053 1126 3240 1184 codice
3283 1127 3570 1186 Parisiensi
3593 1136 3764 1199 ms,ni-

2255 1211 2453 1265 mirum
2477 1227 2648 1283 usque
2671 1214 2740 1270 ad
2760 1217 3164 1287 paragraphum
3186 1219 3475 1290 septimum
3499 1223 3764 1293 capitum

2254 1301 2439 1374 Itaque
2466 1305 2609 1362 hunc
2635 1293 2856 1362 hiatum:
2891 1321 3197 1380 opportune
3225 1312 3494 1384 supplevit
3531 1315 3764 1375 Helmesta-

2255 1394 2461 1452 diensis
2496 1397 2701 1464 editio;
2731 1414 2918 1470 quam,
2943 1400 3116 1457 sicubi
3140 1403 3338 1459 mendo
3375 1420 3481 1461 non
3508 1421 3670 1464 vacare
3687 1410 3763 1464 vis:

2254 1499 2358 1554 cst,
2387 1490 2790 1547 emendavimus
2817 1507 2884 1548 ex
2932 1493 3166 1564 vulgatis
3206 1497 3533 1555 editionibus
3572 1499 3763 1558 Concilio-

2254 1592 2374 1632 rum
2404 1589 2498 1634 aut
2525 1582 2850 1652 scriptorum
2871 1598 2939 1640 ex
2965 1586 3160 1656 quibus
3179 1587 3354 1658 petita
3385 1594 3763 1664 suntcapitaqua

565 1691 587 1727 ι
623 1688 806 1730 cause.
837 1674 902 1729 Et
925 1674 1007 1730 fut
1029 1676 1106 1730 dit
1131 1693 1236 1747 que
1261 1694 1371 1750 ung
1407 1679 1645 1734 chascun
1674 1682 1876 1737 desdits
1902 1681 2151 1739 habitans
2251 1669 2304 1723 ίη
2333 1670 2439 1726 mis
2467 1681 2592 1729 οοῑο
2637 1672 2782 1730 {oms
2841 1674 3110 1746 descripta
3149 1689 3327 1746 erant,
3375 1691 3484 1737 ωσι
3528 1683 3663 1739 etiam
3695 1702 3761 1756 ονε

564 1783 586 1818 ι
623 1766 869 1836 pourroit
917 1769 1152 1823 coucher
1186 1785 1304 1822 cum
1347 1771 1598 1825 uxoribus
1644 1775 1754 1826 suis
1782 1772 1829 1826 la
1881 1774 2146 1843 premicre

2250 1761 2546 1819 Buri-bardi
2572 1774 2628 1820 et
2654 1767 2863 1836 antiqui
2907 1768 3112 1826 codicis
3142 1787 3246 1828 ms.
3271 1771 3457 1830 Sancti
3483 1774 3695 1833 Germani
3719 1782 3760 1835 de

563 1877 586 1911 ι
627 1867 761 1930 nuyl,
789 1859 855 1915 de
893 1858 1039 1916 leurs
1071 1876 1270 1930 nopces
1304 1878 1428 1919 sans
1469 1863 1519 1918 le
1549 1865 1717 1937 congé
1748 1867 1813 1920 de
1842 1867 2145 1937 [‘Evesque,
2177 1844 2223 1903 Β
2251 1858 2450 1928 Pratis,
2473 1862 2526 1917 ill
2555 1879 2664 1933 quo
2688 1873 2906 1922 exstant
2932 1864 3236 1938 fragmenta
3259 1869 3467 1942 aliquot
3489 1873 3757 1944 epistolarum

565 1967 587 2001 ι
625 1959 680 2004 et
701 1964 805 2018 que
824 1949 905 2005 les
927 1951 1177 2006 habitans
1199 1953 1291 2022 qui
1314 1956 1650 2010 mourroicnt
1667 1957 1980 2026 pourroicnt
2004 1967 2150 2012 estre

566 2061 588 2096 ι
623 2052 874 2101 enterrez
920 2060 1047 2100 sans
1072 2047 1243 2118 congé
1269 2049 1336 2102 de
1371 2048 1655 2119 l‘Evesque
1689 2059 1750 2105 et'
1764 2066 1850 2106 ses
1875 2049 2145 2116 Olliciers,

567 2153 586 2188 ι
619 2135 704 2192 s‘il
739 2138 828 2209 n’y
870 2152 901 2192 a
929 2140 1370 2208 empeschement
1399 2142 1722 2212 canonique.
1758 2145 1823 2198 Et
1843 2144 2019 2200 oultre
2044 2161 2150 2216 que

563 2247 583 2281 ι
622 2228 702 2285 les
723 2230 1022 2288 herititiers
1050 2240 1106 2288 et
1132 2243 1456 2290 executeurs
1486 2236 1555 2290 du
1595 2246 1888 2294 tcstament
1917 2240 2145 2296 d’ancun

561 2335 583 2370 ι
620 2321 891 2390 trespassé
937 2338 1004 2377 ne
1030 2333 1297 2393 pourront
1334 2334 1482 2382 estre
1519 2331 1846 2386 constraints
1887 2347 1953 2386 ne
1982 2332 2148 2405 obeyr

560 2425 582 2460 ι
619 2407 650 2463 ii
674 2411 969 2481 accomplir
1000 2413 1079 2468 les
1106 2415 1481 2473 ordonnances
1507 2418 1664 2476 faites
1689 2437 1786 2492 par
1806 2423 1886 2479 les
1905 2423 2146 2482 Olliciers

459 2521 463 2525 τ
563 2515 584 2549 ι
619 2500 771 2556 dudit
792 2501 1041 2574 Evesque
1064 2521 1130 2560 ne
1161 2523 1260 2577 par
1287 2507 1376 2581 luy
1397 2524 1462 2563 au
1490 2512 1682 2582 regard
1705 2513 1800 2569 des
1827 2513 2147 2572 Testamens

562 2604 584 2640 ι
618 2587 746 2646 faits
772 2606 873 2662 par
919 2592 1108 2651 lesdits
1139 2598 1444 2667 intestaux;
1486 2603 1623 2658 mais
1666 2603 1742 2660 les
1778 2621 1978 2676 pourra
2015 2607 2148 2664 ledit

556 2697 581 2734 ι
617 2680 868 2754 Evesque
907 2685 1255 2773 adtnonester
1293 2691 1748 2750 charitablement
1782 2696 1942 2766 qu’ils
1968 2697 2146 2754 lacent

556 2791 582 2828 σ
614 2773 741 2830 bien
772 2791 911 2847 pour
939 2777 1098 2835 l’ame
1125 2781 1276 2835 dudit
1299 2782 1539 2838 intestat.
1574 2785 1640 2840 Et
1661 2802 1765 2856 que
1794 2787 1871 2843 les
1894 2789 2145 2846 heritiers

557 2883 578 2919 ι
615 2881 687 2922 ou
738 2877 1062 2925 executeurs
1117 2870 1189 2926 du
1240 2883 1532 2932 testament
1595 2878 1828 2934 d’aucun
1879 2884 2146 2954 treSpassé

557 2975 580 3011 ι
616 2969 880 3030 pourront
906 2962 1109 3019 dedans
1150 2963 1256 3020 l'an
1284 2967 1352 3021 du
1398 2977 1821 3039 trespassement
1849 2973 2146 3030 submettre

560 3067 582 3102 ι
620 3051 942 3109 l‘execution
987 3054 1218 3128 d’iceluy
1248 3058 1278 3112 ii
1299 3057 1347 3112 la
1368 3058 1563 3116 lustice
1592 3062 1710 3135 layc
1730 3079 1796 3117 ou
1822 3065 1887 3120 dc
1909 3065 2142 3136 l‘Eglise.

560 3158 580 3193 ι
602 3139 737 3196 Cum
759 3143 1003 3214 pluribus
1029 3146 1150 3202 aliis
1183 3148 1235 3201 in
1259 3148 1482 3208 Arresto
1502 3155 1786 3210 contentis.
1812 3176 1830 3208 ι
1863 3158 1954 3213 Slc
1982 3158 2143 3215 luno-

2247 1950 2458 2010 Rabani
2495 1955 2562 2010 ad
2601 1955 2960 2012 Humbertum
2999 1959 3312 2032 episcopum
3353 1970 3410 2017 et
3453 1963 3518 2017 ad
3544 1964 3757 2035 Reginhal-

2248 2044 2376 2098 dum
2407 2045 2872 2118 chorepiscopum.
2917 2049 3132 2106 Alicubi
3161 2052 3329 2107 etiam
3353 2053 3639 2125 adjumento
3655 2055 3758 2112 nobis

2247 2135 2350 2190 fuit
2407 2135 2788 2196 Poenitentiale
2857 2139 3160 2197 Romanum
3207 2143 3414 2200 editum
3477 2145 3542 2202 ab
3590 2147 3759 2204 Antonio

2245 2225 2567 2297 Augustino.

2315 2319 2440 2375 Cu.
2458 2319 2931 2379 112.—-Geniculo.
2952 2324 3010 2380 id
3029 2335 3136 2394 est,
3157 2329 3526 2399 generatione,
3549 2332 3755 2402 progenie.

2246 2412 2381 2468 Vide
2404 2413 2496 2468 lib.
2543 2415 2946 2485 v10apitular.,
2988 2434 3112 2490 cap.
3149 2421 3219 2477 80
3267 2432 3329 2478 et
3375 2425 3494 2480 128.
3532 2425 3755 2480 Concilium

2245 2500 2614 2571 Moguntinnm
2642 2505 2742 2560 sub
2795 2504 3042 2574 Rabano,
3083 2525 3204 2581 cap.
3257 2511 3356 2577 50,
3401 2524 3456 2568 et
3474 2513 3597 2569 libro
3618 2529 3648 2568 ιι
3669 2514 3750 2581 legi.

2245 2593 2675 2666 Longobardor.,
2705 2598 2788 2653 tit.
2841 2599 2926 2664 14,
2966 2616 3086 2672 cap.
3121 2600 3170 2658 1.
3203 2603 3468 2661 Dicebant
3494 2608 3633 2662 etiam
3663 2621 3753 2676 genu

2243 2699 2344 2756 pro
2369 2685 2634 2754 geniculo,
2667 2696 2722 2742 ut
2777 2687 2833 2743 in
2867 2689 3128 2762 Capitulis
3176 2692 3448 2766 Ahytonis
3487 2696 3754 2762 Basileensis,

2245 2797 2364 2852 cap.
2392 2783 2457 2837 21
2491 2793 2546 2838 et
2569 2783 2719 2838 alibi.
2857 2848 2860 2852 Α

2315 2873 2444 2928 CAP.
2466 2873 2594 2927 222.
2621 2903 2688 2913 -
2719 2872 3005 2946 Sexaginta
3057 2877 3157 2932 sol.
3186 2877 3358 2935 Pmna
3412 2883 3522 2954 ejus
3554 2883 3631 2953 qui
3653 2882 3752 2936 ince-

2247 2971 2490 3018 stnosum
2513 2967 2836 3038 susceperit,
2863 2968 2951 3023 hic
2978 2970 3118 3040 apud
3147 2971 3482 3043 Reginonem
3513 2986 3616 3031 erat
3636 2991 3676 3028 xl
3699 2989 3755 3028 so-

2248 3055 2501 3112 lidorum.
2529 3057 2659 3126 Nos,
2705 3061 2829 3130 quia
2864 3062 2969 3117 hoc
3002 3062 3120 3119 loco
3167 3066 3585 3124 destituebamur
3614 3067 3753 3122 auxilio

2245 3152 2600 3222 manuscripti
2644 3154 2866 3219 codicis,
2908 3155 3125 3212 aliunde
3167 3159 3270 3214 ista
3329 3162 3700 3217 emendavimus.
3718 3159 3752 3212 In

552 3212 872 3303 centius'lll,
903 3238 996 3294 lib.
1020 3255 1074 3303 κ,
1106 3241 1264 3312 epist.
1295 3243 1383 3310 85,
1428 3249 1687 3316 repressit
1721 3251 2000 3307 avaritiam
2031 3255 2142 3325 epi-

2247 3241 2474 3297 concilio
2495 3212 2692 3314 q-uippe
2719 3212 2942 3301 Metensi
2959 3249 3058 3303 sub
3074 3212 3752 3323 Pippitio,iundc‘istasuinpla

552 3327 700 3396 scopi
727 3327 1066 3398 Aniciensis,
1094 3333 1185 3403 qui
1210 3334 1446 3407 legitima
1481 3339 1764 3398 viduarum
1798 3347 2141 3404 matrimonia

553 3414 881 3488 impediebat
909 3421 1080 3479 donec
1105 3423 1223 3494 ejus
1249 3441 1577 3485 consensum
1603 3447 1886 3490 numerata
1913 3439 2140 3508 pecunia

551 3507 928 3566 redemissem.

542 3629 544 3686 ᾧ
624 3593 962 3658 Genitiarias.
994 3605 1129 3662 Vide
1155 3623 1316 3679 supra
1343 3625 1463 3683 cap.
1490 3611 1597 3668 246
1625 3612 1748 3670 libri
1776 3617 1960 3686 primi.

541 3671 547 3742 ξ
624 3687 754 3744 CAP.
799 3691 922 3748 178.
965 3725 1034 3736 —
1065 3671 1457 3756 Mundiburdis.
1509 3703 1566 3759 Id
1619 3715 1702 3760 est
1746 3671 2034 3778 tutoribus,
2079 3719 2144 3768 ut

554 3778 694 3875 infra
727 3783 780 3838 in
819 3799 937 3855 cap.
979 3787 1048 3842 58
1079 3792 1329 3846 secundae
1352 3793 1698 3864 Appendicis.
1746 3797 1992 3857 Tutelam
2039 3819 2140 3875 pa-

554 3873 768 3930 trocinii
799 3879 1017 3934 nomine
1044 3881 1292 3954 designat
1330 3884 1577 3957 vulgatus
1605 3904 1778 3945 canon
1811 3891 1883 3946 24
1913 3873 2140 3952 Concilii

553 3968 936 4040 Triburiensis,
961 3990 1027 4030 ex
1051 3991 1156 4046 quo
1185 3988 1459 4049 sumptum
1485 3989 1567 4037 est
1595 3983 1736 4038 istud
1776 3995 1958 4061 caput.
1990 3987 2142 4044 Mun-

553 4061 808 4120 deburdis
836 4074 1016 4122 autem
1048 4067 1133 4123 vel
1174 4071 1620 4129 mundeburdinm
1649 4076 1934 4148 signiﬁcat
1961 4080 2141 4138 tuitio-

551 4170 696 4224 nem,
739 4158 1132 4228 defensionem.
1182 4165 1593 4232 protectionem.
1632 4168 2012 4227 Mundualdum
2041 4188 2140 4244 pro

551 4251 912 4309 muntﬁburdo
967 4254 1080 4311 sive
1115 4264 1293 4312 tutore
1341 4257 1527 4315 dicunt
1561 4261 1709 4334 leges
1755 4263 2141 4337 Longobardo-

549 4354 691 4396 rum.

621 4430 751 4487 CAP.
783 4433 905 4491 179.
936 4438 1101 4493 —Ab
1139 4438 1318 4495 altari.
1343 4441 1476 4512 Ipsae
1500 4443 1645 4500 enim
1674 4444 1851 4502 velum
1881 4449 1950 4505 ab
1980 4448 2139 4507 altari

550 4538 766 4581 sumere
787 4525 1052 4585 debebant
1069 4539 1123 4586 et
1149 4531 1251 4587 sibi
1279 4532 1585 4604 imponere;
1617 4539 1758 4608 quod
1775 4541 1998 4597 vetitum
2019 4551 2141 4598 erat

523 4619 526 4621 λ
550 4615 841 4688 episcOpis.

621 4709 750 4766 CAP.
784 4711 906 4769 199.
935 4745 1008 4756 -
1028 4715 1383 4776 Morchidum.
1411 4721 1489 4776 Ita
1516 4722 1683 4780 editio
1705 4722 2147 4784 Helmzestadien-

550 4801 648 4869 sis,
680 4803 752 4858 ita
789 4807 961 4862 codex
987 4807 1328 4879 Pari'siensis,
1358 4814 1433 4868 ita
1460 4814 1826 4885 Burchardus,
1866 4817 1937 4874 ita
1960 4818 2148 4876 Poeni-

553 4895 776 4949 tcntiale
799 4895 1101 4955 Romanum
1128 4901 1348 4960 Antonii
1374 4906 1682 4978 Augustini,
1727 4909 1808 4964 tit.
1834 4911 1889 4974 5,
1919 4927 2040 4983 cap.
2067 4914 2099 4967 8
2125 4930 2140 4980 ;

547 4985 624 5041 ita
651 4987 882 5059 denique
931 4990 1020 5047 lvo
1057 5004 1212 5064 parte
1261 5013 1337 5063 ix,
1381 5013 1501 5069 cap.
1533 4997 1620 5064 70,
1647 5000 1700 5054 in
1735 5001 1985 5056 omnibus
2023 5002 2142 5057 edi-

547 5077 804 5137 tionibus.
851 5082 922 5137 Et
984 5092 1163 5142 tamen
1213 5087 1643 5163 Lindenbrogius
1691 5103 1748 5148 et
1810 5093 2027 5151 Vossius
2066 5104 2140 5150 ita

547 5173 884 5231 conﬁdenter
914 5180 1224 5234 mortridum
1265 5181 1448 5254 legunt
1478 5188 1617 5254 apud
1663 5185 1877 5241 lvoncm
1903 5203 1967 5243 ac
1992 5187 2034 5243 si
2075 5203 2140 5243 ea

547 5263 663 5319 sola
693 5263 853 5322 lectio
881 5268 991 5324 illic
1034 5271 1346 5338 haberetur,
1394 5289 1516 5329 cum
1563 5275 1767 5331 nullum
1801 5278 2016 5333 interim
2049 5295 2142 5336 ve-

550 5360 753 5410 tustum
779 5358 1018 5414 codicem
1042 5359 1259 5417 laudent
1279 5379 1388 5419 sua:
1410 5366 1805 5422 emendationis
1833 5377 2138 5424 auctorem.

549 5438 738 5498 Visum
766 5454 849 5500 est
873 5448 1036 5518 igitur
1054 5451 1389 5507 retinendam
1411 5470 1531 5510 esse
1551 5467 1787 5512 veterem
1817 5457 2137 5526 lectionem;

549 5548 712 5605 quam
740 5537 919 5604 etiam,
970 5557 1291 5598 consensum
1325 5554 1403 5602 tot
1447 5547 1710 5604 librorum
1761 5551 1952 5616 secuti,
1987 5567 2142 5623 repo-

551 5625 759 5683 suimus
787 5629 840 5684 in
872 5633 1048 5702 capite
1070 5636 1327 5707 vigesimo
1371 5641 1611 5709 epistola:
1638 5643 1846 5698 Rabani
1893 5644 1958 5699 ad
1984 5645 2140 5700 Heri-

550 5716 790 5786 baldum,
813 5737 933 5777 cum
956 5725 1122 5781 editio
1148 5727 1401 5785 Stevartii
1424 5731 1649 5790 haberet
1665 5735 1954 5789 mordicum
1980 5754 1998 5803 ;
2023 5753 2142 5808 qute

550 5821 677 5872 vox.
706 5815 992 5872 tamenetsi
1015 5828 1289 5891 corrupta,
1313 5822 1516 5881 indicat
1541 5827 1868 5884 morcliidum
1895 5829 2145 5902 primitus

2163 4593 2218 4656 D

2242 3343 2391 3400 sunt,
2418 3343 2532 3390 tum
2554 3336 2716 3391 etiam
2739 3337 2794 3391 in
2819 3337 2972 3394 libris
2991 3340 3384 3411 Capitularium
3399 3346 3547 3401 editis
3558 3355 3604 3401 et
3621 3359 3751 3398 manu-

2244 3426 2498 3497 scriptis,
2552 3428 2786 3501 denique
2832 3431 2885 3486 in
2923 3435 3220 3492 canonibus
3279 3437 3436 3495 isaac
3479 3439 3752 3510 Lingonensis

2243 3518 2479 3590 episcopi
2516 3527 2626 3574 tam
2673 3521 2833 3578 editis
2881 3539 3044 3595 quam
3084 3543 3215 3582 mss.
3268 3530 3364 3586 tit.
3388 3531 3441 3596 4,
3469 3547 3576 3602 cap.
3604 3533 3645 3596 l,
3669 3546 3754 3584 con-

2243 3615 2470 3666 stanter’
2489 3612 2748 3683 scriptum
2805 3622 2890 3671 est
2929 3630 3053 3672 eum
3104 3620 3198 3689 qui
3261 3629 3614 3696 transgressus
3643 3620 3753 3676 fuerit

2244 3703 2386 3758 hanc
2415 3703 2609 3775 legem,
2663 3707 2946 3776 sexaginta
2991 3711 3195 3768 solidos
3225 3715 3343 3785 regi
3389 3716 3749 3787 compositurum.

2243 3795 2344 3852 Hic
2361 3797 2505 3853 enim
2531 3807 2652 3854 erat
2679 3800 2891 3858 bannus
2911 3804 3212 3863 dominicus
3239 3824 3338 3865 seu
3369 3812 3557 3883 regius,
3583 3820 3630 3864 ut
3651 3812 3752 3880 patet

2243 3904 2309 3945 ex
2331 3892 2498 3947 variis
2519 3891 2652 3949 locis
2687 3893 3100 3965 Capitularium.
3149 3901 3320 3958 Error
3365 3905 3521 3976 igitur
3545 3903 3659 3976 apud
3680 3900 3750 3955 Re-

2243 3983 2491 4054 ginonem
2537 3995 2691 4042 ortus
2769 4003 2839 4045 ex
2888 3992 3306 4062 transpositione
3355 4009 3679 4061 numerorum,
3714 4003 3750 4045 ιι

2242 4091 2344 4147 pro
2373 4092 2462 4131 ιχ.

2312 4167 2441 4224 CAP.
2461 4169 2586 4226 231.
2618 4201 2690 4212 —
2708 4171 3040 4246 Computare.
3068 4176 3324 4247 Narrare,
3354 4191 3582 4254 complet.

2312 4260 2588 4320 ϐιιη245.
2629 4294 2701 4306 --
2728 4266 2810 4320 Ad
2856 4284 3082 4324 crucem.
3133 4270 3370 4330 Vetitum
3404 4275 3580 4330 deinde
3612 4267 3748 4336 estin.

2241 4351 2442 4409 dicium
2474 4355 2652 4412 crucis
2679 4357 2799 4428 lege
2823 4358 3002 4415 Caroli
3024 4360 3225 4434 Magni,
3255 4381 3378 4436 qua:
3403 4374 3567 4421 exstat
3590 4364 3632 4417 in
3657 4361 3748 4414 libro

2239 4446 2416 4515 primo
2437 4445 2850 4518 Capitularium,
2905 4466 3024 4522 cap.
3084 4454 3208 4520 108,
3240 4465 3294 4510 et
3320 4456 3415 4512 lib.
3461 4473 3499 4511 ιι
3529 4454 3638 4525 legis
3659 4449 3750 4504 Lon-

2241 4541 2549 4612 gobardor.,
2578 4543 2658 4597 tit.
2685 4541 2775 4609 55,
2802 4559 2921 4615 cap.
2965 4545 3052 4600 32.
3101 4547 3278 4603 Nihilo
3308 4559 3484 4606 tamen
3533 4547 3676 4603 minus
3695 4555 3750 4595 rev

2253 4642 2432 4689 tentus
2457 4643 2541 4689 est
2571 4635 2657 4690 hic
2690 4652 2825 4703 mos,
2856 4647 2914 4694 ut
2942 4648 3092 4710 patet
3120 4657 3187 4696 ex
3215 4641 3513 4714 Agoherdo.

2322 4729 2546 4785 Servilio
2608 4731 2860 4788 Immano.
2923 4735 3053 4791 Erat
3105 4738 3267 4807 igitur
3329 4737 3534 4810 aliquod
3578 4727 3747 4789 libidinis

2252 4835 2420 4891 genus
2469 4823 2611 4892 quod
2644 4823 2890 4880 homines
2927 4825 3126 4883 liberos
3170 4828 3238 4883 ad
3289 4830 3582 4884 servitutem
3613 4819 3746 4878 demi!-

2253 4912 2420 4974 tebat,
2449 4914 2589 4968 sicut
2611 4915 2675 4970 de
2700 4914 2916 4972 feminis
2939 4919 3253 4975 adnotatum
3283 4931 3364 4977 est
3384 4935 3533 4992 supra
3560 4916 3615 4971 ad
3634 4914 3746 4980 calli“

2247 5003 2352 5057 216
2371 5003 2490 5058 libri
2506 5006 2685 5073 primi.
2704 5005 2795 5062 Sic
2809 5007 2974 5080 588
2986 5009 3039 5064 in
3055 5009 3171 5082 lege
3185 5009 3586 5084 Wisigothorum
3599 5005 3743 5096 librili

2251 5095 2333 5150 tit.
2356 5095 2408 5162 6,
2435 5112 2556 5167 cap.
2581 5098 2667 5162 11,
2695 5099 3025 5156 adulterator
3047 5113 3274 5160 moneta:
3303 5105 3583 5160 libertatem
3605 5092 3744 5150 amitti!

2247 5194 2302 5242 et
2329 5188 2548 5242 servitio
2577 5189 2886 5259 deputatur.
3417 5235 3429 5244 .
3628 5277 3652 5280 _
3709 5269 3719 5280 '

2318 5279 2448 5334 CAP.
2483 5279 2612 5336 262.
2640 5312 2712 5322 -
2737 5282 2868 5338 Haec
2919 5284 2984 5341 de
3017 5285 3240 5343 multim.
3283 5286 3454 5344 Verba
3490 5289 3597 5341 sunt
3627 5277 3740 5342 liti"

2248 5370 2426 5427 nonis.
3728 5429 3736 5442 .

2318 5461 2448 5517 CAP.
2480 5462 2606 5520 274.
2634 5497 2708 5508 -
2732 5465 3058 5525 Bastiniaco.
3091 5470 3150 5526 In
3196 5470 3332 5527 libro
3359 5476 3502 5527 sexto
3537 5454 3739 5533 Capilﬂii‘

2249 5554 2388 5610 rium
2420 5565 2474 5611 et
2517 5558 2568 5612 in
2618 5559 2880 5630 Capitulis
2905 5561 3084 5618 Caroli
3116 5563 3265 5620 Calvi
3300 5563 3484 5634 legitur
3522 5549 3735 5612 bastonito.

2246 5645 2302 5700 id
2344 5656 2523 5704 autem
2586 5651 3015 5723 interpretantur
3078 5656 3430 5711 arctissimam
3490 5643 3734 5706 custodiam:

2249 5737 2360 5810 Ego
2390 5750 2520 5810 puto
2559 5741 2779 5815 intelligi
2812 5746 2875 5801 de
2921 5761 3140 5804 carcere
3179 5749 3344 5821 regio,
3371 5737 3629 5830 cuiusmodi

2248 5847 2368 5904 quae
2397 5848 2539 5890 nunc
2571 5837 2934 5907 conciergen'te
2962 5848 3243 5897 vocantur.
3274 5839 3434 5895 Porro
3460 5825 3653 5891 clausula
3672 5816 3730 5873 illa
