3920 6428
91 307 220 365 449

1075 305 1286 365 ΝΟΤΔΕ
1320 306 1412 362 AD
1450 306 1578 363 LIB.
1619 307 1660 364 ιι
1695 307 1786 366 DE
1823 307 2107 366 ECCLES.
2148 309 2428 367 DISCIPL.

3291 315 3396 370 $.30

91 417 447 490 postmodum
503 432 640 481 vero,
691 424 815 483 etc.,
863 428 1035 487 usque
1084 416 1153 471 ad
1191 433 1370 487 poenas
1416 415 1551 481 luat,
1591 431 1700 471 non
1729 422 1782 484 Α
1806 417 1876 472 60
1895 417 2050 488 Lupi,
2081 418 2217 474 adeo
2245 419 2422 490 magni
2453 419 2625 474 virum
2645 419 2932 486 faciebant,
2963 429 3162 478 uteum
3187 437 3394 495 speeta-

91 521 298 569 exstat
331 513 387 568 in
411 511 647 567 editione
681 509 1165 568 Helmaestadiensi.
1196 510 1392 567 Addita
1431 509 1598 581 igitur
1616 520 1702 566 est

92 619 172 662 ex
193 605 391 662 codice
413 603 734 661 PariSiensi.

175 697 314 754 Car.
341 695 469 753 276.
494 726 568 738 -
593 695 795 768 Corpus
833 688 1212 754 Domini.°.lam
1254 697 1346 752 alii
1374 696 1701 754 observaveo

91 797 236 845 runt
260 803 427 844 unam
449 803 515 844 ex
562 789 793 846 diversis
832 788 1160 858 judiciorum
1187 787 1378 846 formis
1419 805 1540 860 quae
1566 789 1699 846 olim

89 878 588 950 usurpabanturin
618 879 783 936 rebus
825 879 1014 936 dubiis'
1028 879 1195 937 fuisse
1236 895 1433 952 corpus
1461 880 1698 938 Domini.

90 971 265 1039 Quod
309 987 342 1027 a
376 971 618 1029 Boberto
667 987 793 1045 rege
835 974 1149 1030 damnatum
1198 990 1320 1032 esse
1365 976 1419 1030 in
1469 975 1696 1046 epistola

88 1064 312 1135 scripta
337 1064 404 1120 ad
425 1064 806 1122 Leothericnm
833 1066 1298 1138 archiepiscopum
1321 1067 1694 1124 Senonensem

87 1142 266 1213 docet
306 1155 596 1230 Helgaldus
646 1159 701 1214 in
748 1159 904 1215 initio
928 1159 1067 1217 Vitae
1103 1160 1240 1232 ejus.
1262 1160 1520 1216 Attamen
1551 1161 1696 1218 hunc

85 1263 315 1304 rnorem
331 1258 604 1306 retentum
626 1249 803 1307 adhuc
822 1249 990 1308 fuisse
1012 1265 1126 1308 ειενο
1139 1250 1386 1324 Gregorii
1411 1251 1499 1308 Vll
1528 1259 1696 1308 testa-

86 1345 210 1392 tur.
241 1336 572 1396 Lambertus
619 1339 1147 1415 Schafnaburgensis
1198 1343 1266 1399 ad
1295 1358 1497 1399 annum
1529 1343 1692 1411 1077,

84 1429 192 1486 ubi
245 1430 324 1485 ait
380 1429 724 1503 Gregorium,
773 1432 1044 1490 celebrata
1117 1435 1286 1491 missa
1337 1435 1694 1506 confectaque

83 1539 256 1580 sacra
285 1523 576 1592 oblatione,
619 1541 798 1598 regem
825 1542 1085 1585 evocasse
1131 1528 1200 1585 ad
1223 1527 1417 1595 altare,
1444 1537 1502 1584 et
1529 1543 1693 1584 manu

84 1614 484 1686 praeferentem
511 1632 709 1689 corpus
754 1619 1117 1684 Dominicum,
1156 1634 1279 1676 cum
1306 1620 1475 1677 multa
1506 1620 1694 1692 prolo-

83 1715 259 1762 cutus
279 1709 508 1764 essetde
530 1723 629 1764 sua
655 1708 990 1776 innocentia,
1007 1710 1122 1766 htec
1146 1709 1364 1767 demum
1385 1711 1687 1766 addidisse:

1801 518 1924 564 rent
1936 509 2101 565 veluti
2119 511 2454 567 conditorem
2479 528 2772 580 canonmn,
2797 523 2961 585 atque
2975 516 3108 571 adeo
3121 516 3236 586 ejus
3255 535 3394 590 prte-

1801 602 2032 657 sentiam
2064 601 2118 656 in
2149 604 2367 674 synodis
2395 605 2756 660 necessariam
2784 620 2905 661 esse
2944 608 3175 677 quodam
3231 613 3392 667 modo

1798 690 2197 747 existimarent.
2231 690 2467 748 Rursum
2497 692 2614 764 ejus
2661 709 2824 765 opera
2876 697 2959 752 usi
3005 707 3133 754 sunt
3175 697 3390 756 Wenilo

1799 779 2133 839 Senonensis
2175 784 2612 857 archiepiscopus
2643 798 2701 842 et
2736 787 3064 861 sulfraganei
3104 792 3222 862 ejus
3265 809 3387 849 eum

1799 871 2061 930 adversus
2102 875 2498 931 llerimannum
2543 879 2856 951 episcopum
2887 879 3276 940 Nivernensem
3319 889 3388 941 ad

1797 962 2080 1020 Nicolaum
2145 981 2342 1038 papam
2400 967 2705 1026 scriberent
2745 971 3031 1044 epistolam
3086 973 3190 1030 l50
3247 975 3390 1031 inter

1795 1053 2056 1126 Lupinas.

1865 1148 1994 1205 Car.
2028 1149 2154 1207 509.
2177 1181 2249 1192 —
2273 1150 2526 1208 Contione
2552 1152 2630 1209 uel
2654 1163 2883 1210 content.
2914 1156 2976 1212 In
3003 1157 3191 1214 codice
3213 1159 3390 1215 Theo-

1795 1240 2024 1298 dosiano
2052 1252 2261 1299 tantum
2285 1244 2341 1299 in
2378 1247 2711 1301 contentione
2749 1246 2999 1303 habetur.
3048 1249 3235 1320 Itaque
3285 1251 3386 1306 ad-

1793 1334 2022 1389 monitio
2062 1334 2164 1389 fuit
2197 1335 2438 1404 librarii;
2473 1338 2566 1408 qui
2605 1354 2730 1394 cum
2775 1339 3022 1395 divinare
3049 1355 3158 1396 non
3194 1352 3385 1412 posset

1795 1425 1922 1496 quid
1946 1425 2124 1496 potius
2139 1427 2421 1498 legendum
2443 1438 2608 1496 esset,
2632 1430 2896 1498 contione,
2920 1430 3007 1486 vel
3032 1434 3384 1502 contentione,

1793 1525 2090 1589 utrumque
2127 1519 2338 1590 posuit,
2372 1519 2563 1577 lectori
2597 1521 2860 1593 judicium
2903 1523 3174 1595 integrum
3213 1524 3384 1580 relin-

1794 1623 1984 1679 quens.
2013 1610 2106 1666 Sic
2124 1611 2269 1666 enim
2289 1611 2536 1668 solebant
2563 1614 2772 1684 antiqui
2802 1614 3030 1680 librarii,
3058 1625 3115 1670 ut
3140 1615 3385 1687 pluribus

1793 1701 2060 1773 exemplis
2087 1703 2436 1774 probavimus
2461 1706 2529 1760 ad
2562 1704 2897 1772 Salvianum,
2926 1722 3052 1777 pag.
3082 1707 3207 1775 405,
3237 1719 3295 1764 et
3315 1709 3385 1764 ad

91 1819 115 1854 ι
169 1800 243 1858 Ut
269 1800 654 1859 satisfactionis
675 1804 998 1874 compendio
1013 1820 1234 1861 omnem
1261 1805 1516 1860 omnibus
1537 1819 1691 1860 sean-
1715 1812 1767 1876 Β
1792 1792 2004 1865 Lupum
2023 1793 2453 1861 Ferrariensem.
2495 1812 2620 1868 pag.
2653 1795 2759 1851 546
2791 1804 2846 1852 et
2875 1797 3002 1852 451.
3036 1797 3240 1854 Eadem
3265 1813 3384 1852 me-

82 1894 205 1950 dali
237 1895 550 1968 scrupulum
580 1896 648 1952 de
678 1897 858 1952 medio
899 1899 1165 1964 auferam,
1190 1912 1318 1954 ecce
1350 1912 1550 1969 corpus
1577 1897 1686 1953 Do-

83 1988 358 2044 minicum
383 1989 528 2060 quod
543 1997 858 2060 sumpturus
877 2003 996 2056 ero,
1017 1989 1074 2046 in
1096 1989 1528 2060 experimentum
1551 1988 1687 2044 mihi

83 2079 256 2136 hodie
285 2080 383 2136 fiat
404 2080 729 2138 innocentiae
750 2095 887 2136 mea:
911 2097 927 2147 ;
953 2089 1012 2136 ut
1039 2081 1384 2153 omnipotens
1416 2082 1560 2137 Deus
1588 2095 1688 2137 suo

87 2185 182 2225 me
205 2170 372 2227 hodie
389 2167 595 2238 judicio
615 2170 700 2228 vel
734 2171 984 2228 absolvat
1004 2170 1202 2242 objecti
1233 2171 1481 2227 criminis
1510 2172 1690 2243 suspi-

85 2261 270 2326 cione,
325 2262 376 2318 si
429 2261 692 2319 innocens
741 2277 884 2329 sum,
937 2261 1024 2319 vel
1073 2263 1354 2319 subitanea
1410 2263 1690 2320 interimat

85 2364 292 2423 morte,
321 2355 371 2411 si
426 2371 573 2412 reus.
615 2355 743 2412 Haec
767 2363 824 2412 et
847 2354 974 2421 alia,
1002 2363 1064 2410 ut
1093 2355 1336 2412 solemne
1361 2362 1468 2420 est,
1489 2354 1689 2426 praefa-

85 2455 177 2501 tus
187 2446 360 2501 verba
382 2444 669 2512 terribilia,
696 2445 894 2517 quibus
906 2445 1075 2502 Deum
1097 2459 1278 2503 causa
1303 2460 1416 2501 sua:
1435 2443 1686 2516 aequissi-

85 2556 238 2595 mum
304 2540 545 2612 judicem
611 2549 668 2595 et
728 2539 1054 2596 innocentia
1113 2547 1438 2596 assertorem
1495 2539 1688 2596 adesse

82 2630 439 2702 precabatur,
493 2639 704 2700 partem
759 2628 1025 2686 Dominici
1082 2628 1329 2700 corporis
1377 2629 1585 2698 accepit
1633 2638 1688 2686 et

82 2721 347 2778 comedit.
393 2739 412 2774 ι
460 2721 596 2778 Vide
623 2729 789 2792 caput
825 2735 1060 2791 sequens
1089 2719 1403 2792 Reginonis.
1433 2721 1577 2790 quod
1604 2729 1688 2776 est

81 2813 148 2868 de
177 2811 374 2867 eadem
401 2811 650 2868 materia.
680 2811 814 2867 Vide
842 2811 1006 2866 etiam
1036 2810 1390 2882 appendicem
1415 2811 1686 2883 adjectam

80 2903 361 2960 Chronico
391 2902 688 2975 Reginonis
721 2904 790 2959 ad
817 2918 1023 2959 annum
1049 2903 1176 2960 8H.

152 2992 290 3048 Car.
320 2992 448 3048 282.
476 2991 916 3064 —Sacrilegium
967 2991 1116 3062 facit.
1153 2991 1289 3050 Vide
1316 3001 1473 3049 notas
1515 2994 1584 3049 ad
1617 2993 1682 3049 li-

80 3085 244 3138 brum
296 3081 568 3156 Agobardi
620 3083 686 3140 de
731 3082 1135 3154 dispensatione
1187 3084 1683 3142 ecclesiasticarum

79 3192 268 3232 rerum
293 3215 309 3242 ,
342 3190 459 3246 cap.
492 3175 579 3232 l8.

153 3267 288 3323 Car.
319 3267 448 3324 292.
481 3299 552 3309 -
578 3266 809 3324 Faidam
845 3279 1034 3340 portet.
1081 3267 1242 3326 Parte
1267 3270 1508 3326 inimitié.
1547 3269 1683 3327 Vide

79 3359 440 3418 Sirmondum
472 3361 527 3415 in
556 3361 700 3417 notis
722 3361 788 3418 ad
817 3360 1063 3434 Capitula
1088 3361 1267 3420 Caroli
1296 3361 1464 3420 Calvi.

149 3451 285 3507 Car.
315 3450 440 3506 295.
484 3481 554 3490 —
602 3448 1000 3508 Comntunione.
1033 3452 1346 3524 Legendum
1395 3453 1683 3508 commoni-

77 3545 247 3608 tione,
277 3551 340 3597 ut
371 3543 694 3598 monuimus.
749 3543 884 3598 Nam
915 3552 971 3600 et
1018 3545 1071 3599 in
1113 3543 1412 3600 canonihus
1453 3544 1682 3614 vulgatis

77 3637 254 3708 589
279 3635 494 3691 concilii
528 3635 707 3706 quarti
732 3633 979 3692 Toletani
1018 3636 1279 3706 scriptum
1311 3643 1398 3691 est
1439 3636 1682 3690 admoni-

77 3734 227 3785 tione
247 3744 349 3800 pro
369 3744 436 3784 eo
458 3729 602 3799 quod
630 3727 838 3800 Regino
861 3729 1027 3785 habet
1043 3722 1435 3783 communione.
1465 3714 1532 3782 Et
1553 3743 1678 3784 mox

78 3837 259 3878 canon
301 3821 724 3878 admonitionem
756 3830 918 3877 vocat
957 3821 1101 3892 quod
1144 3821 1248 3878 hoc
1283 3821 1404 3878 loco
1439 3836 1680 3876 commu-

78 3916 305 3971 nionem
341 3913 576 3969 dixerat.
605 3912 749 3969 Infra
771 3930 894 3986 cap.
925 3913 1031 3970 408
1065 3915 1266 3985 legitur
1294 3932 1307 3969 :
1343 3913 1499 3980 Quod
1522 3914 1568 3968 si
1589 3930 1677 3966 eas

78 4017 190 4061 tres
221 4006 630 4072 admonitiones,
661 4017 756 4062 etc.
783 4005 967 4062 Codex
1004 4016 1186 4062 autem
1222 4006 1549 4062 Parisiensis
1578 4005 1679 4059 ha-

78 4101 174 4157 bet
197 4119 210 4155 :
235 4098 390 4166 Quod
411 4100 456 4154 si
476 4117 564 4155 eas
585 4109 689 4155 tres
717 4099 1131 4155 contmuniones.
1159 4099 1238 4155 Ex
1260 4099 1346 4155 his
1368 4113 1497 4172 ergo
1523 4098 1678 4154 colli-

80 4195 230 4266 gitur
258 4208 421 4248 voces
449 4193 746 4248 communio
771 4201 826 4248 et
852 4193 1190 4248 commonitio
1216 4192 1518 4263 permutari
1543 4191 1674 4247 olim

79 4287 321 4341 invicem
358 4284 572 4350 solitas,
620 4285 863 4356 adeoque
913 4284 1210 4355 legitimam
1248 4299 1371 4340 esse
1417 4284 1675 4339 emenda-

81 4379 288 4432 tionem
320 4377 388 4431 ab
424 4376 792 4432 illustrissimo
823 4377 941 4431 viro
986 4377 1151 4433 Petro
1194 4378 1262 4432 de
1306 4375 1491 4432 Marca
1524 4375 1676 4430 Pari-

79 4467 251 4523 siensi
307 4467 720 4538 archiepiscopo
781 4467 1082 4523 adhibitam
1149 4467 1393 4538 epistola:
1459 4466 1676 4522 concilii

1791 1886 1972 1942 dicina
2020 1886 2271 1944 fortassis
2323 1888 2630 1943 adhibenda
2676 1900 2763 1945 est
2812 1889 2939 1944 huic
2992 1889 3111 1944 loco
3163 1888 3384 1943 Minucii

1788 1977 1987 2034 Felicis
2026 1993 2042 2034 :
2087 1980 2214 2034 dum
2255 1997 2380 2035 aras
2431 1989 2704 2035 exstruunt
2755 1980 2946 2050 ignotis
2988 1979 3285 2034 numinibus
3333 1988 3384 2032 et

1787 2073 2052 2128 manibus.
2092 2073 2246 2129 Hanc
2279 2073 2528 2128 ultimam
2569 2087 2758 2128 vocem
2788 2071 2878 2128 hic
2903 2088 3024 2127 esse
3052 2070 3379 2142 superfluam

1787 2177 1884 2224 aut
1917 2174 2228 2237 corruptam
2253 2164 2416 2238 590
2439 2166 2666 2238 putabat
2697 2168 2822 2222 Des.
2850 2165 3136 2222 Heraldus.
3166 2164 3306 2233 Quid
3334 2163 3381 2219 si

1788 2261 2052 2332 legamus,
2082 2261 2270 2331 ignotis
2307 2260 2608 2314 numinibus
2638 2259 2716 2314 vel
2759 2260 3026 2324 manibus,
3065 2267 3125 2312 ut
3152 2257 3226 2312 sit
3280 2256 3380 2310 ad-

1789 2355 2016 2410 monitio
2040 2353 2294 2408 librarii?
2325 2353 2418 2408 Sic
2456 2353 2597 2423 apud
2643 2361 2894 2408 sanctum
2926 2349 3250 2423 Gregorium
3283 2349 3376 2404 lib.

1787 2461 1864 2512 Iv,
1893 2446 2054 2517 epist.
2086 2444 2178 2510 55,
2215 2444 2418 2500 editum
2441 2455 2546 2510 est,
2579 2461 2644 2498 ex
2677 2444 2828 2499 istius
2854 2444 2929 2497 rei
2960 2439 3381 2498 consideratione

1787 2554 1880 2593 seu
1909 2537 2302 2608 comparatione
2347 2537 2472 2590 bene
2518 2535 2804 2608 colligitur.
2836 2535 2942 2590 Pro
2969 2550 3077 2606 quo
3099 2535 3216 2589 haec
3253 2541 3377 2588 tan-

1789 2638 1902 2686 tum
1930 2629 2200 2685 habentur
2237 2629 2290 2684 in
2332 2628 2670 2684 vetutissimo
2711 2628 2897 2684 codice
2927 2642 3029 2683 ms.
3069 2624 3242 2681 sancti
3273 2623 3380 2679 Re-
3409 2616 3412 2622 ’

1788 2725 1940 2797 migii
1987 2723 2334 2789 Rhemensis,
2386 2739 2463 2778 ret
2494 2722 2886 2793 comparatione
2932 2718 3218 2792 colligitur.
3269 2717 3379 2774 lsta

1787 2815 2061 2874 levissima
2085 2814 2496 2870 suntinterdum
2525 2814 2710 2886 magni
2734 2813 3016 2869 momenti.

1858 2907 1987 2964 Car.
2015 2908 2228 2963 EH2.—
2257 2907 2429 2962 Audet
2451 2907 2658 2978 jurare.
2682 2906 2953 2963 Constans
2974 2906 3114 2978 apud
3148 2905 3380 2976 Regino-

1787 3012 1936 3062 nem,
1995 3007 2106 3053 tum
2151 2998 2205 3052 in
2279 2996 3068 3061 editione‘Helmaestadiensi,
3140 3004 3254 3050 tum
3323 2996 3378 3050 in

1787 3091 1977 3148 codice
2006 3090 2322 3157 Parisiensi,
2354 3089 2515 3146 lectio
2543 3100 2626 3146 est
2655 3091 2711 3145 in
2732 3093 2926 3146 sanctis
2971 3091 3128 3146 audet
3145 3091 3376 3162 jurare;

1716 3179 1761 3244 C
1793 3197 1901 3254 quo
1924 3183 2088 3238 etiam
2115 3181 2276 3237 modo
2296 3182 2558 3253 scriptum
2578 3190 2663 3236 est
2689 3181 2830 3252 apud
2857 3181 3258 3246 Burchardum,
3285 3181 3378 3252 qui

1786 3272 2124 3343 Reginonem
2184 3272 2330 3328 haud
2370 3271 2534 3328 dubie
2579 3272 2888 3344 descripsit.
2948 3273 3017 3328 Et
3079 3281 3258 3328 tamen
3321 3272 3376 3326 in

1781 3367 2036 3420 omnibus
2071 3364 2226 3419 libris
2254 3363 2667 3434 Capitularium,
2701 3372 2810 3418 tam
2841 3363 3000 3419 editis
3028 3378 3188 3434 quam
3218 3377 3376 3429 mss.,

1783 3457 2055 3528 legiturin
2089 3455 2284 3510 sanctis
2312 3455 2462 3510 habet
2497 3455 2706 3525 jurare,
2751 3455 2958 3526 optimo
2987 3469 3170 3521 sensu,
3203 3468 3378 3525 eaque

1782 3551 1946 3606 lectio
1977 3551 2089 3606 sola
2128 3550 2269 3605 bona
2311 3561 2414 3605 est.
2453 3548 2768 3606 Lectionem
2814 3564 2979 3620 porro
3008 3547 3252 3619 ejusdem
3284 3563 3378 3602 ea—

1780 3643 1909 3714 pitis
1941 3657 2104 3712 quam
2133 3641 2353 3712 praefert
2383 3640 2611 3712 Regino,
2653 3641 2707 3696 in
2733 3654 2840 3710 qua
2874 3639 3019 3695 nulla
3063 3639 3266 3694 mentio
3297 3639 3364 3694 de

1781 3733 2216 3801 Gunebodignis,
2248 3731 2578 3787 confirmant
2614 3730 2969 3788 vetustissimi
3004 3729 3126 3785 libri
3150 3729 3370 3810 Capitu-

1781 3825 1977 3879 larimn
2006 3822 2348 3879 bibliotheca:
2383 3823 2566 3894 Regia:
2597 3831 2652 3878 et
2681 3821 3028 3888 Colbertiuaz,
3061 3830 3173 3876 tum
3211 3821 3373 3876 etiam

1781 3917 2134 3972 Burchardus
2163 3926 2218 3972 et
2248 3916 2340 3970 lvo
2369 3914 2721 3972 Carnotensis
2751 3924 2908 3987 parte
2931 3930 3030 3982 xu,
3057 3930 3178 3986 cap.
3203 3914 3296 3978 25,
3322 3923 3378 3970 et

1781 4018 1934 4064 vetus
1972 4009 2223 4065 collectio
2264 4022 2534 4064 canonum
2585 4024 2688 4064 ms.
2723 4009 2778 4063 in
2811 4009 3142 4064 bibliotheca
3183 4007 3373 4079 Regia,

1779 4099 2018 4169 itemque
2054 4099 2351 4154 Gratianus
2379 4099 2472 4166 22,
2501 4115 2558 4170 q.
2607 4099 2661 4166 5,
2714 4115 2837 4170 cap.
2885 4097 3124 4154 Parvuli.
3174 4099 3372 4154 Nullibi

1778 4191 1925 4248 enim
1956 4200 2132 4248 exstat
2167 4191 2409 4246 clausula
2447 4205 2567 4260 quae
2599 4191 2726 4246 huic
2753 4190 2874 4244 loco
2898 4189 3130 4258 .adjecta
3181 4199 3265 4244 est
3316 4190 3373 4244 in

1777 4284 2019 4340 editione
2068 4281 2486 4353 Capitularium,
2538 4283 2673 4336 sicut
2721 4280 3087 4353 Gunebodigni
3148 4282 3371 4352 faciunt.

1780 4375 1911 4430 Eam
1960 4383 2142 4429 tamen
2199 4373 2423 4428 exhibet
2459 4372 2628 4428 editio
2679 4371 2791 4428 Viti
2832 4372 3204 4438 Amerbachii,
3262 4381 3375 4427 tum

1777 4469 1942 4524 etiam
1996 4467 2263 4522 editiones
2319 4464 2676 4532 Parisienses,
2737 4473 2794 4523 et
2841 4474 2999 4522 vetus
3045 4465 3217 4522 codex
3267 4480 3372 4521 ms.

79 4559 253 4616 ltalici
287 4559 354 4614 ad
388 4548 754 4615 Theodosium
797 4577 812 4614 :
853 4559 908 4614 in
944 4575 1052 4629 qua
1091 4575 1216 4616 cum
1261 4561 1467 4616 editum
1495 4576 1527 4615 a
1559 4559 1678 4616 Sir-
1702 4544 1757 4606 Ι)
1785 4561 2103 4616 monasterii
2136 4559 2546 4631 Rivipullensis,
2594 4559 2831 4632 denique
2855 4560 2996 4617 liber
3028 4560 3205 4633 legum
3233 4559 3376 4616 Lon-

79 4652 289 4709 tnondo
318 4651 409 4715 sit,
439 4668 595 4723 aqua
616 4651 672 4705 in
697 4666 874 4705 omnes
907 4652 1220 4706 veneranda:
1255 4652 1677 4706 commonitionis

69 4747 204 4816 jura
235 4744 536 4808 dimanant,
568 4741 756 4797 Marea
785 4743 1024 4813 reposuit
1059 4744 1460 4800 communionis.

151 4838 288 4892 CAP.
328 4833 454 4890 297.
485 4863 557 4874 -—
595 4833 893 4906 Impunitas
936 4836 1197 4889 uitiorum.
1249 4833 1433 4905 Lupus
1479 4834 1675 4889 Ferra-

80 4930 288 4986 rieusis
329 4927 384 4981 in
414 4926 552 4981 libro
578 4927 646 4982 de
677 4926 852 4981 tribus
903 4925 1328 4992 Qumstionibus,
1369 4942 1489 4997 pag.
1532 4927 1674 4993 2‘10;

84 5043 104 5076 ι
158 5025 304 5092 Spes
335 5020 682 5090 impunitatis
713 5035 905 5090 magna
933 5020 1296 5092 estpeceandi
1332 5021 1608 5075 illecebra.
1651 5039 1670 5074 ι

79 5118 315 5175 Constat
333 5115 543 5186 Lupum
561 5114 874 5171 interfuisse
895 5115 1021 5170 huic
1044 5115 1253 5186 synodo
1271 5115 1648 5172 Suessionensi
1661 5156 1675 5180 ,

81 5211 138 5268 in
171 5207 331 5279 cujus
361 5207 576 5264 actione
606 5206 845 5262 secunda
871 5206 1135 5262 revelavit
1157 5207 1364 5276 synodo
1391 5217 1546 5278 gesta
1579 5208 1676 5263 de-
1717 5261 1726 5268 ,

82 5301 378 5375 positionis
417 5299 659 5356 Ebbonis
706 5298 1099 5370 archiepiscOpi
1150 5297 1496 5356 Rhemensis.
1542 5299 1676 5356 Cum

82 5396 276 5467 itaque
301 5394 355 5448 in
383 5394 589 5466 synodo
618 5391 804 5459 fuerit,
833 5401 889 5448 et
918 5393 972 5448 in
997 5408 1206 5449 canone
1241 5393 1345 5448 isto
1366 5395 1530 5449 verba
1563 5392 1678 5462 ejus

87 5487 458 5558 reperiantur,
498 5485 750 5542 dubitare
779 5499 950 5556 cogor
976 5501 1156 5541 annon
1185 5494 1376 5543 auctor
1402 5487 1474 5542 sit
1508 5503 1674 5543 cano-

84 5595 221 5636 num
279 5576 438 5633 istius
489 5577 681 5649 synodi
739 5575 1173 5643 Suessionensis,
1222 5577 1678 5648 quemadmodum

86 5673 285 5720 auctor
305 5671 390 5719 est
408 5679 682 5720 canonum
708 5665 1052 5722 inventorum
1084 5667 1138 5721 in
1161 5665 1364 5737 palatio
1391 5665 1676 5722 Veruensi.

86 5758 232 5821 Nam
246 5759 488 5835 episcopi
507 5760 796 5854 Gallicani,
826 5770 886 5822 ut
910 5762 1039 5822 olim
1055 5763 1292 5855 diximus
1310 5764 1378 5854 ad
1390 5764 1677 5854 epistolam
1706 5852 1712 5857 ﬁ

1787 4653 2223 4724 gobardicarum.
2255 4651 2493 4707 Adnotat
2522 4661 2705 4708 autem
2738 4653 3133 4710 Amerbachius
3177 4653 3231 4708 in
3281 4668 3375 4708 co-

1785 4746 1905 4800 dice
1936 4760 2044 4814 quo
2075 4747 2188 4814 ipse
2214 4759 2346 4799 usus
2373 4755 2456 4799 est
2483 4743 2748 4800 vocabulo
2777 4743 3144 4816 Guncbodigni
3182 4759 3374 4815 super-

1783 4839 2018 4908 positum
2057 4837 2221 4894 fuisse
2272 4853 2458 4892 vocem
2510 4835 2891 4910 Cuntbodigni,
2941 4847 3197 4894 neutrum
3246 4854 3375 4892 vero

1782 4949 1903 4988 esse
1959 4934 2012 4987 in
2057 4931 2442 5003 cap.l’arvuli,
2488 4933 2658 5003 2'2,q.
2694 4933 2748 4988 5.
2791 4933 3138 5003 Signiﬁcatur
3175 4942 3372 4997 autem,

1784 5027 1981 5094 inquit,
2009 5043 2130 5095 gens
2160 5026 2358 5096 aliqua,
2402 5025 2478 5079 vel
2505 5026 2751 5096 populus,
2798 5026 2872 5080 vel
2902 5026 3129 5096 familia.
3180 5025 3375 5080 Anter-

1784 5118 1978 5172 baehio
2011 5117 2216 5172 felicior
2247 5133 2353 5171 non
2392 5116 2495 5171 fuit
2533 5117 2585 5171 in
2633 5117 2997 5190 explicatione
3025 5117 3182 5172 istius
3210 5132 3374 5172 voca-

1787 5209 1897 5264 buli
1948 5210 2028 5262 vir
2083 5209 2282 5278 alioqui
2333 5208 2682 5265 doctissimus
2726 5209 2996 5264 Antonius
3039 5208 3374 5279 Augustinus

1779 5293 2229 5370 ,archiepisCopus
2280 5299 2738 5366 Tarraconensis;
2783 5301 2872 5370 qui
2926 5299 2980 5354 in
3032 5299 3166 5354 libro
3195 5300 3373 5370 primo

1786 5394 1853 5449 de
1878 5395 2257 5449 emendatione
2283 5394 2550 5460 Gratiani,
2581 5393 2793 5466 dialogo
2835 5395 2919 5456 15,
2955 5409 3204 5464 quaerens
3239 5395 3368 5466 quid

1785 5485 2053 5556 signiticet
2069 5501 2168 5542 vox
2186 5485 2228 5542 (ἱ
2237 5487 2570 5558 unebodigui,
2600 5485 2949 5558 lingitCaroli
2981 5485 3156 5557 Magni
3185 5487 3372 5543 hostes

1784 5578 1972 5635 fuisse.
2013 5580 2078 5634 Et
2111 5590 2288 5636 tamen
2345 5579 2747 5650 Gunebodigui,
2798 5581 2850 5634 id
2896 5589 2980 5635 est
3031 5580 3065 5634 ii
3111 5583 3202 5652 qui
3253 5581 3370 5653 lege

1783 5669 2114 5728 Gundobada
2145 5674 2416 5738 vivebant,
2445 5672 2699 5728 nimirum
2723 5671 3154 5746 Burgundiones,
3184 5673 3368 5730 hostes

1783 5780 1893 5824 non
1923 5775 2082 5824 erant
2111 5764 2290 5826 Caroli
2317 5765 2518 5838 Magni,
2547 5781 2671 5825 cum
2711 5766 2940 5842 imperio
2970 5767 3112 5826 illius
3138 5766 3364 5839 subjecti
