3920 6444
1433 268 1611 290 α’κφ

552 346 648 403 d'il

1868 334 2151 392 STEPﬂAl

2256 326 2522 393 BALUZII
3526 338 3533 345 ’
3646 347 3722 404 ιω

554 467 754 518 essent.
779 435 1195 527 Gunebodigno‘s
1221 462 1399 509 autem
1438 467 1531 507 eos
1578 451 1739 507 fuisse
1776 452 1866 523 qui
1911 453 2131 508 Gundo-
2159 455 2206 515 Α
2234 448 2600 523 Ancyranum.
2630 450 2709 508 Ex
2734 450 3049 509 Burchardo
3073 464 3236 523 porro
3277 454 3628 527 deseripserunt
3659 465 3720 522 1η

555 551 698 607 bada
728 549 842 620 lege
892 545 1194 607 utebantur,
1245 551 1356 598 tum
1403 558 1506 597 vox
1554 542 1666 612 ipsa
1720 544 1851 598 satis
1883 544 2134 603 ostendit,

557 652 670 698 tum
699 650 955 713 praeterea
988 645 1137 708 patet
1159 652 1225 691 ex
1268 634 1488 690 laudato
1535 633 1674 688 libro
1720 630 1897 705 legum
1928 634 2141 705 Longo-

554 733 917 796 bardicarum;
936 729 1024 784 ubi
1043 744 1141 800 pro
1168 729 1233 782 eo
1252 725 1393 797 quod
1416 725 1679 780 editiones
1699 720 1853 797 591
1872 724 2141 795 Capitula-

554 826 691 881 rium
715 822 913 877 habent
936 818 1294 890 Gunebodigm'
1316 817 1510 888 legitur
1531 817 1663 871 sicut
1680 812 2007 870 Gundobada
2036 814 2144 886 lege

554 920 771 975 sitientes
799 916 1019 987 faciunt.
1049 910 1178 969 Vide
1205 921 1361 969 notas
1392 916 1606 967 nostras
1637 909 1703 965 ad
1752 909 1946 965 librum
2010 909 2145 978 Ago-

553 1011 709 1067 bardi
737 1010 995 1064 adversus
1020 1004 1189 1078 legem
1211 1004 1548 1061 Gundebadi.

623 1104 753 1161 Car.
803 1100 928 1157 514.
949 1130 1020 1140 --
1069 1098 1294 1169 Excepto
1338 1098 1419 1151 his
1453 1113 1592 1152 sacr.
1626 1094 1718 1151 Sic
1748 1095 1905 1168 vulgo
1956 1104 2052 1166 per
2081 1109 2144 1149 ea

557 1206 794 1269 tempora
823 1196 1201 1266 loquebantur.
1248 1186 1390 1247 Infra
1428 1207 1544 1264 cap.
1570 1190 1696 1256 558,
1727 1200 1936 1260 excepto
1962 1189 2030 1242 ad
2060 1205 2147 1243 ec-

553 1289 790 1355 clesiam,
814 1288 908 1342 lib.
940 1303 1019 1353 Ill,
1050 1286 1182 1359 legis
1205 1282 1682 1356 Wisigotltor.,tit.
1708 1281 1763 1346 5,
1788 1297 1901 1353 cap.
1940 1281 1991 1345 1,
2020 1280 2149 1351 legi-

557 1366 643 1439 tur
670 1383 722 1436 in
753 1380 982 1450 vulgatis
1001 1377 1345 1444 editionibtts,
1378 1376 1600 1446 exceptis
1640 1373 1747 1428 illis
1768 1374 2020 1445 personis.
2044 1371 2149 1426 Pro

557 1491 662 1547 quo
682 1471 1033 1531 vetustissimi
1061 1467 1276 1526 codices
1294 1484 1426 1523 mss.
1451 1465 1763 1521 monasterii
1794 1463 2152 1535 Moyssiacen-

555 1565 629 1619 sis
672 1570 725 1618 et
767 1560 1009 1618 ecclesiae
1051 1557 1317 1615 Albiensis
1366 1557 1565 1613 habent
1593 1565 1803 1626 excepto
1840 1553 1956 1609 illas
1977 1569 2152 1625 perso-

558 1648 674 1712 mis.

627 1754 755 1811 Cu.
803 1738 928 1808 515.
968 1781 1039 1791 -
1090 1747 1359 1804 Indiculo.
1412 1745 1503 1801 Sic
1546 1752 1655 1799 tttm
1686 1742 1845 1816 vulgo
1888 1742 2154 1802 vocabant

2243 543 2592 598 Carnotensis
2620 554 2787 613 parte
2821 558 2896 609 ιι,
2934 559 3054 614 cap.
3083 544 3174 610 50,
3206 555 3261 600 et
3287 544 3551 605 Gratianus
3578 553 3650 618 $6,
3685 573 3722 627 ιι.

2245 636 2300 701 5,
2333 652 2449 706 cap.
2485 635 2566 701 12,
2601 636 2691 706 qui
2719 652 2978 691 canonem
3009 636 3155 692 illum
3183 652 3242 693 se
3271 640 3522 710 accepisse
3552 643 3726 703 aiuntex

2246 727 2419 798 capite
2436 728 2612 799 primo
2644 727 2855 782 concilii
2894 727 3185 798 Ancyram.
3246 728 3432 784 Verum
3455 740 3581 788 recte
3599 736 3726 793 adma

2247 818 2361 872 nuit
2384 819 2468 871 vir
2501 819 2727 873 istarum
2782 832 2963 872 rerum
3015 816 3374 888 peritissimus
3414 821 3727 879 Antoniusse-

2247 908 2495 981 gustinus
2512 907 2564 962 itt
2587 906 2723 962 libro
2748 906 2925 977 primo
2945 907 3011 963 de
3029 907 3630 973 ernendatimteﬂratiani,
3647 913 3726 967 dia-

2250 1001 2369 1071 lOgo
2398 1000 2482 1063 ii,
2511 998 2916 1070 inscriptionem
2944 999 3083 1054 hanc
3107 1013 3229 1054 esse
3250 998 3454 1065 falsam,
3474 1006 3519 1055 et
3551 1016 3730 1072 magnam

2249 1102 2456 1164 partem
2476 1093 2629 1146 istius
2644 1091 2837 1160 capitis
2864 1090 3086 1161 reperiri
3110 1091 3247 1160 apud
3268 1089 3533 1145 Aurelium
3546 1091 3731 1164 Angusti-

2251 1201 2376 1240 nnm
2403 1184 2455 1239 in
2483 1183 2623 1238 libro
2650 1183 2718 1237 de
2741 1183 2943 1253 Spiritu
2972 1192 3028 1237 et
3049 1182 3264 1247 Anima,
3302 1197 3420 1252 cap.
3441 1182 3525 1249 28,
3551 1185 3734 1240 nimirum

2250 1274 2509 1347 quidquid
2542 1275 2824 1346 interiacet
2844 1276 2985 1330 inter
3003 1275 3091 1329 illa
3115 1276 3277 1330 verba
3300 1277 3524 1346 quem
3542 1277 3735 1332 eadem

2252 1377 2305 1422 ct
2328 1356 2432 1421 ista
2456 1384 2572 1421 cum
2596 1365 2857 1421 Ezechiel.
2910 1366 2972 1421 Si
3015 1366 3344 1438 conjectum
3388 1367 3737 1435 lectissimu-

2254 1462 2381 1517 niuo
2408 1469 2537 1531 puto
2563 1467 2726 1531 caput
2748 1461 2889 1516 istud
2915 1468 3188 1531 sumptum
3208 1474 3334 1516 esse
3361 1474 3424 1516 ex
3470 1464 3662 1532 quodam
3684 1478 3739 1517 re-

2255 1572 2379 1629 gum
2423 1560 2729 1610 nostrorum
2748 1534 3044 1627 Enpituiarl
3066 1555 3330 1611 hactenus
3350 1555 3554 1612 inedita.
3576 1554 3740 1613 Omitto

2255 1646 2398 1701 enim
2428 1646 2568 1714 sapit
2594 1646 2810 1701 modum
2857 1643 3109 1715 loquendi
3154 1641 3372 1700 illum
3409 1646 3740 1718 ternponm.Et

2257 1735 2499 1793 sciebant
2526 1746 2637 1791 tum
2660 1737 2965 1792 istiusmodi
2979 1736 3214 1809 capitula
3240 1732 3486 1794 infcrcire
3502 1739 3742 1795 testimoniis

558 1847 789 1927 diploma
817 1843 1077 1921 principis
1119 1841 1259 1913 quod
1286 1841 1336 1894 in
1360 1853 1598 1910 praesens
1617 1837 1861 1892 dabatur.
1880 1833 1992 1890 Une
2013 1832 2158 1889 [cure
2188 1830 2233 1892 Β
2259 1841 2315 1886 et
2341 1830 2472 1886 locis
2501 1844 2780 1885 sacrorum
2835 1830 3153 1894 Bibliorum,
3191 1843 3457 1893 canorum
3500 1841 3552 1887 et
3571 1841 3740 1888 vetern-

556 1923 619 1995 ἀὲ
640 1938 835 1993 cachet.
885 1933 1193 1992 Bonifacius
1236 1929 1578 2002 Moguntinus
1627 1925 1851 1999 epistola
1905 1924 2029 1989 104,
2079 1923 2146 1978 ad

560 2030 846 2102 Pippinum
896 2042 1117 2098 regem:
1158 2044 1174 2076 ι
1208 2023 1435 2092 Quidam
1458 2037 1646 2077 servus
1668 2018 1921 2075 Ecclesiae
1949 2024 2147 2071 nostra:
2211 2062 2215 2068 .

559 2124 779 2181 veniens
826 2119 890 2176 ad
931 2134 1030 2176 nos
1055 2134 1175 2174 cum
1202 2108 1431 2171 iudieulo
1461 2122 1660 2177 vestro,
1700 2132 1718 2165 ι
1750 2122 1853 2165 etc.
1882 2107 2017 2163 Vide
2053 2120 2147 2161 ηο-

559 2221 645 2271 tas
666 2213 731 2268 ad
759 2208 954 2266 librum
980 2202 1248 2281 Agobardi
1273 2207 1336 2260 de
1359 2203 1641 2260 insolentia
1671 2199 1999 2257 Iudaeorum.

602 2304 759 2389 CAP.
816 2302 940 2359 554.
990 2333 1060 2343 -
1108 2299 1280 2356 Scutis
1327 2308 1373 2353 et
1397 2297 1574 2368 fustib.
1625 2292 1759 2350 Vide
1802 2291 1891 2347 lib.
1940 2306 1977 2346 ll
2016 2289 2149 2362 legis

557 2393 898 2466 Longobard,
932 2392 1017 2446 tit.
1042 2388 1134 2457 55,
1166 2405 1285 2460 cap.
1308 2388 1397 2442 €29.

624 2487 753 2544 CAP.
801 2484 924 2540 546.
974 2514 1042 2525 ——-
1097 2478 1318 2537 Servum
1361 2480 1596 2535 christia.
1642 2475 1776 2532 Vide
1824 2482 1978 2530 notas
2001 2472 2065 2528 ad
2093 2473 2151 2526 li-

557 2580 717 2640 brum
744 2573 1015 2649 Agobardi
1044 2574 1112 2629 de
1134 2572 1417 2628 insolentia
1449 2568 1776 2626 Judmorum.

633 2670 764 2728 Car.
810 2668 937 2726 558.
968 2699 1038 2709 —
1086 2664 1214 2723 Vota
1262 2666 1331 2720 ad
1376 2664 1553 2719 arbor.
1604 2659 1931 2733 Capitulatio
1972 2657 2150 2715 Caroli

561 2762 743 2836 Magni
785 2763 851 2818 de
881 2759 1126 2832 partibus
1174 2756 1424 2813 Saxonize
1474 2770 1591 2826 cap.
1641 2753 1734 2808 20.
1769 2771 1787 2804 ‹
1827 2751 1885 2808 Si
1916 2752 2036 2821 quis
2082 2748 2151 2803 ad

560 2854 741 2911 fontes
767 2861 860 2921 aut
887 2842 1109 2906 arbores
1153 2847 1236 2903 vel
1275 2847 1424 2902 lucos
1450 2854 1634 2901 votum
1679 2843 1888 2909 fecerit,
1919 2849 2010 2897 aut
2050 2839 2149 2895 ali-

476 2928 487 2939 ’
562 2945 692 3017 quid
715 2960 863 3005 more
890 2943 1167 3016 gentilium
1195 2938 1472 3005 obtulerit,
1495 2948 1549 2992 ct
1575 2938 1639 2991 ad
1664 2938 1923 2991 honorem
1947 2935 2145 2989 daemo-

570 3053 697 3094 num
745 3035 1059 3102 comederit,
1100 3053 1117 3086 ›
1151 3042 1256 3087 etc.
1305 3031 1423 3086 Lib.
1470 3046 1486 3085 ι
1524 3027 1848 3099 Capitular.,
1883 3041 2000 3096 cap.
2031 3020 2099 3079 61
2133 3039 2149 3079 :

572 3146 590 3180 ι
623 3128 756 3184 ltem
786 3125 852 3181 de
876 3124 1161 3180 arboribus
1189 3120 1273 3177 vel
1319 3119 1490 3192 petris
1515 3119 1598 3173 vel
1624 3118 1880 3182 fontibus,
1928 3116 2018 3171 ubi
2055 3115 2150 3169 ali-

562 3221 684 3297 quis
710 3217 859 3275 stulti
898 3214 1184 3271 luminaria
1225 3213 1309 3268 vel
1338 3212 1470 3268 alias
1497 3211 1902 3268 observationes
1927 3209 2151 3276 faciunt,
2181 3201 2226 3264 C

563 3311 780 3367 omnino
829 3308 1147 3364 mandamus
1190 3306 1255 3360 ut
1307 3306 1407 3360 iste
1448 3303 1718 3374 pessimus
1765 3318 1892 3357 usus
1939 3312 1995 3357 et
2042 3302 2151 3357 Deo

563 3403 934 3469 exsecrabilis,
991 3400 1297 3470 ubicunque
1342 3398 1655 3463 invenitur,
1703 3396 1923 3450 tollatur
1960 3405 2015 3450 et
2063 3395 2149 3449 dea

564 3506 821 3553 struatur.
861 3514 879 3547 ι
915 3491 1049 3548 Vide
1096 3506 1308 3547 rursum
1340 3486 1433 3543 lib.
1465 3504 1562 3552 vit,
1592 3502 1709 3557 cap.
1749 3485 1873 3540 256.
1914 3486 2020 3540 ista
2045 3494 2151 3540 sta-

565 3599 676 3647 tnta
706 3597 833 3644 sunt
855 3596 979 3659 post
1024 3597 1265 3656 tempora
1309 3583 1476 3639 sancti
1526 3579 1805 3641 Bonifacii,
1833 3580 1922 3649 qui
1966 3564 2167 3647 super;

565 3683 836 3737 stitiouem
869 3679 1014 3732 illam
1041 3677 1328 3732 excindere
1365 3673 1596 3737 curavit,
1625 3681 1684 3726 ut
1722 3672 1775 3725 in
1820 3672 1955 3725 libro
1980 3671 2155 3740 primo

566 3774 632 3829 de
661 3771 779 3826 Vita
817 3770 931 3839 ejus
956 3757 1430 3823 narratOtltlonus
1452 3762 1751 3819 Fuldensis.
1782 3761 1919 3829 Quin
1947 3770 2001 3816 et
2041 3762 2157 3830 ipse

570 3864 871 3920 Bonifacius
894 3862 949 3916 in
981 3859 1204 3931 epistola
1234 3857 1354 3923 128,
1386 3854 1612 3927 populos
1633 3853 1935 3910 Germania:
1966 3853 2154 3908 admo-

568 3965 657 4012 net
700 3963 758 4009 ut
797 3953 1042 4009 lucorum
1091 3950 1174 4005 vel
1208 3948 1430 4003 fontium
1466 3947 1691 4016 auguria
1718 3945 1800 3999 vel
1826 3944 2153 4017 phylacteria

568 4044 786 4119 omnino
817 4050 1071 4112 respuant
1108 4049 1163 4094 et
1209 4038 1485 4109 abjiciant.
1541 4032 1672 4089 Vide
1700 4035 2030 4090 Glossarium
2070 4034 2157 4089 Pi-

570 4135 699 4191 thtei
726 4135 776 4189 in
805 4134 970 4187 verbo
1002 4128 1333 4194 ani’naria.

638 4226 762 4282 CAP.
781 4220 1137 4280 fimi—illinc
1154 4233 1414 4274 canoncm
1433 4217 1659 4286 sumpsit
1672 4214 1876 4286 chino
1887 4229 1953 4269 ex
1967 4216 2157 4270 eodem

593 4335 691 4375 nco
713 4334 776 4372 ex
803 4332 909 4388 quo
934 4315 1033 4370 tria
1066 4314 1342 4384 superiora
1368 4312 1544 4382 capita
1567 4320 1871 4381 acceperat,
1890 4308 1939 4363 id
1962 4319 2065 4371 est,
2092 4325 2158 4364 ex

571 4397 1014 4482 epistolallabani
1038 4407 1103 4461 ad
1128 4405 1471 4460 licribaldum
1489 4404 1797 4474 episcopum
1822 4402 2159 4457 Antissiodo-

571 4516 804 4557 renscm.
838 4498 902 4551 Et
921 4497 1044 4569 quia
1079 4486 1336 4550 Rabau‘us
1382 4495 1529 4549 illum
1577 4493 1888 4547 laudaverat
1936 4507 1999 4544 ex
2023 4504 2156 4545 con-

572 4591 697 4648 cilio
745 4588 1051 4661 Ancyrano,
1104 4587 1312 4657 chino
1338 4601 1548 4657 quoque
1598 4585 1720 4639 inde
1780 4601 1839 4639 se
1881 4584 2154 4654 accepisse

583 4681 871 4753 prolitetur
899 4693 1057 4748 quem
1089 4676 1258 4731 secuti
1312 4685 1436 4730 sunt
1495 4674 1839 4729 Burchardus
1865 4684 1917 4728 et
1944 4673 2052 4727 lvo.
2089 4673 2155 4727 Et

580 4782 757 4827 tamen
784 4785 953 4825 canon
978 4770 1078 4823 istc
1101 4783 1204 4822 non
1229 4777 1311 4823 est
1333 4767 1542 4822 concilii
1571 4767 1863 4837 Ancyrani,
1889 4766 1982 4819 sed
2014 4765 2153 4819 haud

575 4864 735 4920 dubie
761 4861 1038 4933 cujusdam
1066 4856 1227 4932 592
1260 4861 1453 4915 veteris
1482 4860 1627 4914 Libri
1655 4858 2070 4914 Ptenitentialis.

647 4954 775 5010 CAP.
814 4952 938 5007 561.
963 4983 1032 4992 --
1069 4953 1245 5024 Caput
1277 4952 1421 5007 istud
1443 4952 1582 5023 apud
1613 4951 1945 5021 Reginonem
1973 4951 2052 5005 sic
2077 4950 2159 5005 in-

578 5048 837 5119 scriptum
859 5056 943 5102 est
971 5062 983 5099 :
1021 5043 1168 5099 Unde
1194 5061 1372 5116 supra.
1416 5044 1567 5111 Quod
1602 5044 1722 5098 ideo
1759 5045 1993 5113 positum
2017 5045 2160 5099 haud

577 5139 737 5196 dubie
761 5147 881 5194 erat
929 5146 989 5192 ut
1018 5138 1147 5192 hinc
1202 5136 1561 5208 intelligerent
1616 5137 1845 5192 lectores
1907 5136 1959 5190 in
1983 5137 2160 5207 capite

578 5232 822 5302 sequenti
850 5231 936 5302 agi
984 5230 1053 5285 de
1104 5230 1293 5285 eadem
1359 5228 1584 5283 materia
1610 5230 1674 5283 dc
1694 5245 1798 5299 qua
1846 5229 2005 5300 paulo
2034 5238 2161 5283 ante

585 5329 874 5377 tractatum
917 5329 1057 5387 erat,
1133 5320 1188 5374 id
1246 5327 1330 5374 est
1376 5317 1443 5374 de
1514 5318 1795 5373 maleficiis
1850 5318 2155 5374 mulierum.

584 5412 786 5467 Deinde
801 5420 1018 5467 secutus
1033 5420 1115 5467 est
1134 5410 1481 5466 Burchardus
1496 5426 1510 5465 :
1531 5410 1622 5480 qui
1647 5425 1768 5466 cum
1793 5409 2160 5466 collectionem

583 5518 735 5557 suam
780 5502 1092 5569 adornaret,
1135 5502 1391 5573 pleraque
1431 5518 1462 5557 a
1515 5501 1795 5575 Reginone
1868 5503 2161 5573 accipiens,

586 5595 843 5665 deceptus
892 5605 1070 5651 autem
1116 5595 1248 5651 falsa
1286 5598 1638 5669 inscriptione
1658 5598 1888 5668 proximi
1916 5598 2161 5664 canonis,

590 5686 684 5757 qui
715 5686 945 5744 concilio
986 5678 1269 5760 Ancyrano
1308 5706 1591 5761 perperam
1635 5691 1907 5756 tribuitur,
1956 5689 2166 5761 putavit

590 5779 752 5849 verba
781 5779 866 5834 illa
893 5782 1030 5835 unde
1068 5799 1223 5851 supra
1278 5784 1555 5847 referenda
1605 5799 1725 5838 esse
1771 5785 1835 5839 ad
1882 5783 2168 5841 concilium

2250 1925 2556 1989 doctorum,
2587 1934 2647 1978 tit
2669 1924 2844 1979 cuivis
2880 1923 3228 1980 manifestum
3254 1924 3363 1980 est.

2298 2016 2429 2073 Car.
2445 2014 2564 2072 565.
2575 2015 2971 2071 —Strumenta.
2988 2016 3373 2073 instrumenta.
3388 2017 3743 2089 Piacth-

2250 2107 2423 2163 dOvici
2444 2106 2520 2161 l’ii
2542 2122 2639 2177 pro
2659 2107 2887 2163 ecclesia
2912 2107 3231 2164 Parisiensi:
3258 2106 3542 2180 rQuodpcr
3556 2109 3743 2165 incuriae

2250 2206 2305 2255 et
2331 2197 2713 2268 negligentiam
2749 2194 3030 2253 custodum
3082 2198 3248 2268 ipsius
3262 2200 3502 2256 ecclesia
3528 2208 3746 2255 strumam

2252 2284 2566 2346 chartarum
2590 2296 2779 2345 ettttsta
2804 2289 2887 2345 vei
2918 2299 3264 2346 concremata
3308 2293 3427 2348 sive
3474 2290 3747 2362 perditafliso

2252 2390 2389 2440 sent.
2404 2403 2422 2435 ν
2449 2381 2515 2437 Et
2536 2380 2675 2437 infra
2696 2398 2708 2436 :
2741 2380 3035 2453 «Mancipia
3049 2396 3169 2452 quas
3188 2383 3513 2455 perprzefata
3528 2391 3747 2438 struma

2252 2476 2562 2532 chartarum
2602 2475 2778 2530 eidem
2808 2475 3002 2530 tradita
3032 2473 3250 2529 fuerant
3290 2470 3581 2531 ecclesiae.»
3608 2474 3745 2529 Praee-

2250 2572 2400 2642 ptum
2440 2568 2695 2624 Ludovici
2724 2567 3092 2623 Transmarini
3122 2583 3222 2639 pro
3248 2569 3475 2626 ecclesia
3500 2567 3747 2641 Augustodu-

2255 2660 2406 2715 nensi
2427 2679 2437 2711 :
2462 2661 2565 2714 «Ac
2586 2660 2631 2714 si
2656 2672 2768 2730 prat-
2780 2660 3030 2715 manibus
3052 2665 3307 2717 universa
3327 2663 3613 2719 earumdem
3628 2672 3746 2714 l'ﬂ'lll

2255 2755 2366 2810 sive
2392 2752 2706 2807 chartarum
2743 2760 3046 2807 stramenta
3073 2754 3401 2809 habeantur.
3423 2774 3442 2807 ι

2325 2846 2451 2902 Car.
2468 2844 2781 2901 iii—Per
2792 2841 3030 2901 Petrum.
3049 2846 3274 2917 Ambigu
3283 2864 3376 2901 um
3390 2846 3613 2918 loquendi
3622 2857 3748 2917 gentis.

2255 2956 2361 3011 quo
2401 2939 2740 3011 significatur
2789 2938 3169 2994 auctoritatem
3222 2941 3492 3010 episcopis
3534 2955 3563 2995 α
3605 2937 3752 2993 Clausa

2255 3032 2501 3089 collatam
2526 3048 2646 3089 esse
2669 3032 2720 3087 in
2756 3048 2987 3104 persona
3019 3032 3183 3098 Petri,
3232 3041 3353 3087 tum
3409 3033 3562 3087 etiam
3603 3028 3749 3082 Petrum

2257 3126 2427 3181 solum
2453 3127 2724 3196 accepisse
2750 3140 2867 3181 eam
2916 3134 3260 3195 potestatem,
3318 3125 3413 3181 sed
3463 3124 3589 3178 illam
3626 3130 3751 3190 postea

2257 3220 2688 3274 communicasse
2733 3232 2858 3285 cum
2886 3218 3174 3288 episcopis;
3215 3232 3326 3287 qua
3368 3212 3752 3289 persuasionem-

2256 3313 2369 3368 buti
2402 3300 2879 3368 fueruntn'onnulli
2911 3306 3071 3383 593
3102 3304 3754 3381 Romanipontiiices.Verus

2257 3413 2436 3460 tamen
2463 3420 2526 3459 ac
2572 3403 2839 3474 genuinus
2865 3401 3023 3472 hujus
3047 3400 3147 3458 loci
3172 3414 3369 3458 sensus
3395 3409 3494 3464 est,
3519 3403 3753 3471 potestach

2258 3488 2407 3551 suam
2424 3497 2696 3563 accepisse
2718 3494 2999 3564 episcOpos
3023 3508 3051 3547 a
3079 3492 3302 3549 Christo
3330 3494 3384 3548 in
3413 3504 3618 3565 persona
3646 3484 3753 3547 Petri.

2259 3588 2349 3654 qui
2386 3596 2497 3641 tum
2535 3587 2701 3658 gessit
2744 3587 2908 3642 totius
2934 3586 3189 3670 Ecclesiae
3230 3586 3459 3658 ﬁgurata
3493 3581 3755 3655 generalitate

2260 3696 2568 3750 personam,
2603 3688 2662 3733 ut
2690 3680 2765 3733 ait
2792 3679 3149 3750 Augustinus.

2331 3772 2457 3827 Car.
2488 3771 2615 3826 416.
2667 3803 2736 3812 —
2778 3770 2853 3827 De
2874 3771 3217 3841 confessione.
3252 3770 3429 3828 Verba
3459 3777 3571 3827 sunt
3596 3764 3757 3836 ﬁgim-

2261 3858 2364 3926 nis.

2332 3961 2458 4017 Car.
2492 3958 2617 4014 424.
2667 3991 2738 4000 -
2784 3959 2958 4030 Caput
2986 3957 3127 4014 istud
3160 3973 3264 4015 non
3292 3967 3471 4014 exstat
3510 3959 3558 4013 in
3591 3946 3760 4022 capituli!

2263 4053 2591 4109 annuntiatis
2620 4053 2758 4121 apud
2783 4052 3151 4119 Valentianas,
3182 4066 3330 4106 anno
3347 4048 3472 4117 855,
3493 4066 3597 4121 quzr
3614 4046 3758 4101 exstant

2263 4146 2317 4199 in
2370 4145 2553 4199 codice
2604 4143 2961 4212 capitulorum
2996 4141 3173 4197 Caroli
3211 4142 3386 4198 Calvi.
3424 4142 3621 4212 Legitur
3643 4144 3757 4189 auten

2265 4239 2405 4293 inter
2451 4238 2682 4308 capitttla
2725 4251 2844 4306 qum
2871 4236 3052 4291 statim
3080 4245 3202 4307 post
3227 4245 3547 4292 conventum
3569 4229 3679 4303 apud
3695 4225 3758 4279 VI-

2264 4330 2535 4385 lcntianas
2572 4330 2811 4384 habitum
2852 4337 3051 4389 statuta
3082 4338 3208 4383 sunt
3264 4331 3410 4401 apud
3438 4316 3758 4384 Silvacutuntbi

2267 4422 2462 4477 reiecta
2524 4421 2611 4475 illa
2640 4436 2759 4475 esse
2808 4429 2957 4491 patet
3015 4435 3082 4475 ex
3144 4420 3479 4489 pncfationc.
3509 4416 3577 4472 De
3618 4406 3761 4481 negotio

2265 4532 2425 4586 porro
2448 4518 2552 4571 isto
2589 4515 2710 4569 vide
2734 4514 2962 4585 capitula
2992 4512 3168 4570 Caroli
3197 4512 3350 4570 Calvi
3390 4514 3468 4567 tit.
3500 4510 3578 4574 15,
3626 4498 3761 4573 «ταμεν

2261 4618 2315 4665 et
2346 4609 2425 4663 tit.
2459 4609 2545 4674 51,
2575 4624 2693 4679 cap.
2717 4608 2806 4662 51.

2332 4700 2462 4755 Car.
2493 4699 2616 4753 4:26.
2648 4729 2718 4739 —
2746 4697 2957 4752 Indicio
2996 4694 3112 4751 Dei.
3143 4694 3200 4750 ld
3230 4704 3317 4752 est
3338 4694 3537 4767 judicio
3558 4683 3763 4761 aquaist-

2262 4795 2439 4848 ventis
2483 4802 2575 4846 aut
2615 4791 2842 4862 frigidm,
2875 4792 2959 4845 vel
3004 4789 3129 4845 ferri
3176 4791 3357 4859 igniti.
3403 4785 3687 4857 Antiquitas,
3727 4778 3762 4826 ιιι

2264 4884 2513 4941 observat
2540 4885 2841 4939 Aventinus
2867 4884 2960 4939 lib.
3008 4900 3060 4940 tv
3100 4881 3375 4938 annalium
3406 4883 3646 4939 Boiorum,
3672 4866 3760 4927 ἰεωά

2265 4984 2381 5031 erat
2418 4990 2629 5045 sapere,
2682 4974 2838 5028 fidem
2883 4975 2992 5029 Deo
3050 4976 3266 5041 habere,
3325 4986 3534 5029 omnem
3578 4978 3694 5038 spem
3727 4958 3761 5011 ίι

2268 5062 2384 5137 ipso
2412 5068 2696 5122 collocare.
2730 5067 2883 5121 Nunc
2916 5082 3044 5121 vero
3074 5067 3175 5121 ista
3207 5067 3352 5121 inter
3380 5064 3618 5122 stultitias
3654 5053 3762 5111 etin°

2269 5162 2447 5215 sanias
2499 5160 2708 5214 illorum
2737 5159 3050 5215 saeculorum
3098 5158 3431 5214 referuntur.
3459 5157 3596 5214 Unde
3617 5146 3763 5207 conciﬂ'

2265 5254 2341 5311 dit
2364 5253 2660 5308 Aventinus
2694 5251 2868 5307 solere
2906 5252 3045 5306 idem
3077 5250 3302 5316 factum,
3333 5250 3555 5307 diversis
3574 5239 3759 5301 atatim

2260 5350 2351 5404 hic
2373 5348 2607 5419 pietatis,
2640 5347 2765 5402 alibi
2789 5345 2994 5402 erroris
3022 5358 3217 5399 nomen
3249 5344 3513 5415 accipere.
3749 5412 3758 5423 θ

2334 5440 2435 5494 Aut
2490 5440 2764 5495 redimunt.
2827 5437 3038 5492 Manum
3099 5438 3355 5493 nimirum
3386 5448 3541 5507 quam
3587 5424 3760 5483 amiﬂ“|

2265 5540 2420 5587 erant
2449 5540 2669 5603 propter
2695 5532 2797 5586 hoc
2847 5530 3075 5586 facinus.
3115 5527 3287 5601 Supra
3317 5542 3437 5598 cap.
3468 5524 3563 5581 δη
3588 5507 3757 5575 ειδιίωῆ-

2267 5625 2347 5679 bri
2382 5641 2395 5678 :
2435 5643 2452 5676 t
2491 5623 2547 5678 Si
2576 5624 2697 5694 quis
2728 5623 3009 5693 convictus
3058 5620 3218 5677 fuerit
3244 5620 3494 5692 periurii,
3516 5612 3760 5688 μετόπιν

2270 5732 2416 5777 nunt,
2447 5726 2537 5769 aut
2575 5715 2822 5769 redimat.
2858 5733 2876 5766 ι
2913 5712 2981 5767 Et
3041 5728 3158 5784 cap.
3223 5711 3329 5765 551
3363 5728 3377 5757 2
3412 5728 3430 5761 (
3478 5698 3645 5761 Cameri
3676 5700 3759 5743 Vm

2272 5806 2387 5860 falsi
2420 5815 2583 5859 testes
2615 5820 2802 5859 manus
2840 5820 2965 5859 Snus
2996 5805 3279 5859 redimunt.
3324 5823 3342 5854 ι
