3920 6428
95 293 214 371 iss

867 295 1072 372 NOTAE
1109 314 1201 370 AD
1237 313 1535 372 APPEND.
1577 315 1597 370 ι
1635 315 1812 370 LIBRI
1843 315 2242 373 DENECCLES.
2280 317 2558 376 DISCIPL.

3275 318 3384 382 451

185 425 320 482 Car.
349 423 475 480 427.
501 457 572 468 -
607 423 724 480 Jam
753 427 1059 482 monuimus
1112 427 1178 482 ad
1233 438 1390 498 caput
1437 427 1503 482 75
1552 427 1709 498 hujus
1739 446 1783 502 Α
1815 430 1922 483 vim
1953 431 2288 486 auferebam.
2315 433 2378 486 Et
2403 435 2577 502 primo
2615 433 2852 504 quidem,
2881 443 2936 491 ut
2983 443 3132 492 recte
3157 437 3380 492 adnotat

105 519 237 573 libri
267 519 642 587 perturbatum
673 533 794 574 esse
820 515 1062 574 ordinem
1115 519 1519 589 Capitularium,
1549 533 1604 574 ct
1653 521 1707 574 in

105 611 358 681 primum
399 608 592 662 librum
641 610 945 679 conjectum
997 626 1117 666 esse
1148 621 1308 681 caput
1335 613 1478 682 quod
1511 613 1562 665 in
1597 627 1706 666 ma-

109 705 422 774 nuscriptis
446 703 722 759 codicibus
756 705 972 774 ponitur
1005 705 1058 758 in
1083 713 1297 776 quarto,
1351 715 1408 760 ut
1434 707 1596 759 etiam
1632 707 1710 762 ci-

111 805 269 852 tatur
296 811 327 850 a
351 795 644 868 Reginone.
675 796 819 850 ldem
843 798 1024 851 evenit
1047 797 1172 852 huic
1203 799 1362 867 capiti
1409 799 1473 852 de
1503 801 1704 868 ponde-

111 887 272 942 ribus
303 897 358 942 et
383 879 670 954 mensuris,
695 889 836 958 quod
865 903 930 940 ex
961 885 1096 942 libro
1123 888 1280 942 tertio
1317 885 1704 958 Capitularium

105 979 354 1034 refertur
375 994 406 1032 a
441 978 734 1048 Reginone.
761 977 876 1032 Non
911 986 1087 1032 exstat
1119 979 1260 1032 enim
1287 979 1340 1032 in
1367 979 1501 1033 libro
1533 979 1706 1048 primo

109 1069 168 1120 in
216 1068 405 1123 codice
428 1081 530 1121 ms.
557 1080 622 1120 ex
672 1081 778 1137 quo
807 1061 978 1136 prima
1031 1065 1356 1122 Parisiensis
1387 1069 1550 1124 editio
1577 1083 1704 1136 pro-

107 1161 216 1222 dit,
250 1173 358 1212 non
387 1159 440 1212 in
488 1157 858 1228 Rivipulleusi,
888 1172 994 1214 non
1027 1157 1240 1212 demum
1285 1160 1340 1212 in
1369 1158 1700 1217 Colbertino.

109 1252 420 1321 Utrobique
447 1251 592 1305 enim
623 1249 816 1320 legitur
843 1250 896 1303 in
924 1249 1031 1304 ﬁne
1069 1249 1190 1305 libri
1223 1251 1385 1305 tertii.
1419 1252 1474 1304 ln
1519 1252 1704 1307 codice

109 1344 292 1398 veteri
318 1357 384 1396 ex
409 1357 514 1411 quo
541 1339 710 1410 prima
739 1339 1062 1395 Parisiensis
1085 1340 1250 1396 editio
1277 1341 1490 1410 prodiit,
1518 1356 1580 1396 ex
1607 1355 1706 1395 nu-

107 1449 270 1489 mero
297 1432 387 1500 87,
417 1432 470 1488 in
520 1431 624 1486 ﬁne
654 1430 774 1484 libri
806 1429 972 1498 tertii,
1026 1431 1077 1484 in
1109 1429 1454 1502 Rivipullensi
1484 1444 1612 1484 vero
1637 1430 1707 1486 92

103 1529 166 1584 in
207 1524 517 1583 Colbertino
548 1523 758 1580 demum
787 1523 855 1580 90
881 1533 938 1579 ut
967 1523 1165 1580 citatur
1187 1541 1216 1580 a
1245 1523 1541 1602 Reginone.

183 1621 316 1676 Car.
349 1619 476 1674 452.
517 1647 589 1660 -
616 1617 866 1689 Singulos
907 1618 1122 1674 biberes.
1173 1618 1300 1674 Vide
1341 1633 1502 1690 supra
1543 1620 1634 1676 lib.
1662 1635 1700 1674 ι.

105 1725 234 1784 cap.
267 1709 394 1766 216.

267 1898 564 1980 ΝΟΤΙΕ
620 1901 751 1978 A‘D
801 1899 1457 1979 APPENDICEM
1502 1901 1566 1980 Ι.

179 2073 346 2146 ειθῇ
385 2073 514 2129 CAP.
577 2075 626 2128 1.
653 2103 720 2114 -ι
755 2071 991 2144 Epistoiu
1021 2075 1264 2144 pessima.
1291 2073 1538 2148 Intelligit
1586 2077 1692 2148 epi-

105 2167 302 2222 stolam
341 2183 504 2237 quam
535 2165 852 2222 Aldebertus
880 2168 1162 2224 haereticus
1207 2169 1534 2238 publicabat,
1579 2187 1697 2239 qua:

105 2273 238 2312 vero
283 2258 482 2312 reiecta
521 2267 576 2313 et
626 2259 876 2312 damnata
927 2267 1013 2312 est
1053 2259 1108 2312 in
1179 2259 1404 2315 concilio
1455 2259 1696 2314 Romano

113 2351 212 2406 sub
241 2349 505 2406 Zacharia
531 2365 668 2420 papa
699 2351 986 2407 celebrato.
1035 2351 1162 2422 Ejus
1192 2353 1430 2424 epistola:
1461 2353 1562 2408 hoc.
1591 2354 1694 2406 ini-

107 2441 242 2495 tium
271 2451 394 2496 erat
421 2461 432 2496 :
466 2441 656 2514 Incipit
681 2443 897 2512 epistola
945 2443 1156 2498 Domini
1205 2447 1366 2500 nostri
1393 2445 1518 2499 Jesu
1545 2443 1696 2499 Chri-

103 2534 170 2586 sti
195 2530 326 2586 Filii
357 2532 474 2596 Dei,
511 2547 628 2602 qua:
657 2535 709 2588 in
753 2531 1117 2603 Hierosolyma
1141 2533 1358 2596 cecidit;
1387 2543 1433 2587 et
1463 2550 1554 2603 per
1585 2533 1692 2586 Mi—

103 2621 252 2677 chael
285 2623 656 2693 archangelum
683 2624 798 2694 ipsa
846 2624 1066 2694 epistola
1117 2627 1320 2680 inventa
1357 2635 1432 2678 est
1474 2625 1542 2678 ad
1567 2641 1690 2694 por-

101 2723 208 2766 tam
242 2713 466 2782 E/frem,
505 2722 610 2767 ctc.

171 2805 308 2859 Car.
343 2804 432 2858 59.
459 2833 529 2844 —
553 2805 756 2860 Auctor
807 2804 964 2860 istius
993 2807 1303 2876 appendicis
1345 2805 1486 2861 hunc
1535 2821 1694 2861 cam)-

99 2911 226 2952 nem
289 2895 474 2950 laudat
517 2911 582 2950 ea:
619 2896 906 2950 cuuonibus
963 2897 1308 2952 Orientalium
1359 2899 1691 2968 antiquorum

101 2983 353 3050 Patrum,
385 3002 496 3056 cup.
528 2985 619 3051 20,
645 2987 696 3040 id
725 2997 808 3041 est
831 3002 898 3041 ex
929 2987 1240 3042 ccllcctione
1267 2989 1476 3043 Martini
1499 2990 1696 3042 Braca-

101 3078 302 3130 rensis.
338 3077 676 3132 Burchardus
701 3087 878 3132 tamen
917 3079 1081 3133 refert
1107 3093 1174 3133 ex
1213 3080 1436 3150 epistola
1467 3079 1691 3133 Fabiani

1813 523 2192 592 Spelmannus,
2225 527 2292 580 de
2337 527 2402 580 iis
2435 527 2716 582 dicebatur
2741 529 2832 598 qui
2875 529 3173 584 viatoribus
3219 530 3378 584 rubas

1811 615 1894 670 vel
1919 617 2113 690 ratibus
2158 617 2428 682 tulissent,
2479 620 2530 672 id
2559 629 2644 674 est
2685 631 2880 675 vestes.
2913 621 3090 676 Titulo
3135 621 3200 676 i9
3246 621 3377 692 legis

1811 705 2006 762 Saliae
2033 723 2151 778 cap.
2181 710 2267 772 10,
2295 719 2354 763 ut
2395 711 2610 779 quidem
2639 714 2840 767 citatur
2865 731 2896 768 θ
2927 714 3120 770 Vossio
3155 715 3210 768 in
3237 716 3380 772 libro

1811 798 2048 853 secundo
2079 799 2144 853 de
2179 799 2335 854 Vitiis
2362 803 2626 856 sermonis
2657 821 2670 856 :
2715 801 2771 858 Si
2809 806 2922 868 quis
2967 805 3187 859 alterum
3215 807 3268 860 in
3294 807 3378 861 via

1810 888 2119 953 adsatlierit,
2147 900 2192 942 et
2226 891 2460 944 eumdem
2487 892 2800 948 titubaverit.
2821 895 3065 948 [ianitore
3088 903 3284 956 autem.
3320 904 3379 948 ut

1809 975 1948 1032 idem
1974 980 2194 1032 adnotat
2219 980 2270 1032 in
2301 979 2438 1034 libro
2464 981 2657 1050 primo,
2704 991 2786 1038 est
2820 993 3130 1054 corruptum
3163 1000 3228 1039 ex
3269 984 3376 1038 La-

1812 1065 1924 1122 tino
1956 1083 2156 1136 rapere.
2207 1068 2395 1138 Itaque
2425 1069 2537 1124 sive
2579 1081 2836 1141 raptorem
2882 1073 3118 1144 legamus
3168 1075 3221 1128 in
3277 1075 3378 1128 hoc

1810 1159 2008 1228 capite,
2041 1159 2156 1213 sive
2183 1159 2496 1224 robatorem,
2529 1171 2711 1215 manet
2741 1162 2878 1217 idem
2929 1178 3134 1219 sensus.
3173 1163 3277 1220 Sed
3311 1166 3378 1220 de

1809 1248 1913 1304 hoc
1946 1259 2122 1304 tamen
2151 1250 2456 1304 censuimus
2481 1252 2846 1308 admonendos
2872 1269 2994 1309 esse
3023 1254 3270 1309 lectores.

1879 1340 2006 1394 CAP.
2046 1339 2134 1394 50.
2157 1371 2226 1380 —
2246 1339 2418 1409 Caput
2443 1341 2584 1396 istud
2610 1358 2712 1398 non
2745 1344 3009 1400 reperitur
3038 1345 3178 1398 inter
3195 1345 3379 1414 vulga-

1809 1439 1890 1484 tos
1918 1445 2154 1485 canones
2176 1430 2477 1487 Africanos.
2509 1432 2662 1502 Apud
2707 1433 2918 1489 lvonem
2943 1450 3070 1489 vero
3099 1445 3248 1506 parte
3279 1451 3377 1502 vn,

1807 1535 1927 1590 cap.
1963 1520 2080 1584 1-15,
2123 1531 2174 1575 et
2203 1521 2516 1576 Gratianum
2563 1523 2652 1586 27,
2685 1541 2738 1593 q.
2787 1525 2838 1586 1,
2869 1541 2918 1580 c.
2960 1525 3048 1591 54,
3080 1528 3278 1581 citatur
3311 1543 3378 1584 ex

1807 1609 2028 1680 epistola
2077 1611 2281 1666 Nicolai
2318 1625 2468 1681 papae
2511 1613 2577 1667 ad
2621 1615 2872 1670 Carolina
2917 1617 3376 1689 archiepiscopum

1808 1703 2176 1774 Moguntinum
2209 1714 2264 1760 et
2301 1703 2666 1776 snﬂ‘raganeos
2695 1705 2829 1775 ejus.
2869 1707 3008 1762 Fieri
3045 1723 3174 1763 sane
3203 1717 3380 1778 potest

1728 1797 1777 1857 B
1807 1805 1866 1850 ttt
1888 1796 1988 1850 ista
2030 1812 2058 1850 a
2089 1795 2307 1850 Nicolao
2348 1797 2546 1867 scripta
2577 1799 2704 1864 sint,
2739 1785 2904 1868 petita
2947 1809 3122 1854 autem
3151 1817 3216 1856 ex
3241 1818 3378 1872 quo-

1801 1887 1924 1942 dam
1981 1903 2188 1946 canone
2233 1887 2488 1944 Africano
2536 1906 2666 1962 quo,
2695 1891 2833 1948 sicut
2879 1893 3060 1950 multis
3114 1895 3252 1962 aliis,
3285 1907 3380 1952 ca-

1801 1994 1914 2034 rem
1921 1995 1950 2033 ll
1957 1994 2002 2034 8.

1869 2073 1997 2129 CAP.
2023 2074 2327 2132 55.—Cilat
2346 2075 2490 2132 hunc
2509 2077 2684 2134 locum
2703 2080 2787 2134 vir
2804 2079 3378 2140 clarissimusJoannes

1799 2165 2034 2223 Morinus
2068 2167 2122 2222 in
2148 2169 2440 2238 appendice
2484 2170 2606 2225 libri
2651 2172 2718 2226 de
2762 2171 3106 2240 Poenitentia,
3133 2189 3252 2246 pag.
3283 2175 3372 2238 39,

1801 2266 2061 2327 vocatque
2090 2259 2364 2314 decretum
2395 2261 2445 2315 in
2471 2261 2786 2318 Conofurth.
2821 2263 3038 2319 Scilicet
3062 2265 3145 2320 vir
3171 2266 3374 2322 doctis-

1797 2347 1966 2402 simus
1995 2363 2060 2402 eo
2089 2349 2342 2420 deceptus
2369 2361 2452 2406 est
2477 2354 2620 2422 quod
2651 2353 2786 2409 liber
2827 2355 3138 2423 majusculis
3179 2359 3374 2413 litteris

1797 2438 2028 2507 scriptus
2059 2439 2197 2508 infra
2235 2439 2430 2495 haheat
2475 2442 2526 2494 in
2557 2451 2796 2498 extrema
2845 2441 3006 2510 linea,
3035 2445 3088 2499 in
3129 2447 3374 2516 Sequenti

1795 2543 1924 2586 vero
1949 2528 2258 2598 Couofurth.
2284 2531 2424 2601 quod
2448 2531 2532 2586 ille
2555 2531 2682 2606 legit
2705 2533 2845 2604 infra
2869 2534 3180 2606 Conofurth.
3207 2535 3376 2594 Nemo

1797 2628 1975 2674 tamen
2011 2637 2114 2674 non
2143 2621 2286 2676 videt
2307 2622 2548 2678 ultimam
2573 2625 2834 2696 syllabam
2853 2627 3048 2695 prioris
3073 2629 3225 2684 lineae
3245 2645 3374 2686 eou-

1789 2710 2114 2782 jungcndam
2139 2728 2258 2767 esse
2279 2727 2400 2767 cum
2425 2715 2598 2784 primo
2619 2716 2880 2772 vocabulo
2897 2720 3191 2788 sequentis,
3209 2723 3369 2776 adeo-

1795 2818 1898 2874 que
1929 2803 2208 2875 legendum
2239 2801 2686 2874 Francouofm'th.
2717 2807 2853 2874 Quid
2884 2809 2954 2864 sit
2980 2817 3161 2864 autem
3195 2809 3366 2864 Fran-

1793 2894 2082 2949 conofurth
2111 2911 2302 2950 omnes
2341 2895 2665 2968 intelligunt.

1867 2983 2170 3042 Nuendum.
2215 2988 2291 3042 Ita
2345 2990 2586 3046 omnimo
2641 2992 2902 3064 scriptum
2952 3001 3036 3048 est
3085 2994 3140 3048 in
3197 2994 3368 3048 veleri

1794 3078 1998 3134 codice.
2040 3077 2144 3133 Pro
2186 3093 2291 3150 quo
2324 3081 2535 3136 videtur
2571 3081 2856 3156 legendum
2903 3097 3022 3140 esse
3071 3086 3368 3156 petendwn.

99 3183 255 3238 papa:
285 3169 354 3221 ad
382 3166 680 3224 Orientales
709 3170 892 3234 missa,
923 3169 1014 3224 ubi
1039 3185 1144 3224 non
1176 3180 1369 3226 exstat.
1405 3171 1480 3224 Re
1507 3177 1684 3224 autem
1717 3151 1764 3216 C
1796 3170 1907 3226 Nisi
1933 3171 1978 3226 si
2011 3174 2274 3226 nitendum
2306 3174 2448 3230 idem
2480 3151 2643 3232 valet;

97 3275 232 3313 vera
257 3269 344 3314 est
382 3261 593 3314 concilii
653 3259 1116 3325 Neocaesariensis,
1181 3279 1248 3318 ex
1299 3279 1406 3334 quo
1457 3263 1602 3317 illum
1633 3265 1687 3318 in

99 3363 258 3402 suam
327 3347 714 3404 collectionem"
759 3351 1030 3406 transtulit
1083 3351 1344 3409 Martinus
1391 3353 1692 3410 Bracareu-

99 3440 202 3495 sis.

173 3531 311 3588 CAP.
368 3531 456 3587 40.
486 3563 555 3573 —
603 3531 708 3598 Qui
749 3532 922 3586 servili
949 3533 1145 3586 condit.
1179 3533 1441 3588 Cumista
1485 3533 1693 3602 jamdiu

99 3625 368 3680 desierint
395 3625 515 3695 poni
543 3626 595 3679 in
618 3625 796 3680 Libris
817 3625 1244 3690 Pontiﬁcalibus,
1265 3627 1316 3678 in
1348 3626 1540 3694 quibus
1567 3625 1694 3679 olim

99 3716 156 3770 in
177 3716 372 3769 ordine
415 3717 480 3769 ad
508 3715 886 3771 celebrandum
917 3731 1102 3771 sacros
1145 3716 1361 3770 ordines
1411 3715 1583 3784 primo
1617 3715 1691 3769 Ie-

103 3809 346 3877 gebatur
399 3808 696 3866 admonitio
725 3823 844 3878 quae
899 3816 1076 3862 certas
1106 3821 1364 3876 personas
1403 3803 1694 3860 secundum

99 3914 347 3954 canones
397 3899 708 3954 removebat
754 3915 783 3952 a
816 3901 985 3954 sacris
1029 3899 1327 3962 ordinibus,
1387 3898 1438 3951 in
1505 3899 1696 3967 prinns

99 4005 236 4045 vero
261 4004 465 4056 servos,
495 3989 596 4046 nisi
630 3989 929 4044 libertatem
958 4005 988 4041 a
1017 3989 1248 4044 dominis
1280 3990 1393 4042 suis
1415 3989 1688 4042 consecuti

99 4088 316 4144 essent,
363 4081 532 4132 visum
570 4089 652 4136 est
714 4080 766 4133 in
816 4081 923 4134 line
965 4081 1186 4134 istarum
1238 4089 1484 4132 notarum
1537 4080 1694 4133 edere

97 4171 468 4240 fragmentum
493 4187 558 4226 ex
580 4173 746 4226 veteri
763 4171 926 4227 Libro
957 4171 1250 4227 l’ontiticali
1299 4187 1396 4226 lllS.
1424 4173 1514 4240 qui
1553 4187 1696 4228 nunc

98 4270 290 4318 exstat
339 4263 389 4314 in
439 4261 758 4316 bibliotheca
812 4263 956 4334 regia
999 4272 1057 4316 ut
1083 4263 1208 4317 hinc
1241 4262 1430 4316 saltem
1469 4263 1692 4330 colliga-

103 4369 160 4406 ΙΙΙ
169 4367 234 4404 US
271 4359 506 4404 veterem
535 4367 761 4406 morem.

181 4441 314 4495 Car.
353 4441 438 4494 45.
465 4470 536 4480 —-—
563 4439 791 4498 Crimine
827 4441 1090 4498 adulterii.
1143 4441 1218 4496 lla
1260 4451 1368 4496 tum
1429 4441 1691 4496 vocabant

105 4533 326 4586 facinus
355 4533 630 4587 viduarum
657 4549 776 4602 qua:
803 4542 924 4603 post
969 4542 1278 4604 susceptum
1331 4533 1576 4588 habitum
1607 4551 1688 4587 re-
1715 4507 1766 4564 D

99 4627 364 4696 ligiosum
393 4625 456 4679 ad
499 4625 714 4696 nuptias
745 4627 1088 4682 transierant.
1143 4627 1216 4680 De
1245 4627 1428 4680 iisdem
1457 4628 1566 4697 agit
1599 4641 1690 4680 ca—

99 4725 210 4788 put
230 4714 298 4769 56
325 4716 475 4770 istius
496 4717 804 4786 appendicis
825 4727 878 4770 et
922 4725 1082 4788 caput
1116 4717 1182 4770 46
1208 4718 1474 4784 secundae,
1492 4719 1578 4770 ubi
1607 4715 1688 4770 vi-

101 4809 235 4863 dua:
290 4807 586 4862 istiusmodi
639 4808 992 4862 indubitanter
1057 4809 1307 4864 adultera:
1364 4827 1472 4864 esse
1519 4813 1691 4866 mani-

104 4899 395 4968 festontur.
429 4897 559 4955 Vide
588 4913 751 4970 porro
801 4899 1063 4954 illustrem
1104 4901 1380 4955 historiam
1412 4901 1687 4970 cujusdam

105 4993 290 5046 vidua:
335 4991 389 5045 in
413 4991 516 5046 hoc
544 4991 790 5046 adulterii
813 5007 980 5062 genus
1009 4989 1290 5062 prolapsae,
1319 4993 1370 5046 in
1405 4995 1543 5048 notis
1595 5009 1692 5049 no-

103 5084 216 5137 tris
243 5083 311 5136 ad
341 5083 532 5137 librant
571 5081 958 5153 apologeticum
1009 5083 1298 5153 Agobardii
1327 5099 1421 5152 pro
1447 5085 1568 5140 tiliis
1587 5083 1694 5140 Lu-

103 5178 290 5236 dovici
315 5177 414 5232 Pii.

183 5273 516 5331 Car.4’4.—
559 5273 742 5330 Canon
785 5273 886 5329 iste
916 5273 1275 5328 Arausicanus
1339 5271 1408 5326 ita
1435 5271 1594 5326 habet
1641 5273 1691 5328 in

107 5377 265 5424 temo
293 5369 466 5437 primo
509 5367 868 5424 Conciliorunt
895 5365 1082 5422 Gallia:
1121 5384 1134 5418 :
1169 5364 1442 5435 Raptorem
1470 5382 1584 5419 vero
1615 5375 1696 5418 ta-

107 5461 270 5526 lium,
317 5469 420 5516 etc.
457 5461 632 5515 Editio
659 5461 846 5516 Isidori
875 5461 1014 5528 apud
1045 5457 1324 5514 Mcrliuum
1349 5473 1364 5511 :
1415 5457 1550 5527 Ejus
1579 5473 1695 5511 vero

113 5552 526 5622 repudiatorem,
556 5559 657 5606 etc.
690 5551 866 5607 Codex
899 5567 998 5606 ms.
1037 5549 1326 5622 chinonis
1355 5568 1366 5603 :
1406 5549 1534 5620 Ejus
1577 5565 1694 5604 vero

111 5645 376 5706 ruborem,
404 5654 508 5698 etc.
545 5643 618 5698 Ex
660 5643 820 5714 595
849 5658 954 5712 quo
994 5659 1092 5698 nos
1121 5641 1349 5698 fecimus
1381 5643 1689 5696 robatorem.

117 5734 424 5789 ltubatorcs
467 5733 762 5804 antiquitus
795 5735 926 5789 dicti
961 5734 1050 5804 qui
1083 5750 1194 5788 rem
1242 5735 1552 5805 quampiam
1595 5749 1692 5804 per

1862 3264 1988 3320 Car.
2018 3265 2474 3322 57.—-Adaiwino.
2493 3268 2685 3324 Mirum
2709 3277 2793 3326 est
2817 3285 2980 3340 quam
3001 3271 3160 3342 longe
3183 3272 3375 3326 abierit

1793 3371 1986 3412 nomen
2018 3357 2252 3427 episcopi
2283 3359 2348 3412 ad
2377 3373 2534 3427 quem
2563 3361 2762 3431 scripta
2787 3369 2867 3415 est
2897 3361 2998 3416 ista
3032 3361 3232 3416 Nicolai
3257 3363 3404 3432 cpi--

1793 3445 1950 3510 stola,
1983 3455 2092 3500 tum
2119 3447 2284 3502 etiam
2309 3449 2452 3502 sedis
2481 3451 2564 3504 cui
2593 3449 2639 3506 is
2669 3451 3012 3522 praesidebat.
3050 3452 3202 3520 Apud
3235 3451 3374 3506 Bur-

1793 3534 2052 3590 chardum
2085 3536 2282 3604 scripta
2317 3537 2512 3591 dicitur
2534 3537 2805 3594 Adalwino
2841 3550 3037 3594 sancta:
3078 3538 3372 3596 Vivenensis

1799 3625 2046 3679 Ecclesia
2101 3627 2506 3697 archiepiscopo.
2570 3629 2722 3698 Apud
2784 3631 2998 3685 lvonem
3063 3641 3217 3701 parte
3273 3647 3366 3697 vn,

1795 3732 1916 3786 cap.
1937 3717 2028 3780 65,
2049 3715 2320 3770 Adalwino
2354 3729 2547 3773 sancta:
2575 3717 2882 3775 Viennensis
2905 3719 3156 3776 Ecclesia:
3199 3723 3373 3775 archi-

1794 3808 2064 3878 episcopo;
2093 3807 2144 3860 in
2185 3808 2423 3878 margine
2454 3822 2582 3864 vero
2607 3819 2894 3880 postrema:
2919 3813 3186 3878 editionis,
3221 3811 3374 3868 Vim-

1797 3899 2006 3961 uensis;
2059 3907 2112 3952 et
2155 3913 2272 3968 cap.
2321 3900 2442 3964 152,
2473 3900 2716 3956 Aiumino
2757 3901 3068 3958 Junariensi
3113 3906 3292 3973 episco,
3319 3921 3366 3958 ο.

1793 3991 1946 4060 Apud
1977 3979 2291 4066 Gratianum
2324 3993 2447 4048 dist.
2480 3993 2573 4060 27,
2607 4002 2722 4066 ca’p,
2753 3995 2807 4062 6,
2831 3998 2899 4051 ad
2927 3997 3171 4051 Albinum
3221 3999 3372 4051 Vien-

1795 4086 1965 4136 nensis
1999 4063 2244 4136 Ecclesia:
2285 4085 2750 4155 archiepiscmmm.
2787 4088 2913 4156 _Quo
2957 4089 3072 4143 loco
3117 4089 3374 4141 adnatant

1794 4184 2131 4228 correctores
2173 4173 2400 4230 Romani
2447 4175 2602 4230 valde
2645 4178 2860 4234 variare
2907 4171 3022 4233 haec
3063 4178 3276 4232 nomina
3321 4181 3370 4230 in

1792 4267 2186 4335 exemplaribus
2213 4276 2266 4322 et
2294 4267 2430 4336 apud
2461 4267 2831 4322 Burchardum
2861 4277 2915 4324 et
2953 4267 3184 4322 lvoncm.
3217 4269 3374 4322 Verre

1793 4375 1856 4414 ac
1911 4359 2162 4430 legitimae
2210 4359 2576 4430 inscriptionis
2623 4361 2892 4432 ignoratio
2944 4363 3160 4418 errandi
3209 4361 3371 4434 593

1793 4467 1955 4506 causa
1987 4450 2084 4504 fuit
2123 4451 2487 4506 eruditissimo
2529 4451 2939 4523 archiepiscbpo
2981 4453 3370 4508 Tarraconensi

1792 4542 2023 4596 Antonio
2051 4541 2370 4612 Augustino.
2403 4540 2450 4596 Is
2479 4541 2626 4597 enim
2651 4541 2746 4598 lib.
2775 4560 2815 4599 tt
2845 4545 2910 4598 de
2935 4543 3205 4598 emendat.
3239 4543 3372 4600 Gra-

1795 4633 1946 4698 tiani,
1977 4632 2185 4703 dialogo
2225 4633 2310 4698 17,
2351 4631 2670 4688 Gratianum
2707 4635 2997 4692 emendare
3038 4635 3088 4688 in
3121 4635 3220 4690 hoc
3255 4635 3371 4690 loco

1793 4733 2036 4788 conatus,
2083 4724 2356 4779 existimat
2409 4725 2692 4790 Albinum,
2749 4728 2818 4782 ad
2869 4740 3030 4796 quem
3091 4725 3368 4794 epistolam

1791 4816 1938 4870 illam
1987 4815 2188 4870 Nicolai
2235 4817 2490 4887 scriptam
2525 4831 2644 4872 esse
2682 4817 2915 4888 legebat,
2958 4817 3204 4872 eumdem
3252 4831 3370 4872 esse

1794 4919 1950 4976 quem
1983 4905 2070 4960 alii
2100 4903 2422 4962 Januensem
2455 4907 2943 4978 archiepiscopum,
2975 4907 3063 4961 alii
3101 4905 3370 4960 Jovanen—

1793 5013 1906 5050 sem
1939 4999 2246 5067 episcopum
2279 5005 2494 5052 vocant.
2529 4999 2637 5054 Sed
2681 5007 2742 5054 ut
2782 4999 2903 5054 ﬁnis
2945 4999 3157 5053 tandem
3201 4999 3372 5066 impo-

1795 5099 1952 5146 natur
1985 5099 2142 5146 tantae
2168 5091 2467 5158 discordiae,
2499 5093 2870 5150 constituenda
2917 5102 3001 5147 est
3031 5107 3155 5146 vera
3187 5090 3366 5144 lectio.

1797 5184 2008 5251 Scripta
2031 5184 2194 5252 igitur
2213 5183 2314 5239 fuit
2330 5185 2554 5253 epistola
2575 5186 2642 5242 ad
2654 5185 2992 5240 Adalwinum
3015 5181 3370 5238 Juvaveusem

1797 5275 2274 5346 archiepiscopum,
2307 5286 2368 5331 ut
2395 5279 2550 5332 tidem
2579 5277 2710 5332 facit
2731 5277 2900 5333 codex
2925 5289 3027 5329 ms.
3053 5274 3368 5345 Regiuonis,

1795 5374 1907 5422 tum
1949 5367 2110 5422 etiam
2147 5375 2300 5422 vetus
2338 5384 2601 5424 canonum
2646 5368 2900 5424 collector
2943 5379 3240 5438 anonymus
3285 5373 3370 5418 ms

1795 5461 1848 5516 in
1887 5461 2210 5518 bibliotheca
2251 5461 2438 5533 Regia.
2468 5459 2731 5518 Juvavum
2761 5469 2938 5516 autem
2989 5457 3130 5512 idem
3159 5469 3278 5513 esse
3305 5471 3370 5512 ac
3467 5531 3472 5534 _

1793 5552 2143 5625 Salzbnrgum
2189 5556 2366 5609 notius
2407 5564 2492 5608 est
2536 5567 2698 5622 quam
2741 5561 2799 5606 ut
2839 5549 3159 5606 testimoniis
3189 5556 3366 5618 egeat,

1791 5643 2123 5700 Adalwinum
2141 5661 2299 5716 porro
2323 5644 2554 5698 tenuisse
2574 5641 2882 5698 cathedram
2905 5640 3370 5711 Salisburgensem

1791 5745 2004 5794 constat
2050 5737 2115 5792 ab
2155 5737 2304 5792 initio
2334 5733 2678 5808 pontificatus
2707 5731 2943 5798 Nicolai;
2975 5741 3028 5788 et
3071 5745 3209 5786 anno
3243 5729 3370 5792 870,
3425 5795 3432 5812 θ
