3920 6408
489 353 594 409 463

978 463 1144 535 616
1190 464 1274 519 Vl-

813 567 984 606 ve'rus
1010 546 1293 608 CONFESSlO
1319 568 1724 607 PCENITENTIUM.

592 640 676 695 Ex
700 642 852 696 reteri
892 640 1069 695 codice
1120 657 1214 694 ms.
1258 641 1575 695 bibliotheca:
1602 641 1935 695 Colbertiuan

820 730 1007 801 Incipit
1031 730 1298 786 confessio
1320 731 1715 801 ptenitentium.

551 829 943 886 Multitudinem
972 827 1258 882 criminum
1299 837 1354 883 et
1381 830 1758 883 enormitatem
1785 828 2054 884 scelerum

480 916 724 957 meorum
758 912 1149 968 expavescens,
1182 907 1237 968 et
1264 898 1332 953 de
1359 906 1446 952 tua
1474 900 1672 967 pietate
1713 907 1874 968 atque
1912 898 2053 953 inef-

479 971 625 1026 fabili
651 967 1027 1023 misericordia
1078 967 1388 1032 conﬁdens,
1424 968 1517 1022 tibi
1551 967 1798 1023 Creatori
1843 977 1898 1023 et
1948 968 2053 1024 Re-

478 1039 746 1111 demptori
814 1053 969 1104 meo,
1011 1038 1103 1107 qui
1149 1038 1359 1111 veniam
1410 1037 1893 1111 e_t__indulgentiam
1934 1047 2056 1108 post

478 1106 688 1164 reatum
718 1122 816 1178 per
852 1106 1043 1178 puram
1099 1117 1155 1161 et
1198 1107 1603 1178 iacrymabilem
1657 1106 2051 1163 confessionem

478 1180 688 1249 assequi
719 1176 1012 1248 promisisti
1032 1217 1047 1240 ,
1087 1176 1348 1231 conﬁteor
1371 1178 1497 1247 quia
1526 1178 1842 1249 inpeccatis
1871 1186 2051 1249 natus,

477 1248 640 1319 atque
667 1251 722 1319 in
747 1249 982 1319 peccatis
1004 1262 1100 1316 per
1123 1261 1283 1301 omne
1314 1255 1522 1319 tempus
1544 1248 1668 1301 vita:
1723 1262 1857 1301 mete
1901 1248 2052 1317 cogi-

480 1317 645 1375 tando
667 1359 683 1383 ,
709 1317 979 1443 manendo
1001 1356 1015 1379 ,
1051 1325 1106 1370 et
1156 1318 1427 1386 operando
1465 1318 1726 1371 hactenus
1754 1331 1874 1371 sum
1923 1332 2052 1371 con-

480 1398 744 1443 versatus.
816 1388 1030 1443 oeribus
1057 1387 1199 1440 enim
1231 1402 1294 1440 ac
1324 1387 1531 1443 pompis
1590 1385 1819 1443 diaboli.
1857 1386 2052 1443 auibus

477 1398 744 1443 versatus.
767 1385 1030 1456 Operibus
1057 1385 1205 1440 enim
1231 1402 1294 1440 ac
1324 1387 1531 1455 pompis
1590 1385 1819 1449 diaboli,
1857 1386 2052 1455 quibus

480 1459 537 1513 in
560 1458 830 1527 baptismo
857 1456 1358 1527 abrenuntiaveram
1378 1496 1392 1517 ,
1426 1457 1621 1510 iterum
1652 1457 1768 1526 ipso
1790 1458 2050 1512 suadente

480 1544 569 1584 me
595 1525 838 1593 subdidi,
861 1535 916 1581 et
940 1525 1284 1597 postmodum
1321 1528 1548 1595 turpiter
1575 1525 1789 1597 semiter
1815 1534 1869 1579 et
1910 1527 2052 1581 desi-

481 1600 629 1654 diose
654 1598 782 1653 vixi.
1087 1663 1115 1667 _
1356 1664 1365 1667 Α
1400 1660 1407 1667 η

1075 1663 1155 1718 De
1191 1663 1452 1735 superbia.

549 1761 626 1815 Ac
645 1756 1086 1830 primo'onmium
1115 1754 1182 1810 de
1234 1756 1520 1830 superbia,
1552 1770 1670 1825 quae
1718 1756 1870 1811 radix
1923 1771 2041 1811 om—

477 1831 625 1887 nium
648 1826 916 1883 ‘malorum
950 1835 1073 1889 est,
1131 1841 1310 1896 mores
1363 1826 1625 1880 etvitam
1680 1835 1841 1896 atque
1892 1837 2043 1882 actus

476 1915 625 1956 meos
651 1898 883 1969 pessime
908 1895 1211 1969 inquinavi,
1243 1903 1297 1949 ct
1347 1909 1445 1963 per
1495 1895 1801 1969 superbiam
1858 1906 2043 1951 contra

473 1965 722 2029 Deum-et
747 1975 933 2023 contra
961 1965 1273 2035 religionem
1305 1981 1369 2020 ac
1398 1967 1729 2036 propositum
1764 1981 1942 2020 memn
1992 1969 2044 2020 in

473 2038 674 2103 verbis,
717 2039 768 2092 in
802 2036 1239 2107 cogitationibus,
1266 2036 1317 2089 in
1346 2037 1702 2107 operibus,in
1732 2036 2009 2090 desideriis
2029 2077 2045 2101 ,

474 2112 530 2166 in
554 2111 765 2165 incessu
785 2148 799 2172 ,
824 2105 893 2161 et
911 2108 961 2159 in
990 2105 1211 2176 caeteris
1228 2106 1477 2159 omnibus
1499 2106 1692 2170 modis,
1722 2121 1857 2176 quos
1910 2120 2045 2159 enu-

475 2190 689 2236 merare
710 2193 814 2232 non
847 2177 1035 2248 _valeo,
1067 2175 1307 2246 graviter
1336 2191 1420 2230 me
1440 2175 1493 2230 in
1519 2175 1806 2248 conspectu
1834 2175 1924 2230 Dei
1951 2177 2046 2231 de-

474 2250 698 2322 liquisse
730 2246 1012 2303 conﬁteor.

1026 2334 1103 2390 De
1131 2335 1277 2390 inani
1297 2332 1484 2407 gloria,

547 2430 622 2485 De
646 2427 792 2483 inani
814 2426 981 2498 gloria
1006 2425 1169 2481 etiam
1199 2425 1381 2498 multis
1418 2426 1591 2482 modis
1621 2442 1707 2483 me
1749 2427 2042 2498 deliquisse

474 2511 529 2556 et
557 2498 796 2569 quotidie
820 2495 1138 2569 delinquere
1161 2495 1453 2569 conﬁteor,
1478 2512 1578 2566 pro
1603 2513 1709 2566 qua
1738 2495 1958 2553 assidue
1990 2499 2042 2551 in

475 2566 711 2641 peccatis
738 2568 879 2641 meis
905 2566 1093 2641 mundi
1117 2566 1429 2641 _glo'riani_et
1479 2568 1766 2641 saeculares
1814 2569 2044 2638 dignita-

475 2636 556 2696 tes
576 2654 639 2694 ac
667 2638 1055 2693 delectationes
1078 2637 1216 2691 ultra
1245 2637 1460 2691 modum
1485 2636 1782 2705 amplector
1800 2648 1856 2692 et
1878 2636 1893 2638 ⁷
1910 2652 2046 2691 con-

472 2711 724 2781 cupisco,
754 2718 806 2762 et
831 2723 926 2781 per
971 2722 1092 2761 eam
1134 2706 1186 2781 in
1229 2708 1461 2781 cieteris
1494 2707 1637 2781 vitiis
1681 2723 1906 2781 quaeea
1955 2708 2040 2761 illa

473 2776 909 2842 nascuntur,’id
959 2785 1074 2841 est,
1133 2776 1187 2830 in
1253 2777 1612 2832 inobedicntia
1672 2778 2044 2832 mandatorum

472 2850 602 2914 Dei,
629 2858 683 2902 et
713 2849 983 2918 seniorum
1007 2862 1071 2918 ac
1106 2847 1483 2918 magistrorum
1506 2844 1835 2918 iussionibus
1862 2847 2044 2918 inobe-

471 2921 690 2981 dientlo,
713 2929 768 2972 et
785 2918 837 2971 iu
853 2916 1111 2985 jactautia
1136 2916 1372 2970 animum
1392 2916 1553 2987 617
1576 2918 1629 2987 in
1648 2917 1828 2970 multis
1844 2917 2045 2970 vanita-

473 2991 617 3044 tibus
644 2987 1056 3052 extollendo,et
1114 2988 1167 3041 in
1191 2986 1460 3057 hypocrisi
1504 2986 1660 3057 aliud
1711 2986 1872 3057 corde
1915 2986 2044 3040 reti-

474 3062 688 3125 nendo,
734 3067 782 3112 et
810 3058 951 3112 aliud
1001 3071 1097 3111 ore
1156 3055 1580 3117 manifestando,
1625 3066 1680 3110 et
1724 3056 1785 3121 in
1821 3066 2042 3110 conten-

470 3130 618 3213 tione
662 3128 1149 3214 inntiiitei'_coutra
1195 3127 1465 3214 ratioiieni
1510 3124 1869 3214 intendendo,
1912 3136 1966 3180 et
1989 3127 2039 3179 iu
2069 3153 2115 3214 ρ

469 3199 769 3271 pertinacia
801 3199 853 3252 in
874 3198 975 3271 his
1013 3211 1132 3271 qua:
1162 3212 1269 3250 non
1316 3203 1528 3264 oportet
1571 3195 1869 3271 procaciter
1921 3211 2039 3264 per-

472 3265 830 3334 iistendo,et
872 3268 927 3322 in
974 3267 1271 3320 novitatum
1320 3265 1825 3334 praesumptionibus
1879 3282 2047 3320 novas

471 3352 527 3396 et
550 3351 674 3396 ante
697 3341 1041 3394 inconsuetas
1081 3352 1167 3391 res
1217 3336 1624 3406 prtesumendo,
1654 3335 1919 3406 graviter
1959 3352 2045 3390 me

471 3424 723 3482 peccasse
746 3408 1027 3464 conﬁteor.

1074 3474 1147 3530 De
1184 3474 1403 3530 invidia.

542 3573 621 3627 De
648 3570 845 3626 invidia
872 3584 1002 3625 vero
1020 3610 1034 3633 ,
1065 3582 1164 3639 per
1191 3583 1350 3638 quem
1402 3568 1647 3623 diabolus
1670 3569 1904 3638 primum
1943 3569 2044 3624 ho-

473 3643 675 3697 minem
706 3641 951 3709 decepit,
979 3648 1036 3694 et
1069 3654 1167 3709 per
1187 3653 1348 3708 quam
1382 3653 1528 3693 mors
1553 3640 1605 3692 in
1643 3639 1830 3693 orbem
1877 3650 2048 3693 terra-

476 3728 595 3766 rum
619 3710 862 3765 introivit
884 3750 900 3774 ,
928 3724 1040 3779 pra:
1065 3711 1318 3763 omnibus
1343 3709 1652 3779 hominibus
1678 3723 1828 3779 reum
1860 3724 1944 3763 me
1987 3718 2048 3764 et

477 3781 797 3836 sceleratum
820 3770 943 3834 essd
992 3778 1291 3832 conﬁteor:
1332 3770 1455 3846 quia
1504 3777 1731 3831 aliorum
1788 3776 2051 3834 honisin-

475 3851 711 3904 videndo
742 3888 758 3912 ,
802 3857 855 3903 et
881 3850 945 3903 de
966 3862 1153 3901 eorum
1182 3847 1503 3901 utilitatibus
1532 3848 1761 3902 dolendo
1780 3888 1796 3912 ,
1839 3848 2049 3904 animos

476 3934 618 3990 sa‘pe
648 3917 984 3990 contristavi,
1012 3926 1065 3972 et
1107 3917 1158 3990 in
1168 3916 1600 3990 _quibuscunque
1637 3917 2045 3990 potui,illorum

481 3987 946 4061 prosperitatibus
969 3987 1143 4061 nocui.
1168 3987 1234 4040 Et
1260 3988 1302 4042 si
1331 4001 1525 4061 nocere
1549 4004 1655 4061 non
1684 3989 1851 4061 potui,
1911 3991 2049 4044 invi-

478 4056 628 4115 diose
652 4068 829 4114 tamen
856 4056 971 4112 tuli.
1005 4057 1071 4110 Et
1102 4066 1196 4129 per
1220 4072 1337 4111 eam
1396 4058 1448 4111 in
1479 4056 1693 4129 caneris
1731 4056 1877 4129 vitiis
1930 4076 2049 4129 qua:

476 4146 542 4186 ex
573 4130 663 4185 illa
691 4128 941 4185 oriuntur
968 4167 983 4191 ,
1012 4129 1064 4182 in
1089 4128 1212 4182 odio
1231 4167 1246 4190 ,
1295 4137 1482 4182 contra
1508 4128 1702 4182 multos
1739 4127 2050 4185 inimicitias

477 4210 535 4256 et
592 4200 715 4257 odia
770 4196 823 4252 in
885 4201 1046 4254 corde
1106 4197 1404 4260 retinendo,
1450 4209 1505 4252 et
1560 4200 1612 4252 in
1658 4199 2047 4266 exsultatione,

479 4272 534 4325 in
566 4271 809 4325 adversis
838 4270 1203 4338 proximorum
1234 4268 1301 4338 de
1333 4267 1809 4338 contrarietatibus
1844 4275 1900 4324 et
1948 4273 2046 4324 hn-

479 4339 801 4411 pedimentis
839 4335 1065 4393 illorum
1120 4335 1469 4411 exsultando,
1536 4337 1900 4408 multipliciter
1964 4356 2050 4396 me

481 4408 736 4481 peccasse
774 4424 1033 4479 regnosco
1062 4418 1113 4463 et
1140 4408 1417 4462 conﬁteor.

1178 4499 1254 4554 De
1283 4501 1385 4554 ira.

553 4595 633 4650 De
670 4611 749 4649 ira
778 4608 991 4664 quoque
1037 4592 1311 4664 multoties
1373 4607 1458 4664 me
1501 4606 1753 4663 peccasse
1795 4604 1846 4651 ct
1900 4611 2052 4652 reum

486 4682 605 4721 esse
634 4666 747 4721 scio
772 4663 827 4721 et
869 4664 1162 4728 conﬁteor,
1210 4663 1334 4732 quia
1386 4663 1558 4719 illatas
1601 4666 1667 4720 ab
1690 4666 1809 4721 aliis
1856 4666 2048 4722 leviter

487 4737 716 4807 injurias
736 4735 1112 4807 atquoﬂanimo
1135 4732 1551 4807 ,Autudebueram
1575 4775 1589 4799 ,
1642 4749 1746 4789 non
1779 4736 2006 4791 sustinui
2032 4778 2047 4799 ,

486 4803 578 4861 sed
602 4807 667 4861 ad
690 4803 1019 4860 iracundiam
1043 4812 1096 4857 et
1124 4803 1410 4875 vindictam
1429 4845 1442 4866 ,
1489 4803 1542 4857 in
1570 4815 1829 4872 quantum
1859 4808 2004 4875 potui
2031 4847 2046 4871 ,

485 4886 535 4933 el
571 4891 746 4931 meum
774 4884 828 4932 et
847 4875 1070 4930 aliorum
1102 4873 1310 4945 animos
1335 4875 1617 4943 provocavi
1646 4887 1755 4945 ,κει
1786 4873 1881 4945 per
1909 4877 2049 4932 hanc

486 4949 539 5002 in
566 4948 776 5002 catlcris
796 4946 941 5001 vitiis
969 4960 1087 5014 quae
1118 4959 1181 4999 ex
1206 4943 1290 4997 illa
1314 4944 1593 5009 oriuntur,
1636 4944 1686 4998 id
1719 4943 1835 5011 est,
1865 4946 1917 4999 in
1970 4948 2045 5000 ri-

486 5019 570 5072 xis
597 5018 662 5072 ad
682 5017 857 5088 jurgia
889 5014 1339 5088 etcontentiones
1383 5030 1487 5069 non
1533 5014 1704 5088 solum
1728 5030 1813 5068 me
1856 5016 2050 5088 sedet

487 5088 621 5142 alios
650 5085 968 5151 c'xcit'ando,
1002 5085 1146 5140 etin
1192 5093 1399 5138 tumore
1437 5085 1631 5140 mentis
1682 5094 1866 5139 contra
1920 5086 2051 5141 alio-

489 5174 609 5211 rum
665 5157 967 5212 levissimas
992 5164 1047 5209 et
1076 5154 1305 5210 humiles
1330 5154 1577 5225 querelas
1596 5155 1832 5209 animum
1865 5171 2054 5225 supero

488 5227 556 5283 be
581 5226 961 5282 inﬂammando
988 5267 1001 5291 ,
1032 5234 1087 5278 et
1113 5226 1164 5277 in
1185 5224 1529 5279 contumeliis
1585 5225 1884 5280 calumnias
1931 5224 2053 5282 aliis

489 5296 803 5368 inferendo,
830 5306 883 5351 ct
912 5295 1384 5368 indignationisde
1425 5294 1508 5368 his
1545 5297 1740 5368 quibus
1770 5311 1872 5368 ron
1899 5311 2055 5368 apor-

492 5368 640 5423 tebat
693 5363 1067 5437 indignando;
1109 5365 1255 5437 etin
1311 5363 1655 5437 blasphemiis
1696 5365 1891 5420 multos
1936 5363 2058 5421 sine

492 5452 654 5492 causa
686 5435 973 5490 iracundiae
1018 5435 1475 5503 blasphemando,
1523 5436 1654 5490 satis
1714 5437 1949 5505 graviter
2004 5437 2058 5490 in

492 5515 777 5577 conspectu
807 5505 901 5560 Dei
926 5521 1010 5561 me
1040 5505 1329 5577 deliquisse
1341 5520 1677 5577 recognosco
1700 5514 1756 5559 et
1774 5506 2057 5561 conﬁteor.

1107 5574 1185 5629 De
1209 5576 1440 5629 tristitia.

569 5648 643 5701 De
678 5645 894 5703 tristitia
919 5645 1081 5701 etiam
1119 5661 1223 5700 non
1276 5646 1621 5701 mediocriter
1667 5659 1755 5700 me
1802 5659 2058 5714 peccasse

497 5717 609 5772 scio
637 5716 803 5789 618
839 5726 893 5774 ct
924 5716 1213 5789 conﬁteor;
1255 5717 1377 5789 quia
1406 5717 1667 5771 inutiliter
1696 5724 1752 5789 et
1789 5716 1908 5771 sine
1931 5731 2058 5789 cau-

499 5803 557 5842 sa
586 5785 900 5860 pldi'diﬁqtle
932 5802 1015 5843 me
1036 5787 1350 5843 contristavi
1380 5803 1394 5854 ;
1445 5795 1500 5842 et
1536 5803 1655 5844 cum
1695 5785 1762 5841 dc
1818 5788 2058 5857 peccatis

1548 348 1886 406 APPENDIX
1923 346 2255 415 serenum
2287 349 2636 411 veranum.

3624 352 3735 410 ιῦι

2082 472 2131 529 Α
2162 469 2296 525 meis
2322 469 2491 522 tristis
2514 476 2569 522 ct
2594 481 2828 522 maerens
2868 480 2989 522 esse
3023 466 3211 531 debui,
3253 468 3322 524 de
3350 465 3504 522 vanis
3559 475 3618 522 et
3643 468 3732 522 ni-

2161 538 2233 591 hil
2263 538 2510 593 utilitatis
2552 537 2873 590 habentibus
2896 538 3056 592 rebus
3108 537 3381 593 tristitiam
3434 537 3619 591 habui.
3664 538 3733 592 Et

2158 621 2253 674 per
2275 610 2413 663 hanc
2455 608 2508 660 in
2543 607 2755 676 cieteris
2778 607 2922 676 vitiis
2970 622 3089 676 qum
3138 624 3203 662 ex
3258 607 3345 661 illa
3388 616 3730 671 nascuntur,

2159 676 2209 729 id
2240 686 2352 738 est,
2394 678 2447 732 in
2478 675 2711 740 malitia,
2765 675 2958 729 malam
2984 677 3307 732 voluntatem
3340 682 3530 731 contra
3582 677 3730 730 mul-

2158 754 2241 801 tos
2264 746 2545 809 habendo,
2588 753 2643 799 et
2669 746 2720 798 in
2745 745 3211 814 pusillanimitale,
3241 748 3479 814 vigorem
3523 754 3579 800 et
3619 746 3735 800 for—

2154 815 2437 872 titudinem
2461 815 2622 869 animi
2651 830 2761 884 prae
2783 816 2999 870 tristitia
3046 816 3341 870 amittendo
3365 856 3383 880 ,
3432 827 3489 869 et
3528 816 3585 870 in
3631 818 3729 872 de-

2155 888 2459 954 speratione
2485 926 2500 950 ,
2541 885 2608 938 de
2648 885 2846 953 pietate
2886 893 2952 955 et
2990 885 3358 955 misericordia
3396 884 3492 939 Dei
3536 885 3735 955 despe-

2156 956 2361 1021 rando,
2390 955 2518 1010 etin
2582 964 2798 1025 torpore
2847 954 2993 1009 circa
3043 954 3167 1025 Dei,
3186 965 3489 1025 praecepta,
3549 954 3735 1008 inten-

2156 1027 2355 1081 tionem
2376 1040 2442 1079 ac
2490 1024 2726 1078 studimn
2755 1024 2806 1077 in
2844 1024 3117 1078 mandatis
3144 1024 3236 1078 Dei
3283 1024 3389 1080 nou
3441 1025 3728 1082 habendo.

2151 1102 2208 1148 et
2270 1096 2324 1149 in
2362 1093 2895 1165 vagationeimentis
2939 1108 3067 1165 erga
3090 1093 3317 1157 illicita,
3378 1094 3733 1165 otiositatem

2152 1162 2465 1234 sectando;
2500 1172 2555 1218 et
2616 1163 2777 1217 rebus
2826 1162 3027 1234 illicitis
3084 1174 3321 1219 mentem
3376 1162 3732 1234 occupando,

2151 1233 2423 1289 multoties
2452 1247 2536 1287 me
2574 1246 2828 1301 peccasse
2854 1231 3134 1288 conﬁteor.
3518 1231 3533 1234 ⁷
3750 1240 3757 1247 ·

2646 1322 2725 1394 De
2750 1324 2939 1394 uentris
2973 1324 3200 1394 ingluvie

2220 1394 2299 1449 De
2326 1393 2531 1448 ventris
2560 1407 2690 1447 vero
2714 1392 2948 1463 ingluvie
2981 1392 3114 1464 satis
3139 1395 3443 1464 periculose
3495 1404 3552 1450 et
3573 1395 3733 1449 dam.

2149 1464 2406 1535 nabiliter
2424 1478 2511 1535 me
2539 1471 2868 1535 peccasseet
2891 1463 3152 1531 quotidie
3182 1479 3270 1519 me
3328 1479 3561 1535 peccare
3599 1481 3731 1520 con-

2150 1534 2307 1588 ﬁteor
2332 1565 2348 1596 ,
2378 1533 2503 1603 quia
2524 1533 2665 1587 ultra
2693 1532 2910 1603 modum
2933 1542 2989 1587 et
3020 1548 3182 1603 supra
3207 1532 3370 1603 quam
3417 1536 3733 1590 necessitas

2148 1614 2203 1673 et
2230 1602 2522 1673 indigentia
2550 1602 2849 1673 corporalis
2898 1602 3183 1672 exposcat,
3213 1602 3265 1657 in
3329 1605 3599 1658 sumendo
3652 1606 3730 1659 ci-

2148 1672 2363 1743 bumet’
2409 1672 2887 1743 potumiventrem
2939 1673 3202 1728 hactenus
3256 1673 3623 1743 ingurgitavi,
3671 1684 3728 1728 et

2150 1742 2779 1813 quotidieingurgitared
2801 1756 2906 1794 non
2936 1743 3156 1813 omitto,
3189 1751 3245 1797 et
3302 1742 3445 1813 unde
3482 1743 3623 1813 mihi
3670 1744 3729 1799 et

2076 1810 2117 1868 Β
2144 1810 2266 1867 aliis
2298 1810 2493 1867 multis
2506 1810 2865 1882 indigentibus
2885 1811 3197 1866 satisfacere
3226 1812 3406 1882 potui,
3432 1812 3586 1867 solus
3617 1828 3728 1882 pra:

2147 1882 2606 1951 nimiaedacitate
2626 1880 2688 1936 et
2715 1880 2946 1951 ingluvie
2972 1880 3296 1951 consumpsi.
3325 1881 3392 1935 Et
3439 1883 3566 1936 ideo
3620 1880 3726 1951 per

2148 1952 2287 2007 hanc
2314 1950 2367 2005 in
2396 1952 2606 2007 carioris
2634 1950 2781 2004 vitiis
2802 1965 2922 2018 qua:
2969 1965 3036 2004 ex
3066 1950 3154 2004 illa
3188 1950 3471 2014 Oriuutur,
3506 1951 3559 2004 id
3590 1950 3676 2006 εει
3705 1988 3725 2014 ,

2147 2022 2201 2076 in
2223 2022 2398 2090 inepta
2423 2021 2602 2075 lmtitia
2622 2018 2727 2091 ,de
2753 2020 3083 2091 vanitatibus
3108 2020 3338 2075 lentando
3390 2030 3445 2075 et
3479 2022 3727 2091 gauden-

2147 2091 2215 2146 do
2240 2131 2255 2155 ,
2298 2088 2354 2145 et
2379 2091 2432 2144 in
2463 2089 2820 2148 scurrilitate.
2853 2088 2993 2157 iocis
3025 2100 3083 2144 et
3122 2090 3318 2144 risibus
3356 2088 3632 2144 studendo
3671 2100 3728 2145 et

2145 2161 2461 2215 delectando
2483 2200 2500 2225 ,
2531 2169 2587 2217 et
2612 2159 3056 2229 inmurltiloquio,
3083 2175 3145 2216 ea
3168 2175 3290 2229 quas
3334 2160 3405 2214 ad
3428 2161 3727 2214 utilitatem

2146 2246 2250 2285 non
2281 2230 2552 2300 pertinent
2580 2228 3270 2300 multipliciterloquendo,
3328 2238 3385 2284 et
3440 2230 3522 2300 in_
3552 2230 3726 2300 hebes

2149 2298 2330 2354 tuditie
2356 2314 2548 2354 sensus
2566 2338 2582 2364 ,
2610 2298 2808 2354 mentis
2831 2298 3234 2369 intelligentiam
3254 2314 3365 2368 pra:
3393 2298 3567 2353 nimia
3614 2299 3727 2353 cibi

2143 2379 2197 2423 et
2223 2378 2381 2438 potus
2401 2372 2696 2424 voracitate
2750 2368 3078 2435 amittendo,
3116 2368 3342 2423 multum
3364 2369 3616 2440 graviter
3641 2383 3728 2424 me

2142 2451 2397 2509 peccasse
2432 2440 2709 2495 conliteor.

2770 2506 2846 2562 De
2870 2508 3115 2563 avaritia.

2215 2599 2290 2654 De
2311 2599 2537 2654 avaritia
2563 2598 2723 2654 etiam
2753 2600 3067 2670 graVissime
3121 2610 3272 2655 reum
3300 2616 3389 2656 me
3422 2616 3551 2656 esse
3591 2616 3724 2657 eone

2147 2670 2331 2734 ﬁtcor,
2362 2670 2487 2741 quia
2526 2678 2711 2741 contra
2753 2680 3076 2739 praeceptum
3133 2671 3223 2741 Dei
3250 2680 3305 2725 et
3332 2671 3585 2726 habenda
3645 2673 3727 2725 ni-

2146 2741 2247 2793 mis
2274 2739 2555 2808 concupivi
2583 2747 2638 2792 et
2682 2740 3040 2809 concupisco,
3069 2748 3124 2794 et
3153 2740 3335 2795 habita
3360 2741 3526 2794 nimis
3558 2754 3725 2795 avare

2146 2810 2341 2864 retinui
2363 2819 2417 2863 et
2460 2809 2700 2872 retineo,
2728 2813 3176 2878 etproximorum
3206 2812 3631 2866 necessitatibus
3669 2819 3725 2865 et

2146 2880 2455 2949 indigentiis
2484 2894 2588 2933 non
2613 2879 2685 2931 ita
2708 2880 2929 2949 subveni
2953 2889 3011 2933 et
3033 2880 3334 2934 ministravi
3360 2881 3505 2934 sicut
3558 2880 3719 2935 debui

2144 2959 2199 3002 et
2225 2948 2395 3018 potui.
2429 2949 2494 3002 Et
2516 2963 2611 3018 per
2640 2950 2780 3001 hanc
2824 2948 2878 3001 in
2902 2950 3115 3003 ceteris
3157 2950 3306 3004 vitiis
3348 2964 3471 3018 quae
3519 2966 3589 3005 ex
3634 2950 3721 3002 illa

2144 3019 2395 3072 oriuntur
2420 3058 2435 3081 ,
2467 3019 2519 3071 id
2574 3026 2684 3081 est,
2717 3018 2770 3071 in
2798 3019 3103 3087 proditione
3133 3019 3397 3083 aliorum,
3437 3029 3493 3073 et
3547 3020 3721 3073 maxi-

2146 3104 2234 3142 me
2261 3088 2493 3143 senioris
2522 3097 2729 3158 secreta
2752 3097 2808 3141 et
2823 3088 3042 3158 occulta
3071 3088 3347 3158 prodendo
3377 3100 3444 3143 ac
3490 3089 3718 3143 manife-

2146 3157 2357 3228 stando,
2381 3166 2436 3211 et
2462 3159 2514 3211 in
2550 3156 2769 3221 fraude,
2798 3157 2966 3228 619
2992 3156 3216 3212 aliorum
3265 3172 3354 3212 res
3392 3158 3581 3212 furtim
3624 3173 3718 3212 au-

2146 3226 2399 3292 ferendo,
2440 3236 2495 3281 et
2525 3228 2576 3280 in
2608 3226 3065 3295 concupiscendo,
3094 3238 3147 3282 et
3197 3229 3250 3281 in
3291 3228 3519 3282 fallaciis
3573 3244 3719 3283 men—

2144 3298 2295 3351 dacia
2326 3297 2649 3352 inveniendo
2681 3307 2736 3351 et
2759 3296 3110 3366 proferendo,
3130 3305 3185 3351 et
3208 3298 3261 3351 in
3289 3297 3585 3367 periuriis,
3622 3314 3717 3351 no.

2144 3381 2267 3421 men
2297 3375 2542 3421 sanctum
2568 3367 2663 3422 Dei
2693 3381 2756 3420 ac
2781 3375 3089 3421 sanctorum
3131 3367 3277 3421 illius
3312 3367 3622 3423 invocando
3667 3375 3718 3420 et

2145 3436 2501 3505 perjurando,
2529 3445 2586 3490 et
2614 3438 2669 3491 in
2696 3437 3070 3505 inquietudine
3096 3475 3112 3502 ,
3149 3436 3392 3505 quietum
3440 3448 3508 3493 et
3564 3445 3713 3490 tran-

2145 3507 2369 3574 quillum
2397 3506 2637 3560 animum
2678 3519 2782 3559 non
2812 3506 3093 3570 habendo,
3145 3516 3213 3561 'et
3259 3506 3311 3560 in
3362 3508 3718 3561 obduratione

2145 3578 2325 3647 cordis
2354 3585 2541 3647 contra
2569 3576 3026 3647 misericordiam,
3078 3576 3549 3647 eleemosyuarum
3576 3576 3717 3630 scili-

2145 3656 2231 3702 cet
2260 3646 2598 3716 largitionem
2622 3646 2676 3716 in
2701 3646 3026 3715 pauperibus
3053 3653 3113 3699 ut
3138 3646 3431 3700 debueram
3455 3655 3512 3700 et
3530 3655 3711 3715 potue.

2114 3715 2402 3787 mmmn
2426 3715 2727 3786 erogando,
2768 3717 2899 3787 satis
2947 3716 3184 3786 graviter
3237 3729 3323 3771 me
3369 3730 3627 3787 peccasse
3654 3722 3706 3767 et

2147 3786 2386 3857 quotidie
2413 3785 2637 3857 peccare
2656 3785 2939 3840 conﬁteor.

2761 3873 2841 3930 De
2875 3875 3107 3930 luxun'a.

2220 3969 2296 4025 De
2318 3960 2528 4040 luxuria
2568 3980 2783 4037 quoque
2814 3960 2950 4019 ultra
2978 3981 3167 4040 omnes
3196 3964 3467 4040 homines,
3495 3974 3553 4020 et
3584 3965 3716 4040 ultra

2148 4055 2309 4109 quam
2341 4053 2493 4101 mens
2511 4036 2743 4092 humana
2766 4037 3222 4109 comprehendere
3251 4036 3442 4105 possit,
3467 4051 3553 4109 me
3575 4036 3718 4109 reum

2148 4105 2268 4165 esse
2292 4118 2346 4164 et
2372 4105 3007 4177 sceleratumcouﬁteor;
3030 4107 3153 4174 quia
3180 4115 3463 4177 postquam
3487 4106 3554 4159 ad
3578 4105 3719 4177 illam

2149 4188 2362 4235 aetatem
2386 4177 2603 4248 perveni
2627 4174 2731 4245 qua
2762 4176 2865 4230 hoc
2887 4175 3082 4248 malum
3103 4174 3417 4248 perpetrare
3442 4176 3609 4248 potui.
3630 4185 3723 4248 aut

2186 4245 2460 4319 erpetrare
2482 4246 2781 4310 volentibus
2806 4246 3135 4319 consentire,
3150 4245 3309 4299 nimis
3330 4247 3592 4319 suadente
3611 4245 3718 4319 dia-

2225 4310 2273 4374 [ὁ
2303 4319 2528 4387 turpiter
2547 4332 2761 4387 semper
2787 4324 2841 4370 et
2872 4310 3141 4387 luxuriose
3163 4332 3227 4387 ac
3252 4315 3571 4387 sodomitice
3594 4314 3718 4373 vixi,

2152 4398 2206 4442 et
2237 4384 2489 4457 templum
2511 4384 2754 4457 corporis
2783 4386 2887 4440 mei
2917 4385 2984 4439 de
3011 4400 3173 4457 opere
3202 4384 3501 4457 iniquitatis
3526 4393 3581 4438 et
3608 4397 3717 4437 sce-

2156 4458 2269 4515 lere
2311 4455 2644 4521 sodomitico,
2686 4455 2821 4523 alios
2848 4456 2959 4523 ipse
3002 4455 3342 4519 maculando,
3365 4466 3421 4509 et
3461 4469 3549 4509 me
3576 4468 3717 4523 coni-

2081 4500 2130 4560 Β
2157 4500 2429 4583 maculare
2480 4500 2793 4581 voleniihus
2831 4500 3217 4579 cbnsentiendo
3239 4565 3254 4588 ,
3312 4500 3618 4594 {urpissime
3643 4520 3717 4594 Aet

2156 4599 2301 4653 dictu
2339 4598 2454 4666 ipso
2497 4594 2881 4666 nefandissime
2919 4605 2978 4647 ut
3018 4595 3356 4666 miserrimus
3395 4592 3469 4666 et,
3498 4592 3716 4666 ﬂagitio-

2155 4660 2402 4723 sissimus
2454 4660 2745 4736 inquinavi.
2798 4660 2863 4719 Et
2902 4680 2998 4736 per
3022 4664 3163 4736 hanc
3214 4666 3268 4736 in
3326 4664 3542 4719 carte'ris
3574 4660 3718 4736 ivitiis

2154 4754 2274 4808 quae
2299 4754 2365 4791 ex
2398 4736 2487 4790 illa
2517 4733 2836 4808 nascuntur,
2861 4733 2912 4788 id
2936 4744 3037 4798 est,
3067 4734 3118 4808 in
3147 4735 3391 4789 etecitate
3420 4733 3716 4808 mentis,_e_a

2152 4800 2358 4863 scilicet
2387 4822 2505 4875 qute
2554 4804 2701 4858 utilia
2734 4815 2789 4858 et
2834 4804 3151 4875 necessaria
3185 4812 3342 4858 erant
3388 4820 3496 4875 non
3534 4800 3715 4875 intelli-

2151 4878 2349 4948 gendo,
2387 4872 2443 4931 et
2488 4876 2541 4948 in_
2567 4875 3092 4948 inconsideratione,
3141 4872 3713 4948 levitcr_et_lasciviose

2152 4936 2313 5017 atque
2333 4936 2734 5017 inconsiderate
2763 4944 2929 4998 multa
2958 4936 3224 5017 faciendo,
3263 4952 3316 4998 ct
3343 4942 3393 4996 in
3407 4941 3715 5017 inconstan-

2155 5008 2249 5083 lia',
2277 5015 2625 5081 stabilitatem
2668 5022 2724 5069 et
2767 5014 3126 5069 constantiam
3176 5008 3228 5068 in
3272 5011 3528 5082 operibus
3570 5008 3711 5083 bonis

2153 5080 2259 5143 non
2291 5080 2558 5147 habendo,
2585 5094 2641 5138 et
2675 5084 2727 5137 in
2751 5084 3193 5153 prmeipitatione,
3226 5080 3520 5153 pri-cipato
3545 5080 3710 5153 animo

2153 5166 2212 5213 et
2260 5154 2559 5210 inconsulte
2605 5149 2772 5208 multa
2824 5149 3120 5221 operando,
3165 5149 3298 5207 et'iu
3344 5149 3708 5221 amore,ultra

2156 5225 2504 5296 quamdebui
2550 5220 2932 5296 delectationes
2975 5231 3030 5276 et
3074 5220 3709 5296 desideriacarnismet

2158 5288 2214 5359 et
2256 5295 2558 5350 voluntates
2601 5293 2844 5363 proprias
2881 5292 3172 5363 quaerendo
3195 5301 3249 5346 et
3273 5288 3629 5363 adimplenda,
3662 5296 3709 5363 et

2165 5356 2220 5421 in
2245 5366 2369 5421 odio
2402 5364 2519 5427 Dei,
2563 5356 2847 5432 pia-adeptis
2894 5356 3011 5431 ejus
3050 5361 3370 5432 resistendo,
3422 5356 3476 5432 et
3502 5373 3619 5413 eum
3658 5356 3708 5409 ul

2165 5437 2308 5510 Deus
2334 5428 2633 5510 diligendus
2663 5428 2872 5487 estnon
2898 5428 3187 5510 diligendo,
3217 5440 3271 5485 et
3297 5430 3348 5510 in
3379 5428 3569 5510 aﬁ‘eciu
3591 5441 3708 5507 prte-

2164 5507 2335 5561 sentis
2375 5500 2577 5566 saeculi,
2634 5518 2873 5557 amorem
2904 5500 3156 5557 videlicet
3202 5509 3257 5553 et
3301 5500 3620 5553 desnderimn
3662 5500 3708 5547 in

2166 5577 2515 5631 szccularihus
2551 5582 2606 5627 et
2645 5572 2952 5627 carnalibus
2981 5571 3181 5643 studiis
3201 5569 3341 5623 ultra
3370 5583 3531 5643 quam
3567 5580 3706 5643 oper;

2166 5649 2312 5700 tebat
2335 5644 2625 5715 inﬁgendo,
2653 5652 2710 5698 et
2741 5643 2790 5697 in
2818 5643 3043 5715 horrore
3068 5657 3131 5695 ac
3154 5635 3539 5715 deSperaiione
3565 5635 3705 5689 frlttt'i

2166 5716 2382 5777 smculi,
2414 5707 2478 5768 de
2528 5712 2704 5768 futura
2760 5713 2966 5768 scilicet
2994 5712 3100 5766 vita
3141 5707 3264 5765 non'
3292 5707 3574 5780 cogitando
3624 5718 3703 5758 nec

2167 5785 2511 5842 decertando.
