3920 6404
107 403 232 492 μσς)

665 513 832 587 628
869 513 935 566 Χῐ

561 621 877 660 ιιλκωι-ιεςιο
913 621 1284 660 COSSTANTIJE.

357 697 442 752 Ea:
475 695 810 750 Clmrlulm'io
841 697 1146 750 monasterii
1175 695 1493 752 Usercensis.

197 787 304 856 Qui
334 787 572 840 debitum
597 787 698 842 sibi
725 803 924 840 nexum
963 788 1164 842 relaxat
1209 788 1482 842 servitutis
1501 828 1514 850 ,
1552 785 1710 839 retri—

121 869 378 914 ontorcm
405 857 689 928 Dominum
717 857 767 910 in
796 857 976 928 futuro
994 857 1196 928 judicio
1227 873 1322 928 pro
1345 857 1592 928 mercede
1615 870 1708 908 sua

123 929 232 982 sibi
265 943 384 998 esse
418 927 574 980 sciat.
601 927 681 998 Ob
705 928 805 980 hoc
835 927 1005 996 igitur
1036 943 1134 998 ego
1159 927 1295 981 infra
1336 927 1712 998 denominatus

119 997 460 1068 Bainardus,
497 997 846 1068 considerans
884 996 1402 1068 casnmfragilitatis
1429 996 1712 1068 ωεξηεράρο

121 1065 354 1122 absolvo
393 1066 680 1136 quamdam
727 1067 1072 1136 vernaculam
1117 1065 1288 1122 meam
1330 1067 1544 1122 nomine
1576 1065 1713 1120 Con-

119 1135 420 1198 stantiam,
459 1150 556 1204 pro
589 1150 774 1189 amore
819 1135 947 1200 Dei,
986 1145 1039 1190 et
1091 1153 1189 1206 pro
1233 1137 1471 1192 remedio
1520 1137 1713 1190 aninne

121 1223 286 1268 mem,
320 1215 376 1259 et
399 1221 498 1274 pro
533 1207 774 1276 remedio
813 1207 1007 1260 animm
1050 1208 1221 1276 patris
1271 1208 1374 1262 mei
1427 1215 1483 1260 et
1524 1207 1713 1258 matris

121 1292 286 1342 meae,
313 1277 382 1330 de
409 1275 708 1348 omnijugo
731 1277 1029 1348 servitutis,
1054 1275 1122 1332 ut
1151 1287 1270 1348 post
1307 1279 1450 1332 hunc
1495 1277 1633 1348 diem
1659 1277 1712 1329 in

120 1355 368 1418 quatuor
398 1345 620 1418 angulis
644 1345 800 1418 terra:
839 1345 1110 1400 licentiam
1148 1345 1206 1418 et
1253 1355 1574 1418 potestatem
1617 1346 1714 1398 ha-

119 1417 257 1488 beat
307 1414 1020 1488 faciendiqualemcunqu
1045 1414 1312 1488 seniorem
1368 1417 1568 1488 eligere
1627 1431 1714 1468 vo—

119 1487 294 1542 luerit
321 1487 374 1539 in
403 1487 673 1550 omnibus,
700 1495 754 1539 et
779 1487 880 1540 sibi
918 1487 1154 1540 auibulet
1176 1529 1189 1552 ,
1223 1497 1274 1540 et
1317 1487 1418 1542 sibi
1454 1487 1628 1550 'vivat,
1657 1493 1714 1539 et

121 1557 302 1612 libera
339 1566 392 1610 et
426 1555 912 1614 absolutamaneat
934 1558 1186 1612 omnibus
1209 1559 1398 1612 diebus
1429 1558 1552 1610 vine
1575 1571 1707 1610 suae.

121 1626 274 1682 Sane
305 1627 351 1680 si
383 1625 527 1695 quis,
549 1642 649 1696 ego
677 1627 818 1694 ipse.
864 1637 958 1696 aut
1003 1627 1142 1680 nllus
1179 1644 1245 1682 ex
1287 1627 1592 1682 lncredibns
1631 1625 1712 1680 vel

121 1697 452 1767 propinquis
478 1695 630 1762 meis,
673 1705 773 1767 aut
821 1695 926 1750 ulla
959 1697 1138 1766 aliqua
1181 1699 1416 1754 immissa
1460 1711 1708 1766 persona,

121 1765 324 1822 contra
351 1767 492 1820 hanc
538 1765 928 1838 absolutionem
961 1765 1124 1820 ullam
1172 1765 1497 1824 ealutnniant
1547 1783 1712 1838 gene-

1129 387 1138 394 '
1177 397 1520 454 itaesset):
1559 391 1894 451 ACTORUM
1933 389 2290 450 versant.

1737 509 1778 570 Α
1811 525 1930 561 eum
1963 509 2159 562 dictam
2196 523 2314 560 cum
2349 504 2518 560 vineis
2565 513 2612 560 el
2662 519 2782 559 cum
2825 502 3073 558 omnibus
3112 500 3176 556 ad
3215 501 3383 572 ipsam

3278 385 3392 438 Hii”

1815 580 2226 647 pertinentibus,
2263 585 2316 630 et
2355 577 2520 647 630
2548 577 2727 647 villam
2755 589 2874 643 qum
2913 583 3134 647 vocatur
3171 572 3384 647 Marcus

1726 659 1735 667 ‘
1813 643 1933 702 cum
1963 649 2137 703 vineis
2177 657 2229 702 et
2271 643 2520 700 omnibus
2559 645 2909 700 nihilominus
2937 644 3001 696 ad
3035 659 3092 698 se
3119 643 3386 711 pertinea-

1814 719 1978 783 tibus,
2005 727 2058 772 et
2099 720 2150 772 in
2183 719 2296 786 ipsa
2327 715 2524 771 viCaria
2570 729 2814 786 mansum
2857 713 3150 786 meumuhi
3176 711 3384 786 Eliseus

1813 781 1971 844 visus»
1987 797 2068 844 est
2093 781 2333 849 manere,
2361 802 2482 840 cum
2525 785 2712 848 vineis,
2748 799 2870 838 cum
2917 785 3104 853 pratis.
3133 792 3188 835 et
3213 781 3387 853 ritnrti-
3447 791 3466 829 ς

1813 859 1912 928 bus
1939 859 2004 912 ad
2034 874 2091 912 se
2133 857 2630 928 pertinentibus,_ct
2665 853 2844 908 villam
2887 849 3008 922 qua:
3049 853 3247 928 dicitur
3271 849 3388 904 Cla-

1813 927 2015 997 rafaga,
2051 937 2108 982 et
2133 921 2383 989 'Biareni,
2411 936 2470 997 et
2499 926 2677 997 villam
2698 939 2830 997 quae
2859 921 3081 997 vocatur
3114 921 3299 984 Vallis,
3333 930 3388 976 et

1811 990 2140 1066 villa'quna:
2168 997 2367 1052 dicitur
2395 995 2630 1050 Grandis
2667 990 2814 1047 rivus
2839 993 3112 1066 _et_villa_m
3134 1005 3260 1066 qua:
3291 1007 3386 1044 vo-

1811 1077 1966 1121 catur
2003 1062 2323 1128 Bctelanita,
2351 1075 2406 1119 et
2443 1065 2620 1118 villam
2661 1081 2781 1132 qua:
2821 1063 3015 1118 dicitur
3043 1062 3304 1122 Beticnas,
3337 1069 3392 1115 et

1813 1137 2084 1206 Capellam
2123 1153 2242 1206 qua:
2273 1136 2544 1190 Novavilla
2590 1133 2954 1206 dicitur,icnm
2989 1133 3105 1202 ipsa
3133 1142 3306 1192 carie,
3335 1139 3392 1183 et

1814 1205 1980 1260 totum
2009 1205 2155 1277 quod
2173 1209 2236 1262 ad
2263 1208 2426 1276 ipsam
2439 1215 2660 1277 cortem
2689 1205 2942 1277 pertinet,
2967 1213 3020 1258 et
3047 1211 3390 1277 tmumhm‘an»

1811 1293 1930 1332 sum
1963 1270 2168 1332 in'villa
2217 1270 2760 1339 tle-Confulentofet
2805 1273 2983 1327 villam
3031 1287 3154 1341 qua:
3193 1270 3391 1322 dicitur

1811 1348 1960 1402 Colla
1999 1348 2050 1401 in
2083 1348 2286 1402 vicaria
2328 1346 2704 1415 Spaniacensi.
2729 1353 2784 1396 et
2817 1340 3096 1415 ecclesiam
3125 1340 3191 1415 de
3222 1341 3390 1392 Bran-

1811 1417 1994 1482 celiis,
2035 1427 2089 1470 et
2130 1411 2409 1471 ecclesiam
2459 1417 2628 1470 sancti
2679 1414 2876 1468 Juliani
2926 1414 2992 1467 de
3035 1411 3394 1482 Garriga.ipct

1813 1480 1986 1541 tnnnn
2025 1503 2272 1540 mansum
2309 1487 2360 1540 in
2387 1488 2586 1540 vicaria
2616 1484 2876 1539 Tornensi
2907 1484 2958 1537 in
2989 1481 3110 1536 villa
3149 1480 3390 1534 Montilio

1813 1557 1979 1620 dicta,
2005 1573 2124 1625 qua:
2145 1557 2324 1611 omnia
2349 1557 2400 1610 in
2429 1557 2682 1610 comitatu
2716 1552 3084 1625 Lemovicepsi
3111 1551 3388 1625 suntsita,

1812 1629 1954 1682 dono
1983 1621 2171 1682 sancto
2203 1626 2431 1680 Martino
2461 1635 2513 1681 et
2539 1625 2820 1680 monachis
2845 1625 2962 1690 ejus
2991 1621 3388 1677 Tntelensihus.

1813 1697 1866 1751 In
1900 1698 2156 1751 con‘titatu
2191 1712 2316 1750 vero
2345 1696 2658 1752 Caturcensi
2708 1695 2960 1750 similiter
2999 1701 3121 1762 post
3161 1701 3390 1745 mortem

1815 1782 1990 1822 meam
2038 1777 2093 1820 et
2139 1767 2428 1822 Gauzberti
2472 1767 2654 1820 fratris
2697 1766 2801 1820 mei
2853 1774 2907 1819 et
2952 1762 3168 1818 Gauzla:
3207 1762 3394 1815 uxoris

123 1852 254 1915 rare
280 1837 722 1915 praesumpserit,
755 1837 806 1891 in
836 1839 1026 1915 primis
1049 1833 1712 1915 iram_Deiomnipotentis
1745 1857 1786 1915 η
1817 1837 2118 1915 incaltlono
2144 1847 2332 1915 sa_nc_t_o_
2357 1836 2676 1915 Martinqct
2720 1835 3000 1890 monachis
3029 1833 3080 1886 in
3115 1841 3394 1915 mon‘asite-

123 1907 460 1977 lncnrrat‘et
483 1915 792 1960 sanctorum
831 1909 1072 1961 onmium
1094 1949 1108 1970 ,
1159 1909 1428 1977 simrulque
1453 1925 1576 1962 cum
1609 1909 1711 1962 Da-

126 1977 260 2047 than
284 1985 343 2032 et
369 1975 571 2047 Abiron
599 1977 650 2030 in
685 1977 894 2032 inferno
929 1975 1392 2047 participalimtein
1423 1980 1630 2039 habeat,
1657 1987 1712 2032 et

123 2045 404 2118 absolutio
429 2046 530 2101 ista
559 2049 714 2118 lirma
735 2056 787 2101 et
814 2045 1025 2102 stabilis
1066 2045 1386 2118 permaneat
1413 2049 1558 2102 omni
1586 2059 1714 2102 tent-

123 2132 285 2188 pore.
313 2115 476 2172 Facta
501 2117 768 2188 absolutio
795 2119 898 2172 ista
924 2119 974 2172 in
1001 2115 1186 2174 mense
1208 2119 1420 2182 Martio,
1455 2129 1712 2188 regnante

123 2185 326 2258 Carolo
352 2203 496 2258 rege.
528 2187 586 2242 S.
639 2187 896 2242 llainardi
925 2229 940 2252 ,
980 2189 1070 2258 qui
1111 2185 1712 2246 absolutionem—istam

125 2257 250 2312 ﬁeri
280 2257 364 2313 vel
406 2257 670 2313 aliirmare
703 2259 930 2326 rogavit.

849 2370 963 2426 XII.

127 2500 530 2544 ‘I'ESTAIENTUII
571 2503 732 2544 DOINI
783 2504 1015 2542 ADEMAIII
1055 2505 1392 2546 νιεεεωιιτιε
1439 2507 1712 2548 εςιλιιλιζυιι

559 2573 628 2612 ΕΤ
663 2574 888 2614 ABBATIS
926 2575 1268 2615 TUTELENSIS.

401 2643 488 2700 Ex
513 2645 846 2702 Chartnlario
875 2649 1106 2704 ecclesia:
1142 2649 1448 2705 Tutelensis.

209 2781 223 2793 .
353 2779 367 2792 .
415 2739 472 2794 ln
517 2739 711 2812 primis
751 2756 882 2812 ergo
925 2741 1170 2812 relinquo
1217 2753 1272 2798 et
1317 2745 1482 2800 reddo
1531 2756 1718 2802 sancto

127 2809 370 2864 Mat-tino
411 2819 468 2864 et
509 2809 787 2866 {nonachis
820 2809 884 2866 in
929 2809 1200 2868 anted'icto
1238 2817 1570 2871 ntouasterio
1615 2817 1716 2871 sibi

129 2881 498 2954 servientibus
515 2880 682 2954 629
704 2881 974 2938 abbatiam
999 2893 1252 2942 veterem.
1284 2899 1422 2952 quin,
1447 2886 1582 2940 sicut
1603 2885 1716 2952 jam

127 2951 340 3022 dictum
369 2959 472 3014 est,
507 2951 764 3018 apro-avo
805 2955 976 3021 patris
1025 2955 1126 3022 mei
1177 2951 1314 3008 mihi
1355 2951 1716 3022 successerat,

125 3019 424 3076 ecclesiam
451 3022 659 3076 scilicet
687 3019 858 3077 sancti
885 3023 1082 3078 Juliani
1101 3021 1252 3088 juxta
1282 3027 1421 3079 idem
1447 3019 1718 3082 monaste;

129 3091 276 3144 rium
305 3099 693 3158 constructam,
717 3093 1002 3148 ecclesiam
1046 3095 1215 3148 sancti
1247 3095 1390 3149 Petri
1431 3096 1498 3150 de
1536 3107 1718 3152 castro

129 3161 329 3262 ipsilus.
351 3161 510 3223 villze,
546 3163 828 3262 ecclesiam
871 3165 1043 3262 sancti
1082 3164 1294 3262 Maritiui
1341 3166 1407 3222 de
1429 3165 1714 3262 ﬁngimus,
1746 3199 1790 3262 ο

127 3231 442 3308 ecclesiam
469 3243 668 3308 sanctae
714 3233 1056 3308 Fortunatm,
1095 3235 1378 3308 ecclesiam
1418 3231 1608 3308 Mariae
1649 3231 1717 3292 de

129 3300 404 3381 ξιξςξιιςάῆ,
427 3302 720 3381 ecclesiam
750 3304 920 3381 sancti
947 3305 1203 3381 Amantii,
1235 3306 1518 3381 ecclesiam
1547 3307 1716 3381 sancti

129 3369 316 3424 Boniti
355 3371 440 3426 del
485 3369 672 3438 Verni,
703 3375 987 3428 ecclesiam
1032 3377 1205 3430 sancti
1245 3375 1518 3432 Marcialis
1551 3379 1718 3432 Faur~

129 3443 336 3506 censis,
363 3441 649 3496 ecclesiam
677 3445 846 3498 sancti
871 3443 1044 3499 Boniti
1069 3445 1134 3500 de
1159 3445 1410 3506 Avalosa.
1433 3447 1718 3502 ecclesiam

127 3522 340 3567 sancta:
371 3511 551 3568 Maria:
582 3514 646 3568 de
689 3515 941 3578 Selliaco,
983 3515 1266 3570 ecclesiam
1310 3519 1482 3574 sancti
1521 3517 1718 3572 Jnliani

129 3581 207 3636 de
253 3581 526 3649 Porcaria,
565 3583 847 3640 ecclesiam
892 3585 1062 3640 sancti
1107 3584 1380 3642 Laurentii
1421 3589 1488 3644 de
1523 3587 1714 3652 Gorsa,

127 3667 264 3707 cum
297 3653 426 3721 ipsis
454 3655 642 3726 curtis,
672 3672 794 3712 cum
824 3655 986 3726 villis,
1015 3671 1138 3710 cum
1169 3658 1354 3726 pratis,
1389 3675 1512 3714 cum
1545 3660 1716 3724 sil-vis,

129 3731 196 3798 et
215 3738 338 3777 cum
361 3724 610 3798 ornnibus
631 3741 752 3798 qua;
775 3725 842 3781 ad
866 3727 1036 3798 ipsam
1057 3724 1325 3798 abbatiam
1352 3729 1715 3798 pertinebant.

135 3791 270 3846 [hec
303 3795 480 3868 onmia
511 3791 900 3868 etim—injuste'
921 3811 1020 3868 nec
1061 3797 1178 3868 sine
1221 3791 1448 3854 crimine
1483 3801 1720 3868 posside-

135 3877 285 3940 rent,
315 3863 423 3917 Deo
449 3875 504 3940 et
541 3863 744 3940 sanctis
772 3865 888 3934 ejus
914 3867 1253 3940 satisfaciens
1287 3863 1714 3940 sponte—reliqui.

137 3931 214 3988 Ut
239 3947 370 4014 vero
411 3935 716 4014 misericors
763 3931 816 4014 et
859 3940 1198 4014 omnipotens
1232 3931 1374 3994 Deus
1411 3949 1468 3996 et
1507 3931 1636 4014 mihi
1665 3948 1722 3996 et

131 4004 392 4080 omnibus
417 4005 894 4080 meisparentibns
917 4004 1291 4080 praesentibus,
1323 4011 1636 4080 praeteritis,
1667 4019 1722 4066 et

133 4071 376 4155 futuris,
403 4084 508 4129 tam
559 4071 713 4155 iStitts
756 4071 930 4148 quani
966 4071 1290 4155 reliquarum
1323 4071 1545 4135 'veniatn
1572 4071 1718 4155 con-

133 4141 284 4226 ferre
327 4145 574 4226 dignetur
607 4141 900 4218 culparum,
922 4141 1356 4226 etot-praefatus
1387 4167 1540 4226 sacer
1571 4151 1720 4206 locus

135 4217 388 4296 insnum
420 4217 484 4270 ad
514 4217 776 4296 integram
809 4219 1016 4274 restitui
1046 4221 1217 4296 possit
1245 4229 1469 4296 statum,
1498 4222 1566 4296 de
1593 4237 1718 4296 pro-

133 4289 418 4364 prioijure
441 4289 642 4364 Optima
685 4304 910 4364 quisque
930 4301 1111 4364 atque
1145 4291 1392 4364 cbariora
1423 4289 1605 4364 eidem
1627 4293 1718 4347 de-

133 4355 286 4436 crevi
313 4355 630 4436 delcganda,
655 4355 1092 4436 cum_legitinuim
1114 4362 1300 4436 utique
1329 4378 1434 4436 non
1462 4363 1716 4436 haberem

137 4423 330 4478 lilium.
364 4423 662 4497 Efquihds
707 4423 938 4497 primum
981 4423 1228 4488 omnium
1265 4441 1348 4488 est
1395 4433 1580 4488 Scalas
1621 4447 1718 4488 ca-

135 4505 314 4566 stram
343 4511 542 4562 meum,
567 4514 688 4553 cum
726 4501 870 4553 omni
901 4501 1154 4566 caslania,
1183 4511 1236 4556 et
1277 4519 1401 4558 cum
1448 4503 1714 4559 universis

1818 1907 1900 1961 rio
1930 1905 2201 1962 Tutelensi
2233 1906 2332 1960 sibi
2359 1907 2719 1962 servientibus
2749 1914 2984 1959 castrum
3014 1919 3190 1958 meum
3216 1901 3394 1956 Folio-

1813 1993 1966 2040 sum,
2007 1977 2148 2044 quod
2193 1989 2276 2032 est
2325 1978 2378 2030 in
2428 1977 2630 2031 vicaria
2677 1975 3048 2038 Casiliacensi,
3087 1985 3140 2028 et
3185 1981 3392 2044 cortem

1816 2063 1990 2101 meam
2019 2043 2350 2112 Vairiacum,
2375 2063 2497 2102 cum
2529 2047 2756 2102 ecclesia
2787 2045 2958 2101 sancti
2986 2043 3244 2113 Stephani
3275 2057 3394 2112 quae

1813 2118 1940 2172 olim
1981 2126 2170 2172 vocata
2218 2113 2302 2172 (εει
2345 2119 2516 2172 sancti
2561 2118 2750 2180 Boicii,
2790 2126 2842 2171 et
2887 2115 3170 2170 ecclesiam
3221 2115 3396 2166 sancti

1817 2187 2064 2251 Martini,
2105 2203 2198 2242 seu
2245 2188 2531 2242 ecclesiam
2575 2188 2746 2242 sancti
2789 2185 3066 2248 Germani,
3101 2198 3305 2238 necnon
3343 2194 3398 2237 et

1816 2258 2101 2312 ecclesiam
2129 2266 2330 2312 sancte
2353 2257 2532 2312 Mariae
2555 2257 2622 2310 de
2651 2257 2931 2320 Macerias,
2965 2265 3018 2310 ct
3043 2253 3392 2312 Cambonetn.

1817 2343 1939 2380 cum
1963 2329 2174 2382 vincam
2203 2330 2268 2381 de
2297 2327 2460 2396 Faga,
2489 2337 2544 2381 et
2569 2336 2802 2396 quatuor
2831 2339 3048 2380 mansos
3075 2326 3142 2380 de
3169 2323 3392 2390 Ampul-

1818 2399 1974 2462 liaco,
2011 2408 2068 2452 et
2101 2398 2406 2467 plantadant
2453 2413 2630 2452 meam
2670 2413 2790 2466 quae
2835 2405 2917 2452 est
2952 2396 3106 2466 juxta
3149 2402 3395 2467 sanctum

1818 2465 2152 2528 Michaelcm,
2183 2477 2236 2522 ct
2266 2483 2390 2522 cum
2425 2467 2595 2521 vineis
2627 2465 2699 2521 de
2723 2465 2989 2529 Celsiaco,
3023 2481 3144 2518 cum
3178 2465 3315 2517 villis
3341 2473 3396 2518 et

1819 2539 1990 2600 silvis,
2022 2553 2144 2592 cum
2183 2539 2358 2606 aquis,
2389 2553 2509 2592 cum
2537 2538 2773 2592 exitibus
2804 2547 2858 2592 et
2889 2537 3238 2608 ingressibus.
3271 2549 3396 2608 cum

1817 2610 1989 2664 servis
2017 2620 2074 2664 et
2102 2605 2314 2664 ancillis
2343 2615 2399 2662 et
2425 2623 2548 2662 cum
2577 2609 2782 2671 liberis,
2815 2618 2868 2662 et
2896 2605 3018 2660 ce'm
3049 2605 3300 2659 omnibus
3329 2605 3410 2662 ad,

1821 2679 1992 2748 ipsum
2031 2689 2274 2734 castrum
2301 2677 2484 2748 velad
2527 2679 2696 2748 ipsam
2741 2687 2948 2748 cortem
2979 2676 3393 2748 pertinentibus.

1819 2746 2058 2803 castrum
2100 2751 2264 2803 etiam
2309 2746 2612 2813 bellum,'et
2655 2747 2938 2802 ecclesiam
2977 2748 3044 2801 de
3071 2746 3310 2808 Calesso,
3343 2753 3410 2800 et.

1821 2835 2038 2874 mansos
2077 2819 2144 2874 de
2177 2819 2546 2880 Cambonanc,
2575 2827 2632 2872 et
2671 2817 2988 2879 Mairacnm,
3029 2825 3084 2872 et
3114 2815 3418 2876 Busarias,

1817 2900 1872 2942 et
1913 2888 2246 2953 Matronam,
2295 2896 2348 2942 et
2387 2887 2666 2950 Vichirac,
2711 2897 2874 2956 atque
2911 2885 3305 2956 Vogaironnm,
3343 2895 3399 2940 et

1819 2959 2142 3030 Longarem,
2183 2974 2304 3014 cum
2343 2959 2678 3030 ipsisvineis
2701 2959 2768 3012 de
2797 2958 3090 3020 Gnrtoiolo,
3119 2971 3242 3010 cum
3275 2956 3428 3010 vitis.

1819 3031 1884 3082 ad
1925 3029 2264 3098 piscandum,
2293 3039 2349 3084 et
2377 3029 2670 3083 Croiﬁiam
2702 3039 2909 3083 curtem
2949 3043 3120 3082 meam
3151 3041 3272 3080 cum
3294 3041 3398 3098 iec-

1820 3097 1982 3170 clesia
2005 3109 2062 3170 et
2085 3115 2207 3154 cum
2237 3099 2486 3170 omnibus
2515 3099 2846 3170 appendiciis
2874 3099 3010 3170 ejus,
3035 3107 3090 3153 et
3111 3097 3396 3170 ecclesiam

1822 3171 1888 3224 de
1917 3169 2226 3232 Mairinaco,
2258 3178 2314 3224 et
2338 3166 2611 3234 Pardinis‘,
2641 3181 2694 3224 et
2719 3166 3002 3234 Becedam,
3029 3177 3086 3223 et
3111 3166 3398 3222 ecclesiam
3423 3215 3434 3222 .

1821 3241 1992 3294 sancti
2029 3239 2296 3303 Medardi,
2325 3249 2379 3294 et
2409 3239 2630 3304 Cloiols,
2669 3248 2726 3296 et
2765 3239 2964 3294 fossam
2996 3237 3310 3306 Amalgerii,
3343 3245 3399 3290 et

1819 3311 2000 3364 villam
2025 3325 2144 3379 qua..-
2167 3311 2367 3364 dicitur
2395 3310 2614 3370 Vilaris.
2641 3317 2694 3364 et
2721 3310 2884 3364 aliam
2907 3308 3087 3364 villam
3117 3323 3238 3376 quae
3262 3308 3396 3379 dici-

1819 3390 1907 3433 tur
1943 3377 2094 3435 Mons
2136 3379 2436 3444 Joviniani,
2469 3392 2524 3434 et
2563 3379 2942 3440 Vedrivineas,
2981 3388 3036 3433 et
3073 3392 3290 3433 mansos
3330 3377 3399 3432 de
3425 3411 3438 3420 ν

1815 3449 2054 3515 Juliaco,
2099 3452 2200 3505 sita
2257 3451 2310 3504 in
2363 3451 2618 3519 pracdicto
2649 3451 2906 3504 comitatu
2935 3449 3272 3519 Caturcensi,
3313 3449 3396 3501 ni-
3427 3491 3434 3494 η

1818 3521 2108 3576 hilominus
2153 3531 2342 3574 sancto
2365 3518 2604 3576 "Martiae
2633 3521 2848 3574 dimitto
2875 3531 2930 3575 et
2957 3519 3198 3574 ecclesiae
3236 3518 3396 3572 Tute-

1819 3591 1978 3661 lensi.
2022 3590 2182 3661 631
2224 3591 2335 3644 Hoc
2377 3606 2592 3660 quoque
2637 3591 2936 3654 sciendum,
2977 3590 3102 3658 quia
3141 3590 3194 3642 in
3233 3589 3432 3661 hosce.

1818 3661 1886 3716 de
1919 3657 2118 3716 Βυιίἷιεῖ
2140 3657 2212 3716 de
2247 3657 2778 3716 curte'de'Vairiaco
2803 3657 3060 3716 concessa
3103 3667 3186 3714 est
3216 3658 3281 3712 ad
3321 3657 3398 3712 fe-

1819 3746 1942 3786 vum
2009 3746 2098 3786 ars
2137 3731 2382 3800 qnmdam
2419 3731 2640 3786 vicariis
2669 3746 2700 3784 a
2727 3730 2924 3785 Bonna
2951 3745 3252 3800 cognomen
3285 3737 3397 3782 tra-

1819 3747 2074 3856 hentibus
2105 3806 2170 3854 ad
2199 3800 2572 3856 azdilicandum
2605 3809 2810 3856 tantum
2841 3801 3150 3856 eratsidium
3177 3807 3397 3856 promer

1821 3817 2074 3857 nenttous
2105 3817 2170 3854 au
2199 3817 2572 3856 atatncanuum
2605 3817 2810 3856 tantum
2841 3817 3150 3869 prmsunum
3177 3817 3394 3868 propter

1821 3871 2102 3926 tuitionem
2138 3881 2300 3940 atque
2328 3871 2700 3926 defensionem
2746 3886 2928 3926 rerum
2973 3871 3144 3926 sancti
3183 3869 3394 3922 Martini

1819 3943 2242 4022 circumquaque
2265 3940 2675 4022 citis-tentiam,
2713 3957 2818 4022 non
2867 3942 2936 3995 ad
2981 3941 3196 4011 aliquod
3244 3940 3398 4022 quasi

1813 4012 1902 4080 jus
1945 4011 2222 4081 proprium
2263 4011 2336 4066 ibi
2379 4013 2480 4066 sibi
2529 4011 2946 4074 vindicandum,
2995 4027 3118 4065 cum
3165 4011 3396 4066 ecclesia

1819 4084 1990 4136 sancti
2021 4082 2164 4136 Petri
2197 4081 2262 4135 de
2293 4082 2485 4136 Borma
2523 4081 2770 4136 similiter
2795 4083 3172 4150 cognominata
3200 4090 3254 4150 et
3281 4081 3408 4147 φύε

1821 4153 2044 4207 busdam
2086 4153 2246 4222 rebus
2284 4153 2350 4205 ad
2395 4153 2566 4222 ipsam
2597 4149 3010 4220 pertinentibus,
3047 4159 3100 4204 et
3137 4149 3398 4222 quidquid
3429 4181 3436 4206 ~.

1820 4223 2022 4276 habent
2053 4222 2102 4274 in
2129 4221 2330 4292 riparia
2359 4220 2494 4276 etin
2523 4237 2661 4291 aqua
2687 4222 2968 4275 machinas
2989 4230 3144 4290 aptas
3167 4220 3394 4288 piscium

1821 4292 2179 4361 captionibus.

1893 4358 2015 4416 llaec
2045 4363 2205 4432 igitur
2241 4361 2445 4424 omnia,
2488 4371 2592 4416 tam
2643 4361 2848 4416 scilicet
2893 4358 3397 4432 hactenusiojnste

1821 4431 2092 4502 possessa,
2123 4447 2284 4501 quam
2309 4432 2430 4503 jure
2459 4433 2804 4486 lnereditario
2830 4433 2896 4486 ad
2928 4447 3014 4486 me
3043 4431 3394 4503 pertinentia,

1819 4496 1921 4574 ego
1943 4496 2244 4557 Adeunt—rus
2260 4496 2457 4574 reliqui
2491 4505 2605 4557 sive
2627 4503 2821 4557 donavi
2851 4496 3308 4574 sancto—Martiae
3343 4511 3397 4555 et

137 4565 430 4642 Ezvalibus,
461 4579 516 4622 et
553 4583 699 4642 cum
723 4567 999 4642 Ecclesiis,
1039 4583 1094 4626 et
1139 4565 1260 4628 eum
1299 4584 1452 4628 certe
1495 4589 1611 4628 mea
1649 4573 1716 4628 de
1741 4571 1794 4632 D
1819 4565 2178 4629 servientibus
2227 4573 2328 4627 sibi
2363 4565 2642 4628 rftonachis
2667 4589 2764 4642 pro
2786 4574 2958 4629 salute
3009 4573 3202 4628 anima:
3241 4587 3394 4634 ltleil‘,

135 4635 414 4712 Gannaco,
443 4653 562 4712 cum
593 4639 731 4712 villis
753 4635 1171 4712 circumquaque
1193 4645 1330 4709 sitis,
1357 4654 1410 4698 ct
1437 4660 1556 4698 cum
1588 4659 1712 4698 cur-

142 4708 320 4786 tis_,_et
350 4722 470 4762 cum
501 4709 673 4786 silvis,
702 4719 757 4764 et
783 4727 902 4786 cum
931 4708 1106 4781 aquis}
1139 4730 1258 4768 cum
1304 4708 1632 4786 ingressibus
1661 4722 1715 4768 et

139 4775 380 4856 exitibus
422 4779 690 4856 omnibus,
725 4782 898 4836 servis
936 4775 1151 4856 quoque
1193 4793 1248 4840 et
1290 4775 1522 4856 fancillis.
1558 4784 1712 4838 Vica-

139 4849 282 4901 riam
323 4861 536 4918 quoque
563 4849 882 4922 t\'avensem,
907 4861 959 4906 et
993 4849 1246 4908 vicariam
1275 4855 1712 4922 Spaniacensem,

134 4925 194 4997 et
226 4925 399 4997 totum
440 4919 580 4997 quod
615 4921 874 4997 habeoin
915 4919 1709 4997 vicariaBecnnatensiaetecQ

135 4986 366 5041 clesiam
409 4986 580 5042 sancti
615 4987 870 5056 Pardulli,
901 5001 956 5046 et
983 4991 1305 5056 Placiaeum,
1339 5003 1394 5047 et
1429 4994 1712 5050 ecclesiam

135 5055 219 5138 de,
247 5057 682 5138 aeutonmontc,
730 5055 1108 5138 etneCClesiam
1151 5055 1320 5138 sancti
1355 5064 1565 5138 Martini
1595 5081 1714 5138 qua:

135 5137 228 5208 est
254 5128 402 5208 inter
433 5128 678 5184 Dustrem
715 5140 772 5208 et
800 5130 1090 5208 Dor-(lonia,
1119 5143 1174 5208 et
1203 5134 1492 5208 ecclesiam
1525 5135 1592 5190 de
1615 5128 1712 5188 "Al-

137 5197 374 5252 buciaco
405 5213 526 5254 cum
561 5201 761 5257 mansis
784 5211 838 5256 et
864 5219 984 5258 cum
1009 5205 1182 5259 vincis
1215 5206 1279 5258 de
1310 5205 1516 5268 Μαι-οη,
1544 5215 1710 5259 et-ca-

137 5277 320 5322 atrum
351 5283 526 5342 meum
554 5271 918 5327 Mulsedonum
947 5289 1068 5330 cum
1107 5277 1250 5329 omni
1283 5275 1450 5342 ipsius
1476 5276 1712 5329 castania

137 5349 200 5420 et
223 5353 350 5420 com
379 5341 606 5420 ecclesia
640 5344 808 5420 sancti
839 5343 1050 5400 Martini
1081 5347 1267 5401 subter
1285 5341 1408 5420 eum
1433 5345 1627 5414 posita.
1653 5347 1714 5400 Et

143 5410 202 5490 in
230 5410 432 5491 vicaria
453 5410 856 5491 a‘rgentadense
883 5424 1086 5491 cortem
1123 5431 1298 5471 meam
1321 5410 1714 5491 _Loagor,_cum

139 5481 330 5560 vipeis
366 5483 432 5534 de
469 5481 767 5560 Co’l'tgiolo,
799 5492 855 5538 et
901 5487 1166 5554 paxerias,
1196 5488 1383 5560 pratis,
1415 5481 1639 5560 carnpis,
1669 5496 1725 5540 et

143 5549 336 5604 villam
381 5564 556 5604 meam
589 5551 858 5609 Grandem
901 5549 1170 5624 campani.
1197 5549 1272 5610 Et
1314 5549 1722 5624 alodum'quem

143 5628 311 5700 pater
347 5637 507 5700 mens
549 5626 834 5700 acquisivit
865 5627 934 5700 tle
981 5628 1173 5700 comite
1209 5627 1512 5700 Bainntndo
1543 5625 1724 5700 [supra

145 5691 346 5772 lineqm
377 5691 716 5772 de__l’ertet:s]
749 5694 1028 5772 invicaria
1059 5696 1406 5772 Spaniaccnsi
1437 5691 1724 5752 sen’Fa'ur-

145 5762 324 5822 censi.
349 5772 406 5818 et
433 5762 768 5830 Marcnmfet
795 5762 1124 5830 Abilcnscm‘,
1153 5779 1205 5820 et
1235 5769 1516 5822 ecclesiam
1551 5769 1721 5822 sancti

152 5830 358 5900 Boniti,
389 5843 442 5890 et
469 5834 644 5888 villam
672 5852 788 5904 qua:
819 5849 900 5892 est
929 5836 978 5888 in
1014 5839 1210 5892 vicaria
1249 5837 1488 5893 Brivensi
1522 5839 1726 5892 l‘anlia-

1819 4655 1874 4698 et
1899 4646 2084 4700 uxoris
2107 4660 2238 4699 mea:
2264 4642 2496 4708 Ganzlae,
2531 4645 2700 4713 patris
2721 4654 2778 4699 et
2803 4644 2992 4698 matris
3011 4658 3166 4703 mem.
3193 4651 3248 4696 et
3276 4658 3394 4696 om-
3417 4685 3420 4688 .

1821 4717 1968 4770 nium
2011 4715 2431 4784 propinquorum
2461 4725 2516 4768 et
2543 4715 2840 4768 amicorum
2884 4729 3128 4768 meorum
3169 4721 3301 4784 tam
3341 4713 3392 4764 in

1821 4785 1924 4840 hoc
1945 4781 2140 4840 sacculo
2163 4785 2338 4838 adhuc
2357 4785 2662 4854 degentium
2685 4799 2846 4854 quam
2865 4785 3032 4838 etiam
3062 4785 3132 4854 ab
3165 4783 3267 4837 hoc
3281 4781 3395 4850 jam

1821 4855 2192 4927 migraturum,
2209 4853 2468 4927 prasterea
2491 4869 2588 4924 pro
2612 4853 2734 4927 rege
2749 4863 2943 4927 nostro
2967 4853 3214 4927 llodulfo,
3238 4863 3396 4927 atque

1821 4922 2034 4996 seniore
2083 4922 2270 4980 nostro
2302 4922 2720 4996 ,Ebalocomit’e
2749 4924 2839 4996 [de
2881 4922 3164 4996 Perteus],
3203 4925 3397 4991 quibus

1821 4995 2240 5051 concedentibus
2297 4995 2411 5048 haec
2475 4995 2653 5048 omnia
2719 4995 3074 5064 perfecimus,
3128 5005 3397 5064 postremo

1822 5066 2127 5135 Specialiter
2155 5079 2252 5134 pro
2279 5065 2385 5119 illis
2411 5065 2502 5134 qui
2527 5063 2766 5132 prmdicti
2797 5064 2898 5118 loci
2947 5065 3106 5131 atque
3135 5063 3398 5116 habitato-

1823 5151 1941 5189 rum
1975 5136 2140 5205 ipsius
2163 5143 2366 5191 tutores
2388 5144 2442 5188 et
2467 5135 2776 5189 defensores
2809 5135 3024 5188 fuerint.
3051 5135 3166 5200 Ipse
3187 5149 3398 5205 quoque

1819 5220 1920 5276 ego
1961 5203 2260 5260 Kdemarns
2305 5206 2604 5260 vicecomes
2641 5205 3050 5276 scntiensimihi
3107 5203 3396 5272 appropin-

1822 5275 1989 5346 quare
2017 5276 2304 5330 terminum
2352 5277 2638 5346 praesentis
2665 5277 2808 5337 vitm,
2857 5275 3048 5346 videns
3095 5275 3262 5326 etiam
3313 5287 3400 5346 ine

1823 5341 2116 5414 legitimum
2147 5359 2250 5399 non
2279 5341 2477 5400 habere
2517 5347 2684 5400 tilium
2726 5346 2810 5400 cui
2849 5343 2972 5412 jure
3018 5359 3165 5398 tneas
3195 5341 3400 5412 arripias

1825 5417 2152 5470 dimitterem
2211 5415 2594 5484 possessiones,
2629 5416 2736 5471 Deo
2777 5417 3048 5484 aspirante
3092 5415 3232 5481 coepi
3285 5424 3394 5484 tra-

1827 5497 1972 5541 ctare
1997 5483 2229 5556 qualiter
2269 5487 2430 5540 rebus
2453 5487 2646 5555 quibus
2691 5483 3057 5556 temporaliter
3103 5501 3230 5538 usus
3277 5483 3392 5537 fue-

1827 5573 1940 5610 ram
1974 5555 2028 5610 in
2055 5557 2306 5626 praesenti
2333 5559 2552 5618 smcnlo,
2597 5555 2926 5610 attcrnaliter
2967 5555 3042 5608 uti
3087 5569 3298 5624 possent
3347 5556 3398 5607 in

1827 5627 2028 5682 futuro.
2063 5627 2216 5693 Qubd
2255 5628 2433 5680 taliter
2481 5627 2610 5680 mihi
2657 5636 2972 5678 eventurum
3011 5626 3228 5680 iudubie
3269 5641 3390 5680 con-

1827 5699 1951 5762 Ιίειο,
2003 5697 2045 5752 si
2091 5697 2230 5766 quod
2283 5696 2558 5764 temporali
2617 5695 2810 5749 hasredi
2853 5695 3128 5750 dimittere
3171 5711 3398 5764 nequeo,

1825 5778 2026 5822 sancta?
2055 5765 2326 5828 Eeclesizc,
2351 5765 2552 5819 Chriin
2583 5765 2826 5820 videlicet
2845 5781 3076 5835 Sponsa),
3111 5769 3396 5835 reliquero;

1827 5849 1880 5890 ut
1911 5855 2030 5893 cum
2067 5838 2178 5906 ipse
2205 5838 2360 5906 judcx
2395 5837 2634 5889 vivorum
2679 5847 2732 5889 et.
2764 5849 3098 5893 mortuorum
3149 5841 3212 5892 ad
3255 5838 3394 5906 judi-

2013 3817 2074 3856 us
2105 3806 2170 3854 ad
2199 3800 2572 3856 azdilicandum
2605 3809 2810 3856 tantum
2841 3801 3150 3869 praisidium
3177 3807 3398 3868 propter
3433 3829 3436 3834 -
