3920 6430
107 341 220 396 481

105 528 313 581 nonice
336 527 720 596 subStituendis
764 527 817 580 in
849 536 1178 596 perpetuum.
1214 527 1476 593 Quoniam
1520 529 1686 584 divini

103 597 517 666 dispensatione
555 594 740 666 iudicii
771 594 1022 662 ad‘hujns
1065 594 1222 666 ofﬁcii
1261 597 1520 666 gradum,
1563 598 1689 653 licet

101 664 604 736 imligninromoti
635 680 827 736 sumus
845 673 904 718 ut
929 664 1293 733 apostolorum
1323 666 1578 736 principis
1607 667 1686 720 vi-

99 749 206 788 ces
244 733 297 788 in
345 733 595 788 Ecclesire
646 734 902 802 regimine
957 743 1262 802 teneamus,
1311 733 1687 789 elaborandum

97 804 272 858 nobis
300 811 459 858 estet
492 803 834 857 annitendum
865 805 1080 858 omnino
1107 813 1165 857 ut
1207 803 1259 856 in
1301 804 1689 858 constituendis

97 872 495 928 ecclesiasticis
543 873 772 940 negotiis
819 873 934 940 ejus
979 872 1177 926 monita
1229 881 1284 926 et
1325 873 1690 928 institutiones

96 941 398 996 devotione
427 941 736 996 ﬁdelissima
777 951 834 996 et
875 942 978 996 lide
1005 941 1345 996 devotissima
1395 942 1686 996 imitemur.

95 1009 282 1090 Cujus
309 1011 438 1090 ﬁdes
466 1011 1312 1090 przecipua_et_dilcetio_spec_tata
1350 1011 1460 1090 Deo
1484 1011 1691 1090 exstitit

97 1081 252 1134 adeo
281 1081 410 1133 utin
435 1079 548 1147 ejus
581 1081 925 1150 singulariter
949 1079 1070 1134 ﬁdei
1117 1081 1413 1150 stabilitate
1433 1080 1688 1150 immobili

95 1150 348 1217 pretioso
392 1151 650 1218 sanguine
671 1148 793 1202 suo
825 1151 1150 1218 redemptam
1198 1164 1348 1202 suam
1389 1149 1480 1202 Dei
1523 1148 1690 1204 Filius

94 1227 351 1273 statuere
399 1227 454 1272 et
495 1217 816 1274 conﬁrmare
857 1217 1086 1272 voluerit
1132 1217 1424 1272 Ecclesiam
1456 1219 1638 1273 dicens
1672 1235 1714 1272 :-

97 1285 190 1338 Tu
227 1303 283 1341 es
315 1287 519 1348 Petrus,
549 1298 596 1340 et
622 1303 776 1356 super
803 1288 938 1342 hanc
961 1297 1161 1356 petram
1193 1288 1462 1354 wdiﬁcabo
1506 1288 1687 1341 Eccle-

93 1357 248 1409 sium
280 1373 464 1410 meam.
492 1357 588 1410 Cui
618 1359 776 1427 etiam
809 1365 1010 1427 tantam
1057 1357 1336 1427 potestatis
1377 1359 1689 1427 praerogati-

93 1439 230 1478 vam
281 1427 542 1480 concessit
574 1436 632 1480 ut
665 1426 780 1494 ejus
829 1425 1071 1479 arbitrio
1099 1427 1150 1479 in
1195 1425 1330 1479 ctelo
1370 1437 1423 1479 et
1465 1427 1516 1478 in
1548 1425 1687 1480 terra

93 1495 190 1564 vel
241 1495 452 1564 Iiganda
510 1496 844 1550 solverentur
881 1496 964 1549 Vel
1023 1495 1276 1549 solvenda
1332 1495 1684 1549 solverentur.

89 1563 305 1629 Quam’
329 1566 607 1634 potestatis
651 1581 760 1619 suae
801 1565 1210 1634 successionem
1237 1565 1350 1632 ipse
1387 1565 1545 1634 beato
1566 1564 1689 1618 Cle-

93 1635 278 1686 menti
305 1633 360 1688 et
389 1648 482 1702 per
519 1649 640 1688 eum
685 1635 932 1688 omnibus
972 1633 1240 1688 concessit
1278 1634 1369 1702 qui
1415 1633 1528 1700 ejtis
1571 1635 1686 1688 sedi

87 1703 246 1770 juste
275 1705 564 1772 prmsidere
612 1711 666 1758 et
717 1703 1004 1772 Ecclesiam
1051 1703 1144 1756 Dei
1169 1704 1424 1757 canonica
1471 1705 1686 1757 studue-

94 1775 218 1826 rint
245 1771 582 1827 ordinatione
610 1773 912 1839 disponere.
961 1771 1124 1840 Cujus
1161 1787 1258 1826 nos
1303 1772 1424 1826 ﬁdei
1454 1773 1686 1826 auctori-

99 1847 222 1895 tate
255 1842 468 1904 muniti,
502 1842 619 1906 tibi,
645 1842 838 1896 dilecte
863 1842 1033 1912 l‘rater
1059 1841 1381 1912 Norigaudo,
1408 1842 1682 1896 omnibus-

93 1927 210 1980 que
249 1912 342 1964 tibi
395 1913 653 1966 canonice
695 1911 1029 1966 successuris
1078 1911 1460 1966 conﬁrmamus
1507 1913 1686 1966 omnia

93 1996 222 2049 qu:e
253 1983 320 2034 ad
365 1981 662 2034 Educnsem
711 1981 1027 2045 Ecclesiam,
1077 1981 1127 2034 in
1171 1996 1274 2048 qua
1329 1989 1378 2034 te
1429 1981 1686 2036 canonice

83 2051 379 2104 credimus
413 2049 738 2114 ordinatum,
769 2051 1040 2118 pertinere
1062 2050 1333 2114 videntur,
1369 2058 1476 2104 tam
1507 2051 1558 2103 in
1591 2066 1686 2106 ec-

94 2119 304 2180 clesiis,
325 2119 616 2189 parochiis,
633 2121 970 2184 cmmeteriis,
997 2121 1344 2188 presbyteris,
1371 2119 1686 2189 cunctisque

91 2189 486 2260 ecclesiasticis
511 2189 806 2260 ordinibus,
832 2205 993 2260 quam
1019 2191 1184 2260 etiam
1214 2190 1430 2260 prrediis
1457 2190 1686 2260 aliisque

91 2259 355 2312 omnibus
403 2259 834 2326 possessionibus
887 2259 1173 2312 mobilibus
1227 2269 1282 2312 et
1325 2259 1687 2314 immobilibus

93 2341 222 2396 qua:
241 2330 510 2396 acquisita
540 2337 668 2382 sunt
689 2328 770 2382 vel
792 2329 939 2397 juste
963 2328 1166 2396 acquiri
1191 2337 1462 2396 poterunt,
1491 2337 1548 2381 ut
1571 2330 1684 2382 hate

91 2399 280 2450 omnia
311 2399 404 2452 tibi
439 2399 648 2466 tuisque
676 2397 1078 2454 successoribus
1110 2397 1184 2450 ita
1215 2397 1386 2451 libere
1409 2397 1686 2466 possidere

89 2466 263 2520 liceat
321 2468 463 2522 sicut
499 2477 814 2522 antecessor
839 2477 960 2521 tuus
995 2467 1046 2520 in
1093 2481 1202 2522 uno
1246 2468 1330 2520 die
1366 2475 1491 2520 ante
1529 2482 1684 2520 suum

87 2537 308 2589 obitum
333 2537 512 2606 quiete
533 2547 586 2606 et
607 2536 751 2604 juste
786 2553 849 2590 ac
873 2535 1175 2606 possedisse
1205 2536 1518 2606 probantur.
1551 2535 1683 2590 Illud

85 2614 282 2659 autem
340 2605 634 2674 apostolica
678 2606 840 2675 652
877 2605 1221 2660 auctoritate
1247 2605 1534 2659 statuimus
1558 2645 1573 2669 ,
1625 2617 1684 2660 ut

83 2675 572 2746 nullipresbytero
595 2677 674 2746 vel
700 2676 897 2746 viventi
922 2675 1002 2728 vel
1025 2675 1294 2738 morienti,
1322 2689 1416 2730 seu
1439 2676 1504 2746 ad
1525 2675 1686 2746 aliam

83 2745 532 2814 religionem’vel
566 2745 649 2814 ad,
683 2745 918 2814 quietam
965 2746 1129 2798 vitam
1177 2745 1496 2810 transeunti,
1529 2745 1689 2799 liceat.

81 2829 184 2868 res
208 2813 356 2884 quas
389 2829 419 2867 a
447 2815 530 2868 die
555 2813 911 2869 ordinationis
934 2830 1046 2868 sua:
1071 2815 1372 2884 inpecclesia
1396 2815 1448 2868 in
1477 2829 1581 2884 qua
1603 2823 1688 2870 est

83 2883 386 2937 ordinatus
412 2885 732 2952 conquirere
769 2885 997 2953 poterit,
1046 2883 1260 2939 auferre
1291 2885 1372 2938 vel
1408 2883 1683 2950 minuere;

83 2955 192 3006 sed
231 2954 434 3024 intacta
469 2969 532 3008 ea
565 2962 620 3008 et
659 2953 862 3006 illibata
891 2955 942 3006 in
975 2955 1088 3023 ipsa
1133 2955 1340 3024 inqua
1383 2955 1688 3024 conquisita

85 3032 226 3094 sunt
251 3023 533 3090 permittat
576 3024 800 3094 ecclesia
833 3038 1132 3094 remanere.
1181 3023 1495 3094 l‘llosetiam
1533 3025 1623 3094 qui
1657 3039 1686 3078 a

85 3091 254 3161 vobis
283 3093 760 3156 excommunicati,
791 3093 872 3147 vel
901 3093 969 3147 ab
995 3092 1182 3148 olliciis
1217 3093 1410 3148 divin-is
1445 3091 1686 3161 pro‘suis

81 3159 304 3215 l'uerint
324 3163 635 3217 excessibus
661 3163 874 3226 remoti,
905 3177 972 3216 ne
1016 3163 1210 3232 aliquis
1253 3164 1304 3216 in
1347 3159 1682 3218 communio-

85 3243 222 3301 nem
263 3232 538 3300 recipere,
587 3232 668 3286 vel
695 3233 757 3286 in
799 3233 986 3287 olliciis
1031 3241 1318 3301 praesumat
1365 3232 1680 3297 restituere,

85 3299 291 3352 eadem
317 3299 636 3371 auctoritate
665 3299 1046 3371 prohibemus.—
1065 3301 1362 3356 Statuimus
1387 3317 1601 3371 quoque
1623 3311 1686 3355 ut.

83 3382 198 3441 pro
224 3369 520 3441 sepultura:
537 3369 768 3441 quidem
790 3371 906 3424 loco
935 3371 1014 3426 vel
1045 3371 1218 3441 spatio
1243 3369 1444 3425 nullum
1473 3369 1684 3439 penitus

86 3440 164 3491 ab
195 3438 380 3508 aliquo
411 3438 654 3510 pretium,
687 3440 952 3509 exigatur.
985 3438 1092 3495 Pro
1133 3438 1502 3510 redemptione
1553 3456 1684 3496 vero

85 3517 448 3576 peccatorum
471 3547 488 3571 ,
526 3509 820 3579 morientes
867 3511 920 3564 in
946 3510 1172 3565 ecclesia
1219 3511 1272 3563 in
1302 3509 1406 3579 qua
1435 3509 1558 3564 ﬁdei
1597 3526 1684 3565 sa-

89 3588 384 3650 cramenta
419 3587 740 3650 acceperunt
770 3577 1168 3650 eleemosynam
1215 3577 1344 3634 dare
1389 3579 1682 3650 Secundum

89 3647 396 3714 apostolica
412 3647 627 3703 decreta
649 3649 936 3703 statuimus
952 3647 1170 3703 omnino
1202 3658 1257 3702 et
1281 3648 1680 3704 conﬁrmamus.

89 3714 156 3769 Si
189 3717 312 3784 quis
341 3727 520 3771 autem
568 3718 635 3771 ad
666 3718 768 3772 alia
801 3719 984 3772 vivens
1033 3719 1146 3773 sive
1189 3719 1425 3772 moriens
1451 3733 1510 3770 se
1553 3733 1682 3772 con-

91 3785 246 3858 ferre
269 3786 517 3858 voluerit,
540 3789 606 3842 de
628 3803 693 3842 eo
722 3787 864 3856 quod
889 3803 987 3858 pro
1013 3788 1184 3842 salute
1203 3789 1397 3842 anima!
1424 3802 1534 3842 sua:
1557 3789 1682 3842 dare

89 3854 462 3927 disposuerit,
514 3854 806 3912 secundum
855 3854 1148 3927 apostolica
1201 3859 1418 3912 decreta
1472 3859 1680 3912 matrici

87 3924 349 3995 ecclesize
371 3931 583 3994 partem
620 3924 904 3994 relinquat:
931 3926 986 3981 Si
1028 3941 1132 3995 qua
1161 3942 1293 3982 sane
1318 3927 1680 3981 ecclesiastica

93 3993 447 4066 saecularisve
471 4011 700 4064 persona
727 3993 914 4050 centra
955 3993 1092 4051 hanc
1120 4007 1316 4051 nostra:
1343 3997 1684 4066 constitutio-

88 4063 184 4140 riis
217 4063 488 4140 paginam
515 4075 935 4140 prtesumptuose
984 4068 1168 4140 venire
1215 4063 1539 4140 tentaverit,
1585 4066 1682 4140 bu:

79 4133 352 4206 jusmodi,
387 4145 443 4187 ut
482 4133 966 4206 sacrilegiii’reum,
1000 4151 1028 4189 a
1061 4135 1332 4190 liminibus
1359 4135 1680 4206 sanctaeDei

93 4203 357 4256 Ecclesia:
385 4203 1000 4272 arcendum'judicamus
1023 4213 1077 4260 et
1101 4207 1516 4259 conﬁrmamus.
1539 4203 1682 4258 Cttn-

91 4272 202 4342 ctis
231 4281 412 4342 autem
459 4272 632 4327 cidem
673 4275 914 4328 ecclesia:
935 4275 1082 4342 justa
1112 4274 1548 4342 servantibussit
1576 4287 1682 4341 pax

93 4340 316 4413 Domini
349 4343 516 4413 nostri
543 4343 671 4398 Jesu
699 4344 894 4398 Christi
913 4340 1222 4413 {quatenus
1247 4354 1300 4396 et
1327 4343 1413 4397 hic
1441 4340 1682 4413 fructum

91 4409 259 4464 bona:
285 4412 510 4484 actionis
530 4415 848 4482 percipiant.
886 4409 1125 4484 ctapudp
1147 4415 1409 4484 bonorum
1451 4411 1682 4484 retribu—

96 4489 274 4534 torem
299 4483 514 4549 przemia
540 4481 755 4537 aeterna:
779 4482 928 4549 pacis
951 4481 1246 4538 inveniant.
1271 4483 1459 4535 Amen.
1487 4481 1676 4534 Amen.
1710 4487 1758 4545 υ

95 4549 377 4619 Scriptum
414 4565 508 4620 per
554 4567 771 4606 manum
800 4551 1022 4607 Joannis
1051 4552 1320 4608 scriniarii
1347 4551 1488 4606 sacri
1513 4551 1676 4604 Late-

93 4620 351 4674 ranensis
377 4621 582 4690 palatii.

169 4709 286 4778 Ego
317 4709 594 4771 Paschalis
626 4713 910 4782 episcopus
954 4712 1230 4768 catholica:
1277 4711 1528 4767 Ecclesiae
1556 4712 1682 4768 sub-

91 4802 315 4856 scrrpsr.
947 4799 950 4804 '

168 4866 284 4935 Ego
315 4865 606 4922 Walterius
635 4867 884 4938 indignus
909 4868 1232 4924 Albanensis
1267 4869 1522 4924 Ecclesiae
1550 4871 1678 4926 sub-

93 4961 318 5014 scripSi.

169 5025 288 5094 Ego
315 5024 564 5082 Albertus
591 5028 879 5083 cardinalis
905 5028 1045 5084 'tituli
1075 5038 1276 5086 sanctae
1311 5029 1526 5084 Savinae
1553 5031 1682 5085 sub-

97 5107 322 5176 scripsi.

171 5188 286 5255 Ego
333 5188 636 5242 Bernardus
674 5189 920 5261 indignus
981 5190 1274 5246 cardinalis
1328 5191 1462 5246 tituli
1510 5193 1684 5246 sancti

95 5265 389 5335 Grisogoni
421 5267 734 5336 subscripsi.

171 5345 288 5414 Ego
315 5346 594 5401 Albericus
627 5347 718 5402 Dei
753 5349 928 5418 gratia
977 5349 1182 5404 iumilis
1227 5351 1512 5422 presbyter
1543 5351 1682 5407 tituli

93 5424 478 5494 Apostolorum
511 5426 577 5478 ad
603 5423 824 5482 Vincula
861 5427 1163 5483 roborando
1181 5429 1506 5501 subscripsi.

171 5502 286 5572 Ego
310 5503 637 5572 Augustinus
679 5505 929 5576 indignus
958 5509 1248 5562 cardinalis
1278 5508 1344 5563 de
1372 5510 1526 5562 'itulo
1556 5523 1682 5562 san-

93 5593 314 5636 ctorum
343 5592 573 5652 quatuor
597 5583 988 5641 Coronatorum
1017 5588 1334 5657 subscripsi.

173 5661 368 5715 Datum
423 5661 670 5716 Laterani
728 5679 825 5733 per
880 5675 1098 5720 manum
1151 5667 1346 5720 Leonis
1407 5666 1686 5735 scriptoris

101 5747 236 5794 xviii
257 5739 374 5794 Kal.
406 5739 550 5810 Maii,
577 5742 868 5800 indictione
894 5759 1262 5813 octava,anno
1295 5743 1582 5801 Dominicw
1607 5747 1684 5798 in-

1217 340 1557 400 APPENDIX
1594 343 1926 402 ACTORUM
1963 344 2311 402 VETERUM.

103 457 274 530 fratri
305 455 605 530 Norigaudo
626 456 876 530 episeopo
913 454 1133 524 ejusque
1161 459 1558 530 successoribus
1591 475 1685 530 ea:
1715 466 1760 522 Α
1790 460 2116 514 carnationis
2135 460 2296 530 653

3259 348 3365 403 482

2321 459 2604 514 millesimo
2644 461 2974 523 centesimo,
3021 461 3365 530 pontiﬁcatus

1790 537 1968 582 autem
1997 531 2176 582 domui
2207 531 2477 584 Paschalis
2503 532 2720 585 secundi
2751 547 2902 602 papa:
2931 531 3123 601 primo.

2506 639 2672 694 XXII.

1786 733 2078 783 εοιιεοιιυιλ
2115 742 2470 783 ιοκλοῐιοιιυιι
2502 743 2684 783 ΞΑΝΕΤΙ
2723 744 2936 785 BERTINI
2967 745 3018 784 IN
3045 745 3224 788 SlTlllU
3255 746 3368 790 θυι

2235 813 2582 852 ΡΑιιοςιιιΑΝιε
2601 809 2673 851 “DE
2701 814 2830 854 ωειλ
2839 815 2915 854 Y8.

1964 885 2051 941 Ea:
2077 887 2399 941 chartulario
2433 889 2737 942 monasterii
2761 891 2928 942 sancti
2967 889 3186 944 Berlim'.

1845 981 2064 1036 Noverit
2079 979 2400 1033 universitas
2413 987 2588 1033 vestra
2605 980 2744 1047 quod
2761 979 2829 1032 ita
2846 981 3096 1034 convenit
3111 981 3252 1034 inter
3267 997 3366 1036 nos

1787 1059 1842 1106 et
1868 1050 2456 1122 parochianosnostros
2490 1049 2772 1122 magistros
2795 1049 3031 1122 ecclesiae
3057 1051 3122 1122 de
3146 1049 3364 1122 Calays,

1788 1118 1928 1188 qunti
1971 1119 2163 1187 Ieprosi
2197 1118 2432 1188 ejusdem
2469 1119 2736 1188 parochim
2776 1119 3048 1188 proprium
3092 1118 3366 1174 habebunt

1788 1187 2155 1252 sacerdotem,
2193 1203 2350 1255 quem
2390 1187 2454 1240 de
2497 1187 2720 1241 consilio
2751 1187 3043 1257 presbyteri
3089 1191 3369 1255 parochia-

1788 1257 1855 1311 lis
1883 1263 1935 1312 et
1956 1272 2174 1310 assensu
2199 1257 2540 1324 bu‘rgensium
2567 1258 2630 1310 de
2660 1257 2850 1325 Calays
2884 1257 2954 1309 ibi
2987 1257 3363 1323 instituemus;

1788 1327 2169 1395 priuatabnque
2197 1335 2588 1378 sacramentum
2625 1327 2765 1395 quod
2797 1325 2970 1395 ﬁdelis
2993 1327 3367 1382 erit'ecclesia:

1789 1394 1958 1450 Sancti
1991 1396 2186 1449 Bertini
2215 1403 2269 1448 et
2296 1395 2535 1449 ecclesiae
2561 1394 2874 1462 parochiali.
2906 1394 3057 1460 Quod
3087 1405 3144 1448 ut
3173 1398 3366 1451 melius

1787 1464 1967 1520 facere
1994 1465 2176 1532 possit,
2203 1465 2775 1532 magistri'eorumdem
2801 1464 3132 1532 leprosOrum
3157 1471 3367 1519 annuos

1787 1535 2028 1588 redditus
2058 1535 2240 1586 decem
2277 1533 2533 1586 librarum
2564 1541 2618 1586 et
2645 1535 3022 1603 assignarunt;
3051 1536 3246 1602 quibus
3274 1537 3366 1590 de-

1787 1603 1880 1657 bet
1899 1618 2034 1660 esse
2070 1611 2372 1674 contentus,
2405 1618 2503 1674 nec
2533 1603 2732 1674 aliquid
2773 1604 2874 1674 sibi
2923 1619 3182 1672 usurpare
3221 1605 3366 1674 quod

1787 1675 2052 1740 pertineat
2079 1683 2146 1726 ad
2170 1671 2258 1738 jus
2287 1663 2710 1739 parochiam-Si
2751 1673 2872 1741 quis
2917 1663 3094 1726 autent
3139 1663 3362 1728 iter'l‘a-

1787 1743 1938 1796 ciens
1985 1743 2050 1794 ad
2093 1741 2337 1796 eamdem
2386 1741 2601 1794 domum
2641 1756 2803 1796 causa
2851 1741 3095 1796 audiendi
3143 1744 3362 1798 missam

1715 1810 1759 1867 Β
1787 1812 2068 1866 diverterit
2093 1820 2148 1865 et
2171 1811 2369 1877 aliquid
2392 1810 2664 1875 obtulerit,
2695 1812 2798 1865 hoc
2827 1827 2931 1864 non
2957 1812 3239 1880 capella-ni,
3268 1815 3362 1867 sed

1787 1881 2118 1950 lcprosorum
2149 1889 2247 1934 est.
2279 1880 2345 1933 Et
2369 1881 2412 1932 si
2438 1880 2558 1950 quis
2584 1881 3032 1949 parochianorum
3055 1883 3120 1936 de
3147 1881 3364 1937 Peterse

1786 1951 1868 2004 vel
1902 1952 1967 2004 de
1995 1951 2188 2020 Calays
2221 1950 2292 2003 ibi
2333 1964 2474 2020 saepe
2493 1951 2568 2020 ad
2605 1951 2822 2004 missam
2859 1951 3085 2020 venerit,
3115 1952 3364 2006 admoni-

1779 2017 1874 2074 ‘tus
1899 2035 1928 2072 a
1956 2017 2270 2090 preslijrtero
2291 2023 2390 2073 su’o
2410 2017 2454 2072 si
2474 2019 2588 2090 hoc
2617 2036 2720 2075 non
2744 2019 3130 2090 emendaverit,
3154 2021 3365 2088 publice

1785 2087 2358 2159 excommunicabitur,
2386 2097 2439 2142 et
2471 2089 2571 2142 hoc
2601 2090 2742 2157 quod
2771 2087 3026 2142 obtulerit
3055 2087 3362 2159 capellanns

1787 2157 2120 2230 lcprosorum
2148 2174 2268 2212 cum
2291 2157 2598 2228 juramcnto
2621 2159 2932 2230 presbytero
2961 2157 3250 2230 parricidali
3281 2177 3364 2214 re-

1787 2229 1992 2292 srituet,
2036 2238 2092 2282 et
2133 2243 2256 2282 eum
2299 2230 2365 2298 de
2404 2237 2598 2282 cancro
2628 2244 2732 2283 non
2771 2230 3012 2298 recipiet.
3059 2229 3105 2282 Α
3151 2231 3364 2283 nemine

1787 2312 2000 2368 quoque
2024 2299 2163 2368 idem
2186 2297 2491 2368 capellanus
2519 2298 2749 2368 pretium
2781 2298 3008 2367 accipiet
3031 2307 3088 2352 ut
3114 2299 3160 2350 ei
3189 2309 3363 2368 septe—

1787 2367 1996 2419 narium
2025 2367 2110 2419 vel
2138 2367 2483 2420 tricenarium
2513 2375 2606 2418 aut
2628 2367 3056 2420 anniversarium
3082 2367 3359 2420 concedat.

1785 2433 1852 2489 Et
1885 2435 2281 2504 hoe'corporali
2317 2435 2625 2502 juratne‘nto
2654 2437 2950 2504 promittet.
2979 2436 3134 2502 Quod
3175 2437 3220 2490 si
3262 2437 3361 2504 ho-

1781 2519 1907 2558 rum
1925 2503 2313 2573 praevaricator
2340 2505 2422 2558 vel
2451 2503 2669 2559 infamis
2702 2519 2931 2573 persona
2965 2506 3218 2560 inventus
3249 2503 3364 2560 ﬁn:—

1787 2575 1874 2638 rit,
1907 2589 2029 2628 eum
2070 2574 2456 2635 atnovebimus,
2487 2582 2542 2626 et
2567 2574 2728 2628 alium
2773 2576 3026 2642 praedicto
3055 2576 3213 2629 modo
3239 2575 3362 2630 loco

1785 2644 1902 2714 ejus
1933 2645 2338 2698 substituamus.
2378 2642 2434 2696 In
2455 2644 2780 2714 Acmttieterio
2807 2645 2988 2712 itaque
3023 2643 3358 2714 lcprosorum

1785 2711 2164 2783 p'rmdictorum
2212 2727 2378 2783 nemo
2415 2711 2518 2767 nisi
2557 2711 2822 2781 leprosos,
2868 2711 2948 2767 vel
2988 2711 3089 2782 qui
3118 2729 3240 2768 cum
3282 2716 3364 2768 eis

1785 2782 1968 2838 votum
1997 2784 2236 2837 solemne
2280 2782 2484 2837 faciens
2517 2798 2614 2851 per
2643 2783 2976 2850 aliquantum
3017 2793 3224 2850 tempus
3260 2785 3358 2836 ha-

1785 2853 1956 2923 bitum
2001 2852 2272 2923 religionis
2321 2867 2484 2923 sanus
2521 2854 2837 2920 portaverit,
2883 2854 3080 2922 poterit
3121 2853 3358 2922 sepeliri.

1787 2921 1865 2976 De
1909 2923 1974 2976 iis
2016 2921 2134 2990 qua:
2179 2923 2314 2975 infra
2358 2921 2619 2975 ambitum
2665 2921 3012 2977 habitationis
3059 2921 3196 2986 sure,
3240 2937 3360 2990 quae

1785 2991 1950 3063 655
1976 2993 2193 3063 circiter
2231 3006 2325 3063 sex
2361 3005 2643 3063 mensuras
2679 3001 2834 3063 terrae
2881 2993 3150 3063 continet,
3183 2993 3362 3048 colue-

1789 3061 1897 3114 rint
1918 3061 2006 3116 ‘vel
2037 3062 2346 3122 nutrierint,
2372 3062 2608 3116 decimas
2645 3062 2853 3118 solvere
2883 3077 2988 3117 non
3015 3062 3360 3116 tenebuntur.

1711 3151 1757 3214 ρ
1787 3131 1980 3185 Actum
2009 3145 2150 3184 anno
2177 3130 2390 3185 Domini
2425 3130 2578 3185 1202.

2462 3263 2652 3319 XXIII.

2063 3387 2386 3429 usuumssm
2423 3389 2632 3428 NICOLAI
2661 3389 2738 3427 pr.
2777 3377 3074 3431 uamstaeo.

2137 3463 2223 3518 Ea:
2258 3465 2466 3518 archiva
2500 3466 2640 3534 regio
2671 3464 2982 3519 Parisiensi.

1845 3575 2126 3646 Philippus
2154 3575 2247 3631 Dei
2271 3577 2440 3646 gratia
2471 3576 2802 3631 Francorum
2833 3581 2948 3632 rex.
2993 3577 3189 3632 Notum
3229 3578 3362 3634 faci-

1782 3662 1902 3700 mus
1924 3647 2188 3700 universis
2219 3647 2573 3716 pr:esentibus
2611 3657 2666 3700 et
2707 3647 2901 3700 futuris
2928 3649 3070 3716 quod
3102 3664 3198 3702 nos
3227 3650 3363 3704 dile-

1781 3727 1926 3770 ctum
1965 3726 2206 3770 nostrum
2220 3713 2512 3769 Nicolaum
2540 3713 2704 3770 ﬁlium
2734 3713 2957 3770 JOannis
2984 3719 3048 3772 de
3069 3717 3361 3772 Marisiaco

1780 3795 1835 3839 et
1873 3785 2056 3839 Maria-3
2109 3787 2176 3839 de
2216 3785 2493 3840 Faverolis
2535 3787 2706 3854 ipsius
2745 3787 2958 3850 uxoris,
3001 3787 3362 3843 exhibitorem

1779 3855 2144 3925 prmsentium,
2188 3856 2457 3927 hominem
2487 3868 2729 3910 nostrum
2763 3859 2828 3910 de
2865 3873 3092 3927 corpore
3125 3858 3364 3912 existen-

1783 3934 1914 3990 tem,
1941 3933 1999 3977 ut
2029 3933 2304 3978 tonsuram
2333 3925 2638 3981 clerical‘etn
2666 3927 2910 3981 obtinere
2948 3925 3144 3989 valeat,
3179 3937 3364 3982 terrore

1779 3996 2128 4062 praesentium
2163 3997 2592 4049 manumittimns
2618 3997 2812 4050 intuitu
2851 3997 3086 4064 pietatis.
3125 3999 3180 4050 In
3212 3997 3366 4064 cujus

1781 4064 1857 4117 rei
1894 4064 2256 4117 testimonium
2303 4066 2657 4132 praesentibus
2701 4067 2897 4119 litteris
2943 4073 3187 4118 nostrum
3229 4067 3363 4118 feci-

1781 4147 1900 4186 mus
1929 4133 2120 4202 apponi
2155 4132 2405 4202 sigillum.
2449 4135 2640 4187 Actum
2672 4137 2811 4202 apud
2839 4134 3016 4189 Va‘lles
3037 4133 3359 4197 Comitlssre,

1780 4217 1920 4256 anno
1977 4202 2184 4324 [ὶοῐιιίιιί
2233 4202 2516 4257 millesimo
2575 4205 2950 4259 trecentesimo
3008 4203 3364 4272 duodecimo,"

1782 4287 1994 4324 mense-
2025 4287 2156 4324 untt.

1782 4287 1966 4328 mense
1989 4287 2156 4325 διιιιιι.

2489 4361 2677 4442 xxiv.

1861 4489 2124 4528 manus:
2164 4487 2401 4529 versans
2445 4489 2824 4530 ABSOLUTIONIS
2866 4483 3276 4532 etiamnunc“.

1999 4561 2084 4615 Ea:
2103 4564 2258 4616 veleri
2283 4563 2457 4616 codice
2483 4580 2581 4616 ms.
2607 4563 2925 4617 bibliotheca:
2954 4563 3150 4633 Regiw.
3313 4615 3324 4642 ι

1787 4675 2038 4726 Absolutio
2059 4691 2086 4724 ιι
2111 4689 2251 4740 pinna
2267 4683 2329 4728 'et
2364 4689 2390 4724 a
2412 4677 2792 4787 ειιὶῖὲεξξιξιροιθ
2816 4677 2996 4726 domini
3022 4677 3248 4739 Gregorii
3273 4689 3364 4726 un—

1860 4837 2117 4892 Dominus
2145 4847 2330 4908 noster
2366 4835 2521 4892 Jesus
2547 4838 2793 4894 Christus
2833 4853 2930 4908 per
2959 4853 3109 4894 suam
3148 4837 3362 4908 miseri-

1789 4910 2027 4962 cordiam
2066 4917 2117 4960 te
2156 4907 2417 4961 absolvat.
2470 4908 2536 4960 Et
2574 4923 2672 4977 ego
2718 4917 2768 4962 te
2815 4907 3031 4963 absolvo
3070 4923 3098 4961 a
3139 4907 3365 4961 vinculis

1789 4978 2378 5040 excommunicationis,
2419 4993 2448 5030 a
2489 4979 2903 5046 participatione
2933 4977 3364 5046 eXcommunica-

1793 5055 1989 5110 terum,
2017 5057 2072 5100 et
2105 5049 2173 5101 ab
2202 5047 2448 5100 omnibus
2490 5045 2770 5116 sententiis
2799 5049 3150 5117 generalibus
3171 5061 3198 5098 a
3217 5045 3359 5117 jure

1791 5117 1874 5170 vel
1899 5118 1966 5169 ab
1993 5117 2208 5169 homine
2238 5131 2330 5170 seu
2365 5113 2582 5170 etiam'a
2615 5113 2824 5171 canone
2851 5117 2992 5178 latis,
3020 5125 3077 5169 et
3105 5115 3173 5168 ab
3197 5113 3362 5184 655

1791 5186 2040 5240 omnibus
2080 5185 2616 5254 transgressionibus,
2658 5195 2712 5240 et
2751 5190 2816 5240 ab
2844 5187 3094 5239 omnibus
3129 5193 3362 5254 peccatis

1793 5257 1900 5310 tuis
1921 5256 1987 5308 de
2007 5255 2200 5323 quibus
2223 5251 2282 5310 és
2303 5271 2427 5309 vere
2447 5258 2710 5309 contritus
2735 5265 2789 5310 et
2813 5256 3109 5316 conlessus,
3130 5251 3215 5305 vel
3243 5267 3311 5320 qu
3332 5269 3361 5302 ιε

1793 5325 1890 5379 tibi
1939 5326 1990 5377 in
2036 5325 2347 5378 memoriam
2393 5341 2496 5378 non
2549 5335 2860 5379 occurrunt.
2901 5324 3162 5391 Dispenso
3201 5325 3364 5375 etiam

1793 5395 1968 5448 tecum
2011 5409 2170 5462 super
2207 5395 2619 5463 irregularilale,
2661 5395 2705 5448 si
2745 5410 2904 5463 quatn
2947 5392 3216 5463 incurristi
3263 5391 3364 5444 im-

1791 5465 2064 5518 Iniscendo
2103 5473 2154 5517 te
2193 5462 2387 5518 divinis
2432 5462 2790 5533 qualicunque
2835 5462 3098 5534 sententia
3147 5462 3360 5534 ligatus,

1791 5534 2112 5587 auctoritate
2163 5531 2521 5602 apostolorum
2561 5531 2716 5586 Petri
2750 5543 2803 5586 et
2851 5532 3020 5602 Pauli,
3059 5540 3115 5586 et
3159 5531 3361 5602 domini

1791 5604 1958 5656 nostri
1993 5618 2140 5672 papae
2181 5601 2302 5666 130.,
2335 5611 2390 5657 et
2427 5613 2627 5657 sanctae
2665 5604 2852 5656 matris
2897 5601 3162 5656 Ecclesizc.
3197 5601 3260 5654 Et
3295 5603 3364 5656 td

1793 5673 1886 5726 tibi
1929 5673 2136 5742 plenam
2179 5672 2557 5742 indulgentiam
2585 5675 2822 5727 omnium
2862 5683 3204 5743 peccatorum
3250 5683 3366 5724 tuo;

1794 5759 1932 5810 rum,
1959 5751 2214 5812 quantum
2251 5743 2504 5797 Dominus
2535 5743 2640 5796 vult
2673 5752 2724 5797 et
2757 5743 2934 5800 claves
2954 5755 3153 5800 sanctae
3179 5751 3366 5804 matris
