3920 6424
119 370 230 432 485

1264 367 1352 422 DE
1389 364 1478 420 ΠΛ
1489 360 1790 420 ΠΜΟΝΙΟΔ
1831 362 1898 416 ΙΝ
1908 363 1989 419 ST
1995 365 2058 420 ιτ
2070 367 2335 425 UTIONE.

3290 378 3398 434 486

118 493 386 567 propriis,
421 501 482 546 ut
523 503 667 556 reor,
717 486 968 544 distribui
1002 487 1176 553 tonis;
1210 488 1502 543 divisiones
1549 485 1712 540 etiam
1741 483 1793 540 Α
1821 483 2002 540 ﬁnitur
2023 487 2216 556 primo.
2243 485 2383 544 Dicit
2415 484 2668 546 Dominus
2689 507 2974 559 sermones,
2998 491 3186 564 incipit
3211 494 3396 562 tertio,

119 597 398 646 tonorum,
431 581 484 636 id
525 589 608 635 est
643 578 995 641 dill‘crentias,
1027 577 1177 650 (345)
1207 593 1326 648 quae
1379 578 1432 632 in
1466 585 1710 634 extrema

119 673 332 746 syllaba
359 673 412 726 in
453 685 611 726 versu
634 669 808 726 solent
831 671 965 735 ﬁeri,
997 679 1056 724 ut
1083 671 1282 725 decens
1307 679 1360 724 et
1387 670 1714 726 conveniens

119 765 222 820 ﬁat
271 763 634 826 concinentia,
682 761 823 817 sicut
869 776 900 815 a
951 760 1246 829 majoribus
1301 761 1456 816 nobis
1501 760 1712 816 traditae

115 859 273 919 sunt,
299 860 358 908 et
396 853 536 908 sicut
561 851 675 920 ipsa
701 851 1028 906 harmonicai
1049 851 1345 922 disciplinae
1376 851 1712 921 experientia

115 943 466 1007 monstravit,
491 942 758 1000 distinctis
771 943 1047 999 ordinibus
1071 943 1311 998 inserere
1333 941 1540 996 curavi.
1557 941 1710 1008 Adji-

114 1033 278 1088 ciunt
301 1043 478 1088 autem
503 1032 722 1102 quidam
749 1041 804 1088 et
831 1032 968 1088 alias
989 1032 1304 1098 divisiones,
1333 1047 1472 1102 quas
1515 1045 1710 1100 super-

115 1121 262 1178 ﬁuas
291 1121 386 1196 [aL
417 1122 564 1195 esse]
613 1123 960 1178 arbitramur.
999 1123 1104 1180 Sed
1133 1139 1200 1180 ne
1251 1139 1280 1178 a
1323 1123 1712 1196 superstitiosis

115 1215 348 1270 musicis
393 1215 870 1284 reprehendamur.
905 1229 999 1270 eas
1055 1216 1246 1271 subtus
1297 1225 1390 1270 aut
1435 1229 1598 1286 supra
1657 1215 1710 1268 in

115 1303 366 1374 margine
395 1297 655 1359 adnotare
682 1304 1006 1370 studuimus,
1049 1304 1204 1376 periti
1247 1304 1486 1360 cantoris
1505 1303 1714 1374 judicio

115 1394 510 1464 relinquentes,
542 1403 720 1450 utrum
757 1410 850 1450 eas
888 1395 1246 1460 necessarias,
1295 1409 1363 1450 an
1395 1393 1489 1465 [αι.
1519 1409 1710 1462 super-

114 1483 282 1556 ﬂuasl
309 1501 670 1556 supervacuas
699 1487 908 1556 opinari
955 1487 1102 1542 velit.
1152 1485 1268 1540 Non
1324 1485 1498 1542 solum
1527 1495 1708 1540 autem

115 1579 446 1646 autiphouas
463 1592 560 1647 per
581 1591 848 1647 congruos
871 1586 1026 1632 tonos
1050 1576 1296 1643 distinxi,
1334 1591 1520 1631 verum
1545 1576 1708 1631 etiam

115 1669 376 1723 introitus
429 1668 496 1722 ad
537 1668 734 1722 missas
774 1674 828 1721 et
882 1667 1289 1722 communiones
1331 1684 1346 1720 :
1399 1681 1609 1722 necnon
1655 1673 1712 1720 et

119 1759 488 1830 responsoria,
517 1773 636 1828 qua:
661 1757 939 1816 nocturnis
959 1758 1108 1813 horis
1133 1759 1184 1812 iu
1205 1757 1302 1830 [aL
1326 1757 1444 1830 Dei]
1469 1757 1704 1812 divinam

117 1849 336 1904 laudem
368 1859 654 1912 canuntur,
681 1849 1104 1904 consonantibus
1130 1849 1232 1904 sibi
1279 1857 1528 1904 tonorum
1571 1862 1702 1904 con-
1732 1836 1781 1898 Β

115 1941 412 1999 venientiis
438 1941 708 1998 associare
735 1955 944 1996 summo
974 1940 1152 1996 studio
1177 1941 1470 1998 elaboravi.

185 2054 244 2108 2.
285 2052 440 2109 Scire
483 2061 662 2108 autem
686 2059 902 2124 oportet
944 2053 1177 2122 peritum
1229 2062 1526 2118 cautorem,
1557 2053 1704 2122 quod

117 2160 230 2206 non
255 2145 433 2200 omnis
471 2153 716 2200 tonorum
745 2145 1100 2200 consonantia
1131 2145 1186 2200 in
1214 2146 1532 2220 quibusdam
1557 2146 1702 2200 auti-

117 2236 318 2306 phonis
357 2235 518 2292 facile
562 2245 938 2305 cognoscatur.
988 2235 1127 2290 Sunt
1173 2251 1408 2308 namque
1454 2238 1702 2306 qumdam

119 2327 452 2395 antipbonm,
480 2341 617 2396 quas
660 2327 874 2392 uothas,
931 2325 982 2380 id
1033 2335 1142 2390 est,
1193 2327 1488 2397 degeneres
1511 2337 1702 2382 etnon

119 2415 394 2486 legitimas
425 2416 773 2486 appellamus,
818 2431 940 2485 quae
981 2418 1050 2470 ab
1093 2432 1201 2472 uno
1251 2426 1376 2472 tono
1417 2407 1702 2488 incipiunt,

117 2505 348 2561 alterius
367 2517 498 2562 sunt
515 2508 571 2582 in
595 2507 792 2572 medio,
814 2516 868 2561 et
895 2509 946 2562 in
967 2509 1125 2564 tertio
1152 2509 1446 2564 ﬁniuntur:
1473 2527 1702 2581 quorum

115 2596 508 2650 dissonantium
557 2607 612 2651 et
657 2597 1064 2668 ambiguitatem
1107 2600 1158 2654 in
1211 2601 1482 2657 breviario
1525 2603 1704 2672 cperis

113 2689 494 2760 subsequentis
519 2692 632 2746 suis
655 2691 707 2745 in
735 2691 868 2748 locis
897 2692 1273 2762 patefecimus.
1311 2696 1416 2752 Sed
1445 2705 1622 2752 tamen
1645 2707 1704 2752 ut

115 2780 422 2837 evidentior
449 2783 587 2837 ratio
615 2783 898 2848 clarescat,
943 2787 1225 2843 nonnullas
1254 2790 1486 2859 exempli
1535 2805 1701 2846 causa

115 2872 224 2926 hoc
249 2872 302 2926 in
346 2872 464 2928 loco
495 2874 803 2930 inserimus.
851 2875 990 2931 Ante
1041 2895 1120 2932 me
1169 2896 1274 2934 non
1319 2889 1394 2934 est
1441 2880 1698 2950 formatus

116 2962 282 3018 Deus.
308 2959 392 3018 Ea:
415 2981 516 3035 quo
540 2965 682 3034 facta
706 2977 780 3022 est
802 2984 922 3022 vox.
945 2969 1032 3024 Ex
1053 2969 1125 3023 1E
1130 2981 1284 3040 gypto
1307 2975 1500 3028 vocavi.
1526 2974 1608 3026 Ad
1628 2984 1696 3040 te,

115 3056 360 3122 Domine,
392 3058 554 3113 levavi
575 3061 806 3114 animam
835 3077 1024 3116 meam.
1077 3061 1228 3128 Sion,
1277 3067 1623 3122 renovaberis.
1651 3065 1697 3121 0

113 3163 392 3210 mors,ero
419 3165 562 3204 mors
583 3159 698 3204 tua.
735 3149 881 3206 Vade
911 3153 1030 3221 jam
1074 3164 1121 3207 et
1173 3154 1282 3210 nali
1317 3173 1550 3226 peccare.
1601 3158 1696 3214 Hae
1723 3189 1772 3254 α

113 3235 388 3304 praedicta:
433 3239 740 3310 antipbontn
781 3256 812 3296 a
861 3244 1091 3313 septimo
1139 3253 1266 3300 tono
1309 3247 1592 3318 incipiunt,
1643 3260 1700 3306 et

117 3327 365 3394 quaedam
389 3328 440 3382 in
469 3330 666 3399 primo,
691 3331 810 3387 alia:
847 3333 900 3388 in
931 3345 1124 3404 quarto
1158 3335 1418 3394 ﬁniuntur
1441 3349 1586 3396 tono.
1614 3341 1702 3396 Si-

117 3416 324 3476 militer
373 3420 676 3490 antiphonaz
729 3440 744 3478 :
786 3421 870 3482 Ne
923 3427 1315 3494 reminiscaris;
1385 3431 1508 3486 tulit
1577 3450 1700 3504 ergo

111 3507 472 3578 paralyticus,
525 3525 556 3566 a
609 3513 770 3567 tertio
823 3522 950 3570 tono
1005 3516 1302 3583 iuchoaut,
1356 3522 1452 3575 sed
1505 3531 1700 3590 quarto

113 3595 396 3652 liniuntur.
429 3599 506 3655 Ita
537 3619 554 3655 ε
589 3600 766 3666 Quare
811 3603 1148 3671 detraxistis;
1177 3608 1344 3662 multa
1389 3610 1600 3680 quidem
1645 3621 1698 3666 et

113 3685 224 3740 alia
265 3689 438 3758 signa,
464 3705 494 3744 a
525 3693 686 3748 tertio
709 3701 836 3748 tono
869 3694 1152 3765 incipiunt,
1178 3699 1272 3753 sed
1308 3709 1460 3754 sexto
1499 3701 1696 3758 ﬁniun-

109 3784 224 3832 tur.
257 3777 360 3843 Qui
391 3781 496 3834 odit
527 3783 758 3838 animant
785 3801 976 3850 suam;
1016 3797 1063 3840 et
1095 3790 1442 3858 respicientes,
1471 3806 1500 3846 a
1533 3792 1698 3848 tertio

105 3869 397 3940 incipiunt,
431 3872 524 3927 sed
574 3883 766 3930 octavo
809 3875 1088 3932 ﬁniuntur.
1142 3878 1296 3944 Quod
1345 3883 1437 3936 uni
1483 3899 1547 3937 ex
1592 3884 1696 3937 mi-

109 3962 270 4014 nimis
303 3965 450 4029 meis,
483 3981 511 4018 a
539 3965 769 4034 septimo
805 3968 1010 4038 incipit,
1042 3970 1136 4023 sed
1166 3971 1342 4040 primo
1385 3972 1567 4030 ﬁnitur
1595 3993 1609 4028 :
1643 3984 1698 4030 et

105 4051 282 4106 multa
313 4053 397 4109 his
425 4056 640 4110 similia.
683 4057 884 4114 Verum
935 4075 1041 4114 non
1079 4055 1252 4116 solum
1280 4064 1586 4132 antipbona:
1612 4065 1698 4120 his

105 4144 550 4217 ambiguitatibus
602 4159 658 4204 et
705 4150 1073 4208 dubietatibus
1121 4162 1370 4208 tonorum
1425 4157 1696 4226 permistae

101 4247 259 4304 sunt,
285 4241 378 4296 sed
407 4242 572 4298 etiam
606 4243 845 4298 nonnulli
899 4244 1153 4300 introitus
1187 4247 1253 4302 ab
1282 4263 1388 4302 uno
1434 4248 1698 4318 incipiunt

101 4338 262 4396 tono,
311 4333 404 4388 sed
434 4333 540 4392 alio
578 4333 876 4389 ﬁniuntur:
911 4337 1197 4406 siquidem,
1253 4337 1416 4402 Deus,
1451 4339 1504 4392 in
1533 4340 1694 4411 adju-

99 4422 298 4476 torium
329 4439 498 4477 meum
547 4425 774 4490 intende,
829 4427 896 4481 ab
935 4436 1126 4482 octavo
1176 4429 1366 4498 incipit
1401 4437 1550 4496 tono,
1601 4433 1693 4488 sed

1813 576 2002 632 ﬁnitur
2039 579 2242 648 primo;
2278 589 2334 634 et
2365 581 2450 636 his
2493 581 2710 636 similia.
2755 582 2887 638 Illud
2930 593 3108 639 autem
3151 600 3398 640 summo-

1815 682 1943 735 pere
1987 671 2222 737 prudens
2271 679 2468 725 cantor-
2505 673 2800 728 observare
2847 673 3025 740 debet,
3073 683 3134 729 ut
3179 690 3396 746 semper

1815 760 1988 830 magis
2015 760 2334 830 principium
2365 762 2694 832 antipbontn,
2725 765 3000 831 introitus,
3033 764 3120 820 vel
3155 781 3398 821 commu-

1814 849 1991 906 nionis
2010 853 2252 907 attendat
2285 853 2338 906 in
2377 853 2486 908 toni
2529 856 2823 912 sonoritate
2851 872 3014 927 quam
3054 856 3236 912 ﬁnem.
3271 856 3340 912 Et
3365 871 3400 913 θ

1813 942 2090 996 contrario
2117 943 2170 996 in
2211 944 2570 1012 responsoriis
2595 945 2768 1014 magis
2807 947 3112 1002 consideret
3151 945 3315 1002 linem
3343 955 3399 1002 et

1814 1029 2018 1085 exitum
2059 1031 2111 1086 in
2137 1032 2247 1086 toni
2279 1035 2634 1088 consonantia
2665 1049 2824 1104 quam
2849 1037 3082 1092 initium.

1883 1143 1938 1198 3.
1992 1144 2344 1200 inveniuntur
2375 1161 2504 1202 vero
2553 1148 2605 1202 in
2653 1150 2884 1204 naturali
2937 1151 3163 1215 musica,
3205 1152 3257 1206 id
3289 1161 3392 1215 est.

1814 1233 1868 1288 in
1917 1235 2182 1290 cantilena
2239 1251 2358 1306 qua:
2411 1237 2464 1291 in
2514 1238 2710 1294 divinis
2765 1241 3011 1310 laudibus
3063 1241 3393 1308 modulatur,

1813 1335 2044 1396 quatuor
2078 1327 2402 1398 principales
2453 1331 2582 1395 toni,
2639 1332 2730 1401 qui
2795 1333 2868 1388 ita
2913 1348 3086 1402 εποιερο
3135 1335 3398 1392 vocabulo

1813 1427 2194 1486 nuncupantur
2228 1435 2242 1471 :
2284 1418 2626 1474 authenticus
2653 1431 2860 1490 protus,
2885 1423 3230 1479 authenticos
3259 1426 3394 1479 deu-

1814 1515 1981 1572 terus,
2016 1509 2360 1564 authenticus
2385 1511 2565 1576 tritus,
2608 1514 2954 1568 authenticos
2979 1514 3267 1570 tetrardus.
3317 1515 3398 1579 Ex

1811 1613 2040 1668 quorum
2070 1599 2309 1657 fontibus
2331 1601 2418 1656 alii
2449 1611 2684 1672 quatuor
2706 1613 2949 1666 manant.
2976 1605 3068 1675 qui
3101 1607 3175 1660 ita
3201 1621 3398 1661 vocan-

1813 1699 1901 1744 tur
1951 1707 1964 1742 :
2015 1689 2167 1762 plaga
2208 1690 2355 1762 (3M)
2399 1693 2558 1762 proti,
2589 1693 2744 1764 plaga
2777 1694 3005 1759 dcuteri,
3059 1693 3213 1766 plaga
3257 1695 3395 1763 triti,

1810 1777 1966 1847 plaga
2007 1779 2249 1833 tctrardi.
2284 1779 2419 1834 Nam
2472 1781 2540 1836 ab
2590 1783 2902 1838 authentico
2949 1793 3108 1855 proto
3153 1784 3396 1840 nascitur

1809 1869 1892 1923 vel
1927 1869 2203 1924 derivatur
2245 1871 2398 1943 plaga
2447 1873 2610 1942 preti.
2661 1873 2752 1929 Sic
2793 1883 2849 1929 et
2897 1889 2928 1929 a
2975 1876 3186 1931 caneris
3224 1876 3397 1932 tribus

1807 1963 2092 2018 exordium
2128 1966 2349 2036 capiunt
2377 1965 2572 2036 reliqui
2622 1975 2754 2032 tres,
2807 1975 2936 2022 sunt
2986 1965 3079 2040 [aL
3137 1965 3394 2042 suntque]

1809 2050 2052 2122 quidem,
2102 2061 2164 2107 ut
2214 2054 2288 2108 ita
2335 2053 2543 2120 dicam,
2608 2069 2796 2110 eorum
2851 2057 3114 2112 mem-bra.
3161 2055 3398 2114 Possunt

1808 2149 1988 2196 autem
2021 2143 2092 2196 ita
2125 2142 2468 2212 interpretari
2512 2159 2527 2201 :
2575 2145 2920 2200 authenticus
2949 2155 3155 2215 protus,
3206 2147 3257 2201 id
3288 2155 3392 2214 est,

1807 2233 2105 2288 auctoritas
2153 2233 2348 2303 prima,
2395 2233 2735 2300 subauditur,
2785 2235 2840 2290 in
2891 2235 3120 2291 naturali
3163 2237 3390 2294 musica.

1806 2321 2164 2378 Authenticus
2216 2325 2489 2388 dcutcrus,
2535 2322 2593 2379 id
2645 2335 2746 2384 est.
2802 2326 3096 2380 auctoritas
3132 2327 3388 2382 secunda.

1805 2411 2165 2468 Authenticus
2221 2411 2404 2476 tritus,
2456 2408 2512 2465 id
2549 2419 2652 2472 est,
2711 2413 3008 2468 auctoritas
3055 2415 3233 2469 tertia.
3281 2415 3394 2469 Au-

1808 2503 2077 2558 thcnticus
2105 2502 2396 2568 tetrardus.
2434 2503 2486 2556 id
2519 2512 2622 2568 est,
2667 2505 2963 2560 auctoritas
2987 2515 3200 2576 quarta.
3229 2503 3393 2579 Plaga

1804 2597 1970 2666 preti,
2011 2595 2063 2650 id
2088 2603 2192 2661 est,
2222 2611 2350 2666 pars
2389 2595 2548 2666 primi
2580 2596 2711 2651 toni.
2743 2596 2904 2667 Plaga
2933 2597 3159 2662 dcuteri,
3209 2597 3260 2652 id
3286 2605 3393 2666 est,

1804 2685 2098 2742 auctoritas
2129 2685 2338 2758 [melius
2365 2703 2384 2740 :
2415 2686 2564 2758 pars]
2611 2686 2830 2742 secundi
2877 2687 3008 2742 toni.
3059 2686 3221 2758 Plaga
3253 2685 3392 2754 triti,

1803 2777 1856 2832 id
1887 2785 1990 2843 est,
2023 2791 2150 2848 pars
2181 2777 2322 2834 tertii
2369 2778 2502 2832 toni.
2549 2776 2710 2848 Plaga
2741 2775 2984 2843 tetrardi,
3032 2775 3083 2832 id
3113 2787 3217 2844 est,
3262 2791 3394 2847 pars

1802 2869 1980 2940 quarti
2031 2869 2164 2926 toni.
2195 2869 2254 2923 lu
2295 2869 2491 2940 quibus
2514 2879 2638 2924 octo
2669 2869 2812 2924 tonis
2845 2883 2964 2923 non-
2999 2867 3172 2924 solum
3214 2869 3398 2928 omnis

1802 2962 2084 3017 harmonia
2113 2961 2406 3031 spiritualis
2459 2961 2724 3024 melodim,
2771 2975 2960 3015 verum
3009 2959 3176 3015 etiam
3217 2959 3397 3018 omnis

1802 3053 2064 3109 naturalis
2116 3053 2383 3110 cantilena
2438 3053 2748 3109 continetur
2805 3059 2969 3121 atque
3029 3049 3398 3121 comprehen-

1802 3143 1966 3199 ditur.
2113 3125 2136 3144 ’

1875 3236 1929 3290 4.
1973 3235 2078 3291 Sed
2121 3235 2270 3290 multi
2301 3235 2526 3290 audiunt
2573 3243 2780 3300 tonum,
2832 3243 2886 3290 et
2937 3232 3186 3288 fortassis
3231 3231 3392 3302 igno-

1803 3337 1928 3382 rant
1973 3327 2103 3396 quid
2147 3328 2216 3382 sit
2247 3337 2444 3392 tonus,
2492 3336 2586 3380 aut
2631 3341 2802 3396 quare
2840 3327 3051 3382 dicatur
3089 3333 3264 3386 tonus,
3293 3327 3395 3376 aut

1802 3437 1961 3491 quam
1983 3420 2141 3492 longe
2163 3421 2302 3474 inter
2323 3435 2381 3475 se
2405 3419 2657 3474 dill‘crant
2685 3429 2841 3474 tonus
2869 3415 3130 3472 naturalis
3169 3412 3394 3470 musica:

1801 3517 1855 3564 et
1883 3519 2041 3563 tonus
2069 3507 2386 3562 artiﬁcialis.
2422 3506 2700 3575 Siquidem
2742 3506 2854 3559 toni
2881 3504 3142 3562 naturalis
3167 3503 3392 3558 musica;

1799 3611 1928 3658 Sunt
1951 3609 2184 3672 quatuor
2205 3599 2550 3670 principales.
2602 3599 2736 3654 Toui
2765 3613 2894 3652 vero
2923 3595 3220 3650 artificialis
3265 3610 3390 3650 mu-

1801 3693 1926 3746 sicae
1977 3699 2102 3745 sunt
2153 3690 2411 3760 quinque,
2460 3695 2515 3742 et
2562 3688 2668 3742 duo
2701 3687 3004 3752 semitonia,
3041 3701 3159 3756 qua:
3207 3694 3388 3740 tamen

1801 3781 2088 3838 semitonia
2127 3781 2398 3852 integrum
2427 3793 2535 3834 non
2573 3777 2795 3849 implent
2825 3789 3009 3835 tonum
3041 3795 3056 3831 :
3103 3791 3207 3831 non
3241 3775 3390 3840 enim

1801 3871 1971 3940 aequis
2013 3872 2256 3940 partibus
2303 3869 2468 3924 dividi
2515 3877 2758 3940 possunt.
2816 3868 2908 3922 Est
2949 3866 3180 3936 denique
3221 3879 3389 3920 unum

1800 3966 1976 4034 majus
2003 3973 2058 4020 et
2103 3964 2330 4019 alterum
2359 3963 2558 4026 minus,
2591 3977 2654 4016 ac
2679 3961 2879 4016 idcirco
2909 3975 3091 4029 aequas
3111 3973 3222 4014 non
3257 3956 3392 4012 reci-.-

1792 4054 1954 4126 piunt
2009 4055 2293 4110 seetioncs.
2347 4051 2611 4107 Constant
2662 4059 2842 4106 autem
2885 4049 2942 4106 bi
2992 4049 3228 4118 quinque
3275 4045 3389 4101 toni

1799 4139 1921 4203 cum
1955 4147 2162 4202 duobus
2202 4143 2501 4199 semitouiis
2546 4145 2599 4198 in
2646 4145 2817 4197 tribus
2851 4139 3223 4195 consonantiis
3269 4153 3389 4190 mu.

1797 4239 1924 4294 sicae
1962 4238 2328 4308 perfectionis,
2357 4237 2605 4292 videlicet
2653 4237 2705 4294 in
2737 4235 3008 4304 diapente,
3049 4232 3386 4288 diatessaron

1797 4339 1853 4386 et
1879 4331 2135 4400 diapason
2187 4347 2199 4382 :
2253 4327 2380 4382 item
2423 4341 2490 4381 ex
2538 4333 2770 4395 quatuor
2797 4321 3188 4394 principalibus
3243 4319 3388 4374 tonis

1798 4421 2064 4476 naturalis
2091 4419 2311 4474 musica:
2341 4417 2432 4472 alii
2466 4427 2699 4488 quatuor
2725 4416 2995 4491 oriuntur,
3038 4421 3092 4468 et
3140 4409 3303 4464 veluti
3350 4424 3381 4470 a

103 4511 340 4581 septimo
383 4513 588 4570 linitur.
644 4514 906 4570 Similiter
957 4534 970 4572 ε
1014 4517 1244 4588 Accipite
1288 4519 1690 4589 jocunditatem,
1725 4546 1772 4606 Β
1803 4512 2036 4567 fontibus
2088 4511 2244 4566 rivuli
2284 4519 2528 4572 manant,
2573 4517 2627 4562 ct
2674 4523 2702 4562 a
2757 4508 2939 4562 radice
2989 4504 3200 4606 arboris
3240 4501 3382 4606 rami

107 4609 166 4656 et
205 4599 343 4658 Deus
385 4603 510 4657 dum
557 4606 904 4674 egrederetur,
947 4607 1014 4664 ab
1051 4617 1243 4664 octavo
1281 4609 1565 4680 incipiunt,
1598 4613 1692 4667 sed

101 4699 302 4760 quarto
347 4691 624 4748 ﬁniuntur.
671 4693 954 4764 Repleatur
1003 4713 1060 4752 os
1107 4713 1317 4764 meum;
1363 4709 1413 4754 et
1463 4701 1694 4758 charitas

101 4782 228 4846 Dei,
264 4795 294 4838 a
328 4785 488 4840 tertio
517 4787 798 4856 incipiunt,
827 4797 882 4843 et
920 4799 1114 4857 quarto
1153 4789 1434 4846 liniuntur.
1473 4791 1692 4856 iudica,

103 4874 348 4942 Domine,
393 4887 631 4931 nocentes
657 4895 754 4944 me,
787 4895 818 4934 a
865 4890 1058 4950 quarto
1089 4874 1298 4952 incipit,
1327 4883 1420 4938 sed
1469 4884 1696 4952 septimo

97 4963 314 5020 ﬁnitur.
353 4964 626 5021 Victricem
676 4985 928 5022 manuum
975 4979 1141 5036 tuam,
1185 4986 1215 5025 a
1267 4972 1428 5028 tertio
1483 4973 1690 5042 incipit,

95 5055 196 5112 sed
231 5064 424 5112 octavo
459 5056 662 5113 linitur.
703 5055 902 5114 Eduxit
934 5059 1190 5116 Dominus
1231 5063 1480 5132 populum
1516 5080 1690 5128 suum,

95 5161 128 5200 a
181 5155 380 5216 quarto
431 5147 650 5218 incipit,
700 5149 795 5204 sed
849 5147 1035 5210 ﬁnitur
1089 5158 1300 5208 octavo.
1357 5149 1494 5209 Ecce
1554 5151 1691 5206 oculi

93 5237 339 5302 Domini,
367 5254 398 5292 a
445 5240 604 5295 tertio
641 5239 850 5310 incipit,
887 5241 982 5296 sed
1018 5251 1214 5312 quarto
1255 5242 1459 5297 linitur.
1493 5241 1693 5314 Loque-

89 5323 189 5384 tur
223 5330 504 5400 Dominus,
555 5348 585 5387 a
638 5335 797 5388 tertio
847 5334 1062 5406 incipit,
1106 5336 1201 5390 sed
1243 5346 1436 5405 quarto
1485 5335 1690 5392 ﬁnitur.

87 5421 288 5478 Justus
345 5439 450 5478 non
500 5425 915 5492 conturbabitar,
971 5426 1158 5498 incipit
1196 5443 1226 5482 a
1291 5427 1545 5494 secundo,
1592 5427 1686 5484 sed

171 5597 305 5668 (545
351 5597 678 5658 Diﬁ'crcntian
724 5609 848 5656 octo
896 5609 1144 5658 tonorum
1181 5604 1356 5658 solent
1409 5606 1580 5659 notari
1631 5606 1682 5661 in

91 5669 368 5741 extremis
395 5669 618 5741 syllabis
641 5670 937 5739 doxologia:
960 5671 1140 5727 Gloria
1168 5674 1336 5739 Patri,
1360 5683 1466 5729 etc.
1495 5677 1544 5728 iu
1579 5677 1683 5732 ﬁne

91 5739 386 5806 cujuslibet
429 5739 644 5820 psalmi,
675 5742 950 5820 vocalibus
997 5757 1188 5811 nempe
1231 5748 1680 5813 euouar_duarutn

1801 4607 2135 4674 procedunt,
2207 4603 2286 4658 ita
2340 4599 2734 4672 quodammodo
2787 4599 2852 4654 ab
2921 4599 3050 4669 ipsis
3117 4595 3382 4668 originem

1799 4697 2020 4752 ducunt.
2063 4694 2203 4750 Nihil
2249 4693 2440 4748 horum
2489 4693 2546 4749 lit
2597 4693 2650 4747 in
2683 4691 2952 4748 artiﬁciali
2987 4690 3221 4754 musica;
3257 4703 3416 4776 nam.

1797 4803 1976 4857 neque
2008 4795 2165 4844 tonus
2196 4785 2358 4840 alium
2391 4793 2573 4838 tonum
2600 4799 2670 4838 ex
2711 4799 2768 4839 se
2817 4783 3004 4854 gignit,
3035 4797 3206 4852 neque
3242 4795 3382 4836 unus

1797 4898 1861 4936 ex
1887 4880 1994 4934 illis
2034 4879 2199 4934 alium
2237 4877 2560 4934 auctoritate
2589 4875 2865 4946 praecellit,
2899 4875 2990 4930 sed
3027 4889 3214 4930 omnes
3242 4873 3383 4928 inter

1797 4992 1856 5032 se
1881 4977 2046 5046 inquis
2072 4971 2634 5048 [al.fdimensiouilnts]
2657 4973 3007 5027 divisionibus
3037 4969 3375 5038 partiuntur;

1798 5067 2006 5122 scilicet
2047 5064 2418 5136 sesquioctava
2465 5065 2838 5136 proportione,
2874 5061 3114 5132 exceptis
3157 5057 3378 5112 semito-

1797 5161 1924 5216 niis.
1977 5159 2106 5214 Illud
2156 5159 2320 5213 etiam
2369 5158 2780 5221 attendendum,
2829 5155 2970 5224 quod
3037 5152 3089 5208 in
3143 5146 3376 5206 naturali

1798 5253 2004 5308 musica
2040 5249 2226 5306 omnes
2251 5259 2376 5304 octo
2416 5249 2526 5303 toni
2567 5247 2758 5318 integri
2793 5254 2915 5302 sunt
2939 5252 3101 5314 atque
3125 5239 3372 5312 perfecti,

1795 5343 2046 5414 quamvis
2096 5333 2419 5396 auctoritate
2465 5339 2607 5394 inter
2635 5353 2693 5393 se
2746 5334 3014 5397 diﬁerant,
3061 5333 3374 5402 miliumque

1797 5435 2064 5504 recipiant
2105 5433 2475 5496 semitonium,
2525 5445 2624 5485 nec
2673 5428 2866 5494 dicsin,
2915 5441 3014 5482 ucc
3062 5434 3370 5498 apotomen,

1791 5590 2101 5650 ultimarum
2123 5603 2313 5643 vocum
2335 5601 2665 5642 sacratorum.
2686 5591 2870 5638 Amen.

1881 5662 2010 5734 ΞΗ)
2041 5662 2093 5716 Id
2123 5670 2208 5718 cst
2231 5659 2458 5734 pingius,
2483 5672 2576 5714 seu
2601 5655 2868 5734 obliquas.

3117 5623 3312 5684 siis-“"1
3325 5623 3332 5642 ‘

3033 5683 3164 5730 ..τ-’Φῆ
3176 5723 3178 5726 μ
3203 5685 3215 5700 ’
3327 5690 3330 5693 ’

2467 5851 2480 5858 υ
2505 5815 2678 5850 μένομέν
2709 5823 2748 5839 “·“
2971 5807 3050 5836 ius...
