3920 6422
172 453 284 514 439
1279 455 1367 513 DE
1405 447 1806 513 HARMONICA
1844 449 2346 518 lNSTlTUTlONE.
3329 461 3436 525 ιω

175 571 400 626 ηιυείοεῦ
440 570 704 627 consistit.
749 568 854 624 Sed
878 569 994 626 haec
1020 569 1202 625 omnia
1230 583 1328 626 suo
1356 569 1413 624 in
1437 567 1556 624 loco
1582 568 1753 623 mani-
1779 569 1834 632 Α
1857 569 1985 623 tudo
2023 585 2254 636 morum,
2307 580 2368 625 ut
2413 570 2613 626 dictum
2647 577 2749 638 est,
2804 573 3070 629 conciliat.
3126 574 3263 632 Nam
3296 593 3436 647 .qua‘,

171 661 368 717 festius
394 662 926 718 demonstrabuntur.

247 763 360 819 Nec
385 763 514 818 illud
540 763 924 830 omittendum,
951 763 1091 833 quod
1120 763 1283 819 etiam
1329 763 1503 828 nervi,
1556 762 1609 816 id
1647 768 1752 826 est,

170 857 394 912 chordae
432 855 642 911 caelesti
687 856 906 911 musicae
952 865 1354 925 comparantur.
1394 854 1526 908 Nam
1555 853 1754 924 hypate

170 964 365 1006 meson
394 963 426 1002 a
449 947 671 1003 musicis
694 945 929 1002 Saturno
956 957 1038 1002 est
1068 946 1345 1002 attributa.
1372 944 1638 1016 Parypate
1663 942 1753 997 Jo-

167 1041 301 1096 viali
336 1039 539 1096 circulo
560 1039 853 1095 consimilis
886 1048 987 1095 est.
1033 1038 1303 1094 Lichanos
1350 1051 1537 1091 meson
1595 1033 1752 1088 Marti

171 1129 468 1185 tradidere.
516 1127 609 1182 Sol
650 1142 832 1184 meson
860 1127 1115 1183 obtinuit.
1146 1126 1332 1180 Triten
1365 1137 1753 1196 synemmenon

170 1219 358 1274 Venus
383 1220 564 1274 habet.
587 1217 852 1272 Paranete
867 1230 1255 1288 synemmenon
1274 1214 1572 1270 Mercurius
1594 1214 1750 1282 regit.

167 1309 310 1365 Nete
359 1318 541 1365 autem
583 1309 790 1362 lunaris
838 1307 1026 1363 circuli
1080 1315 1227 1362 tenet
1276 1305 1598 1376 exemplum.
1629 1303 1755 1360 Haac

167 1401 470 1456 secundum
515 1399 760 1454 Boetium
805 1397 973 1470 (546).
1007 1397 1177 1452 Porro
1204 1395 1394 1452 Cicero
1421 1395 1753 1452 contrarium

167 1494 420 1549 ordinem
470 1491 620 1548 facit.
653 1491 784 1545 Nam
813 1491 870 1545 in
901 1489 1122 1546 Somnio
1146 1488 1414 1560 Scipionis
1441 1489 1514 1542 ita
1537 1487 1753 1552 asserit,

167 1592 228 1639 et
260 1593 456 1637 natura
486 1582 611 1648 fert,
653 1583 984 1637 ut'extrcma
1011 1595 1078 1634 ex
1108 1580 1280 1635 altera
1310 1589 1467 1650 parte
1498 1579 1751 1651 graviter,

169 1689 242 1728 ex
286 1673 458 1728 altera
505 1683 684 1728 autem
739 1683 896 1728 acute
943 1681 1156 1728 sonent.
1203 1672 1377 1740 Quam
1418 1671 1488 1726 ob
1536 1686 1755 1726 causam

170 1783 422 1821 summus
447 1766 536 1822 ille
566 1766 689 1822 coeli
719 1765 944 1823 stellifer
981 1765 1079 1839 [αι.
1112 1765 1326 1837 cursus]
1359 1779 1571 1828 currus,
1605 1765 1759 1834 cujus

168 1860 464 1915 conversio
489 1867 570 1914 est
607 1858 945 1924 concitatior,
979 1866 1138 1915 acuto
1167 1866 1222 1912 et
1247 1857 1483 1913 excitato
1511 1865 1758 1912 movetur

1858 661 2164 730 asperiores
2200 671 2326 718 sunt
2361 671 2563 734 gentes,
2612 665 2917 722 durioribus
2952 667 3288 725 delectantur
3315 685 3436 729 mo.

1857 749 1941 805 dis
1969 768 1984 816 ;
2017 766 2139 820 quae
2166 766 2298 807 vero
2323 763 2616 809 mansuetae
2649 771 2712 811 ac
2755 757 3015 826 paciﬁcae,
3043 759 3363 820 lenioribus.

1925 840 2003 894 Ita
2031 842 2260 912 denique
2283 845 2458 900 omnis
2483 861 2693 901 morum
2722 849 2939 905 habitus
2965 853 3215 908 cantibus
3235 857 3443 922 guber—

1855 939 2017 986 natur
2043 939 2099 986 et
2135 933 2358 1003 regitur,
2389 944 2446 988 ut
2469 942 2523 990 et
2548 937 2614 991 ad
2659 938 2856 994 bellum
2886 945 3192 1012 progressui
3223 953 3278 1000 et
3305 946 3436 1002 item

1856 1022 2096 1091 receptui
2142 1032 2371 1078 canatur
2433 1039 2592 1082 cantu
2639 1029 2781 1084 tubae
2846 1031 3112 1089 excitante
3159 1045 3214 1091 et
3249 1053 3438 1093 rursus

1856 1114 2080 1170 sedaute
2119 1117 2374 1173 virtutem
2405 1119 2590 1174 animi.
2638 1120 2741 1177 Dat
2795 1134 2983 1180 cantus
3026 1142 3274 1196 somnos,
3324 1133 3440 1187 adi-

1858 1205 2079 1275 mitque,
2130 1222 2339 1262 necnon
2386 1225 2542 1266 curas
2571 1220 2626 1266 et
2671 1212 3060 1272 sollicitudines
3105 1220 3346 1276 immittit
3385 1233 3440 1278 et

1857 1295 2103 1350 retrahit.
2151 1296 2292 1352 Iram
2337 1301 2598 1371 suggerit,
2640 1303 2980 1360 clementiam
3009 1309 3220 1374 suadet,
3247 1327 3442 1382 corpo-

1857 1385 2214 1460 rum‘quoque
2237 1392 2440 1448 morbis
2466 1395 2729 1451 medetur.
2773 1397 3061 1468 Vulgatum
3108 1402 3305 1472 quippe
3334 1414 3439 1469 est,

1858 1492 2019 1548 quam
2045 1495 2187 1551 smpe
2237 1482 2525 1540 iracundas
2562 1495 2768 1543 mentes
2792 1490 3061 1546 cantilena
3094 1495 3440 1562 represserit,

1859 1581 2022 1636 quam
2047 1570 2218 1625 multa
2246 1572 2301 1627 in
2321 1589 2607 1644 corporum
2627 1578 2712 1632 vel
2737 1579 3041 1637 animarum
3065 1583 3442 1641 afﬂictionibus

1858 1657 2107 1714 miranda
2155 1663 2461 1732 perfecerit.
2501 1667 2757 1739 Denique,
2790 1680 2848 1726 ut
2888 1673 3080 1730 Cicero
3118 1687 3310 1732 auctor
3336 1688 3442 1743 est,

1859 1764 1986 1804 cum
2011 1751 2271 1810 vinolenti
2319 1757 2703 1827 adolescentes,
2753 1763 3003 1819 tibiarum
3042 1776 3205 1822 cantu
3247 1769 3444 1837 illiciti,

1860 1842 2103 1900 mulieris
2131 1846 2336 1916 pudica:
2363 1847 2508 1906 fores
2526 1851 2858 1924 frangerent,
2905 1864 2962 1910 ut
2989 1855 3107 1926 ejus
3129 1858 3445 1930 pudicitiam

169 1968 334 2018 sono,
360 1951 679 2021 gravissimo
710 1959 890 2006 autem
929 1951 1019 2006 hic
1066 1950 1274 2006 lunaris
1311 1959 1474 2022 atque
1515 1950 1751 2005 iniimus.

1868 1932 2165 2002 violarent;
2203 1935 2467 1995 intellexit
2493 1921 2850 2016 Pythagoras,
2894 1921 3031 2002 sono
3056 1921 3275 2021 Phrygii
3299 1951 3444 2006 modi

169 2044 312 2099 Nam
344 2054 487 2100 terra
512 2059 653 2100 nona
687 2043 976 2099 immobilis
1008 2057 1230 2100 manens
1256 2059 1364 2099 una
1393 2043 1519 2099 sede
1547 2057 1760 2113 semper

173 2137 373 2190 haeret.
399 2135 456 2189 ln
496 2135 597 2190 hoc
628 2134 794 2206 igitur
820 2133 940 2190 loco
965 2131 1156 2189 Cicero
1185 2142 1384 2188 terram
1411 2131 1565 2203 quasi
1597 2130 1761 2186 silen—

173 2227 316 2282 tium
363 2225 533 2296 ponit,
583 2225 791 2280 scilicet
865 2225 1216 2281 immobilem.
1272 2224 1400 2280 Post
1450 2225 1614 2286 hanc,
1666 2223 1760 2293 qui

170 2318 459 2388 proximus
489 2333 519 2371 a
546 2317 761 2372 silentio
799 2325 900 2383 est,
949 2318 1040 2372 dat
1085 2317 1227 2372 luna:
1256 2316 1636 2388 gravissimum
1665 2330 1758 2371 so-

171 2426 333 2475 num,
381 2417 443 2464 ut
482 2409 551 2463 sit
595 2408 722 2464 luna
762 2407 1357 2478 proslambanomenos,
1397 2423 1517 2478 quae
1560 2407 1761 2463 chorda

170 2500 499 2572 gravissime
549 2507 808 2566 resonat;
873 2499 1176 2556 Mercurius
1239 2499 1438 2571 hypate
1499 2499 1758 2570 hypaton,

170 2592 363 2648 Venus
388 2585 646 2664 parypate
675 2593 931 2664 hypaton,
951 2593 1041 2649 Sol
1065 2594 1310 2650 lichanos
1334 2595 1595 2666 hypaton,
1618 2594 1761 2650 Mars

167 2683 378 2755 hypate
431 2699 647 2754 meson;
679 2683 826 2740 Jovis
861 2694 1122 2756 parypate
1162 2701 1369 2752 meson,
1405 2687 1670 2742 Saturnus
1691 2686 1758 2742 li-

168 2775 383 2830 chanos
430 2790 642 2840 meson,
684 2776 893 2846 sphmra
939 2775 1175 2838 caelestis
1218 2791 1386 2832 mese.
1440 2776 1591 2831 Luna
1631 2791 1760 2845 ergo

169 2869 448 2924 Mercurio
496 2877 811 2941 comparata
860 2877 1046 2925 tonum
1083 2877 1318 2925 resonat.
1370 2870 1571 2926 Eadem
1608 2869 1762 2925 Luna

169 2977 303 3016 cum
351 2960 522 3017 Marte
569 2961 818 3032 diapente
865 2961 1273 3016 consonantiam
1297 2970 1468 3028 creat,
1500 2977 1621 3016 cum
1649 2961 1761 3017 sole

168 3052 538 3118 diatessaron,
586 3068 710 3107 cum
764 3054 974 3122 sphaera
1031 3053 1238 3108 caelesti
1280 3052 1560 3123 diapason.
1621 3051 1761 3107 Ecce

171 3143 348 3196 habes
377 3142 431 3196 in
458 3142 582 3198 caeli
617 3150 765 3198 motu
804 3143 970 3199 totius
1007 3144 1229 3199 musicae
1253 3158 1543 3199 summam.
1593 3142 1761 3213 Igitur

171 3239 296 3292 brec
318 3253 490 3309 pauca
506 3240 572 3294 de
594 3239 802 3295 cmlesti
819 3239 1024 3294 musica
1045 3238 1331 3295 sufﬁciant.
1351 3237 1408 3294 Si
1430 3239 1554 3309 quis
1577 3247 1758 3294 autem

1859 2025 2279 2086 adolescentium
2319 2033 2527 2091 animos
2573 2037 2641 2090 ad
2685 2037 2960 2094 libidinem
3003 2055 3127 2097 esse
3165 2043 3441 2100 incitatos.

1859 2117 1992 2175 Nam
2015 2137 2081 2178 ea
2101 2122 2238 2179 hora
2260 2125 2534 2183 stellarum
2578 2145 2770 2188 cursus
2795 2133 3130 2204 inspiciebat,
3153 2137 3446 2207 statimque

1860 2225 2151 2269 accurrens
2191 2215 2470 2272 admonuit
2509 2219 2807 2289 tibicinam,
2839 2233 2899 2278 ut
2929 2232 3162 2280 mutaret
3201 2229 3442 2291 modum,

1858 2309 1916 2355 et
1940 2302 2252 2370 spondaeum
2277 2314 2516 2361 caneret.
2544 2306 2699 2376 Quod
2725 2326 2850 2365 cum
2881 2312 2968 2366 illa
3010 2313 3246 2380 fecisset,
3275 2315 3446 2369 tardi-

1859 2400 1970 2473 tate
2006 2395 2291 2451 modorum
2319 2405 2374 2453 et
2411 2400 2674 2468 gravitate
2711 2404 2972 2471 canentis,
3008 2405 3222 2463 illorum
3258 2407 3444 2464 furens

1859 2486 2156 2556 petulantia
2182 2491 2446 2547 consedit.

1933 2577 2037 2633 Sed
2059 2579 2201 2649 quod
2225 2582 2293 2636 de
2321 2582 2599 2653 gentilium
2613 2585 2768 2643 libris
2784 2603 3210 2659 pro.er1mus,ex
3239 2594 3443 2650 nostris

1861 2666 2128 2724 afﬁrmare
2172 2687 2478 2742 possumus.
2525 2675 2769 2747 Namque
2817 2693 2939 2734 cum
2989 2680 3209 2738 Saulem
3258 2700 3443 2756 regem

1861 2761 2083 2830 spiritus
2107 2763 2282 2820 malus
2299 2766 2620 2836 exagitaret,
2655 2770 2820 2824 David
2840 2773 3153 2841 psalterium
3180 2777 3446 2847 arripiens

1861 2850 2109 2908 dulcibus
2129 2863 2185 2910 et
2209 2857 2464 2913 suavibus
2504 2860 2678 2916 modis
2705 2859 3041 2920 ferocitatem
3073 2865 3188 2934 ejus
3211 2870 3445 2938 pectoris

1863 2943 2164 3015 mitigabat.
2195 2946 2333 3014 Quid
2381 2948 2449 3004 de
2493 2949 2686 3006 Elisaeo
2732 2954 2993 3024 propheta
3041 2957 3311 3013 dicimus?
3341 2959 3444 3025 Qui

1863 3051 1983 3090 cum
2016 3053 2047 3091 a
2080 3055 2205 3108 rege
2248 3039 2612 3113 interrogatus
2656 3043 3010 3101 intellexisset
3053 3047 3141 3103 illa
3172 3049 3303 3103 hora
3336 3051 3444 3120 spi-

1862 3126 2024 3181 ritum
2050 3129 2344 3198 prophetia:
2363 3131 2416 3185 in
2438 3147 2496 3187 se
2523 3149 2631 3189 non
2653 3149 2792 3202 esse,
2821 3139 3072 3208 praecepit
3096 3139 3198 3195 sibi
3215 3140 3443 3210 psaltcm

1865 3218 2152 3287 adducere,
2205 3238 2436 3294 cumque
2482 3241 2666 3282 coram
2705 3243 2770 3284 eo
2793 3229 3067 3300 psalleret,
3108 3243 3328 3303 repente
3352 3235 3447 3291 de-

173 3284 296 3292 ---"
318 3284 490 3309 μ..--
508 3284 572 3294 ..ν
597 3284 802 3295 νην--.
820 3284 1024 3294 mu.--
1045 3284 1331 3295 -.._.-.....-.
1351 3284 1408 3294 η.
1433 3284 1553 3309 Ψ..-
1577 3284 1757 3294 πη.--

173 3330 296 3384 haec
321 3329 532 3399 plenius
563 3331 704 3387 scire
735 3331 1034 3398 desiderat,
1065 3331 1206 3402 legat
1235 3331 1532 3386 secundum
1558 3328 1757 3386 librum

1868 3311 2072 3370 scendit
2094 3284 2150 3367 in
2178 3330 2302 3370 eum
2339 3284 2592 3387 Spiritus,
2618 3327 2671 3373 et
2690 3284 3047 3392 prophetavit.

169 3417 438 3474 Macrobii
482 3422 680 3492 egregii
713 3421 1036 3493 philosophi,
1084 3423 1138 3478 in
1180 3422 1490 3493 supradicto
1535 3421 1760 3479 Somnio

172 3510 471 3581 Scipionis.
503 3512 619 3567 Hoc
645 3529 811 3567 unum
837 3514 1116 3578 addimus,
1153 3529 1262 3568 non
1283 3513 1457 3569 solum
1479 3513 1760 3583 gentilium

170 3601 550 3672 philosOphos,
585 3618 770 3658 verum
805 3603 1316 3678 etiamﬁhristiana:
1357 3604 1482 3659 ﬁdei
1511 3614 1762 3659 strenuos

171 3691 564 3760 praedicatores
591 3691 646 3746 in
678 3693 780 3748 hac
809 3692 1016 3748 caelesti
1052 3693 1336 3749 harmonia
1366 3694 1652 3751 assentire.

248 3780 305 3833 6.
348 3779 444 3836 ﬂis
481 3781 696 3837 omissis
717 3783 786 3837 ad
815 3783 1283 3853 contemplandam
1317 3785 1610 3840 humanam
1636 3801 1758 3840 mu-

169 3873 352 3928 sicam
377 3873 608 3928 transire
635 3882 866 3944 oportet.
896 3874 1157 3932 Omnibus
1184 3877 1491 3933 hominibus
1517 3887 1570 3933 et
1589 3880 1763 3933 omni-

173 3965 286 4018 bus
329 3964 600 4032 tetatibus,
648 3967 900 4036 omnique
947 3967 1100 4024 sexui
1145 3971 1462 4026 naturaliter
1503 3973 1763 4027 musicam

173 4070 305 4111 esse
341 4057 702 4127 conjunctam,
747 4060 900 4127 nulli,
953 4061 1047 4132 qui
1090 4064 1438 4134 semetipsum
1493 4065 1761 4137 intelligit,

171 4143 406 4200 dubium
433 4156 534 4202 est.
575 4148 705 4215 Quae
728 4150 872 4204 enim
919 4163 1073 4217 tetas,
1105 4161 1201 4207 aut
1226 4155 1319 4224 qui
1361 4169 1522 4210 sexus
1541 4157 1764 4211 musicis

174 4251 295 4291 non
321 4235 618 4293 delectatur
641 4239 965 4296 cantilenis?
1010 4241 1292 4312 Proprium
1317 4245 1534 4314 quidem
1573 4247 1765 4301 huma-

173 4327 376 4383 nitatis
395 4337 496 4395 est,
521 4330 780 4386 obiectari
800 4332 1042 4387 animum
1063 4333 1309 4390 dulcibus
1327 4336 1524 4403 modis,
1541 4350 1766 4408 exaspe-

1932 3403 2119 3474 ltaque
2142 3406 2282 3462 sicut
2300 3423 2400 3478 pro
2425 3418 2576 3466 certe
2598 3419 2765 3483 patet,
2791 3414 2934 3483 quod
2957 3415 3010 3469 in
3036 3415 3177 3472 bello
3199 3433 3446 3491 pugnan-

1864 3496 1998 3551 tium
2044 3499 2210 3555 animi
2261 3510 2421 3558 cantu
2468 3505 2714 3561 tubarum
2753 3509 3164 3576 accenduntur;
3222 3512 3295 3567 ita
3335 3530 3446 3568 non

1863 3594 1946 3642 est
1976 3587 2215 3657 dubium,
2250 3593 2393 3662 quod
2423 3598 2885 3656 conturbationem
2919 3600 3116 3658 mentis
3153 3604 3449 3663 modestior

1864 3695 1929 3736 ac
1975 3683 2192 3739 suavior
2231 3689 2533 3744 carminum
2578 3692 2768 3748 modus
2805 3695 2976 3763 possit
3016 3705 3334 3768 temperare.
3367 3700 3448 3756 Ex

1863 3773 1950 3829 bis
1979 3776 2229 3832 omnibus
2274 3781 2555 3850 perspicue
2579 3791 2634 3838 et
2681 3784 3048 3842 indubitanter
3101 3800 3345 3860 apparet,
3372 3793 3451 3849 ita

1865 3868 2020 3923 nobis
2054 3871 2314 3926 musicam
2355 3876 2672 3932 naturaliter
2705 3893 2826 3935 esse
2874 3881 3239 3952 coniunctam,
3277 3896 3336 3940 ut
3359 3901 3445 3952 ea,

1863 3976 1965 4016 nec
1988 3963 2033 4016 si
2063 3963 2292 4019 velimus
2332 3967 2569 4035 quidem,
2617 3984 2814 4027 canere
2839 3973 3132 4042 possimus.
3181 3977 3447 4043 Quocirca

1865 4054 2120 4122 erigenda
2145 4065 2228 4111 est
2257 4059 2454 4113 mentis
2480 4059 2731 4126 intentio,
2759 4071 2820 4116 ut
2843 4063 2918 4128 id,
2949 4065 3092 4133 quod
3126 4067 3446 4122 naturaliter

1864 4147 1919 4202 in
1969 4149 2124 4204 nobis
2169 4158 2254 4205 est
2294 4151 2538 4219 insitum,
2585 4154 2815 4210 scientia
2861 4171 3076 4226 quoque
3100 4159 3272 4226 possit
3323 4174 3446 4215 esse

1865 4241 2334 4309 comprehensum.

1934 4331 2088 4389 Nunc
2130 4342 2319 4401 restat,
2363 4343 2425 4391 ut
2451 4336 2668 4394 tertium
2720 4354 2890 4411 genus
2935 4343 3156 4400 musicae
3183 4347 3450 4402 naturalis

173 4420 299 4474 rari
325 4421 631 4476 contrariis.
665 4420 907 4492 Namque
927 4422 1158 4481 infantes
1182 4439 1247 4482 ac
1270 4423 1516 4495 juvenes,
1553 4442 1774 4484 necnon
1863 4422 2164 4491 videamus,
2212 4426 2358 4496 quod
2393 4443 2559 4498 supra
2601 4431 2945 4490 meminimus
2988 4434 3045 4490 in
3089 4435 3449 4496 irrationabili

173 4512 350 4568 etiam
374 4527 530 4568 senes
556 4514 630 4568 ita
657 4515 978 4570 naturaliter
996 4516 1189 4573 affectu
1215 4519 1446 4590 quodam
1470 4528 1765 4590 spontaneo
1865 4525 2114 4571 creatura
2167 4533 2308 4574 esse.
2341 4519 2419 4575 De
2465 4522 2570 4578 hoc
2607 4523 2791 4595 natiue
2833 4527 2957 4583 talis
2999 4528 3447 4603 philosophorum

173 4604 643 4662 modulationibus
693 4607 915 4664 musicis
973 4609 1356 4679 implicantur,
1395 4619 1458 4667 ιιι
1497 4611 1641 4668 nulla
1691 4614 1764 4669 sit
1788 4647 1842 4707 Β
1865 4606 2046 4676 Opinio
2073 4615 2176 4664 est.
2207 4607 2274 4665 Et
2320 4626 2428 4667 non
2471 4613 2691 4682 mirum,
2722 4616 2991 4688 inquiunt,
3033 4622 3078 4678 si
3106 4623 3250 4681 inter
3271 4626 3449 4683 homi-

173 4698 409 4753 omnino
469 4709 620 4766 retas,
667 4715 789 4770 quae
834 4716 1028 4772 expers
1079 4703 1150 4758 sit
1192 4704 1548 4762 delectatione
1591 4698 1834 4777 dulcis."
1866 4715 1962 4756 n05
1985 4703 2204 4758 mustea!
2239 4711 2388 4760 tanta
2414 4705 2713 4764 dominatio
2742 4718 2827 4766 est
2854 4727 2870 4777 ;
2896 4727 3021 4768 cum
3065 4729 3193 4774 aves
3213 4733 3446 4790 quoque,

171 4790 487 4844 cantilenae.
516 4790 630 4847 Etsi
673 4800 799 4846 sunt
846 4793 1106 4862 nonnulli,
1143 4795 1234 4866 qui
1260 4797 1416 4854 docte
1443 4812 1509 4854 ac
1527 4799 1766 4855 suaviter
1865 4802 1926 4849 ut
1953 4794 2213 4862 luscinia,
2239 4804 2297 4851 ut
2319 4797 2496 4868 cygni,
2522 4797 2746 4868 aliaeque
2781 4811 3001 4860 cantum
3024 4807 3190 4864 veluti
3214 4813 3451 4879 quadam

172 4883 306 4939 aliis
334 4899 530 4940 cauere
554 4899 661 4940 non
687 4893 936 4956 possunt,
961 4886 1064 4944 sibi
1094 4894 1275 4946 tamen
1298 4889 1500 4961 aliquid
1527 4891 1767 4947 insuavi-

174 4987 270 5034 ter
292 4993 460 5034 suave
480 4989 699 5036 canunt.

252 5081 548 5141 Sciendum
593 5095 876 5157 praeterea,
938 5091 1082 5161 quod
1123 5107 1305 5149 mores
1351 5093 1626 5150 hominum
1670 5109 1768 5165 per

173 5175 451 5231 musicam
477 5189 894 5248 cognoscuntur.
925 5181 1184 5241 Lascivus
1204 5186 1403 5262 quippe
1425 5203 1490 5244 ac
1515 5188 1766 5260 petulans

175 5265 402 5322 animus
425 5267 797 5328 lascivioribus
833 5273 1130 5331 delectatur
1159 5277 1359 5346 modis,
1390 5287 1484 5335 aut
1503 5280 1762 5352 frequen-

179 5365 274 5426 ter
298 5372 396 5414 eos
422 5360 645 5417 audiens
665 5363 936 5420 emollitur
969 5375 1132 5438 atque
1176 5365 1534 5427 effeminatur.
1567 5371 1611 5427 E
1637 5388 1767 5429 con-

173 5455 273 5502 tra
328 5447 513 5505 durior
567 5460 730 5522 atque
779 5453 1012 5512 ferocior
1055 5473 1209 5515 meus
1258 5460 1344 5516 vel
1404 5463 1766 5534 asperioribus

175 5540 406 5610 gaudet,
428 5543 515 5598 vel
542 5547 908 5615 asperioribus
935 5550 1210 5616 incitatur.
1255 5552 1441 5624 Neque
1464 5556 1608 5611 enim
1648 5556 1766 5614 fieri

177 5641 386 5702 potest,
420 5643 482 5689 ut
527 5637 705 5692 mollia
731 5639 898 5708 duris,
938 5642 1072 5699 dura
1114 5644 1368 5701 mollibus
1410 5647 1767 5705 adnectantur

178 5725 599 5796 aut_gaudeant,
625 5731 718 5787 sed
745 5746 985 5791 amorem
1031 5736 1548 5813 delectationemque
1576 5742 1764 5798 simili-

261 5880 411 5953 (546)
437 5881 550 5940 Lib.
580 5855 918 5957 “capis-1."

435 5980 705 6042 Parnm"
740 5984 1060 6049 CXXXII.
1090 5992 1122 6066 Ι

1866 4884 2147 4955 disciplina
2177 4888 2397 4942 musicae
2444 4890 2578 4944 artis
2622 4901 2952 4960 exerceant;
3005 4898 3146 4954 unde
3193 4900 3449 4972 Virgilius

1867 4977 1934 5032 de
1973 4977 2158 5048 cygnis
2204 4979 2321 5032 ait:
2367 4979 2492 5034 dant
2540 4995 2632 5050 per
2671 4981 2806 5036 colla
2857 4985 3086 5052 modos;
3133 4996 3192 5043 et
3228 5000 3448 5048 caetera.

1866 5065 2147 5124 Nonnullae
2169 5083 2298 5125 vero
2337 5084 2465 5125 aves
2494 5080 2721 5128 terrenae
2757 5074 2841 5130 vel
2879 5077 3142 5146 aquatiles
3186 5079 3452 5142 invitante

1871 5167 2036 5214 cantu
2077 5159 2133 5215 in
2182 5160 2319 5216 retia
2360 5161 2445 5217 vel
2484 5165 2710 5235 aucupia
2751 5175 2942 5237 sponte
2981 5169 3291 5228 decurrunt.
3340 5174 3454 5232 Nec

1872 5255 2050 5311 minus
2092 5263 2178 5312 est
2199 5253 2328 5311 illud
2363 5256 2700 5327 intuendum,
2745 5262 2889 5331 quod
2934 5265 3220 5334 pastoralis
3269 5268 3448 5324 fistula

1871 5355 2086 5420 pastum
2125 5348 2396 5420 gregibus,
2438 5365 2783 5423 progressum
2829 5362 2992 5424 atque
3011 5355 3250 5426 quietem
3280 5358 3451 5430 impe-

1867 5448 1977 5496 ret.
2014 5437 2121 5495 Sed
2148 5449 2203 5497 et
2231 5440 2286 5497 in
2326 5442 2465 5497 mari
2496 5442 2715 5498 Sirenes
2753 5452 2943 5501 cantus
2980 5447 3142 5504 edere
3165 5448 3349 5507 dulces
3372 5451 3453 5508 fe-

1875 5542 2086 5591 runtur.
2125 5534 2255 5592 lure
2283 5535 2447 5607 igitur
2472 5536 2677 5592 musica
2702 5537 2913 5606 capitur
2943 5553 3102 5596 omne
3128 5543 3270 5612 quod
3292 5545 3448 5612 vivit,

1874 5626 1999 5697 quia
2027 5625 2263 5682 caelestis
2289 5628 2490 5694 anima,
2521 5643 2627 5697 qua
2656 5629 2926 5684 animatur
2974 5631 3320 5702 universitas,
3343 5637 3454 5691 ori—

1871 5719 2053 5788 ginem
2081 5719 2313 5789 sumpsit
2338 5734 2405 5773 ex
2435 5719 2660 5788 musica,
2691 5730 2750 5776 ut
2775 5719 2982 5780 Platoni
3009 5733 3066 5781 et
3084 5724 3199 5794 ejus
3220 5738 3452 5784 sectato-

1873 5811 2022 5867 ribus
2069 5812 2264 5882 placet.
2312 5811 2438 5868 Haec
2480 5813 2547 5870 de
2593 5815 2822 5872 naturali
2880 5818 3087 5876 musica
3127 5821 3448 5878 succinctim

1871 5904 2301 5975 perstrinximus.

2991 6007 3066 6068 16
3445 6016 3463 6091 ξ
