3848 5872
449 413 546 470 491

1547 353 1916 482 REGlNONlS
1949 412 2364 506 PRUMIENSIS
2401 413 2692 474 ABBATIS

3622 420 3721 479 ειη

521 533 576 586 7.
603 531 797 588 Restat
821 539 880 586 ut
907 530 976 587 de
1001 531 1273 590 artiﬁciali
1298 533 1534 592 breviter
1555 535 1856 591 videamus.
1887 535 2035 591 Arti-
2064 547 2112 600 Α
2142 530 2474 586 dissonantia
2519 541 2602 589 est
2641 533 2869 589 duorum
2903 546 3159 590 sonorum
3189 533 3410 590 sibimet
3438 536 3718 606 permisto-

450 621 642 682 licialis
662 621 868 698 musica
898 620 1120 689 dicitur,
1147 638 1269 694 quae
1304 634 1424 681 arte
1465 625 1762 700 etingenio
1799 627 2036 682 humano

447 714 748 788 excogitata
799 720 905 791 est,
933 723 988 770 et
1023 715 1262 784 inventa,
1305 732 1426 788 qua:
1462 717 1518 773 in
1553 717 1876 792 quibusdam
1907 733 2038 776 con-

447 806 593 864 sistit
629 807 1023 866 instrumentis.
1071 809 1141 866 Et
1173 810 1291 867 haec
1329 810 1580 868 similiter
1618 812 1674 870 in
1709 814 1810 869 tria
1839 828 2036 888 genera

445 895 722 964 dividitur,
752 897 1004 954 videlicet
1025 899 1080 954 in
1109 900 1378 970 teusibile,
1422 901 1664 969 inilatile,
1692 911 1749 960 et
1769 902 2038 975 percussi-

447 987 572 1045 bile.
601 989 875 1048 Tensibile
909 989 970 1046 ﬁt
1014 991 1318 1050 intensione
1359 995 1706 1066 chordarum,
1738 1004 1796 1052 ut
1823 1005 1953 1067 puta
1977 997 2037 1052 in

445 1081 584 1153 lyra,
611 1081 846 1152 cithara,
869 1085 1062 1156 barpa,
1096 1094 1152 1142 et
1199 1085 1528 1157 huiusmodi.
1570 1088 1802 1146 lnllatile
1828 1099 2034 1158 autem,

441 1179 586 1250 quod
610 1179 806 1250 spiritu
829 1178 916 1236 vel
950 1187 1114 1238 vento
1141 1181 1456 1254 impellitur,
1486 1183 1621 1240 utin
1649 1183 1814 1251 tibiis,
1841 1185 2030 1252 musis,

440 1271 660 1338 ﬁstulis,
701 1273 941 1345 organis,
969 1283 1028 1330 et
1071 1274 1158 1334 his
1189 1275 1472 1334 similibus.
1504 1277 1866 1337 Percussibile
1903 1293 2035 1336 vero

439 1370 548 1430 est,
577 1363 721 1433 quod
747 1363 810 1420 ﬁt
839 1363 892 1420 in
923 1365 1245 1435 quibusdam
1291 1369 1546 1424 concavis
1582 1369 1742 1426 areis
1785 1372 1952 1438 vasis,
1976 1379 2034 1428 et

439 1454 563 1511 aliis
589 1455 988 1524 instrumentis,
1021 1472 1146 1516 cum
1169 1459 1326 1531 pulsu
1347 1471 1404 1517 et
1425 1461 1663 1532 quadam
1685 1464 2034 1534 percussione

437 1543 733 1615 feriuntur,
762 1554 926 1619 atque
961 1549 1088 1606 inde
1111 1550 1309 1612 diversi
1349 1551 1662 1612 eﬂiciuntur
1705 1557 1852 1624 soni,
1887 1557 2029 1615 utin

438 1636 724 1708 cymbalis,
763 1642 1054 1712 tympanis,
1101 1652 1158 1700 et
1201 1651 1419 1704 cattera.
1467 1645 1629 1704 Omni
1675 1656 1860 1706 autem
1885 1650 2030 1707 noti-

2138 635 2259 676 rum
2290 617 2358 677 ad
2389 637 2576 678 aurem
2605 625 2828 681 veniens
2866 639 3059 695 aspera
3087 631 3250 696 atque
3283 623 3577 694 injucunda
3601 643 3716 700 per-

2134 713 2335 770 cussio.
2368 713 2791 771 Consonantiam
2826 731 2956 773 vero
2996 715 3123 774 licet
3167 716 3381 773 aurium
3425 733 3618 777 sensus
3643 719 3718 777 di-

2130 799 2360 875 judicet,
2390 806 2532 862 ratio
2561 817 2740 863 tamen
2769 807 3074 879 perpendit.
3119 805 3387 878 Quotiens
3422 810 3573 866 enim
3611 812 3722 869 dua:

2133 895 2352 952 chordae
2393 896 2769 966 intenduntur,
2809 906 2864 954 et
2892 913 3000 954 una
3048 913 3117 954 ει
3158 899 3244 955 his
3285 900 3528 972 gravius,
3561 902 3720 959 altera

2134 986 2349 1044 acutius
2379 997 2620 1058 resonat,
2650 989 2920 1062 simulque
2945 988 3116 1060 pulsa:
3142 991 3378 1047 reddunt
3408 992 3720 1064 pennist

2133 1077 2533 1148 quodammodo
2579 1086 2635 1134 et
2675 1093 2897 1136 suavem
2946 1093 3161 1148 sonum,
3195 1081 3426 1154 duasque
3475 1097 3636 1140 voces
3671 1085 3720 1140 in

2132 1185 2302 1226 unum
2347 1171 2504 1242 quasi
2551 1171 2850 1244 conjuncta:
2897 1172 3226 1241 coalescunt,
3259 1183 3392 1230 tunc
3429 1174 3493 1231 ﬁt
3522 1191 3588 1232 ea
3612 1191 3721 1248 qua

2133 1260 2332 1317 dicitur
2359 1263 2734 1319 consonantia.
2759 1263 2894 1320 Cum
2919 1278 3047 1321 vero
3069 1265 3233 1321 simul
3254 1265 3431 1338 pulsis
3457 1266 3566 1324 sibi
3587 1269 3719 1338 quis-

2132 1365 2240 1422 que
2265 1353 2539 1409 contraire
2569 1353 2780 1424 nititur,
2812 1369 2913 1412 nec
2939 1356 3272 1425 permiscent
3297 1359 3366 1415 ad
3393 1373 3584 1416 aurem
3608 1375 3720 1416 sua-

2133 1459 2254 1500 vem
2309 1453 2473 1518 atque
2513 1464 2682 1504 unum
2726 1465 2794 1506 ex
2845 1449 3056 1506 duobus
3103 1452 3476 1524 compositum
3516 1467 3721 1524 sonum,

2134 1546 2264 1595 tunc
2286 1547 2372 1595 est
2397 1554 2519 1611 qua:
2547 1540 2745 1597 dicitur
2773 1541 3130 1600 dissonantia.

2203 1628 2343 1686 Sunt
2368 1640 2556 1689 autem
2585 1635 2821 1704 numeri,
2852 1635 2945 1707 qui
2977 1637 3367 1696 consonantiae
3393 1655 3610 1712 creant,
3635 1651 3719 1700 aut

437 1729 567 1784 tiam
590 1728 751 1800 huius
771 1733 906 1794 artis
929 1733 1132 1800 habere
1153 1736 1395 1806 cupienti
1422 1739 1704 1796 sciendum
1727 1749 1836 1806 est,
1859 1742 2022 1813 quod,

2136 1737 2227 1793 per
2271 1739 2408 1795 quos
2452 1725 2587 1798 ipsa;
2626 1731 3002 1789 consonantiae
3049 1731 3462 1806 discernuntur,
3501 1746 3718 1794 tantum-

434 1833 750 1891 qmqm
769 1824 1035 1885 naturalis
1059 1827 1268 1886 musica
1293 1828 1454 1900 longe
1475 1834 1748 1901 pm,
1769 1835 2028 1892 πύθοιο,
2131 1815 2292 1875 modo
2319 1833 2435 1886 sex,
2475 1819 2530 1876 id
2573 1829 2658 1878 est
2699 1823 2972 1896 epitritus,
3003 1828 3312 1899 hcmiolius,
3341 1830 3607 1904 duplaris,
3634 1835 3717 1890 tri-

431 1909 564 1978 ιω,
583 1911 764 1970 “unus
791 1921 974 1974 mn
997 1916 1111 1974 vim
1126 1920 1398 1978 “unus
1423 1923 1646 1982 musica
1669 1940 2025 1998 "eam,
2054 1907 2318 1980 Bplaris,
2343 1912 2698 1986 quadruplus,
2723 1924 2778 1972 et
2801 1919 3092 1992 epogdous.
3114 1919 3216 1978 Est
3241 1931 3428 1980 autem
3461 1925 3714 1997 epitritus,

431 2015 493 2057 re
539 2011 740 2074 potest,
789 2005 896 2070 nisi
945 2022 1044 2079 per
1089 2010 1452 2070 artiﬁcialem.
1497 2015 1666 2087 igitur
1712 2018 1964 2086 quamvis
1993 2031 2022 2076 ιι

2136 2018 2250 2060 cum
2287 2005 2352 2061 de
2387 2005 2598 2064 duobus
2644 2009 2888 2067 numeris
2928 2010 3104 2082 major
3147 2013 3315 2071 habet
3343 2024 3528 2072 totum
3557 2017 3718 2072 mino-

431 2094 666 2150 naturali
689 2105 894 2154 nostras
910 2099 1510 2172 disputationis‘sermo
1549 2110 1898 2177 processerit,
1926 2124 2026 2166 ne-

431 2199 588 2242 cesse
611 2195 720 2254 est,
751 2197 812 2244 ut
833 2189 891 2246 in
913 2191 1183 2250 artiﬁciali
1213 2195 1456 2263 ﬁniatur,
1489 2205 1552 2253 ut
1567 2212 1668 2268 per
1696 2214 1814 2256 rem
1834 2199 2022 2258 visibi-

437 2275 544 2334 lem
570 2277 898 2338 invisibilem
935 2281 1316 2344 demonstrare
1335 2287 1632 2345 valeamus.

497 2390 682 2448 8.‘His
727 2396 1044 2452 summatim
1081 2399 1376 2470 praelibatis
1425 2402 1540 2474 jam
1575 2405 1718 2460 ratio
1755 2405 2020 2477 exposcit,

428 2489 491 2538 ut
536 2482 706 2554 ipsam
755 2487 1022 2544 musicam
1091 2491 1400 2561 diligentius
1445 2497 1888 2568 contemplemur.
1942 2497 2024 2554 Ae

426 2573 606 2644 primo
666 2576 994 2647 dicendum,
1044 2582 1188 2638 unde
1248 2583 1464 2640 dicatur
1508 2588 1712 2644 musica
1742 2590 1768 2642 τ
1818 2589 2020 2657 Musica

431 2665 631 2722 dicitur
655 2681 686 2722 a
715 2669 912 2736 musis,
956 2673 1100 2742 quod
1133 2673 1556 2733 instrumentum
1593 2678 1742 2751 (547)
1767 2681 2019 2738 omnibus

427 2757 655 2816 musicis
687 2759 1065 2820 instrumentis
1101 2772 1316 2822 veteres
1355 2767 1754 2840 pratisrendum
1797 2771 2019 2844 dignum

425 2848 718 2918 duxerunt,
749 2853 864 2910 sive
879 2855 1025 2925 quod
1050 2858 1309 2929 primu,
1357 2869 1419 2916 ut
1441 2862 1618 2931 siut,
1643 2877 1673 2918 a
1711 2873 1904 2920 natura
1936 2867 2020 2921 in-

427 2951 654 2997 ventum
672 2950 756 2998 est
781 2959 798 3010 ;
837 2945 955 3002 sive
979 2949 1176 3018 potius,
1202 2952 1348 3022 quod
1374 2952 1429 3008 in
1458 2953 1578 3025 ipso
1600 2957 1780 3014 omnis
1809 2961 2016 3017 musica

429 3033 695 3106 perfectio
717 3040 1046 3097 continetur.
1081 3043 1220 3100 Nam
1244 3045 1300 3102 in
1343 3049 1713 3120 superioribus
1738 3053 2019 3110 foramini-

421 3124 528 3182 bus
552 3141 744 3186 omnes
791 3135 1178 3204 consonantiae,
1219 3145 1276 3194 et
1323 3139 1436 3194 toni
1487 3141 1850 3200 demonstrari
1886 3161 2016 3216 pos-

425 3226 586 3273 sunt:
606 3220 815 3280 duobus
835 3223 1184 3286 inferioribus
1209 3233 1499 3292 semitonia
1521 3239 1696 3310 majus
1721 3255 1786 3297 ac
1811 3243 2010 3299 minus.

2124 2111 2266 2181 rem,
2305 2109 2362 2155 et
2399 2099 2624 2174 insuper
2651 2101 2769 2173 ejus
2804 2105 3021 2163 tertiam
3051 2117 3290 2180 partem,
3323 2119 3388 2168 ut
3431 2121 3567 2170 sunt
3603 2128 3719 2185 qua—

2127 2176 2254 2244 tuor
2285 2191 2353 2246 ad
2391 2192 2515 2248 tria.
2557 2191 2693 2250 Nam
2739 2196 2795 2252 in
2843 2176 3079 2268 quatuor
3111 2212 3244 2258 sunt
3272 2176 3432 2272 tria,
3477 2211 3538 2260 et

2125 2293 2257 2350 pars
2287 2283 2468 2349 trium,
2501 2285 2556 2342 id
2585 2295 2670 2344 est
2694 2303 2882 2346 unum.
2923 2290 2992 2346 Et
3019 2282 3066 2348 is
3094 2307 3360 2353 numerus
3402 2305 3640 2354 vocatur
3672 2297 3716 2352 in

2122 2372 2471 2434 arithmetica
2521 2380 2928 2452 sesquitertius,
2960 2385 3133 2458 deque
3177 2402 3244 2443 eo
3292 2390 3552 2446 nascitur
3596 2406 3716 2464 sym-

2123 2465 2348 2535 phonia,
2383 2469 2435 2524 id
2467 2481 2549 2527 est
2585 2476 2966 2544 consonantia,
2996 2493 3119 2550 qua:
3155 2479 3210 2537 in
3249 2482 3472 2540 musica
3501 2485 3716 2557 appella

2123 2561 2216 2612 tur
2244 2558 2601 2619 diatessaron.

2198 2648 2499 2712 llemiolius
2523 2665 2629 2723 est,
2665 2673 2790 2715 cum
2818 2671 2885 2720 de
2915 2663 3128 2723 duonus
3154 2670 3401 2726 numeris
3433 2669 3614 2740 major
3636 2672 3718 2728 ha-
3808 2663 3809 2682 ¹

2123 2741 2218 2798 bet
2249 2751 2419 2802 totum
2453 2748 2738 2819 minorem,
2769 2763 2826 2811 et
2869 2755 3090 2828 insuper
3116 2759 3233 2832 eius
3262 2762 3645 2834 medietatem,
3667 2777 3718 2820 ut
3808 2819 3809 2836 γ

2121 2843 2248 2890 sunt
2292 2839 2393 2892 tria
2431 2841 2501 2896 ad
2540 2843 2664 2899 duo.
2707 2843 2845 2904 Nam
2877 2849 2934 2906 in
2963 2851 3136 2909 tribus
3163 2862 3290 2908 sunt
3318 2855 3452 2924 duo,
3476 2867 3534 2913 et
3560 2858 3714 2914 undis
3808 2841 3809 2844 η

2118 2938 2249 2994 pars
2279 2941 2492 2997 eorum,
2530 2931 2583 2988 id
2614 2942 2698 2990 est
2737 2953 2926 2996 unum.
2968 2941 3039 2996 Et
3075 2943 3382 3014 appellatur
3419 2948 3516 3004 hic
3547 2964 3715 3006 nume—
3808 2953 3809 2960 “

2120 3029 2214 3070 rus
2255 3021 2578 3097 sesquialter
2608 3025 2664 3080 in
2691 3027 3058 3099 arithmetica,
3083 3044 3138 3090 et
3170 3037 3236 3092 de
3260 3051 3327 3094 eo
3365 3037 3431 3094 ﬁt
3470 3043 3712 3113 sympho-

2121 3103 2235 3171 nia,
2267 3120 2388 3179 qua:
2435 3126 2784 3188 nuncupatur
2830 3119 3109 3192 Diapente.
3161 3124 3419 3198 Duplaris
3471 3103 3716 3188 numerus

2120 3206 2222 3281 est,
2259 3216 2385 3258 cum
2420 3205 2487 3261 de
2525 3207 2738 3268 duobus
2782 3215 3028 3273 numeris
3073 3217 3252 3278 minor
3287 3221 3348 3278 in
3388 3226 3604 3297 majore
3645 3227 3717 3284 bis

424 3308 636 3366 Dicitur
693 3324 886 3370 autem
915 3332 946 3372 a
1003 3335 1157 3376 musa
1209 3325 1434 3392 musica,
1493 3291 2016 3405 sicui—‘aﬂvgrainmva
2045 3291 2096 3358 ο
2631 3311 2758 3357 sum
2819 3315 3054 3405 quatuor
3091 3309 3172 3405 ad‘
3215 3311 3356 3380 (1υοί
3401 3325 3462 3371 ει
3511 3333 3586 3372 ex
3627 3318 3718 3374 hoc

421 3407 799 3498 grammatic,
827 3415 884 3464 et
930 3425 962 3466 a
1012 3413 1302 3472 rbetoreon
1344 3418 1671 3498 (ῥητόρειον),
1703 3425 1879 3494 idest,
1913 3427 2020 3484 elo-

421 3496 658 3554 cutionis
675 3501 858 3572 copia,
881 3504 1172 3578 rhetorica,
1194 3519 1250 3566 ει
1293 3512 1364 3569 ab
1381 3496 1638 3584 arithmo,
1689 3518 1744 3574 id
1787 3531 1890 3588 cst,
1919 3537 2018 3578 nu-

421 3602 596 3656 mero,
646 3594 1012 3666 arithmetica,
1044 3608 1100 3656 et
1149 3615 1180 3657 a
1224 3619 1290 3674 ge
1316 3603 1450 3680 (γῆ),
1474 3607 1530 3662 id
1559 3618 1666 3678 est,
1695 3618 1864 3680 terra,
1894 3629 2019 3686 geo-

423 3681 644 3748 metria,
673 3687 820 3742 etab
863 3698 1031 3756 astro,
1063 3692 1117 3747 id
1151 3702 1252 3760 est,
1283 3697 1463 3764 stella,
1489 3701 1800 3773 astrologia.

500 3789 554 3844 9.
595 3790 704 3847 Sed
733 3804 1022 3867 antequam
1064 3813 1250 3872 partes
1289 3809 1510 3866 musicae
1532 3809 1889 3872 institutionis
1912 3819 2020 3874 dis-

425 3892 749 3950 cernamus,
795 3886 1030 3958 primum
1069 3891 1138 3952 de
1176 3911 1306 3954 voce
1347 3908 1402 3955 et
1443 3917 1578 3978 sono
1625 3903 1830 3978 aliquid
1873 3910 2019 3967 dica-

425 3987 562 4030 mus.
608 3974 932 4050 Quanquam
981 3984 1165 4060 itaque
1210 3993 1387 4049 omn'is
1429 3974 1532 4051 vox
1576 4013 1743 4058 sonus
1787 4003 1877 4071 sit,
1911 4022 2018 4063 non

427 4074 606 4122 tamen
635 4071 817 4128 omnis
858 4085 1024 4132 sonus
1071 4089 1216 4136 recte
1255 4097 1358 4140 vox
1387 4085 1494 4142 dici
1524 4098 1722 4160 potest.
1751 4093 1828 4150 Ea
1856 4095 2020 4168 igitur

423 4167 698 4228 creatura,
727 4175 852 4234 quae
869 4167 1026 4224 vitali
1050 4173 1242 4244 spiritu
1271 4178 1563 4248 aspiratur,
1591 4199 1782 4242 vocem
1808 4167 2016 4258 reddit;

423 4261 544 4348 quae
583 4267 713 4310 vero
757 4257 939 4325 pulsu,
975 4261 1084 4317 ictu
1133 4266 1217 4321 vel
1259 4267 1388 4326 ﬂatu
1437 4272 1753 4348 impellitur,
1802 4257 2015 4338 sonum;

423 4337 614 4438 (lminis
643 4355 824 4401 autem
853 4365 958 4405 rex
981 4362 1076 4408 aut
1097 4359 1363 4426 syneches
1393 4337 1543 4438 (548)
1569 4343 1676 4436 est,
1699 4337 1753 4427 id
1779 4382 1864 4428 est
1891 4337 2020 4431 con?

425 4432 596 4535 tinea,
625 4453 733 4507 qua
773 4439 1060 4512 loquentes
1101 4459 1194 4504 aut
1221 4432 1536 4515 lectionem
1561 4432 1820 4535 legentes,
1851 4459 2020 4526 verba

423 4527 782 4636 nominatim
807 4541 1203 4636 percurrimus
1244 4561 1260 4600 :
1302 4559 1396 4605 aut
1437 4527 1817 4618 diastciuatice
1841 4563 2016 4636 (349),

425 4617 480 4672 id
515 4628 602 4674 est
639 4637 762 4678 cum
806 4625 1094 4689 intervallo
1122 4649 1407 4710 suspensa,
1437 4661 1598 4716 quam
1644 4617 1887 4712 canendo

2123 3377 2336 3450 duplari
2389 3387 2632 3447 nascitur
2671 3395 3036 3468 symphonia,
3086 3401 3181 3459 eui
3228 3377 3432 3464 nomen
3477 3419 3568 3466 est
3607 3409 3716 3466 Dia-

2124 3490 2316 3546 pasou.

2195 3566 2460 3643 Triplaris
2487 3586 2594 3645 est,
2629 3595 2756 3639 cum
2800 3583 2868 3641 de
2907 3585 3118 3646 duobus
3159 3593 3408 3652 numeris
3441 3598 3630 3655 utilior
3649 3609 3718 3654 ter

2123 3659 2176 3716 in
2205 3663 2412 3735 majore
2438 3681 2759 3732 numeratur
2799 3687 2860 3733 ut
2899 3689 3032 3738 sunt
3067 3683 3176 3742 tria
3217 3687 3292 3744 ad
3333 3704 3528 3756 unum,
3563 3702 3626 3748 et
3657 3709 3714 3748 ex

2125 3754 2228 3812 hoc
2259 3760 2474 3834 triplari
2497 3765 2674 3823 oritur
2703 3773 3046 3844 symphonia,
3076 3792 3204 3849 quae
3225 3754 3591 3855 nuncupatur
3617 3788 3716 3842 dia-

2120 3865 2296 3921 pason
2339 3870 2464 3912 cum
2527 3859 2798 3933 diapente.
2856 3868 3252 3942 Quadruplaris
3300 3892 3572 3936 ments
3613 3891 3714 3942 est.

2121 3958 2246 4002 cum
2273 3951 2340 4004 de
2369 3949 2578 4009 duobus
2605 3959 2850 4016 numeris
2875 3960 3054 4020 minor
3081 3975 3280 4035 quater
3303 3969 3368 4025 in
3393 3970 3608 4038 mare
3629 3987 3718 4027 ιιι-

2122 4047 2386 4107 meratur,
2414 4052 2476 4098 ut
2519 4054 2648 4104 sunt
2685 4059 2922 4120 quatuor
2966 4054 3038 4112 ad
3086 4071 3256 4114 unum
3285 4073 3300 4113 :
3327 4061 3426 4130 qui
3471 4079 3718 4120 unum

2121 4127 2252 4187 facit
2276 4136 2679 4208 symphoniam,
2701 4156 2868 4212 quam
2889 4145 3080 4207 dicunt
3098 4149 3187 4205 his
3207 4127 3516 4224 Disp—asoti.

2195 4225 2482 4300 Epogdous
2511 4241 2596 4288 est
2623 4251 2904 4306 nutrieras,
2935 4239 3032 4309 qui
3069 4241 3214 4300 intra
3254 4260 3314 4302 se
3345 4246 3516 4304 habet
3559 4249 3720 4305 urite-

2123 4333 2258 4385 rem,
2284 4330 2342 4380 et
2384 4323 2606 4396 insuper
2635 4328 2752 4398 ejus
2785 4343 3038 4390 octavam
3069 4344 3309 4406 partem,
3337 4349 3400 4396 ut
3423 4357 3636 4399 non.
3659 4342 3718 4395 al

2121 4421 2270 4482 octo,
2301 4417 2430 4486 quia
2459 4419 2518 4476 in
2545 4436 2746 4480 novem
2775 4435 2836 4482 ει
2865 4435 2994 4484 octo
3018 4438 3171 4496 sunt,
3198 4441 3254 4488 et
3283 4434 3516 4507 insuper
3535 4447 3720 4492 eam:

2120 4521 2250 4577 pars
2278 4524 2490 4579 εθιιιιιι,
2523 4515 2580 4570 id
2601 4526 2689 4572 est
2710 4533 2898 4575 imum.
2923 4521 3220 4594 Appellant
3242 4537 3428 4584 autem
3456 4531 3608 4587 hunc
3631 4548 3720 4585 nn-

2122 4611 2336 4656 merum
2379 4603 2716 4664 aritblnetici
2763 4612 3222 4682 sesquioctavnn.
3263 4617 3422 4675 Parit
3465 4637 3603 4678 suo
3643 4622 3720 4676 hic

423 4713 760 4786 spendimus,
785 4719 840 4773 in
869 4735 976 4793 qua
1007 4739 1116 4782 non
1142 4697 1502 4805 sermonibus,
1531 4741 1626 4798 sed
1658 4746 1889 4806 modulis
1927 4749 2015 4810 in-
2041 4697 2095 4758 Β
2118 4709 3280 4823 ,ξι
3305 4715 3726 4823 ~50-

425 4807 728 4876 servi-mus;
756 4811 820 4867 de
851 4825 956 4886 qua
991 4821 1154 4877 modo
1183 4837 1362 4882 sermo
1389 4841 1653 4888 versatur.

2136 4803 2254 4848 sum
2281 4805 2417 4848 vero
2439 4801 2568 4851 tono
2591 4801 2864 4855 minorem
2885 4811 3101 4862 veteres
3123 4806 3353 4876 eludent
3372 4811 3728 4867 semita-iu-

708 4881 918 4971 ερηηηξι.
953 4941 1132 4971 περ...
1186 4881 1700 4971 η..η,.ί,.;ζζ’ζζ“ἶ,’,-.
1737 4960 1779 4971 ._
2123 4881 2362 4940 ποοίίυθ
2401 4885 2697 4945 Mm“
2734 4907 2749 4942 ε
2787 4892 2886 4947 θεά
2919 4908 3036 4952 n0-
3067 4895 3145 4951 λιι
3178 4899 3568 4971 accipiendum
3617 4913 3729 4964 est.

498 4919 586 4976 10.
627 4921 918 4984 Sciendum
951 4941 1157 5002 autem,
1185 4941 1328 5008 quod
1355 4957 1423 4998 ex
1452 4959 1585 5004 voce
1612 4958 1705 5005 aut
1737 4960 1870 5012 tono
1890 4971 2018 5028 pro-

437 4975 918 5060 mai";
951 4975 1333 5060 :f'vzia‘lu‘v‘:
1355 4975 1423 4998 εδ
1458 4975 2018 5060 νυυυ“ειυι¹ωηθι)το·
2121 4983 2184 5028 ιιι
2227 4975 2483 5035 dimidius
2527 4989 2688 5038 tonus
2735 4994 2980 5055 putetur,
3025 4990 3148 5060 quia
3185 5007 3298 5049 nec
3338 4997 3732 5054 seruiunt-

425 5023 643 5126 ereatur
679 5029 1055 5126 consonantia.
1087 5028 1198 5089 Sed
1219 5045 1276 5092 et
1301 5038 1407 5098 hoc
1435 5047 1843 5120 attendendum,
1871 5023 2014 5126 quod

426 5065 480 5156 ἐζ.
494 5065 1843 5156 'gig“;.;;.'.;::::::'1‘:..::“‘t::.“:’f.ratrme
1871 5065 2014 5156 qi?“
2119 5065 2174 5122 ίη
2217 5065 2416 5128 “neris
2451 5086 2550 5144 Ρνο
2592 5074 2892 5136 “diem
2921 5080 3128 5142 ν⁰⁰²¹⁵⁸
3161 5085 3498 5156 δεπενδε-
3529 5089 3740 5146 ωδε

425 5106 480 5160 in
507 5106 594 5164 his
614 5113 838 5170 vocibus
866 5126 960 5174 aut
987 5123 1158 5190 sonis,
1189 5141 1308 5198 quae
1335 5131 1480 5188 nulla
1509 5106 2012 5210 ίιιωηωιίἰὲἱθῖἷιε-
2119 5106 2820 5219 ξιῷἐῖὲῗυξδηῖιᾜῖ

427 5205 653 5262 cordant
671 5250 692 5274 ,
741 5211 886 5272 nulla
933 5219 1154 5276 omnino
1198 5230 1558 5286 consonantia
1598 5205 1700 5293 est.
1746 5239 2018 5302 Diii‘mitur

428 5311 611 5400 autem
635 5303 714 5362 ita
740 5314 1098 5402 consonantia
1127 5334 1140 5373 τ
1170 5325 1524 5384 consonantia
1555 5337 1642 5387 est
1671 5331 2014 5402 dissimilium

431 5399 571 5464 inter
600 5408 658 5452 se
688 5412 880 5456 vocum
907 5401 971 5460 in
991 5421 1158 5489 unum
1193 5413 1419 5472 redacta
1443 5421 1766 5480 concordia.
1794 5399 2010 5486 Aliter:

430 5488 788 5580 consonantia
813 5500 898 5548 est
925 5488 1072 5554 acuti
1111 5502 1236 5558 soni
1276 5506 1567 5577 gravisque
1603 5511 1858 5583 missura,
1881 5532 2012 5576 sua-

431 5568 573 5626 viter
623 5575 1070 5668 uniformiterquc
1116 5568 1340 5652 auribus
1693 5568 2018 5668 ἶοίιῖη
2117 5618 2133 5668 i

505 5679 656 5770 ίῳ)
699 5685 1064 5788 99ᾳέ³³³⁸⁵ίῖεᾷ
1091 5698 1608 5798 ΨἏΨΕΨ
1643 5727 1826 5769 ὐκα-
1873 5726 2014 5768 ηιιαί
2121 5746 2132 5756 ’
