  <div class='ocr_page' id='page_1' title='image "/cluster/home/n/w/nwhite01/storage/ocr_20150623/132/hvd.32044015471733/252.png"; bbox 0 0 3920 6420; ppageno 0'>
   <div class='ocr_carea' id='block_1_1' title="bbox 259 405 364 464">
    <p class='ocr_par' dir='ltr' id='par_1_1' title="bbox 259 405 364 464">
     <span class='ocr_line' id='line_1_1' title="bbox 259 405 364 464; baseline 0.038 -3"><span class='ocrx_word' id='word_1_1' title='bbox 259 405 364 464; x_wconf 78' lang='grc'><strong>495</strong></span> 
     </span>
    </p>
   </div>
   <div class='ocr_carea' id='block_1_2' title="bbox 1404 433 2458 511">
    <p class='ocr_par' dir='ltr' id='par_1_2' title="bbox 1404 433 2458 511">
     <span class='ocr_line' id='line_1_2' title="bbox 1404 433 2458 511; baseline 0.02 -21"><span class='ocrx_word' id='word_1_2' title='bbox 1404 433 1492 491; x_wconf 88' lang='lat' dir='ltr'><strong>DE</strong></span> <span class='ocrx_word' id='word_1_3' title='bbox 1530 435 1927 498; x_wconf 78' lang='lat' dir='ltr'><strong>HARMONICA</strong></span> <span class='ocrx_word' id='word_1_4' title='bbox 1958 443 2458 511; x_wconf 76' lang='lat' dir='ltr'><strong>lNSTlTUTIONE.</strong></span> 
     </span>
    </p>
   </div>
   <div class='ocr_carea' id='block_1_3' title="bbox 3407 479 3516 538">
    <p class='ocr_par' dir='ltr' id='par_1_3' title="bbox 3407 479 3516 538">
     <span class='ocr_line' id='line_1_3' title="bbox 3407 479 3516 538; baseline 0.018 -3"><span class='ocrx_word' id='word_1_5' title='bbox 3407 479 3516 538; x_wconf 68' lang='grc'><strong>494</strong></span> 
     </span>
    </p>
   </div>
   <div class='ocr_carea' id='block_1_4' title="bbox 259 530 3516 656">
    <p class='ocr_par' dir='ltr' id='par_1_4' title="bbox 259 530 3516 656">
     <span class='ocr_line' id='line_1_4' title="bbox 259 530 3516 656; baseline 0.023 -74"><span class='ocrx_word' id='word_1_6' title='bbox 259 530 471 586; x_wconf 88' lang='lat' dir='ltr'><strong>numeri</strong></span> <span class='ocrx_word' id='word_1_7' title='bbox 515 532 656 588; x_wconf 89' lang='lat' dir='ltr'><strong>inter</strong></span> <span class='ocrx_word' id='word_1_8' title='bbox 683 549 742 592; x_wconf 89' lang='lat' dir='ltr'><strong>se</strong></span> <span class='ocrx_word' id='word_1_9' title='bbox 771 535 989 608; x_wconf 87' lang='lat' dir='ltr'><strong>distant,</strong></span> <span class='ocrx_word' id='word_1_10' title='bbox 1022 541 1073 597; x_wconf 90' lang='lat' dir='ltr'><strong>id</strong></span> <span class='ocrx_word' id='word_1_11' title='bbox 1101 551 1183 600; x_wconf 89' lang='lat' dir='ltr'><strong>est</strong></span> <span class='ocrx_word' id='word_1_12' title='bbox 1223 547 1450 606; x_wconf 91' lang='lat' dir='ltr'><strong>ducenta</strong></span> <span class='ocrx_word' id='word_1_13' title='bbox 1481 555 1836 628; x_wconf 76' lang='lat' dir='ltr'><strong>quadraginta</strong></span> <span class='ocrx_word' id='word_1_14' title='bbox 1863 559 1916 619; x_wconf 78' lang='grc' dir='ltr'>Α</span> <span class='ocrx_word' id='word_1_15' title='bbox 1940 573 2006 613; x_wconf 76' lang='lat' dir='ltr'><strong>ex</strong></span> <span class='ocrx_word' id='word_1_16' title='bbox 2026 564 2271 632; x_wconf 86' lang='lat' dir='ltr'><strong>epitrito,</strong></span> <span class='ocrx_word' id='word_1_17' title='bbox 2307 567 2357 623; x_wconf 93' lang='lat' dir='ltr'><strong>id</strong></span> <span class='ocrx_word' id='word_1_18' title='bbox 2386 581 2497 637; x_wconf 90' lang='lat' dir='ltr'><strong>est,</strong></span> <span class='ocrx_word' id='word_1_19' title='bbox 2527 577 2889 644; x_wconf 87' lang='lat' dir='ltr'><strong>scsquitcrtio.</strong></span> <span class='ocrx_word' id='word_1_20' title='bbox 2928 582 3186 655; x_wconf 82' lang='lat' dir='ltr'><strong>Diaponte</strong></span> <span class='ocrx_word' id='word_1_21' title='bbox 3217 605 3516 656; x_wconf 54' lang='lat' dir='ltr'><strong>consonan.</strong></span> 
     </span>
     <span class='ocr_line' id='line_1_5' title="bbox 259 621 1977 656; baseline 0 0"><span class='ocrx_word' id='word_1_22' title='bbox 259 621 362 656; x_wconf 67' lang='lat' dir='ltr'><strong>Irin</strong></span> <span class='ocrx_word' id='word_1_23' title='bbox 420 632 472 656; x_wconf 66' lang='lat' dir='ltr'><strong>ne</strong></span> <span class='ocrx_word' id='word_1_24' title='bbox 504 625 729 656; x_wconf 66' lang='grc' dir='ltr'><strong>Ληιιηηο..</strong></span> <span class='ocrx_word' id='word_1_25' title='bbox 764 631 1146 656; x_wconf 31' lang='lat'><strong>-..:.._.--..2--._</strong></span> <span class='ocrx_word' id='word_1_26' title='bbox 1194 655 1199 656; x_wconf 65' lang='lat'><strong><em>,</em></strong></span> <span class='ocrx_word' id='word_1_27' title='bbox 1341 641 1384 656; x_wconf 78' lang='grc' dir='ltr'>η</span> <span class='ocrx_word' id='word_1_28' title='bbox 1608 648 1619 656; x_wconf 90' lang='grc'><strong>.</strong></span> <span class='ocrx_word' id='word_1_29' title='bbox 1724 648 1736 656; x_wconf 91' lang='grc'><strong>.</strong></span> <span class='ocrx_word' id='word_1_30' title='bbox 1966 651 1977 656; x_wconf 90' lang='grc'><strong>-</strong></span> 
     </span>
    </p>
   </div>
   <div class='ocr_carea' id='block_1_5' title="bbox 259 621 1831 704">
    <p class='ocr_par' dir='ltr' id='par_1_5' title="bbox 259 621 1831 704">
     <span class='ocr_line' id='line_1_6' title="bbox 259 621 1831 704; baseline 0.02 -30"><span class='ocrx_word' id='word_1_31' title='bbox 259 621 384 688; x_wconf 91' lang='lat' dir='ltr'><strong>tria,</strong></span> <span class='ocrx_word' id='word_1_32' title='bbox 419 632 474 678; x_wconf 90' lang='lat' dir='ltr'><strong>et</strong></span> <span class='ocrx_word' id='word_1_33' title='bbox 504 625 733 684; x_wconf 79' lang='lat' dir='ltr'><strong>ducenta</strong></span> <span class='ocrx_word' id='word_1_34' title='bbox 761 631 1153 703; x_wconf 73' lang='lat' dir='ltr'><strong>quinquaginta</strong></span> <span class='ocrx_word' id='word_1_35' title='bbox 1184 655 1298 696; x_wconf 80' lang='lat' dir='ltr'><strong>sex.</strong></span> <span class='ocrx_word' id='word_1_36' title='bbox 1338 641 1451 700; x_wconf 85' lang='lat' dir='ltr'><strong>Hoc</strong></span> <span class='ocrx_word' id='word_1_37' title='bbox 1487 621 1831 704; x_wconf 82' lang='lat' dir='ltr'><strong>semitonium</strong></span> 
     </span>
    </p>
   </div>
   <div class='ocr_carea' id='block_1_6' title="bbox 255 709 1834 806">
    <p class='ocr_par' dir='ltr' id='par_1_6' title="bbox 255 709 1834 806">
     <span class='ocr_line' id='line_1_7' title="bbox 255 709 1834 806; baseline 0.021 -42"><span class='ocrx_word' id='word_1_38' title='bbox 255 709 600 785; x_wconf 83' lang='lat' dir='ltr'><strong>Pythagorici</strong></span> <span class='ocrx_word' id='word_1_39' title='bbox 631 719 846 788; x_wconf 88' lang='lat' dir='ltr'><strong>quidam</strong></span> <span class='ocrx_word' id='word_1_40' title='bbox 878 733 1086 783; x_wconf 88' lang='lat' dir='ltr'><strong>veteres</strong></span> <span class='ocrx_word' id='word_1_41' title='bbox 1115 729 1289 786; x_wconf 86' lang='lat' dir='ltr'><strong>diesin</strong></span> <span class='ocrx_word' id='word_1_42' title='bbox 1319 736 1703 806; x_wconf 87' lang='lat' dir='ltr'><strong>nominabant,</strong></span> <span class='ocrx_word' id='word_1_43' title='bbox 1741 743 1834 797; x_wconf 89' lang='lat' dir='ltr'><strong>sed</strong></span> 
     </span>
    </p>
   </div>
   <div class='ocr_carea' id='block_1_7' title="bbox 255 818 1835 890">
    <p class='ocr_par' dir='ltr' id='par_1_7' title="bbox 255 818 1835 890">
     <span class='ocr_line' id='line_1_8' title="bbox 255 818 1835 890; baseline 0.022 -33"><span class='ocrx_word' id='word_1_44' title='bbox 255 818 492 875; x_wconf 90' lang='lat' dir='ltr'><strong>sequens</strong></span> <span class='ocrx_word' id='word_1_45' title='bbox 539 826 669 867; x_wconf 89' lang='lat' dir='ltr'><strong>usus</strong></span> <span class='ocrx_word' id='word_1_46' title='bbox 711 829 902 871; x_wconf 89' lang='lat' dir='ltr'><strong>sonum</strong></span> <span class='ocrx_word' id='word_1_47' title='bbox 943 834 1000 875; x_wconf 92' lang='lat' dir='ltr'><strong>se</strong></span> <span class='ocrx_word' id='word_1_48' title='bbox 1045 821 1308 881; x_wconf 84' lang='lat' dir='ltr'><strong>minorem</strong></span> <span class='ocrx_word' id='word_1_49' title='bbox 1349 828 1518 885; x_wconf 90' lang='lat' dir='ltr'><strong>diesin</strong></span> <span class='ocrx_word' id='word_1_50' title='bbox 1557 834 1835 890; x_wconf 91' lang='lat' dir='ltr'><strong>constituit</strong></span> 
     </span>
    </p>
   </div>
   <div class='ocr_carea' id='block_1_8' title="bbox 253 896 1823 977">
    <p class='ocr_par' dir='ltr' id='par_1_8' title="bbox 253 896 1823 977">
     <span class='ocr_line' id='line_1_9' title="bbox 253 896 1823 977; baseline 0.022 -32"><span class='ocrx_word' id='word_1_51' title='bbox 253 896 666 954; x_wconf 85' lang='lat' dir='ltr'><strong>nominandum.</strong></span> <span class='ocrx_word' id='word_1_52' title='bbox 697 901 851 961; x_wconf 88' lang='lat' dir='ltr'><strong>Plato</strong></span> <span class='ocrx_word' id='word_1_53' title='bbox 879 911 1221 967; x_wconf 90' lang='lat' dir='ltr'><strong>semitouium</strong></span> <span class='ocrx_word' id='word_1_54' title='bbox 1250 914 1432 972; x_wconf 91' lang='lat' dir='ltr'><strong>limma</strong></span> <span class='ocrx_word' id='word_1_55' title='bbox 1457 921 1732 977; x_wconf 87' lang='lat' dir='ltr'><strong>vocitavit.</strong></span> <span class='ocrx_word' id='word_1_56' title='bbox 1821 937 1823 940; x_wconf 77' lang='lat'><em>‘</em></span> 
     </span>
    </p>
   </div>
   <div class='ocr_carea' id='block_1_9' title="bbox 324 985 1831 1069">
    <p class='ocr_par' dir='ltr' id='par_1_9' title="bbox 324 985 1831 1069">
     <span class='ocr_line' id='line_1_10' title="bbox 324 985 1831 1069; baseline 0.019 -29"><span class='ocrx_word' id='word_1_57' title='bbox 324 985 421 1042; x_wconf 73' lang='lat' dir='ltr'><strong>Ha:</strong></span> <span class='ocrx_word' id='word_1_58' title='bbox 455 997 581 1044; x_wconf 88' lang='lat' dir='ltr'><strong>sunt</strong></span> <span class='ocrx_word' id='word_1_59' title='bbox 625 1001 806 1062; x_wconf 86' lang='lat' dir='ltr'><strong>partes</strong></span> <span class='ocrx_word' id='word_1_60' title='bbox 846 997 900 1051; x_wconf 94' lang='lat' dir='ltr'><strong>in</strong></span> <span class='ocrx_word' id='word_1_61' title='bbox 946 1001 1141 1069; x_wconf 80' lang='lat' dir='ltr'><strong>quibus</strong></span> <span class='ocrx_word' id='word_1_62' title='bbox 1169 1006 1345 1061; x_wconf 90' lang='lat' dir='ltr'><strong>omnis</strong></span> <span class='ocrx_word' id='word_1_63' title='bbox 1380 1011 1582 1065; x_wconf 90' lang='lat' dir='ltr'><strong>musica</strong></span> <span class='ocrx_word' id='word_1_64' title='bbox 1613 1013 1831 1068; x_wconf 83' lang='lat' dir='ltr'><strong>resolvi-</strong></span> 
     </span>
    </p>
   </div>
   <div class='ocr_carea' id='block_1_10' title="bbox 252 1081 1827 1168">
    <p class='ocr_par' dir='ltr' id='par_1_10' title="bbox 252 1081 1827 1168">
     <span class='ocr_line' id='line_1_11' title="bbox 252 1081 1827 1168; baseline 0.019 -35"><span class='ocrx_word' id='word_1_65' title='bbox 252 1086 362 1137; x_wconf 91' lang='lat' dir='ltr'><strong>tur.</strong></span> <span class='ocrx_word' id='word_1_66' title='bbox 395 1081 536 1139; x_wconf 83' lang='lat' dir='ltr'><strong>Sunt</strong></span> <span class='ocrx_word' id='word_1_67' title='bbox 562 1085 726 1157; x_wconf 86' lang='lat' dir='ltr'><strong>igitur</strong></span> <span class='ocrx_word' id='word_1_68' title='bbox 765 1092 1004 1163; x_wconf 86' lang='lat' dir='ltr'><strong>quinque</strong></span> <span class='ocrx_word' id='word_1_69' title='bbox 1034 1099 1386 1168; x_wconf 83' lang='lat' dir='ltr'><strong>symphoniae,</strong></span> <span class='ocrx_word' id='word_1_70' title='bbox 1421 1102 1474 1157; x_wconf 91' lang='lat' dir='ltr'><strong>id</strong></span> <span class='ocrx_word' id='word_1_71' title='bbox 1513 1113 1596 1158; x_wconf 90' lang='lat' dir='ltr'><strong>est</strong></span> <span class='ocrx_word' id='word_1_72' title='bbox 1637 1121 1827 1163; x_wconf 82' lang='lat' dir='ltr'><strong>conso-</strong></span> 
     </span>
    </p>
   </div>
   <div class='ocr_carea' id='block_1_11' title="bbox 249 1173 1831 1270">
    <p class='ocr_par' dir='ltr' id='par_1_11' title="bbox 249 1173 1831 1270">
     <span class='ocr_line' id='line_1_12' title="bbox 249 1173 1831 1270; baseline 0.02 -46"><span class='ocrx_word' id='word_1_73' title='bbox 249 1173 451 1230; x_wconf 71' lang='lat' dir='ltr'><strong>nantia:</strong></span> <span class='ocrx_word' id='word_1_74' title='bbox 477 1192 490 1228; x_wconf 90' lang='lat'><strong>:</strong></span> <span class='ocrx_word' id='word_1_75' title='bbox 518 1175 872 1247; x_wconf 80' lang='lat' dir='ltr'><strong>diatessaron,</strong></span> <span class='ocrx_word' id='word_1_76' title='bbox 905 1183 1176 1254; x_wconf 79' lang='lat' dir='ltr'><strong>diapente,</strong></span> <span class='ocrx_word' id='word_1_77' title='bbox 1203 1191 1478 1261; x_wconf 86' lang='lat' dir='ltr'><strong>diapason,</strong></span> <span class='ocrx_word' id='word_1_78' title='bbox 1525 1204 1579 1251; x_wconf 87' lang='lat' dir='ltr'><strong>et</strong></span> <span class='ocrx_word' id='word_1_79' title='bbox 1609 1197 1831 1270; x_wconf 91' lang='lat' dir='ltr'><strong>diapen-</strong></span> 
     </span>
    </p>
   </div>
   <div class='ocr_carea' id='block_1_12' title="bbox 250 1265 1829 1350">
    <p class='ocr_par' dir='ltr' id='par_1_12' title="bbox 250 1265 1829 1350">
     <span class='ocr_line' id='line_1_13' title="bbox 250 1265 1829 1350; baseline 0.016 -32"><span class='ocrx_word' id='word_1_80' title='bbox 250 1273 322 1328; x_wconf 88' lang='lat' dir='ltr'><strong>te,</strong></span> <span class='ocrx_word' id='word_1_81' title='bbox 353 1271 411 1318; x_wconf 90' lang='lat' dir='ltr'><strong>et</strong></span> <span class='ocrx_word' id='word_1_82' title='bbox 439 1265 523 1321; x_wconf 89' lang='lat' dir='ltr'><strong>bis</strong></span> <span class='ocrx_word' id='word_1_83' title='bbox 547 1267 829 1340; x_wconf 82' lang='lat' dir='ltr'><strong>diapason.</strong></span> <span class='ocrx_word' id='word_1_84' title='bbox 856 1271 1169 1333; x_wconf 86' lang='lat' dir='ltr'><strong>Consistunt</strong></span> <span class='ocrx_word' id='word_1_85' title='bbox 1191 1280 1373 1350; x_wconf 85' lang='lat' dir='ltr'><strong>itaque</strong></span> <span class='ocrx_word' id='word_1_86' title='bbox 1397 1296 1586 1342; x_wconf 88' lang='lat' dir='ltr'><strong>omnes</strong></span> <span class='ocrx_word' id='word_1_87' title='bbox 1613 1265 1829 1344; x_wconf 72' lang='lat' dir='ltr'><strong>musica:</strong></span> 
     </span>
    </p>
   </div>
   <div class='ocr_carea' id='block_1_13' title="bbox 246 1358 1824 1446">
    <p class='ocr_par' dir='ltr' id='par_1_13' title="bbox 246 1358 1824 1446">
     <span class='ocr_line' id='line_1_14' title="bbox 246 1358 1824 1446; baseline 0.017 -39"><span class='ocrx_word' id='word_1_88' title='bbox 246 1358 621 1415; x_wconf 74' lang='lat' dir='ltr'><strong>consonantia:</strong></span> <span class='ocrx_word' id='word_1_89' title='bbox 665 1367 759 1416; x_wconf 87' lang='lat' dir='ltr'><strong>aut</strong></span> <span class='ocrx_word' id='word_1_90' title='bbox 806 1363 858 1418; x_wconf 91' lang='lat' dir='ltr'><strong>in</strong></span> <span class='ocrx_word' id='word_1_91' title='bbox 902 1366 1119 1436; x_wconf 84' lang='lat' dir='ltr'><strong>duplici,</strong></span> <span class='ocrx_word' id='word_1_92' title='bbox 1149 1375 1242 1425; x_wconf 89' lang='lat' dir='ltr'><strong>aut</strong></span> <span class='ocrx_word' id='word_1_93' title='bbox 1283 1373 1337 1427; x_wconf 88' lang='lat' dir='ltr'><strong>in</strong></span> <span class='ocrx_word' id='word_1_94' title='bbox 1390 1375 1604 1446; x_wconf 86' lang='lat' dir='ltr'><strong>triplici,</strong></span> <span class='ocrx_word' id='word_1_95' title='bbox 1638 1386 1730 1433; x_wconf 89' lang='lat' dir='ltr'><strong>aut</strong></span> <span class='ocrx_word' id='word_1_96' title='bbox 1773 1379 1824 1434; x_wconf 90' lang='lat' dir='ltr'><strong>in</strong></span> 
     </span>
    </p>
   </div>
   <div class='ocr_carea' id='block_1_14' title="bbox 243 1447 1824 1538">
    <p class='ocr_par' dir='ltr' id='par_1_14' title="bbox 243 1447 1824 1538">
     <span class='ocr_line' id='line_1_15' title="bbox 243 1447 1824 1538; baseline 0.019 -41"><span class='ocrx_word' id='word_1_97' title='bbox 243 1447 566 1518; x_wconf 84' lang='lat' dir='ltr'><strong>quadrupia,</strong></span> <span class='ocrx_word' id='word_1_98' title='bbox 593 1459 685 1506; x_wconf 88' lang='lat' dir='ltr'><strong>aut</strong></span> <span class='ocrx_word' id='word_1_99' title='bbox 732 1452 788 1508; x_wconf 92' lang='lat' dir='ltr'><strong>in</strong></span> <span class='ocrx_word' id='word_1_100' title='bbox 835 1459 1210 1527; x_wconf 86' lang='lat' dir='ltr'><strong>sesquialtera,</strong></span> <span class='ocrx_word' id='word_1_101' title='bbox 1238 1473 1332 1519; x_wconf 90' lang='lat' dir='ltr'><strong>aut</strong></span> <span class='ocrx_word' id='word_1_102' title='bbox 1375 1465 1433 1519; x_wconf 93' lang='lat' dir='ltr'><strong>in</strong></span> <span class='ocrx_word' id='word_1_103' title='bbox 1479 1471 1824 1538; x_wconf 88' lang='lat' dir='ltr'><strong>sesquitertia</strong></span> 
     </span>
    </p>
   </div>
   <div class='ocr_carea' id='block_1_15' title="bbox 242 1546 1822 1628">
    <p class='ocr_par' dir='ltr' id='par_1_15' title="bbox 242 1546 1822 1628">
     <span class='ocr_line' id='line_1_16' title="bbox 242 1546 1822 1628; baseline 0.021 -42"><span class='ocrx_word' id='word_1_104' title='bbox 242 1550 599 1596; x_wconf 88' lang='lat' dir='ltr'><strong>numerorum</strong></span> <span class='ocrx_word' id='word_1_105' title='bbox 621 1546 983 1614; x_wconf 80' lang='lat' dir='ltr'><strong>proportione.</strong></span> <span class='ocrx_word' id='word_1_106' title='bbox 1017 1549 1250 1607; x_wconf 80' lang='lat' dir='ltr'><strong>Vocatur</strong></span> <span class='ocrx_word' id='word_1_107' title='bbox 1271 1563 1472 1624; x_wconf 89' lang='lat' dir='ltr'><strong>autem,</strong></span> <span class='ocrx_word' id='word_1_108' title='bbox 1498 1574 1617 1628; x_wconf 68' lang='lat' dir='ltr'><strong>quae</strong></span> <span class='ocrx_word' id='word_1_109' title='bbox 1641 1562 1696 1616; x_wconf 89' lang='lat' dir='ltr'><strong>in</strong></span> <span class='ocrx_word' id='word_1_110' title='bbox 1721 1575 1822 1619; x_wconf 88' lang='lat' dir='ltr'><strong>nu-</strong></span> 
     </span>
    </p>
   </div>
   <div class='ocr_carea' id='block_1_16' title="bbox 240 1630 1821 1726">
    <p class='ocr_par' dir='ltr' id='par_1_16' title="bbox 240 1630 1821 1726">
     <span class='ocr_line' id='line_1_17' title="bbox 240 1630 1821 1726; baseline 0.02 -45"><span class='ocrx_word' id='word_1_111' title='bbox 240 1630 413 1686; x_wconf 84' lang='lat' dir='ltr'><strong>meris</strong></span> <span class='ocrx_word' id='word_1_112' title='bbox 440 1637 524 1688; x_wconf 86' lang='lat' dir='ltr'><strong>est</strong></span> <span class='ocrx_word' id='word_1_113' title='bbox 549 1638 911 1706; x_wconf 83' lang='lat' dir='ltr'><strong>sesquitertia,</strong></span> <span class='ocrx_word' id='word_1_114' title='bbox 944 1642 1286 1703; x_wconf 77' lang='lat' dir='ltr'><strong>diatessaron</strong></span> <span class='ocrx_word' id='word_1_115' title='bbox 1317 1650 1370 1704; x_wconf 93' lang='lat' dir='ltr'><strong>in</strong></span> <span class='ocrx_word' id='word_1_116' title='bbox 1399 1653 1545 1708; x_wconf 89' lang='lat' dir='ltr'><strong>sonis</strong></span> <span class='ocrx_word' id='word_1_117' title='bbox 1577 1673 1587 1708; x_wconf 95' lang='lat'>:</span> <span class='ocrx_word' id='word_1_118' title='bbox 1620 1669 1740 1726; x_wconf 68' lang='lat' dir='ltr'><strong>quas</strong></span> <span class='ocrx_word' id='word_1_119' title='bbox 1769 1660 1821 1714; x_wconf 91' lang='lat' dir='ltr'><strong>in</strong></span> 
     </span>
    </p>
   </div>
   <div class='ocr_carea' id='block_1_17' title="bbox 239 1723 1820 1810">
    <p class='ocr_par' dir='ltr' id='par_1_17' title="bbox 239 1723 1820 1810">
     <span class='ocr_line' id='line_1_18' title="bbox 239 1723 1820 1810; baseline 0.021 -39"><span class='ocrx_word' id='word_1_120' title='bbox 239 1723 485 1779; x_wconf 83' lang='lat' dir='ltr'><strong>numeris</strong></span> <span class='ocrx_word' id='word_1_121' title='bbox 524 1723 896 1798; x_wconf 79' lang='lat' dir='ltr'><strong>sesquialtera,</strong></span> <span class='ocrx_word' id='word_1_122' title='bbox 930 1733 1183 1804; x_wconf 83' lang='lat' dir='ltr'><strong>diapente</strong></span> <span class='ocrx_word' id='word_1_123' title='bbox 1226 1741 1528 1810; x_wconf 86' lang='lat' dir='ltr'><strong>appellatur</strong></span> <span class='ocrx_word' id='word_1_124' title='bbox 1572 1723 1820 1804; x_wconf 42' lang='lat' dir='ltr'><strong>iri—voci-</strong></span> 
     </span>
    </p>
   </div>
   <div class='ocr_carea' id='block_1_18' title="bbox 233 1809 1820 1901">
    <p class='ocr_par' dir='ltr' id='par_1_18' title="bbox 233 1809 1820 1901">
     <span class='ocr_line' id='line_1_19' title="bbox 233 1809 1820 1901; baseline 0.022 -38"><span class='ocrx_word' id='word_1_125' title='bbox 233 1809 372 1878; x_wconf 83' lang='lat' dir='ltr'><strong>bus;</strong></span> <span class='ocrx_word' id='word_1_126' title='bbox 407 1823 528 1884; x_wconf 66' lang='lat' dir='ltr'><strong>quae</strong></span> <span class='ocrx_word' id='word_1_127' title='bbox 551 1817 709 1889; x_wconf 83' lang='lat' dir='ltr'><strong>dupla</strong></span> <span class='ocrx_word' id='word_1_128' title='bbox 745 1821 800 1875; x_wconf 92' lang='lat' dir='ltr'><strong>in</strong></span> <span class='ocrx_word' id='word_1_129' title='bbox 829 1827 1092 1895; x_wconf 85' lang='lat' dir='ltr'><strong>numeris,</strong></span> <span class='ocrx_word' id='word_1_130' title='bbox 1121 1830 1381 1901; x_wconf 87' lang='lat' dir='ltr'><strong>diapason</strong></span> <span class='ocrx_word' id='word_1_131' title='bbox 1425 1836 1479 1890; x_wconf 89' lang='lat' dir='ltr'><strong>in</strong></span> <span class='ocrx_word' id='word_1_132' title='bbox 1520 1853 1820 1895; x_wconf 83' lang='lat' dir='ltr'><strong>consonan-</strong></span> 
     </span>
    </p>
   </div>
   <div class='ocr_carea' id='block_1_19' title="bbox 1942 651 3516 749">
    <p class='ocr_par' dir='ltr' id='par_1_19' title="bbox 1942 651 3516 749">
     <span class='ocr_line' id='line_1_20' title="bbox 1942 651 3516 749; baseline 0.028 -45"><span class='ocrx_word' id='word_1_133' title='bbox 1942 651 2014 705; x_wconf 89' lang='lat' dir='ltr'><strong>tia</strong></span> <span class='ocrx_word' id='word_1_134' title='bbox 2063 666 2273 712; x_wconf 88' lang='lat' dir='ltr'><strong>constat</strong></span> <span class='ocrx_word' id='word_1_135' title='bbox 2299 675 2363 714; x_wconf 83' lang='lat' dir='ltr'><strong>ex</strong></span> <span class='ocrx_word' id='word_1_136' title='bbox 2398 662 2567 720; x_wconf 90' lang='lat' dir='ltr'><strong>tribus</strong></span> <span class='ocrx_word' id='word_1_137' title='bbox 2603 667 2741 726; x_wconf 88' lang='lat' dir='ltr'><strong>tonis</strong></span> <span class='ocrx_word' id='word_1_138' title='bbox 2785 679 2838 727; x_wconf 87' lang='lat' dir='ltr'><strong>et</strong></span> <span class='ocrx_word' id='word_1_139' title='bbox 2877 651 3198 749; x_wconf 80' lang='lat' dir='ltr'><strong>semitonio,</strong></span> <span class='ocrx_word' id='word_1_140' title='bbox 3239 692 3292 740; x_wconf 90' lang='lat' dir='ltr'><strong>et</strong></span> <span class='ocrx_word' id='word_1_141' title='bbox 3342 685 3400 742; x_wconf 83' lang='lat' dir='ltr'><strong>tit</strong></span> <span class='ocrx_word' id='word_1_142' title='bbox 3449 691 3516 747; x_wconf 90' lang='lat' dir='ltr'><strong>de</strong></span> 
     </span>
    </p>
   </div>
   <div class='ocr_carea' id='block_1_20' title="bbox 1941 741 3518 842">
    <p class='ocr_par' dir='ltr' id='par_1_20' title="bbox 1941 741 3518 842">
     <span class='ocr_line' id='line_1_21' title="bbox 1941 741 3518 842; baseline 0.029 -48"><span class='ocrx_word' id='word_1_143' title='bbox 1941 741 2224 810; x_wconf 86' lang='lat' dir='ltr'><strong>hemiolio,</strong></span> <span class='ocrx_word' id='word_1_144' title='bbox 2253 749 2303 805; x_wconf 87' lang='lat' dir='ltr'><strong>id</strong></span> <span class='ocrx_word' id='word_1_145' title='bbox 2331 761 2434 820; x_wconf 88' lang='lat' dir='ltr'><strong>est,</strong></span> <span class='ocrx_word' id='word_1_146' title='bbox 2466 756 2530 810; x_wconf 90' lang='lat' dir='ltr'><strong>de</strong></span> <span class='ocrx_word' id='word_1_147' title='bbox 2556 761 2719 817; x_wconf 82' lang='lat' dir='ltr'><strong>semis</strong></span> <span class='ocrx_word' id='word_1_148' title='bbox 2745 773 2799 818; x_wconf 89' lang='lat' dir='ltr'><strong>et</strong></span> <span class='ocrx_word' id='word_1_149' title='bbox 2822 773 2967 822; x_wconf 90' lang='lat' dir='ltr'><strong>tono.</strong></span> <span class='ocrx_word' id='word_1_150' title='bbox 2992 768 3125 827; x_wconf 82' lang='lat' dir='ltr'><strong>Nam</strong></span> <span class='ocrx_word' id='word_1_151' title='bbox 3148 769 3324 833; x_wconf 64' lang='lat' dir='ltr'><strong>Graeci</strong></span> <span class='ocrx_word' id='word_1_152' title='bbox 3351 784 3518 842; x_wconf 84' lang='lat' dir='ltr'><strong>semis</strong></span> 
     </span>
    </p>
   </div>
   <div class='ocr_carea' id='block_1_21' title="bbox 1939 831 3515 928">
    <p class='ocr_par' dir='ltr' id='par_1_21' title="bbox 1939 831 3515 928">
     <span class='ocr_line' id='line_1_22' title="bbox 1939 831 3515 928; baseline 0.029 -44"><span class='ocrx_word' id='word_1_153' title='bbox 1939 831 2114 899; x_wconf 89' lang='lat' dir='ltr'><strong>hemi,</strong></span> <span class='ocrx_word' id='word_1_154' title='bbox 2157 837 2318 894; x_wconf 87' lang='lat' dir='ltr'><strong>holon</strong></span> <span class='ocrx_word' id='word_1_155' title='bbox 2368 847 2535 900; x_wconf 89' lang='lat' dir='ltr'><strong>totum</strong></span> <span class='ocrx_word' id='word_1_156' title='bbox 2587 848 2790 906; x_wconf 90' lang='lat' dir='ltr'><strong>dicunt.</strong></span> <span class='ocrx_word' id='word_1_157' title='bbox 2837 853 3104 928; x_wconf 88' lang='lat' dir='ltr'><strong>Diapason</strong></span> <span class='ocrx_word' id='word_1_158' title='bbox 3161 871 3515 928; x_wconf 84' lang='lat' dir='ltr'><strong>consonantia</strong></span> 
     </span>
    </p>
   </div>
   <div class='ocr_carea' id='block_1_22' title="bbox 1935 932 3513 1031">
    <p class='ocr_par' dir='ltr' id='par_1_22' title="bbox 1935 932 3513 1031">
     <span class='ocr_line' id='line_1_23' title="bbox 1935 932 3513 1031; baseline 0.027 -53"><span class='ocrx_word' id='word_1_159' title='bbox 1935 933 2149 982; x_wconf 84' lang='lat' dir='ltr'><strong>constat</strong></span> <span class='ocrx_word' id='word_1_160' title='bbox 2183 932 2248 987; x_wconf 91' lang='lat' dir='ltr'><strong>de</strong></span> <span class='ocrx_word' id='word_1_161' title='bbox 2278 946 2370 989; x_wconf 81' lang='lat' dir='ltr'><strong>sex</strong></span> <span class='ocrx_word' id='word_1_162' title='bbox 2413 939 2587 1005; x_wconf 87' lang='lat' dir='ltr'><strong>tonis,</strong></span> <span class='ocrx_word' id='word_1_163' title='bbox 2627 951 2680 996; x_wconf 94' lang='lat' dir='ltr'><strong>et</strong></span> <span class='ocrx_word' id='word_1_164' title='bbox 2707 943 2765 999; x_wconf 84' lang='lat' dir='ltr'><strong>fit</strong></span> <span class='ocrx_word' id='word_1_165' title='bbox 2790 947 2855 1002; x_wconf 92' lang='lat' dir='ltr'><strong>de</strong></span> <span class='ocrx_word' id='word_1_166' title='bbox 2901 949 3112 1022; x_wconf 89' lang='lat' dir='ltr'><strong>duplari</strong></span> <span class='ocrx_word' id='word_1_167' title='bbox 3144 969 3400 1031; x_wconf 78' lang='lat' dir='ltr'><strong>numero;</strong></span> <span class='ocrx_word' id='word_1_168' title='bbox 3436 965 3513 1020; x_wconf 90' lang='lat' dir='ltr'><strong>si-</strong></span> 
     </span>
    </p>
   </div>
   <div class='ocr_carea' id='block_1_23' title="bbox 1933 1017 3514 1124">
    <p class='ocr_par' dir='ltr' id='par_1_23' title="bbox 1933 1017 3514 1124">
     <span class='ocr_line' id='line_1_24' title="bbox 1933 1017 3514 1124; baseline 0.028 -55"><span class='ocrx_word' id='word_1_169' title='bbox 1933 1017 2148 1086; x_wconf 88' lang='lat' dir='ltr'><strong>quidem</strong></span> <span class='ocrx_word' id='word_1_170' title='bbox 2195 1035 2262 1078; x_wconf 64' lang='grc' dir='ltr'><strong>ει</strong></span> <span class='ocrx_word' id='word_1_171' title='bbox 2311 1023 2560 1099; x_wconf 80' lang='lat' dir='ltr'><strong>diapente</strong></span> <span class='ocrx_word' id='word_1_172' title='bbox 2599 1039 2653 1089; x_wconf 87' lang='lat' dir='ltr'><strong>et</strong></span> <span class='ocrx_word' id='word_1_173' title='bbox 2697 1017 3030 1100; x_wconf 74' lang='lat' dir='ltr'><strong>diatessaron</strong></span> <span class='ocrx_word' id='word_1_174' title='bbox 3083 1042 3146 1102; x_wconf 78' lang='lat' dir='ltr'><strong>fit</strong></span> <span class='ocrx_word' id='word_1_175' title='bbox 3193 1017 3514 1124; x_wconf 71' lang='lat' dir='ltr'><strong>symphonia</strong></span> 
     </span>
    </p>
   </div>
   <div class='ocr_carea' id='block_1_24' title="bbox 1933 1109 3514 1208">
    <p class='ocr_par' dir='ltr' id='par_1_24' title="bbox 1933 1109 3514 1208">
     <span class='ocr_line' id='line_1_25' title="bbox 1933 1109 3514 1208; baseline 0.029 -46"><span class='ocrx_word' id='word_1_176' title='bbox 1933 1109 2212 1180; x_wconf 87' lang='lat' dir='ltr'><strong>diapason.</strong></span> <span class='ocrx_word' id='word_1_177' title='bbox 2267 1115 2399 1176; x_wconf 78' lang='lat' dir='ltr'><strong>Nam</strong></span> <span class='ocrx_word' id='word_1_178' title='bbox 2447 1139 2611 1197; x_wconf 86' lang='lat' dir='ltr'><strong>supra</strong></span> <span class='ocrx_word' id='word_1_179' title='bbox 2647 1140 3001 1192; x_wconf 87' lang='lat' dir='ltr'><strong>monstratum</strong></span> <span class='ocrx_word' id='word_1_180' title='bbox 3031 1147 3142 1208; x_wconf 90' lang='lat' dir='ltr'><strong>est,</strong></span> <span class='ocrx_word' id='word_1_181' title='bbox 3174 1109 3514 1208; x_wconf 67' lang='lat' dir='ltr'><strong>diatessaron</strong></span> 
     </span>
    </p>
   </div>
   <div class='ocr_carea' id='block_1_25' title="bbox 1931 1201 3514 1301">
    <p class='ocr_par' dir='ltr' id='par_1_25' title="bbox 1931 1201 3514 1301">
     <span class='ocr_line' id='line_1_26' title="bbox 1931 1201 3514 1301; baseline 0.031 -50"><span class='ocrx_word' id='word_1_182' title='bbox 1931 1213 1998 1252; x_wconf 82' lang='lat' dir='ltr'><strong>ex</strong></span> <span class='ocrx_word' id='word_1_183' title='bbox 2039 1201 2246 1262; x_wconf 84' lang='lat' dir='ltr'><strong>duobus</strong></span> <span class='ocrx_word' id='word_1_184' title='bbox 2306 1212 2446 1268; x_wconf 89' lang='lat' dir='ltr'><strong>tonis</strong></span> <span class='ocrx_word' id='word_1_185' title='bbox 2492 1224 2543 1270; x_wconf 88' lang='lat' dir='ltr'><strong>et</strong></span> <span class='ocrx_word' id='word_1_186' title='bbox 2590 1219 2907 1293; x_wconf 81' lang='lat' dir='ltr'><strong>semitonio,</strong></span> <span class='ocrx_word' id='word_1_187' title='bbox 2957 1201 3296 1301; x_wconf 75' lang='lat' dir='ltr'><strong>diapentc&#39;ex</strong></span> <span class='ocrx_word' id='word_1_188' title='bbox 3338 1237 3514 1301; x_wconf 87' lang='lat' dir='ltr'><strong>tribus</strong></span> 
     </span>
    </p>
   </div>
   <div class='ocr_carea' id='block_1_26' title="bbox 1933 1293 3508 1401">
    <p class='ocr_par' dir='ltr' id='par_1_26' title="bbox 1933 1293 3508 1401">
     <span class='ocr_line' id='line_1_27' title="bbox 1933 1293 3508 1401; baseline 0.03 -57"><span class='ocrx_word' id='word_1_189' title='bbox 1933 1293 2072 1350; x_wconf 86' lang='lat' dir='ltr'><strong>tonis</strong></span> <span class='ocrx_word' id='word_1_190' title='bbox 2109 1305 2163 1351; x_wconf 81' lang='lat' dir='ltr'><strong>et</strong></span> <span class='ocrx_word' id='word_1_191' title='bbox 2191 1303 2478 1361; x_wconf 87' lang='lat' dir='ltr'><strong>semitonio</strong></span> <span class='ocrx_word' id='word_1_192' title='bbox 2507 1319 2759 1368; x_wconf 80' lang='lat' dir='ltr'><strong>constare</strong></span> <span class='ocrx_word' id='word_1_193' title='bbox 2778 1355 2793 1380; x_wconf 95' lang='lat'><strong>,</strong></span> <span class='ocrx_word' id='word_1_194' title='bbox 2827 1310 2882 1371; x_wconf 87' lang='lat' dir='ltr'><strong>id</strong></span> <span class='ocrx_word' id='word_1_195' title='bbox 2911 1329 3025 1388; x_wconf 89' lang='lat' dir='ltr'><strong>est,</strong></span> <span class='ocrx_word' id='word_1_196' title='bbox 3044 1293 3123 1379; x_wconf 73' lang='lat' dir='ltr'><strong>ex</strong></span> <span class='ocrx_word' id='word_1_197' title='bbox 3157 1329 3392 1401; x_wconf 85' lang='lat' dir='ltr'><strong>quinque</strong></span> <span class='ocrx_word' id='word_1_198' title='bbox 3421 1339 3508 1390; x_wconf 78' lang='grc' dir='ltr'><strong>ιο·-</strong></span> 
     </span>
    </p>
   </div>
   <div class='ocr_carea' id='block_1_27' title="bbox 1927 1387 3510 1488">
    <p class='ocr_par' dir='ltr' id='par_1_27' title="bbox 1927 1387 3510 1488">
     <span class='ocr_line' id='line_1_28' title="bbox 1927 1387 3510 1488; baseline 0.029 -49"><span class='ocrx_word' id='word_1_199' title='bbox 1927 1387 2014 1441; x_wconf 89' lang='lat' dir='ltr'><strong>nis</strong></span> <span class='ocrx_word' id='word_1_200' title='bbox 2043 1397 2098 1444; x_wconf 89' lang='lat' dir='ltr'><strong>et</strong></span> <span class='ocrx_word' id='word_1_201' title='bbox 2143 1391 2352 1453; x_wconf 86' lang='lat' dir='ltr'><strong>duobus</strong></span> <span class='ocrx_word' id='word_1_202' title='bbox 2376 1397 2696 1461; x_wconf 86' lang='lat' dir='ltr'><strong>semitoniis.</strong></span> <span class='ocrx_word' id='word_1_203' title='bbox 2735 1403 2935 1467; x_wconf 74' lang='lat' dir='ltr'><strong>Verum</strong></span> <span class='ocrx_word' id='word_1_204' title='bbox 2984 1387 3241 1488; x_wconf 78' lang='lat' dir='ltr'><strong>diapason</strong></span> <span class='ocrx_word' id='word_1_205' title='bbox 3293 1387 3349 1480; x_wconf 75' lang='lat' dir='ltr'><strong>et</strong></span> <span class='ocrx_word' id='word_1_206' title='bbox 3389 1427 3510 1484; x_wconf 88' lang='lat' dir='ltr'><strong>dia-</strong></span> 
     </span>
    </p>
   </div>
   <div class='ocr_carea' id='block_1_28' title="bbox 1926 1492 3513 1580">
    <p class='ocr_par' dir='ltr' id='par_1_28' title="bbox 1926 1492 3513 1580">
     <span class='ocr_line' id='line_1_29' title="bbox 1926 1492 3513 1580; baseline 0.03 -47"><span class='ocrx_word' id='word_1_207' title='bbox 1926 1492 2087 1550; x_wconf 87' lang='lat' dir='ltr'><strong>pente</strong></span> <span class='ocrx_word' id='word_1_208' title='bbox 2107 1497 2320 1544; x_wconf 88' lang='lat' dir='ltr'><strong>constat</strong></span> <span class='ocrx_word' id='word_1_209' title='bbox 2359 1507 2425 1549; x_wconf 84' lang='lat' dir='ltr'><strong>ex</strong></span> <span class='ocrx_word' id='word_1_210' title='bbox 2453 1494 2643 1553; x_wconf 74' lang='lat' dir='ltr'><strong>navem</strong></span> <span class='ocrx_word' id='word_1_211' title='bbox 2677 1501 2818 1558; x_wconf 89' lang='lat' dir='ltr'><strong>tonis</strong></span> <span class='ocrx_word' id='word_1_212' title='bbox 2843 1509 2896 1559; x_wconf 85' lang='lat' dir='ltr'><strong>et</strong></span> <span class='ocrx_word' id='word_1_213' title='bbox 2929 1509 3242 1580; x_wconf 87' lang='lat' dir='ltr'><strong>semitonio,</strong></span> <span class='ocrx_word' id='word_1_214' title='bbox 3269 1523 3324 1572; x_wconf 87' lang='lat' dir='ltr'><strong>et</strong></span> <span class='ocrx_word' id='word_1_215' title='bbox 3354 1513 3416 1575; x_wconf 82' lang='lat' dir='ltr'><strong>tit</strong></span> <span class='ocrx_word' id='word_1_216' title='bbox 3444 1521 3513 1580; x_wconf 85' lang='lat' dir='ltr'><strong>de</strong></span> 
     </span>
    </p>
   </div>
   <div class='ocr_carea' id='block_1_29' title="bbox 1929 1574 3512 1670">
    <p class='ocr_par' dir='ltr' id='par_1_29' title="bbox 1929 1574 3512 1670">
     <span class='ocr_line' id='line_1_30' title="bbox 1929 1574 3512 1670; baseline 0.028 -44"><span class='ocrx_word' id='word_1_217' title='bbox 1929 1574 2133 1644; x_wconf 91' lang='lat' dir='ltr'><strong>triplari</strong></span> <span class='ocrx_word' id='word_1_218' title='bbox 2157 1597 2401 1640; x_wconf 90' lang='lat' dir='ltr'><strong>numero.</strong></span> <span class='ocrx_word' id='word_1_219' title='bbox 2432 1585 2524 1643; x_wconf 89' lang='lat' dir='ltr'><strong>Bis</strong></span> <span class='ocrx_word' id='word_1_220' title='bbox 2553 1591 2813 1660; x_wconf 84' lang='lat' dir='ltr'><strong>diapason</strong></span> <span class='ocrx_word' id='word_1_221' title='bbox 2843 1600 3082 1657; x_wconf 88' lang='lat' dir='ltr'><strong>continet</strong></span> <span class='ocrx_word' id='word_1_222' title='bbox 3117 1605 3399 1666; x_wconf 89' lang='lat' dir='ltr'><strong>duodecim</strong></span> <span class='ocrx_word' id='word_1_223' title='bbox 3426 1620 3512 1670; x_wconf 82' lang='lat' dir='ltr'><strong>to-</strong></span> 
     </span>
    </p>
   </div>
   <div class='ocr_carea' id='block_1_30' title="bbox 1925 1671 3508 1763">
    <p class='ocr_par' dir='ltr' id='par_1_30' title="bbox 1925 1671 3508 1763">
     <span class='ocr_line' id='line_1_31' title="bbox 1925 1671 3508 1763; baseline 0.028 -46"><span class='ocrx_word' id='word_1_224' title='bbox 1925 1678 2050 1730; x_wconf 89' lang='lat' dir='ltr'><strong>nos,</strong></span> <span class='ocrx_word' id='word_1_225' title='bbox 2084 1677 2137 1724; x_wconf 91' lang='lat' dir='ltr'><strong>et</strong></span> <span class='ocrx_word' id='word_1_226' title='bbox 2190 1671 2248 1727; x_wconf 84' lang='lat' dir='ltr'><strong>tit</strong></span> <span class='ocrx_word' id='word_1_227' title='bbox 2291 1685 2355 1729; x_wconf 73' lang='lat' dir='ltr'><strong>ex</strong></span> <span class='ocrx_word' id='word_1_228' title='bbox 2408 1679 2725 1753; x_wconf 84' lang='lat' dir='ltr'><strong>quadruplo.</strong></span> <span class='ocrx_word' id='word_1_229' title='bbox 2784 1685 2910 1746; x_wconf 68' lang='grc' dir='ltr'><strong>Ηίεο</strong></span> <span class='ocrx_word' id='word_1_230' title='bbox 2949 1691 3103 1763; x_wconf 85' lang='lat' dir='ltr'><strong>juxta</strong></span> <span class='ocrx_word' id='word_1_231' title='bbox 3151 1702 3508 1762; x_wconf 88' lang='lat' dir='ltr'><strong>assertionem</strong></span> 
     </span>
    </p>
   </div>
   <div class='ocr_carea' id='block_1_31' title="bbox 1923 1754 3508 1856">
    <p class='ocr_par' dir='ltr' id='par_1_31' title="bbox 1923 1754 3508 1856">
     <span class='ocr_line' id='line_1_32' title="bbox 1923 1754 3508 1856; baseline 0.031 -48"><span class='ocrx_word' id='word_1_232' title='bbox 1923 1754 2177 1816; x_wconf 84' lang='lat' dir='ltr'><strong>Maerobii</strong></span> <span class='ocrx_word' id='word_1_233' title='bbox 2225 1764 2290 1820; x_wconf 91' lang='lat' dir='ltr'><strong>de</strong></span> <span class='ocrx_word' id='word_1_234' title='bbox 2329 1768 2469 1827; x_wconf 87' lang='lat' dir='ltr'><strong>tonis</strong></span> <span class='ocrx_word' id='word_1_235' title='bbox 2510 1771 2788 1834; x_wconf 84' lang='lat' dir='ltr'><strong>diximus:</strong></span> <span class='ocrx_word' id='word_1_236' title='bbox 2838 1754 3022 1840; x_wconf 76' lang='lat' dir='ltr'><strong>verum</strong></span> <span class='ocrx_word' id='word_1_237' title='bbox 3067 1785 3422 1853; x_wconf 86' lang='lat' dir='ltr'><strong>Cassiodorus</strong></span> <span class='ocrx_word' id='word_1_238' title='bbox 3452 1799 3508 1856; x_wconf 90' lang='lat' dir='ltr'><strong>in</strong></span> 
     </span>
    </p>
   </div>
   <div class='ocr_carea' id='block_1_32' title="bbox 1923 1853 3503 1964">
    <p class='ocr_par' dir='ltr' id='par_1_32' title="bbox 1923 1853 3503 1964">
     <span class='ocr_line' id='line_1_33' title="bbox 1923 1853 3503 1964; baseline 0.03 -62"><span class='ocrx_word' id='word_1_239' title='bbox 1923 1853 2269 1912; x_wconf 75' lang='lat' dir='ltr'><strong>saecularibus</strong></span> <span class='ocrx_word' id='word_1_240' title='bbox 2305 1859 2504 1919; x_wconf 88' lang='lat' dir='ltr'><strong>litteris</strong></span> <span class='ocrx_word' id='word_1_241' title='bbox 2531 1866 2837 1937; x_wconf 86' lang='lat' dir='ltr'><strong>quindecim</strong></span> <span class='ocrx_word' id='word_1_242' title='bbox 2869 1885 3022 1935; x_wconf 91' lang='lat' dir='ltr'><strong>tonos</strong></span> <span class='ocrx_word' id='word_1_243' title='bbox 3064 1896 3184 1939; x_wconf 88' lang='lat' dir='ltr'><strong>esse</strong></span> <span class='ocrx_word' id='word_1_244' title='bbox 3229 1885 3503 1964; x_wconf 68' lang='lat' dir='ltr'><strong>afﬁrmat,</strong></span> 
     </span>
    </p>
   </div>
   <div class='ocr_carea' id='block_1_33' title="bbox 232 1902 3507 2045">
    <p class='ocr_par' dir='ltr' id='par_1_33' title="bbox 232 1902 3507 2045">
     <span class='ocr_line' id='line_1_34' title="bbox 1933 1902 3503 1964; baseline 0 -35"><span class='ocrx_word' id='word_1_245' title='bbox 1933 1902 2269 1912; x_wconf 47' lang='lat'><strong>”&quot;&quot;&quot;&quot;&quot;‘&quot;“&quot;</strong></span> <span class='ocrx_word' id='word_1_246' title='bbox 2305 1902 2504 1919; x_wconf 70' lang='lat'><strong>&quot;&quot;&quot;&quot;°</strong></span> <span class='ocrx_word' id='word_1_247' title='bbox 2531 1902 2837 1937; x_wconf 76' lang='grc' dir='ltr'><strong>Ὶυιιιυῦυιιιι</strong></span> <span class='ocrx_word' id='word_1_248' title='bbox 2869 1902 3022 1935; x_wconf 75' lang='grc' dir='ltr'><strong>ιυιιυδ</strong></span> <span class='ocrx_word' id='word_1_249' title='bbox 3064 1902 3184 1939; x_wconf 76' lang='lat' dir='ltr'><strong>esse</strong></span> <span class='ocrx_word' id='word_1_250' title='bbox 3229 1902 3463 1948; x_wconf 59' lang='lat' dir='ltr'><strong>alnrmat</strong></span> <span class='ocrx_word' id='word_1_251' title='bbox 3484 1935 3503 1964; x_wconf 64' lang='lat'><strong><em>.</em></strong></span> 
     </span>
     <span class='ocr_line' id='line_1_35' title="bbox 232 1902 3507 2045; baseline 0.02 -90"><span class='ocrx_word' id='word_1_252' title='bbox 232 1902 358 1969; x_wconf 86' lang='lat' dir='ltr'><strong>liis;</strong></span> <span class='ocrx_word' id='word_1_253' title='bbox 409 1907 565 1976; x_wconf 86' lang='lat' dir='ltr'><strong>tripla</strong></span> <span class='ocrx_word' id='word_1_254' title='bbox 618 1920 746 1966; x_wconf 80' lang='lat' dir='ltr'><strong>vero</strong></span> <span class='ocrx_word' id='word_1_255' title='bbox 792 1913 1043 1985; x_wconf 88' lang='lat' dir='ltr'><strong>diapente</strong></span> <span class='ocrx_word' id='word_1_256' title='bbox 1083 1933 1146 1974; x_wconf 89' lang='lat' dir='ltr'><strong>ac</strong></span> <span class='ocrx_word' id='word_1_257' title='bbox 1187 1922 1474 1996; x_wconf 88' lang='lat' dir='ltr'><strong>diapason;</strong></span> <span class='ocrx_word' id='word_1_258' title='bbox 1518 1931 1817 2003; x_wconf 85' lang='lat' dir='ltr'><strong>quadrupla</strong></span> <span class='ocrx_word' id='word_1_259' title='bbox 1848 1911 1893 1976; x_wconf 74' lang='grc' dir='ltr'><strong>Β</strong></span> <span class='ocrx_word' id='word_1_260' title='bbox 1920 1946 2213 2001; x_wconf 89' lang='lat' dir='ltr'><strong>secundum</strong></span> <span class='ocrx_word' id='word_1_261' title='bbox 2243 1965 2527 2009; x_wconf 82' lang='lat' dir='ltr'><strong>numerum</strong></span> <span class='ocrx_word' id='word_1_262' title='bbox 2552 1961 2876 2021; x_wconf 87' lang='lat' dir='ltr'><strong>chordarum</strong></span> <span class='ocrx_word' id='word_1_263' title='bbox 2902 1984 3022 2039; x_wconf 78' lang='lat' dir='ltr'><strong>quae</strong></span> <span class='ocrx_word' id='word_1_264' title='bbox 3044 1983 3322 2045; x_wconf 65' lang='grc' dir='ltr'><strong>ροηυηιυτ</strong></span> <span class='ocrx_word' id='word_1_265' title='bbox 3341 1981 3396 2038; x_wconf 73' lang='lat' dir='ltr'><strong>in</strong></span> <span class='ocrx_word' id='word_1_266' title='bbox 3421 1985 3507 2041; x_wconf 68' lang='lat' dir='ltr'><strong>bis</strong></span> 
     </span>
     <span class='ocr_line' id='line_1_36' title="bbox 232 1996 1968 2045; baseline 0 0"><span class='ocrx_word' id='word_1_267' title='bbox 232 2001 419 2045; x_wconf 67' lang='lat' dir='ltr'><strong>autem</strong></span> <span class='ocrx_word' id='word_1_268' title='bbox 448 1996 532 2045; x_wconf 75' lang='lat' dir='ltr'><strong>bis</strong></span> <span class='ocrx_word' id='word_1_269' title='bbox 561 1999 837 2045; x_wconf 60' lang='lat' dir='ltr'><strong>diannmm</strong></span> <span class='ocrx_word' id='word_1_270' title='bbox 1939 2030 1968 2045; x_wconf 66' lang='grc' dir='ltr'><strong>,ο</strong></span> 
     </span>
    </p>
   </div>
   <div class='ocr_carea' id='block_1_34' title="bbox 227 1996 840 2071">
    <p class='ocr_par' dir='ltr' id='par_1_34' title="bbox 227 1996 840 2071">
     <span class='ocr_line' id='line_1_37' title="bbox 227 1996 840 2071; baseline 0.018 -24"><span class='ocrx_word' id='word_1_271' title='bbox 227 2001 419 2050; x_wconf 63' lang='lat' dir='ltr'><strong>autem</strong></span> <span class='ocrx_word' id='word_1_272' title='bbox 448 1996 532 2053; x_wconf 89' lang='lat' dir='ltr'><strong>bis</strong></span> <span class='ocrx_word' id='word_1_273' title='bbox 561 1999 840 2071; x_wconf 83' lang='lat' dir='ltr'><strong>diapason.</strong></span> 
     </span>
    </p>
   </div>
   <div class='ocr_carea' id='block_1_35' title="bbox 257 2088 1816 2179">
    <p class='ocr_par' dir='ltr' id='par_1_35' title="bbox 257 2088 1816 2179">
     <span class='ocr_line' id='line_1_38' title="bbox 257 2088 1816 2179; baseline 0.021 -38"><span class='ocrx_word' id='word_1_274' title='bbox 257 2089 269 2101; x_wconf 81' lang='lat'><strong><em>‘</em></strong></span> <span class='ocrx_word' id='word_1_275' title='bbox 301 2088 579 2160; x_wconf 78' lang='lat' dir='ltr'><strong>Agnoscat</strong></span> <span class='ocrx_word' id='word_1_276' title='bbox 604 2104 781 2150; x_wconf 88' lang='lat' dir='ltr'><strong>autem</strong></span> <span class='ocrx_word' id='word_1_277' title='bbox 814 2097 1042 2172; x_wconf 79' lang='lat' dir='ltr'><strong>diligens</strong></span> <span class='ocrx_word' id='word_1_278' title='bbox 1080 2099 1252 2163; x_wconf 77' lang='lat' dir='ltr'><strong>lector</strong></span> <span class='ocrx_word' id='word_1_279' title='bbox 1276 2110 1420 2179; x_wconf 89' lang='lat' dir='ltr'><strong>quod</strong></span> <span class='ocrx_word' id='word_1_280' title='bbox 1447 2118 1816 2176; x_wconf 63' lang='lat' dir='ltr'><strong>consonantia</strong></span> 
     </span>
    </p>
   </div>
   <div class='ocr_carea' id='block_1_36' title="bbox 221 2186 1810 2269">
    <p class='ocr_par' dir='ltr' id='par_1_36' title="bbox 221 2186 1810 2269">
     <span class='ocr_line' id='line_1_39' title="bbox 221 2186 1810 2269; baseline 0.02 -36"><span class='ocrx_word' id='word_1_281' title='bbox 221 2186 599 2241; x_wconf 88' lang='lat' dir='ltr'><strong>consonantiis</strong></span> <span class='ocrx_word' id='word_1_282' title='bbox 642 2191 993 2258; x_wconf 66' lang='lat' dir='ltr'><strong>superposita:</strong></span> <span class='ocrx_word' id='word_1_283' title='bbox 1040 2195 1173 2252; x_wconf 89' lang='lat' dir='ltr'><strong>alias</strong></span> <span class='ocrx_word' id='word_1_284' title='bbox 1203 2203 1463 2269; x_wconf 87' lang='lat' dir='ltr'><strong>quasdam</strong></span> <span class='ocrx_word' id='word_1_285' title='bbox 1506 2217 1810 2262; x_wconf 86' lang='lat' dir='ltr'><strong>consonan-</strong></span> 
     </span>
    </p>
   </div>
   <div class='ocr_carea' id='block_1_37' title="bbox 219 2273 1810 2370">
    <p class='ocr_par' dir='ltr' id='par_1_37' title="bbox 219 2273 1810 2370">
     <span class='ocr_line' id='line_1_40' title="bbox 219 2273 1810 2370; baseline 0.021 -45"><span class='ocrx_word' id='word_1_286' title='bbox 219 2273 333 2328; x_wconf 83' lang='lat' dir='ltr'><strong>tias</strong></span> <span class='ocrx_word' id='word_1_287' title='bbox 375 2274 623 2332; x_wconf 70' lang='lat' dir='ltr'><strong>effecere.</strong></span> <span class='ocrx_word' id='word_1_288' title='bbox 658 2278 792 2334; x_wconf 83' lang='lat' dir='ltr'><strong>Nam</strong></span> <span class='ocrx_word' id='word_1_289' title='bbox 835 2283 1084 2354; x_wconf 82' lang='lat' dir='ltr'><strong>diapente</strong></span> <span class='ocrx_word' id='word_1_290' title='bbox 1130 2297 1187 2344; x_wconf 87' lang='lat' dir='ltr'><strong>et</strong></span> <span class='ocrx_word' id='word_1_291' title='bbox 1230 2291 1572 2352; x_wconf 83' lang='lat' dir='ltr'><strong>diatessaron</strong></span> <span class='ocrx_word' id='word_1_292' title='bbox 1608 2299 1810 2370; x_wconf 62' lang='lat' dir='ltr'><strong>junctae</strong></span> 
     </span>
    </p>
   </div>
   <div class='ocr_carea' id='block_1_38' title="bbox 220 2366 1812 2456">
    <p class='ocr_par' dir='ltr' id='par_1_38' title="bbox 220 2366 1812 2456">
     <span class='ocr_line' id='line_1_41' title="bbox 220 2366 1812 2456; baseline 0.021 -38"><span class='ocrx_word' id='word_1_293' title='bbox 220 2366 486 2436; x_wconf 72' lang='lat' dir='ltr'><strong>diapason</strong></span> <span class='ocrx_word' id='word_1_294' title='bbox 534 2376 946 2431; x_wconf 84' lang='lat' dir='ltr'><strong>consonantiam</strong></span> <span class='ocrx_word' id='word_1_295' title='bbox 986 2390 1195 2437; x_wconf 88' lang='lat' dir='ltr'><strong>creant.</strong></span> <span class='ocrx_word' id='word_1_296' title='bbox 1244 2383 1380 2443; x_wconf 81' lang='lat' dir='ltr'><strong>Huic</strong></span> <span class='ocrx_word' id='word_1_297' title='bbox 1422 2404 1582 2456; x_wconf 89' lang='lat' dir='ltr'><strong>vero,</strong></span> <span class='ocrx_word' id='word_1_298' title='bbox 1630 2391 1686 2448; x_wconf 82' lang='lat' dir='ltr'><strong>id</strong></span> <span class='ocrx_word' id='word_1_299' title='bbox 1729 2404 1812 2451; x_wconf 83' lang='lat' dir='ltr'><strong>est</strong></span> 
     </span>
    </p>
   </div>
   <div class='ocr_carea' id='block_1_39' title="bbox 214 2457 1808 2556">
    <p class='ocr_par' dir='ltr' id='par_1_39' title="bbox 214 2457 1808 2556">
     <span class='ocr_line' id='line_1_42' title="bbox 214 2457 1808 2556; baseline 0.021 -46"><span class='ocrx_word' id='word_1_300' title='bbox 214 2457 504 2528; x_wconf 78' lang='lat' dir='ltr'><strong>diapason,</strong></span> <span class='ocrx_word' id='word_1_301' title='bbox 536 2463 582 2516; x_wconf 87' lang='lat' dir='ltr'><strong>si</strong></span> <span class='ocrx_word' id='word_1_302' title='bbox 619 2465 872 2534; x_wconf 84' lang='lat' dir='ltr'><strong>diapente</strong></span> <span class='ocrx_word' id='word_1_303' title='bbox 901 2468 1181 2543; x_wconf 76' lang='lat' dir='ltr'><strong>jungatur,</strong></span> <span class='ocrx_word' id='word_1_304' title='bbox 1214 2475 1272 2530; x_wconf 84' lang='lat' dir='ltr'><strong>fit</strong></span> <span class='ocrx_word' id='word_1_305' title='bbox 1306 2482 1661 2539; x_wconf 78' lang='lat' dir='ltr'><strong>consonantia</strong></span> <span class='ocrx_word' id='word_1_306' title='bbox 1688 2496 1808 2556; x_wconf 79' lang='lat' dir='ltr'><strong>quae</strong></span> 
     </span>
    </p>
   </div>
   <div class='ocr_carea' id='block_1_40' title="bbox 209 2553 1807 2644">
    <p class='ocr_par' dir='ltr' id='par_1_40' title="bbox 209 2553 1807 2644">
     <span class='ocr_line' id='line_1_43' title="bbox 209 2553 1807 2644; baseline 0.021 -41"><span class='ocrx_word' id='word_1_307' title='bbox 209 2563 283 2604; x_wconf 85' lang='lat' dir='ltr'><strong>ex</strong></span> <span class='ocrx_word' id='word_1_308' title='bbox 325 2553 572 2625; x_wconf 82' lang='lat' dir='ltr'><strong>utrisque</strong></span> <span class='ocrx_word' id='word_1_309' title='bbox 596 2558 873 2616; x_wconf 74' lang='lat' dir='ltr'><strong>vocabulis</strong></span> <span class='ocrx_word' id='word_1_310' title='bbox 911 2575 1278 2637; x_wconf 84' lang='lat' dir='ltr'><strong>nuncupatur,</strong></span> <span class='ocrx_word' id='word_1_311' title='bbox 1305 2571 1560 2644; x_wconf 85' lang='lat' dir='ltr'><strong>diapason</strong></span> <span class='ocrx_word' id='word_1_312' title='bbox 1600 2553 1807 2636; x_wconf 80' lang='lat' dir='ltr'><strong>scilicet</strong></span> 
     </span>
    </p>
   </div>
   <div class='ocr_carea' id='block_1_41' title="bbox 207 2645 1804 2734">
    <p class='ocr_par' dir='ltr' id='par_1_41' title="bbox 207 2645 1804 2734">
     <span class='ocr_line' id='line_1_44' title="bbox 207 2645 1804 2734; baseline 0.021 -38"><span class='ocrx_word' id='word_1_313' title='bbox 207 2651 268 2697; x_wconf 92' lang='lat' dir='ltr'><strong>et</strong></span> <span class='ocrx_word' id='word_1_314' title='bbox 307 2645 575 2715; x_wconf 82' lang='lat' dir='ltr'><strong>diapente.</strong></span> <span class='ocrx_word' id='word_1_315' title='bbox 607 2647 705 2707; x_wconf 87' lang='lat' dir='ltr'><strong>Cui</strong></span> <span class='ocrx_word' id='word_1_316' title='bbox 735 2652 780 2708; x_wconf 88' lang='lat' dir='ltr'><strong>si</strong></span> <span class='ocrx_word' id='word_1_317' title='bbox 809 2653 1146 2715; x_wconf 79' lang='lat' dir='ltr'><strong>diatessaron</strong></span> <span class='ocrx_word' id='word_1_318' title='bbox 1194 2661 1431 2734; x_wconf 85' lang='lat' dir='ltr'><strong>additur,</strong></span> <span class='ocrx_word' id='word_1_319' title='bbox 1462 2668 1522 2722; x_wconf 76' lang='lat' dir='ltr'><strong>fit</strong></span> <span class='ocrx_word' id='word_1_320' title='bbox 1563 2669 1646 2726; x_wconf 85' lang='lat' dir='ltr'><strong>bis</strong></span> <span class='ocrx_word' id='word_1_321' title='bbox 1689 2673 1804 2729; x_wconf 88' lang='lat' dir='ltr'><strong>dia-</strong></span> 
     </span>
    </p>
   </div>
   <div class='ocr_carea' id='block_1_42' title="bbox 206 2743 404 2802">
    <p class='ocr_par' dir='ltr' id='par_1_42' title="bbox 206 2743 404 2802">
     <span class='ocr_line' id='line_1_45' title="bbox 206 2743 404 2802; baseline 0.025 -17"><span class='ocrx_word' id='word_1_322' title='bbox 206 2743 404 2802; x_wconf 69' lang='lat' dir='ltr'><strong>paeon.</strong></span> 
     </span>
    </p>
   </div>
   <div class='ocr_carea' id='block_1_43' title="bbox 283 2823 1800 2920">
    <p class='ocr_par' dir='ltr' id='par_1_43' title="bbox 283 2823 1800 2920">
     <span class='ocr_line' id='line_1_46' title="bbox 283 2823 1800 2920; baseline 0.023 -43"><span class='ocrx_word' id='word_1_323' title='bbox 283 2823 418 2881; x_wconf 90' lang='lat' dir='ltr'><strong>lllud</strong></span> <span class='ocrx_word' id='word_1_324' title='bbox 442 2837 704 2898; x_wconf 84' lang='lat' dir='ltr'><strong>praeterea</strong></span> <span class='ocrx_word' id='word_1_325' title='bbox 744 2838 1026 2895; x_wconf 80' lang='lat' dir='ltr'><strong>sciendum</strong></span> <span class='ocrx_word' id='word_1_326' title='bbox 1047 2844 1212 2913; x_wconf 87' lang='lat' dir='ltr'><strong>quod,</strong></span> <span class='ocrx_word' id='word_1_327' title='bbox 1242 2844 1289 2900; x_wconf 86' lang='lat' dir='ltr'><strong>si</strong></span> <span class='ocrx_word' id='word_1_328' title='bbox 1317 2847 1577 2920; x_wconf 86' lang='lat' dir='ltr'><strong>diapason</strong></span> <span class='ocrx_word' id='word_1_329' title='bbox 1606 2857 1661 2909; x_wconf 88' lang='lat' dir='ltr'><strong>et</strong></span> <span class='ocrx_word' id='word_1_330' title='bbox 1685 2855 1800 2912; x_wconf 81' lang='lat' dir='ltr'><strong>dia-</strong></span> 
     </span>
    </p>
   </div>
   <div class='ocr_carea' id='block_1_44' title="bbox 203 2921 1792 3004">
    <p class='ocr_par' dir='ltr' id='par_1_44' title="bbox 203 2921 1792 3004">
     <span class='ocr_line' id='line_1_47' title="bbox 203 2921 1792 3004; baseline 0.022 -35"><span class='ocrx_word' id='word_1_331' title='bbox 203 2924 456 2975; x_wconf 87' lang='lat' dir='ltr'><strong>tessaron</strong></span> <span class='ocrx_word' id='word_1_332' title='bbox 490 2921 808 2996; x_wconf 88' lang='lat' dir='ltr'><strong>jungantur,</strong></span> <span class='ocrx_word' id='word_1_333' title='bbox 840 2931 1042 2987; x_wconf 83' lang='lat' dir='ltr'><strong>nullam</strong></span> <span class='ocrx_word' id='word_1_334' title='bbox 1074 2932 1325 2994; x_wconf 80' lang='lat' dir='ltr'><strong>.eiiiciant</strong></span> <span class='ocrx_word' id='word_1_335' title='bbox 1364 2947 1792 3004; x_wconf 82' lang='lat' dir='ltr'><strong>consonantiam.</strong></span> 
     </span>
    </p>
   </div>
   <div class='ocr_carea' id='block_1_45' title="bbox 200 3010 1798 3109">
    <p class='ocr_par' dir='ltr' id='par_1_45' title="bbox 200 3010 1798 3109">
     <span class='ocr_line' id='line_1_48' title="bbox 200 3010 1798 3109; baseline 0.02 -45"><span class='ocrx_word' id='word_1_336' title='bbox 200 3010 407 3067; x_wconf 77' lang='lat' dir='ltr'><strong>Statim</strong></span> <span class='ocrx_word' id='word_1_337' title='bbox 442 3016 590 3071; x_wconf 89' lang='lat' dir='ltr'><strong>enim</strong></span> <span class='ocrx_word' id='word_1_338' title='bbox 635 3019 688 3073; x_wconf 91' lang='lat' dir='ltr'><strong>in</strong></span> <span class='ocrx_word' id='word_1_339' title='bbox 725 3025 1156 3093; x_wconf 87' lang='lat' dir='ltr'><strong>superpartiente</strong></span> <span class='ocrx_word' id='word_1_340' title='bbox 1186 3028 1568 3101; x_wconf 70' lang='lat' dir='ltr'><strong>inrequalitatis</strong></span> <span class='ocrx_word' id='word_1_341' title='bbox 1599 3051 1798 3109; x_wconf 81' lang='lat' dir='ltr'><strong>genere</strong></span> 
     </span>
    </p>
   </div>
   <div class='ocr_carea' id='block_1_46' title="bbox 197 3104 1793 3195">
    <p class='ocr_par' dir='ltr' id='par_1_46' title="bbox 197 3104 1793 3195">
     <span class='ocr_line' id='line_1_49' title="bbox 197 3104 1793 3195; baseline 0.019 -37"><span class='ocrx_word' id='word_1_342' title='bbox 197 3104 375 3171; x_wconf 87' lang='lat' dir='ltr'><strong>cadit,</strong></span> <span class='ocrx_word' id='word_1_343' title='bbox 402 3121 502 3164; x_wconf 89' lang='lat' dir='ltr'><strong>nec</strong></span> <span class='ocrx_word' id='word_1_344' title='bbox 523 3122 705 3166; x_wconf 76' lang='lat' dir='ltr'><strong>servat</strong></span> <span class='ocrx_word' id='word_1_345' title='bbox 744 3114 826 3169; x_wconf 91' lang='lat' dir='ltr'><strong>vel</strong></span> <span class='ocrx_word' id='word_1_346' title='bbox 859 3116 1274 3188; x_wconf 86' lang='lat' dir='ltr'><strong>multiplicitatis</strong></span> <span class='ocrx_word' id='word_1_347' title='bbox 1295 3124 1564 3195; x_wconf 85' lang='lat' dir='ltr'><strong>ordinem,</strong></span> <span class='ocrx_word' id='word_1_348' title='bbox 1591 3130 1676 3186; x_wconf 80' lang='lat' dir='ltr'><strong>vel</strong></span> <span class='ocrx_word' id='word_1_349' title='bbox 1705 3145 1793 3187; x_wconf 90' lang='lat' dir='ltr'><strong>su-</strong></span> 
     </span>
    </p>
   </div>
   <div class='ocr_carea' id='block_1_47' title="bbox 195 3199 1791 3283">
    <p class='ocr_par' dir='ltr' id='par_1_47' title="bbox 195 3199 1791 3283">
     <span class='ocr_line' id='line_1_50' title="bbox 195 3199 1791 3283; baseline 0.019 -33"><span class='ocrx_word' id='word_1_350' title='bbox 195 3199 744 3268; x_wconf 88' lang='lat' dir='ltr'><strong>perparticularitatis</strong></span> <span class='ocrx_word' id='word_1_351' title='bbox 786 3206 1208 3279; x_wconf 84' lang='lat' dir='ltr'><strong>simplicitatem.</strong></span> <span class='ocrx_word' id='word_1_352' title='bbox 1255 3213 1499 3283; x_wconf 86' lang='lat' dir='ltr'><strong>Qualiter</strong></span> <span class='ocrx_word' id='word_1_353' title='bbox 1528 3232 1659 3277; x_wconf 82' lang='lat' dir='ltr'><strong>vero</strong></span> <span class='ocrx_word' id='word_1_354' title='bbox 1691 3225 1791 3281; x_wconf 91' lang='lat' dir='ltr'><strong>hoc</strong></span> 
     </span>
    </p>
   </div>
   <div class='ocr_carea' id='block_1_48' title="bbox 193 3295 1784 3376">
    <p class='ocr_par' dir='ltr' id='par_1_48' title="bbox 193 3295 1784 3376">
     <span class='ocr_line' id='line_1_51' title="bbox 193 3295 1784 3376; baseline 0.018 -31"><span class='ocrx_word' id='word_1_355' title='bbox 193 3295 493 3362; x_wconf 86' lang='lat' dir='ltr'><strong>approbari</strong></span> <span class='ocrx_word' id='word_1_356' title='bbox 533 3301 736 3368; x_wconf 87' lang='lat' dir='ltr'><strong>possit,</strong></span> <span class='ocrx_word' id='word_1_357' title='bbox 787 3299 1005 3372; x_wconf 79' lang='lat' dir='ltr'><strong>longum</strong></span> <span class='ocrx_word' id='word_1_358' title='bbox 1059 3318 1145 3363; x_wconf 90' lang='lat' dir='ltr'><strong>est</strong></span> <span class='ocrx_word' id='word_1_359' title='bbox 1199 3307 1302 3366; x_wconf 88' lang='lat' dir='ltr'><strong>hoc</strong></span> <span class='ocrx_word' id='word_1_360' title='bbox 1351 3313 1470 3370; x_wconf 90' lang='lat' dir='ltr'><strong>loco</strong></span> <span class='ocrx_word' id='word_1_361' title='bbox 1523 3315 1784 3376; x_wconf 89' lang='lat' dir='ltr'><strong>inserere.</strong></span> 
     </span>
    </p>
   </div>
   <div class='ocr_carea' id='block_1_49' title="bbox 188 3383 1788 3483">
    <p class='ocr_par' dir='ltr' id='par_1_49' title="bbox 188 3383 1788 3483">
     <span class='ocr_line' id='line_1_52' title="bbox 188 3383 1788 3483; baseline 0.018 -44"><span class='ocrx_word' id='word_1_362' title='bbox 188 3383 462 3458; x_wconf 85' lang='lat' dir='ltr'><strong>Quisquis</strong></span> <span class='ocrx_word' id='word_1_363' title='bbox 510 3401 689 3450; x_wconf 90' lang='lat' dir='ltr'><strong>autem</strong></span> <span class='ocrx_word' id='word_1_364' title='bbox 737 3390 792 3451; x_wconf 87' lang='lat' dir='ltr'><strong>id</strong></span> <span class='ocrx_word' id='word_1_365' title='bbox 833 3398 1048 3469; x_wconf 87' lang='lat' dir='ltr'><strong>plenius</strong></span> <span class='ocrx_word' id='word_1_366' title='bbox 1099 3405 1241 3461; x_wconf 87' lang='lat' dir='ltr'><strong>seire</strong></span> <span class='ocrx_word' id='word_1_367' title='bbox 1293 3408 1598 3477; x_wconf 86' lang='lat' dir='ltr'><strong>desiderat,</strong></span> <span class='ocrx_word' id='word_1_368' title='bbox 1644 3411 1788 3483; x_wconf 88' lang='lat' dir='ltr'><strong>legat</strong></span> 
     </span>
    </p>
   </div>
   <div class='ocr_carea' id='block_1_50' title="bbox 191 3481 1781 3559">
    <p class='ocr_par' dir='ltr' id='par_1_50' title="bbox 191 3481 1781 3559">
     <span class='ocr_line' id='line_1_53' title="bbox 191 3481 1781 3559; baseline 0.018 -29"><span class='ocrx_word' id='word_1_369' title='bbox 191 3481 498 3536; x_wconf 87' lang='lat' dir='ltr'><strong>secundum</strong></span> <span class='ocrx_word' id='word_1_370' title='bbox 541 3481 711 3540; x_wconf 84' lang='lat' dir='ltr'><strong>Boetii</strong></span> <span class='ocrx_word' id='word_1_371' title='bbox 759 3489 956 3544; x_wconf 88' lang='lat' dir='ltr'><strong>librum</strong></span> <span class='ocrx_word' id='word_1_372' title='bbox 984 3491 1050 3549; x_wconf 88' lang='lat' dir='ltr'><strong>de</strong></span> <span class='ocrx_word' id='word_1_373' title='bbox 1076 3493 1416 3553; x_wconf 88' lang='lat' dir='ltr'><strong>institutione</strong></span> <span class='ocrx_word' id='word_1_374' title='bbox 1447 3481 1781 3559; x_wconf 80' lang='lat' dir='ltr'><strong>harmonica.</strong></span> 
     </span>
    </p>
   </div>
   <div class='ocr_carea' id='block_1_51' title="bbox 191 3566 1778 3663">
    <p class='ocr_par' dir='ltr' id='par_1_51' title="bbox 191 3566 1778 3663">
     <span class='ocr_line' id='line_1_54' title="bbox 191 3566 1778 3663; baseline 0.019 -42"><span class='ocrx_word' id='word_1_375' title='bbox 191 3566 316 3624; x_wconf 76' lang='lat' dir='ltr'><strong>Hoc</strong></span> <span class='ocrx_word' id='word_1_376' title='bbox 354 3577 531 3629; x_wconf 89' lang='lat' dir='ltr'><strong>tamen</strong></span> <span class='ocrx_word' id='word_1_377' title='bbox 565 3593 727 3634; x_wconf 91' lang='lat' dir='ltr'><strong>unum</strong></span> <span class='ocrx_word' id='word_1_378' title='bbox 769 3581 1008 3638; x_wconf 86' lang='lat' dir='ltr'><strong>breviter</strong></span> <span class='ocrx_word' id='word_1_379' title='bbox 1034 3598 1491 3648; x_wconf 90' lang='lat' dir='ltr'><strong>commemorasse</strong></span> <span class='ocrx_word' id='word_1_380' title='bbox 1529 3593 1778 3663; x_wconf 71' lang='lat' dir='ltr'><strong>sufﬁciat,</strong></span> 
     </span>
    </p>
   </div>
   <div class='ocr_carea' id='block_1_52' title="bbox 188 3660 1778 3743">
    <p class='ocr_par' dir='ltr' id='par_1_52' title="bbox 188 3660 1778 3743">
     <span class='ocr_line' id='line_1_55' title="bbox 188 3660 1778 3743; baseline 0.02 -32"><span class='ocrx_word' id='word_1_381' title='bbox 188 3660 342 3728; x_wconf 90' lang='lat' dir='ltr'><strong>quod</strong></span> <span class='ocrx_word' id='word_1_382' title='bbox 386 3663 453 3717; x_wconf 89' lang='lat' dir='ltr'><strong>ab</strong></span> <span class='ocrx_word' id='word_1_383' title='bbox 500 3667 853 3740; x_wconf 66' lang='lat' dir='ltr'><strong>ianualibus</strong></span> <span class='ocrx_word' id='word_1_384' title='bbox 897 3675 1139 3733; x_wconf 89' lang='lat' dir='ltr'><strong>numeris</strong></span> <span class='ocrx_word' id='word_1_385' title='bbox 1184 3679 1474 3738; x_wconf 89' lang='lat' dir='ltr'><strong>concordia</strong></span> <span class='ocrx_word' id='word_1_386' title='bbox 1504 3683 1565 3738; x_wconf 82' lang='lat' dir='ltr'><strong>tit</strong></span> <span class='ocrx_word' id='word_1_387' title='bbox 1591 3699 1778 3743; x_wconf 85' lang='lat' dir='ltr'><strong>conso-</strong></span> 
     </span>
    </p>
   </div>
   <div class='ocr_carea' id='block_1_53' title="bbox 186 3752 1776 3841">
    <p class='ocr_par' dir='ltr' id='par_1_53' title="bbox 186 3752 1776 3841">
     <span class='ocr_line' id='line_1_56' title="bbox 186 3752 1776 3841; baseline 0.02 -39"><span class='ocrx_word' id='word_1_388' title='bbox 186 3752 524 3810; x_wconf 86' lang='lat' dir='ltr'><strong>nantiarum.</strong></span> <span class='ocrx_word' id='word_1_389' title='bbox 570 3758 700 3826; x_wconf 67' lang='lat' dir='ltr'><strong>Qum</strong></span> <span class='ocrx_word' id='word_1_390' title='bbox 743 3777 872 3818; x_wconf 90' lang='lat' dir='ltr'><strong>vero</strong></span> <span class='ocrx_word' id='word_1_391' title='bbox 915 3775 1042 3822; x_wconf 89' lang='lat' dir='ltr'><strong>sunt</strong></span> <span class='ocrx_word' id='word_1_392' title='bbox 1088 3767 1376 3841; x_wconf 85' lang='lat' dir='ltr'><strong>inaequalia</strong></span> <span class='ocrx_word' id='word_1_393' title='bbox 1424 3791 1776 3834; x_wconf 89' lang='lat' dir='ltr'><strong>numerorum</strong></span> 
     </span>
    </p>
   </div>
   <div class='ocr_carea' id='block_1_54' title="bbox 180 3848 1775 3926">
    <p class='ocr_par' dir='ltr' id='par_1_54' title="bbox 180 3848 1775 3926">
     <span class='ocr_line' id='line_1_57' title="bbox 180 3848 1775 3926; baseline 0.021 -33"><span class='ocrx_word' id='word_1_394' title='bbox 180 3853 389 3913; x_wconf 80' lang='lat' dir='ltr'><strong>genera</strong></span> <span class='ocrx_word' id='word_1_395' title='bbox 423 3848 658 3920; x_wconf 85' lang='lat' dir='ltr'><strong>quinque</strong></span> <span class='ocrx_word' id='word_1_396' title='bbox 704 3853 844 3908; x_wconf 90' lang='lat' dir='ltr'><strong>inter</strong></span> <span class='ocrx_word' id='word_1_397' title='bbox 888 3867 947 3910; x_wconf 85' lang='lat' dir='ltr'><strong>se</strong></span> <span class='ocrx_word' id='word_1_398' title='bbox 991 3861 1166 3916; x_wconf 90' lang='lat' dir='ltr'><strong>modis</strong></span> <span class='ocrx_word' id='word_1_399' title='bbox 1211 3863 1537 3922; x_wconf 86' lang='lat' dir='ltr'><strong>dissentiunt</strong></span> <span class='ocrx_word' id='word_1_400' title='bbox 1579 3869 1635 3924; x_wconf 90' lang='lat' dir='ltr'><strong>in</strong></span> <span class='ocrx_word' id='word_1_401' title='bbox 1677 3886 1775 3926; x_wconf 92' lang='lat' dir='ltr'><strong>sua</strong></span> 
     </span>
    </p>
   </div>
   <div class='ocr_carea' id='block_1_55' title="bbox 182 3935 1774 4036">
    <p class='ocr_par' dir='ltr' id='par_1_55' title="bbox 182 3935 1774 4036">
     <span class='ocr_line' id='line_1_58' title="bbox 182 3935 1774 4036; baseline 0.023 -50"><span class='ocrx_word' id='word_1_402' title='bbox 182 3935 524 4006; x_wconf 68' lang='lat' dir='ltr'><strong>inaequalite.</strong></span> <span class='ocrx_word' id='word_1_403' title='bbox 561 3938 669 3997; x_wconf 83' lang='lat' dir='ltr'><strong>Aut</strong></span> <span class='ocrx_word' id='word_1_404' title='bbox 703 3945 846 4002; x_wconf 88' lang='lat' dir='ltr'><strong>enim</strong></span> <span class='ocrx_word' id='word_1_405' title='bbox 883 3949 1110 4007; x_wconf 90' lang='lat' dir='ltr'><strong>alterum</strong></span> <span class='ocrx_word' id='word_1_406' title='bbox 1151 3955 1219 4010; x_wconf 91' lang='lat' dir='ltr'><strong>ab</strong></span> <span class='ocrx_word' id='word_1_407' title='bbox 1256 3958 1429 4015; x_wconf 91' lang='lat' dir='ltr'><strong>altero</strong></span> <span class='ocrx_word' id='word_1_408' title='bbox 1469 3963 1774 4036; x_wconf 88' lang='lat' dir='ltr'><strong>multiplici-</strong></span> 
     </span>
    </p>
   </div>
   <div class='ocr_carea' id='block_1_56' title="bbox 182 4037 1771 4130">
    <p class='ocr_par' dir='ltr' id='par_1_56' title="bbox 182 4037 1771 4130">
     <span class='ocr_line' id='line_1_59' title="bbox 182 4037 1771 4130; baseline 0.021 -47"><span class='ocrx_word' id='word_1_409' title='bbox 182 4038 304 4086; x_wconf 87' lang='lat' dir='ltr'><strong>tate</strong></span> <span class='ocrx_word' id='word_1_410' title='bbox 334 4037 756 4107; x_wconf 84' lang='lat' dir='ltr'><strong>transcenditur,</strong></span> <span class='ocrx_word' id='word_1_411' title='bbox 793 4053 884 4098; x_wconf 92' lang='lat' dir='ltr'><strong>aut</strong></span> <span class='ocrx_word' id='word_1_412' title='bbox 918 4046 1139 4120; x_wconf 84' lang='lat' dir='ltr'><strong>singulis</strong></span> <span class='ocrx_word' id='word_1_413' title='bbox 1172 4056 1440 4122; x_wconf 89' lang='lat' dir='ltr'><strong>partibus,</strong></span> <span class='ocrx_word' id='word_1_414' title='bbox 1471 4070 1562 4114; x_wconf 90' lang='lat' dir='ltr'><strong>aut</strong></span> <span class='ocrx_word' id='word_1_415' title='bbox 1599 4061 1771 4130; x_wconf 89' lang='lat' dir='ltr'><strong>pluri-</strong></span> 
     </span>
    </p>
   </div>
   <div class='ocr_carea' id='block_1_57' title="bbox 177 4123 1769 4222">
    <p class='ocr_par' dir='ltr' id='par_1_57' title="bbox 177 4123 1769 4222">
     <span class='ocr_line' id='line_1_60' title="bbox 177 4123 1769 4222; baseline 0.022 -46"><span class='ocrx_word' id='word_1_416' title='bbox 177 4123 310 4190; x_wconf 77' lang='lat' dir='ltr'><strong>bus,</strong></span> <span class='ocrx_word' id='word_1_417' title='bbox 343 4135 434 4180; x_wconf 89' lang='lat' dir='ltr'><strong>aut</strong></span> <span class='ocrx_word' id='word_1_418' title='bbox 481 4128 877 4201; x_wconf 88' lang='lat' dir='ltr'><strong>multiplicitate</strong></span> <span class='ocrx_word' id='word_1_419' title='bbox 919 4147 973 4193; x_wconf 89' lang='lat' dir='ltr'><strong>et</strong></span> <span class='ocrx_word' id='word_1_420' title='bbox 1018 4153 1196 4212; x_wconf 89' lang='lat' dir='ltr'><strong>parte,</strong></span> <span class='ocrx_word' id='word_1_421' title='bbox 1235 4156 1328 4201; x_wconf 90' lang='lat' dir='ltr'><strong>aut</strong></span> <span class='ocrx_word' id='word_1_422' title='bbox 1369 4123 1769 4222; x_wconf 74' lang='lat' dir='ltr'><strong>multiplicitate</strong></span> 
     </span>
    </p>
   </div>
   <div class='ocr_carea' id='block_1_58' title="bbox 178 4215 1768 4318">
    <p class='ocr_par' dir='ltr' id='par_1_58' title="bbox 178 4215 1768 4318">
     <span class='ocr_line' id='line_1_61' title="bbox 178 4215 1768 4318; baseline 0.023 -52"><span class='ocrx_word' id='word_1_423' title='bbox 178 4219 244 4266; x_wconf 86' lang='lat' dir='ltr'><strong>et</strong></span> <span class='ocrx_word' id='word_1_424' title='bbox 276 4215 544 4280; x_wconf 83' lang='lat' dir='ltr'><strong>partibus.</strong></span> <span class='ocrx_word' id='word_1_425' title='bbox 575 4218 634 4277; x_wconf 88' lang='lat' dir='ltr'><strong>Si</strong></span> <span class='ocrx_word' id='word_1_426' title='bbox 670 4225 794 4294; x_wconf 86' lang='lat' dir='ltr'><strong>quis</strong></span> <span class='ocrx_word' id='word_1_427' title='bbox 839 4236 1019 4286; x_wconf 89' lang='lat' dir='ltr'><strong>autem</strong></span> <span class='ocrx_word' id='word_1_428' title='bbox 1058 4231 1154 4289; x_wconf 88' lang='lat' dir='ltr'><strong>has</strong></span> <span class='ocrx_word' id='word_1_429' title='bbox 1191 4215 1618 4310; x_wconf 64' lang='lat' dir='ltr'><strong>inaequalitatem</strong></span> <span class='ocrx_word' id='word_1_430' title='bbox 1648 4262 1768 4318; x_wconf 91' lang='lat' dir='ltr'><strong>spe-</strong></span> 
     </span>
    </p>
   </div>
   <div class='ocr_carea' id='block_1_59' title="bbox 173 4304 1766 4394">
    <p class='ocr_par' dir='ltr' id='par_1_59' title="bbox 173 4304 1766 4394">
     <span class='ocr_line' id='line_1_62' title="bbox 173 4304 1766 4394; baseline 0.024 -37"><span class='ocrx_word' id='word_1_431' title='bbox 173 4304 298 4361; x_wconf 89' lang='lat' dir='ltr'><strong>cies</strong></span> <span class='ocrx_word' id='word_1_432' title='bbox 321 4310 668 4369; x_wconf 86' lang='lat' dir='ltr'><strong>considerare</strong></span> <span class='ocrx_word' id='word_1_433' title='bbox 703 4316 993 4389; x_wconf 88' lang='lat' dir='ltr'><strong>desiderat,</strong></span> <span class='ocrx_word' id='word_1_434' title='bbox 1022 4325 1258 4394; x_wconf 88' lang='lat' dir='ltr'><strong>primum</strong></span> <span class='ocrx_word' id='word_1_435' title='bbox 1298 4304 1470 4387; x_wconf 54' lang='lat' dir='ltr'><strong>ﬁoetii</strong></span> <span class='ocrx_word' id='word_1_436' title='bbox 1502 4333 1553 4389; x_wconf 92' lang='lat' dir='ltr'><strong>in</strong></span> <span class='ocrx_word' id='word_1_437' title='bbox 1583 4304 1766 4393; x_wconf 71' lang='lat' dir='ltr'><strong>Arith-</strong></span> 
     </span>
    </p>
   </div>
   <div class='ocr_carea' id='block_1_60' title="bbox 174 4397 801 4477">
    <p class='ocr_par' dir='ltr' id='par_1_60' title="bbox 174 4397 801 4477">
     <span class='ocr_line' id='line_1_63' title="bbox 174 4397 801 4477; baseline 0.024 -30"><span class='ocrx_word' id='word_1_438' title='bbox 174 4397 382 4451; x_wconf 88' lang='lat' dir='ltr'><strong>metica</strong></span> <span class='ocrx_word' id='word_1_439' title='bbox 413 4399 608 4457; x_wconf 87' lang='lat' dir='ltr'><strong>librum</strong></span> <span class='ocrx_word' id='word_1_440' title='bbox 639 4406 801 4477; x_wconf 81' lang='lat' dir='ltr'><strong>legat.</strong></span> 
     </span>
    </p>
   </div>
   <div class='ocr_carea' id='block_1_61' title="bbox 249 4485 1762 4592">
    <p class='ocr_par' dir='ltr' id='par_1_61' title="bbox 249 4485 1762 4592">
     <span class='ocr_line' id='line_1_64' title="bbox 249 4485 1762 4592; baseline 0.028 -54"><span class='ocrx_word' id='word_1_441' title='bbox 249 4485 560 4547; x_wconf 79' lang='lat' dir='ltr'><strong>Notandum</strong></span> <span class='ocrx_word' id='word_1_442' title='bbox 601 4505 780 4551; x_wconf 88' lang='lat' dir='ltr'><strong>autem</strong></span> <span class='ocrx_word' id='word_1_443' title='bbox 830 4504 974 4571; x_wconf 88' lang='lat' dir='ltr'><strong>quod</strong></span> <span class='ocrx_word' id='word_1_444' title='bbox 1032 4521 1098 4561; x_wconf 82' lang='lat' dir='ltr'><strong>ex</strong></span> <span class='ocrx_word' id='word_1_445' title='bbox 1152 4513 1478 4582; x_wconf 87' lang='lat' dir='ltr'><strong>supradictis</strong></span> <span class='ocrx_word' id='word_1_446' title='bbox 1524 4520 1762 4592; x_wconf 86' lang='lat' dir='ltr'><strong>quinque</strong></span> 
     </span>
    </p>
   </div>
   <div class='ocr_carea' id='block_1_62' title="bbox 1918 2030 2610 2115">
    <p class='ocr_par' dir='ltr' id='par_1_62' title="bbox 1918 2030 2610 2115">
     <span class='ocr_line' id='line_1_65' title="bbox 1918 2030 2610 2115; baseline 0.032 -34"><span class='ocrx_word' id='word_1_447' title='bbox 1918 2030 2174 2102; x_wconf 86' lang='lat' dir='ltr'><strong>diapason</strong></span> <span class='ocrx_word' id='word_1_448' title='bbox 2217 2046 2568 2101; x_wconf 85' lang='lat' dir='ltr'><strong>consonantia</strong></span> <span class='ocrx_word' id='word_1_449' title='bbox 2596 2065 2610 2115; x_wconf 89' lang='lat'><strong>;</strong></span> 
     </span>
    </p>
   </div>
   <div class='ocr_carea' id='block_1_63' title="bbox 1916 2123 3504 2228">
    <p class='ocr_par' dir='ltr' id='par_1_63' title="bbox 1916 2123 3504 2228">
     <span class='ocr_line' id='line_1_66' title="bbox 1916 2123 3504 2228; baseline 0.033 -53"><span class='ocrx_word' id='word_1_450' title='bbox 1916 2123 2369 2196; x_wconf 83' lang='lat' dir='ltr'><strong>subsequentibus</strong></span> <span class='ocrx_word' id='word_1_451' title='bbox 2399 2149 2544 2205; x_wconf 89' lang='lat' dir='ltr'><strong>cum,</strong></span> <span class='ocrx_word' id='word_1_452' title='bbox 2573 2142 2637 2197; x_wconf 91' lang='lat' dir='ltr'><strong>de</strong></span> <span class='ocrx_word' id='word_1_453' title='bbox 2663 2143 2882 2206; x_wconf 88' lang='lat' dir='ltr'><strong>chordis</strong></span> <span class='ocrx_word' id='word_1_454' title='bbox 2903 2160 2960 2208; x_wconf 89' lang='lat' dir='ltr'><strong>et</strong></span> <span class='ocrx_word' id='word_1_455' title='bbox 2984 2169 3169 2214; x_wconf 89' lang='lat' dir='ltr'><strong>earum</strong></span> <span class='ocrx_word' id='word_1_456' title='bbox 3193 2165 3504 2228; x_wconf 79' lang='lat' dir='ltr'><strong>nominibus</strong></span> 
     </span>
    </p>
   </div>
   <div class='ocr_carea' id='block_1_64' title="bbox 1913 2221 2525 2289">
    <p class='ocr_par' dir='ltr' id='par_1_64' title="bbox 1913 2221 2525 2289">
     <span class='ocr_line' id='line_1_67' title="bbox 1913 2221 2525 2289; baseline 0.028 -20"><span class='ocrx_word' id='word_1_457' title='bbox 1913 2221 2234 2289; x_wconf 65' lang='lat' dir='ltr'><strong>coeperimus</strong></span> <span class='ocrx_word' id='word_1_458' title='bbox 2272 2233 2525 2288; x_wconf 86' lang='lat' dir='ltr'><strong>tractare.</strong></span> 
     </span>
    </p>
   </div>
   <div class='ocr_carea' id='block_1_65' title="bbox 1983 2311 3498 2424">
    <p class='ocr_par' dir='ltr' id='par_1_65' title="bbox 1983 2311 3498 2424">
     <span class='ocr_line' id='line_1_68' title="bbox 1983 2311 3498 2424; baseline 0.03 -59"><span class='ocrx_word' id='word_1_459' title='bbox 1983 2311 2070 2366; x_wconf 82' lang='grc' dir='ltr'><strong>Η.</strong></span> <span class='ocrx_word' id='word_1_460' title='bbox 2113 2312 2401 2376; x_wconf 88' lang='lat' dir='ltr'><strong>Sciendum</strong></span> <span class='ocrx_word' id='word_1_461' title='bbox 2432 2337 2560 2381; x_wconf 83' lang='lat' dir='ltr'><strong>vero</strong></span> <span class='ocrx_word' id='word_1_462' title='bbox 2594 2331 2736 2400; x_wconf 87' lang='lat' dir='ltr'><strong>quod</strong></span> <span class='ocrx_word' id='word_1_463' title='bbox 2764 2347 2904 2405; x_wconf 61' lang='lat' dir='ltr'><strong>saepe</strong></span> <span class='ocrx_word' id='word_1_464' title='bbox 2932 2340 3090 2397; x_wconf 69' lang='lat' dir='ltr'><strong>dicite</strong></span> <span class='ocrx_word' id='word_1_465' title='bbox 3128 2353 3498 2424; x_wconf 69' lang='lat' dir='ltr'><strong>consenantiaa</strong></span> 
     </span>
    </p>
   </div>
   <div class='ocr_carea' id='block_1_66' title="bbox 1909 2415 3500 2507">
    <p class='ocr_par' dir='ltr' id='par_1_66' title="bbox 1909 2415 3500 2507">
     <span class='ocr_line' id='line_1_69' title="bbox 1909 2415 3500 2507; baseline 0.033 -53"><span class='ocrx_word' id='word_1_466' title='bbox 1909 2415 2248 2478; x_wconf 89' lang='lat' dir='ltr'><strong>nequaquam</strong></span> <span class='ocrx_word' id='word_1_467' title='bbox 2273 2422 2396 2468; x_wconf 90' lang='lat' dir='ltr'><strong>sunt</strong></span> <span class='ocrx_word' id='word_1_468' title='bbox 2429 2417 2665 2476; x_wconf 87' lang='lat' dir='ltr'><strong>humano</strong></span> <span class='ocrx_word' id='word_1_469' title='bbox 2701 2421 2914 2496; x_wconf 86' lang='lat' dir='ltr'><strong>ingenio</strong></span> <span class='ocrx_word' id='word_1_470' title='bbox 2951 2427 3182 2495; x_wconf 73' lang='lat' dir='ltr'><strong>iuventa:</strong></span> <span class='ocrx_word' id='word_1_471' title='bbox 3207 2483 3221 2507; x_wconf 88' lang='lat'><strong>,</strong></span> <span class='ocrx_word' id='word_1_472' title='bbox 3271 2420 3388 2501; x_wconf 27' lang='lat' dir='ltr'><strong>sed.</strong></span> <span class='ocrx_word' id='word_1_473' title='bbox 3418 2448 3500 2506; x_wconf 61' lang='lat' dir='ltr'><strong>dia</strong></span> 
     </span>
    </p>
   </div>
   <div class='ocr_carea' id='block_1_67' title="bbox 1905 2495 3496 2597">
    <p class='ocr_par' dir='ltr' id='par_1_67' title="bbox 1905 2495 3496 2597">
     <span class='ocr_line' id='line_1_70' title="bbox 1905 2495 3496 2597; baseline 0.031 -49"><span class='ocrx_word' id='word_1_474' title='bbox 1905 2495 2032 2552; x_wconf 79' lang='lat' dir='ltr'><strong>vino</strong></span> <span class='ocrx_word' id='word_1_475' title='bbox 2062 2503 2294 2569; x_wconf 89' lang='lat' dir='ltr'><strong>quodam</strong></span> <span class='ocrx_word' id='word_1_476' title='bbox 2328 2517 2460 2564; x_wconf 92' lang='lat' dir='ltr'><strong>nutu</strong></span> <span class='ocrx_word' id='word_1_477' title='bbox 2490 2495 2810 2587; x_wconf 71' lang='lat' dir='ltr'><strong>Pythagora:</strong></span> <span class='ocrx_word' id='word_1_478' title='bbox 2846 2532 2970 2579; x_wconf 91' lang='lat' dir='ltr'><strong>sunt</strong></span> <span class='ocrx_word' id='word_1_479' title='bbox 3021 2495 3270 2590; x_wconf 67' lang='lat' dir='ltr'><strong>ostensaa.</strong></span> <span class='ocrx_word' id='word_1_480' title='bbox 3329 2531 3496 2597; x_wconf 85' lang='lat' dir='ltr'><strong>Deni-</strong></span> 
     </span>
    </p>
   </div>
   <div class='ocr_carea' id='block_1_68' title="bbox 1904 2595 3492 2703">
    <p class='ocr_par' dir='ltr' id='par_1_68' title="bbox 1904 2595 3492 2703">
     <span class='ocr_line' id='line_1_71' title="bbox 1904 2595 3492 2703; baseline 0.032 -65"><span class='ocrx_word' id='word_1_481' title='bbox 1904 2599 2009 2655; x_wconf 91' lang='lat' dir='ltr'><strong>que</strong></span> <span class='ocrx_word' id='word_1_482' title='bbox 2039 2603 2160 2646; x_wconf 89' lang='lat' dir='ltr'><strong>eum</strong></span> <span class='ocrx_word' id='word_1_483' title='bbox 2217 2595 2359 2652; x_wconf 90' lang='lat' dir='ltr'><strong>idem</strong></span> <span class='ocrx_word' id='word_1_484' title='bbox 2392 2601 2746 2675; x_wconf 88' lang='lat' dir='ltr'><strong>philosophus</strong></span> <span class='ocrx_word' id='word_1_485' title='bbox 2770 2613 3012 2672; x_wconf 87' lang='lat' dir='ltr'><strong>ardentis</strong></span> <span class='ocrx_word' id='word_1_486' title='bbox 3056 2629 3200 2678; x_wconf 89' lang='lat' dir='ltr'><strong>esset</strong></span> <span class='ocrx_word' id='word_1_487' title='bbox 3253 2595 3492 2703; x_wconf 77' lang='lat' dir='ltr'><strong>ingenii,</strong></span> 
     </span>
    </p>
   </div>
   <div class='ocr_carea' id='block_1_69' title="bbox 1903 2680 3494 2784">
    <p class='ocr_par' dir='ltr' id='par_1_69' title="bbox 1903 2680 3494 2784">
     <span class='ocr_line' id='line_1_72' title="bbox 3254 2680 3492 2703; baseline 0.034 -8"><span class='ocrx_word' id='word_1_488' title='bbox 3254 2680 3260 2681; x_wconf 57' lang='lat'>’</span> <span class='ocrx_word' id='word_1_489' title='bbox 3279 2680 3453 2700; x_wconf 57' lang='lat' dir='ltr'><strong>”O&quot;&quot;&#39;</strong></span> <span class='ocrx_word' id='word_1_490' title='bbox 3476 2680 3492 2703; x_wconf 67' lang='grc' dir='ltr'><strong><em>ν</em></strong></span> 
     </span>
     <span class='ocr_line' id='line_1_73' title="bbox 1903 2680 3494 2784; baseline 0.031 -48"><span class='ocrx_word' id='word_1_491' title='bbox 1903 2680 2102 2754; x_wconf 85' lang='lat' dir='ltr'><strong>diuque</strong></span> <span class='ocrx_word' id='word_1_492' title='bbox 2131 2698 2368 2747; x_wconf 63' lang='lat' dir='ltr'><strong>aestuans</strong></span> <span class='ocrx_word' id='word_1_493' title='bbox 2398 2691 2726 2770; x_wconf 79' lang='lat' dir='ltr'><strong>inquireret,</strong></span> <span class='ocrx_word' id='word_1_494' title='bbox 2760 2720 2992 2778; x_wconf 81' lang='lat' dir='ltr'><strong>quanam</strong></span> <span class='ocrx_word' id='word_1_495' title='bbox 3021 2717 3230 2776; x_wconf 85' lang='lat' dir='ltr'><strong>ratione</strong></span> <span class='ocrx_word' id='word_1_496' title='bbox 3264 2721 3494 2784; x_wconf 80' lang='lat' dir='ltr'><strong>firmiter</strong></span> 
     </span>
    </p>
   </div>
   <div class='ocr_carea' id='block_1_70' title="bbox 1900 2781 3492 2890">
    <p class='ocr_par' dir='ltr' id='par_1_70' title="bbox 1900 2781 3492 2890">
     <span class='ocr_line' id='line_1_74' title="bbox 1900 2781 3492 2890; baseline 0.031 -63"><span class='ocrx_word' id='word_1_497' title='bbox 1900 2783 1954 2828; x_wconf 90' lang='lat' dir='ltr'><strong>et</strong></span> <span class='ocrx_word' id='word_1_498' title='bbox 1976 2781 2293 2838; x_wconf 86' lang='lat' dir='ltr'><strong>constanter</strong></span> <span class='ocrx_word' id='word_1_499' title='bbox 2318 2795 2792 2852; x_wconf 89' lang='lat' dir='ltr'><strong>consonantiarum</strong></span> <span class='ocrx_word' id='word_1_500' title='bbox 2848 2799 2944 2875; x_wconf 80' lang='grc' dir='ltr'><strong>[αι.</strong></span> <span class='ocrx_word' id='word_1_501' title='bbox 2979 2813 3352 2890; x_wconf 79' lang='lat' dir='ltr'><strong>monumenta]</strong></span> <span class='ocrx_word' id='word_1_502' title='bbox 3374 2838 3492 2876; x_wconf 89' lang='lat' dir='ltr'><strong>mo-</strong></span> 
     </span>
    </p>
   </div>
   <div class='ocr_carea' id='block_1_71' title="bbox 1901 2875 3530 2968">
    <p class='ocr_par' dir='ltr' id='par_1_71' title="bbox 1901 2875 3530 2968">
     <span class='ocr_line' id='line_1_75' title="bbox 1901 2875 3530 2968; baseline 0.033 -51"><span class='ocrx_word' id='word_1_503' title='bbox 1901 2875 2078 2923; x_wconf 89' lang='lat' dir='ltr'><strong>menta</strong></span> <span class='ocrx_word' id='word_1_504' title='bbox 2108 2875 2474 2944; x_wconf 80' lang='lat' dir='ltr'><strong>perdisceret,</strong></span> <span class='ocrx_word' id='word_1_505' title='bbox 2530 2887 2726 2943; x_wconf 90' lang='lat' dir='ltr'><strong>accidit</strong></span> <span class='ocrx_word' id='word_1_506' title='bbox 2755 2899 2813 2945; x_wconf 92' lang='lat' dir='ltr'><strong>ut</strong></span> <span class='ocrx_word' id='word_1_507' title='bbox 2841 2901 3156 2962; x_wconf 73' lang='lat' dir='ltr'><strong>praeteriens</strong></span> <span class='ocrx_word' id='word_1_508' title='bbox 3206 2875 3485 2968; x_wconf 80' lang='lat' dir='ltr'><strong>fabrorum</strong></span> <span class='ocrx_word' id='word_1_509' title='bbox 3522 2911 3530 2914; x_wconf 56' lang='grc'>”</span> 
     </span>
    </p>
   </div>
   <div class='ocr_carea' id='block_1_72' title="bbox 1897 2958 3486 3061">
    <p class='ocr_par' dir='ltr' id='par_1_72' title="bbox 1897 2958 3486 3061">
     <span class='ocr_line' id='line_1_76' title="bbox 1897 2958 3486 3061; baseline 0.033 -50"><span class='ocrx_word' id='word_1_510' title='bbox 1897 2958 2138 3019; x_wconf 74' lang='lat' dir='ltr'><strong>ofﬁcinas</strong></span> <span class='ocrx_word' id='word_1_511' title='bbox 2162 2963 2345 3034; x_wconf 90' lang='lat' dir='ltr'><strong>pulsos</strong></span> <span class='ocrx_word' id='word_1_512' title='bbox 2375 2973 2596 3032; x_wconf 87' lang='lat' dir='ltr'><strong>malleos</strong></span> <span class='ocrx_word' id='word_1_513' title='bbox 2623 2984 2935 3050; x_wconf 80' lang='lat' dir='ltr'><strong>exaudiret,</strong></span> <span class='ocrx_word' id='word_1_514' title='bbox 2978 3007 3045 3046; x_wconf 85' lang='lat' dir='ltr'><strong>ex</strong></span> <span class='ocrx_word' id='word_1_515' title='bbox 3079 2991 3309 3056; x_wconf 85' lang='lat' dir='ltr'><strong>diversis</strong></span> <span class='ocrx_word' id='word_1_516' title='bbox 3336 3008 3486 3061; x_wconf 90' lang='lat' dir='ltr'><strong>sonis</strong></span> 
     </span>
    </p>
   </div>
   <div class='ocr_carea' id='block_1_73' title="bbox 1897 3062 3484 3169">
    <p class='ocr_par' dir='ltr' id='par_1_73' title="bbox 1897 3062 3484 3169">
     <span class='ocr_line' id='line_1_77' title="bbox 1897 3062 3484 3169; baseline 0.022 -64"><span class='ocrx_word' id='word_1_517' title='bbox 1897 3066 2059 3109; x_wconf 89' lang='lat' dir='ltr'><strong>unam</strong></span> <span class='ocrx_word' id='word_1_518' title='bbox 2089 3062 2483 3128; x_wconf 88' lang='lat' dir='ltr'><strong>quodammodo</strong></span> <span class='ocrx_word' id='word_1_519' title='bbox 2509 3075 2938 3136; x_wconf 88' lang='lat' dir='ltr'><strong>convenientiam</strong></span> <span class='ocrx_word' id='word_1_520' title='bbox 2979 3101 3352 3154; x_wconf 88' lang='lat' dir='ltr'><strong>personantes.</strong></span> <span class='ocrx_word' id='word_1_521' title='bbox 3384 3097 3484 3169; x_wconf 74' lang='lat' dir='ltr'><strong>lgi-</strong></span> 
     </span>
     <span class='ocr_line' id='line_1_78' title="bbox 1897 3148 2854 3169; baseline 0 0"><span class='ocrx_word' id='word_1_522' title='bbox 1897 3148 2153 3169; x_wconf 50' lang='grc' dir='ltr'><strong>...ημμ</strong></span> <span class='ocrx_word' id='word_1_523' title='bbox 2847 3168 2854 3169; x_wconf 62' lang='lat'><strong><em>,</em></strong></span> 
     </span>
    </p>
   </div>
   <div class='ocr_carea' id='block_1_74' title="bbox 1897 3148 3484 3246">
    <p class='ocr_par' dir='ltr' id='par_1_74' title="bbox 1897 3148 3484 3246">
     <span class='ocr_line' id='line_1_79' title="bbox 1897 3148 3484 3246; baseline 0.033 -51"><span class='ocrx_word' id='word_1_524' title='bbox 1897 3150 1984 3197; x_wconf 88' lang='lat' dir='ltr'><strong>tur</strong></span> <span class='ocrx_word' id='word_1_525' title='bbox 2011 3148 2077 3200; x_wconf 91' lang='lat' dir='ltr'><strong>ad</strong></span> <span class='ocrx_word' id='word_1_526' title='bbox 2103 3148 2183 3215; x_wconf 93' lang='lat' dir='ltr'><strong>id,</strong></span> <span class='ocrx_word' id='word_1_527' title='bbox 2219 3157 2361 3222; x_wconf 92' lang='lat' dir='ltr'><strong>quod</strong></span> <span class='ocrx_word' id='word_1_528' title='bbox 2391 3155 2486 3228; x_wconf 78' lang='lat' dir='ltr'><strong>[aL</strong></span> <span class='ocrx_word' id='word_1_529' title='bbox 2518 3161 2634 3236; x_wconf 91' lang='lat' dir='ltr'><strong>diu]</strong></span> <span class='ocrx_word' id='word_1_530' title='bbox 2660 3168 2935 3234; x_wconf 64' lang='lat' dir='ltr'><strong>quasrebat</strong></span> <span class='ocrx_word' id='word_1_531' title='bbox 2957 3148 3271 3240; x_wconf 28' lang='lat' dir='ltr'><strong>{attonitus</strong></span> <span class='ocrx_word' id='word_1_532' title='bbox 3299 3148 3484 3246; x_wconf 56' lang='lat' dir='ltr'><strong>accc:-</strong></span> 
     </span>
    </p>
   </div>
   <div class='ocr_carea' id='block_1_75' title="bbox 1891 3238 3484 3338">
    <p class='ocr_par' dir='ltr' id='par_1_75' title="bbox 1891 3238 3484 3338">
     <span class='ocr_line' id='line_1_80' title="bbox 1891 3238 3484 3338; baseline 0.031 -47"><span class='ocrx_word' id='word_1_533' title='bbox 1891 3238 1964 3292; x_wconf 89' lang='lat' dir='ltr'><strong>sit</strong></span> <span class='ocrx_word' id='word_1_534' title='bbox 1985 3242 2050 3297; x_wconf 89' lang='lat' dir='ltr'><strong>ad</strong></span> <span class='ocrx_word' id='word_1_535' title='bbox 2085 3258 2249 3314; x_wconf 84' lang='lat' dir='ltr'><strong>Opus,</strong></span> <span class='ocrx_word' id='word_1_536' title='bbox 2281 3249 2478 3322; x_wconf 91' lang='lat' dir='ltr'><strong>diuque</strong></span> <span class='ocrx_word' id='word_1_537' title='bbox 2501 3259 2850 3319; x_wconf 88' lang='lat' dir='ltr'><strong>considerans</strong></span> <span class='ocrx_word' id='word_1_538' title='bbox 2872 3267 3167 3329; x_wconf 88' lang='lat' dir='ltr'><strong>arbitratus</strong></span> <span class='ocrx_word' id='word_1_539' title='bbox 3195 3288 3277 3335; x_wconf 86' lang='lat' dir='ltr'><strong>est</strong></span> <span class='ocrx_word' id='word_1_540' title='bbox 3303 3279 3484 3338; x_wconf 75' lang='lat' dir='ltr'><strong>diver—</strong></span> 
     </span>
    </p>
   </div>
   <div class='ocr_carea' id='block_1_76' title="bbox 1893 3332 3481 3434">
    <p class='ocr_par' dir='ltr' id='par_1_76' title="bbox 1893 3332 3481 3434">
     <span class='ocr_line' id='line_1_81' title="bbox 1893 3332 3481 3434; baseline 0.03 -49"><span class='ocrx_word' id='word_1_541' title='bbox 1893 3332 2107 3389; x_wconf 89' lang='lat' dir='ltr'><strong>sitatem</strong></span> <span class='ocrx_word' id='word_1_542' title='bbox 2135 3346 2384 3398; x_wconf 91' lang='lat' dir='ltr'><strong>tonorum</strong></span> <span class='ocrx_word' id='word_1_543' title='bbox 2411 3346 2721 3408; x_wconf 81' lang='lat' dir='ltr'><strong>ferientium</strong></span> <span class='ocrx_word' id='word_1_544' title='bbox 2751 3356 2896 3413; x_wconf 83' lang='lat' dir='ltr'><strong>vires</strong></span> <span class='ocrx_word' id='word_1_545' title='bbox 2922 3359 3152 3421; x_wconf 66' lang='lat' dir='ltr'><strong>edicere.</strong></span> <span class='ocrx_word' id='word_1_546' title='bbox 3193 3369 3259 3426; x_wconf 83' lang='lat' dir='ltr'><strong>Et</strong></span> <span class='ocrx_word' id='word_1_547' title='bbox 3282 3382 3338 3429; x_wconf 86' lang='lat' dir='ltr'><strong>ut</strong></span> <span class='ocrx_word' id='word_1_548' title='bbox 3376 3376 3481 3434; x_wconf 84' lang='lat' dir='ltr'><strong>hoc</strong></span> 
     </span>
    </p>
   </div>
   <div class='ocr_carea' id='block_1_77' title="bbox 1890 3438 3476 3532">
    <p class='ocr_par' dir='ltr' id='par_1_77' title="bbox 1890 3438 3476 3532">
     <span class='ocr_line' id='line_1_82' title="bbox 1890 3438 3476 3532; baseline 0.031 -56"><span class='ocrx_word' id='word_1_549' title='bbox 1890 3438 2202 3496; x_wconf 87' lang='lat' dir='ltr'><strong>appareret,</strong></span> <span class='ocrx_word' id='word_1_550' title='bbox 2230 3438 2428 3492; x_wconf 88' lang='lat' dir='ltr'><strong>mutari</strong></span> <span class='ocrx_word' id='word_1_551' title='bbox 2453 3439 2594 3496; x_wconf 91' lang='lat' dir='ltr'><strong>inter</strong></span> <span class='ocrx_word' id='word_1_552' title='bbox 2612 3458 2670 3498; x_wconf 87' lang='lat' dir='ltr'><strong>se</strong></span> <span class='ocrx_word' id='word_1_553' title='bbox 2689 3446 2914 3506; x_wconf 84' lang='lat' dir='ltr'><strong>malleos</strong></span> <span class='ocrx_word' id='word_1_554' title='bbox 2938 3451 3241 3524; x_wconf 82' lang='lat' dir='ltr'><strong>imperavit.</strong></span> <span class='ocrx_word' id='word_1_555' title='bbox 3269 3465 3476 3532; x_wconf 81' lang='lat' dir='ltr'><strong>Quibus</strong></span> 
     </span>
    </p>
   </div>
   <div class='ocr_carea' id='block_1_78' title="bbox 1887 3520 3476 3619">
    <p class='ocr_par' dir='ltr' id='par_1_78' title="bbox 1887 3520 3476 3619">
     <span class='ocr_line' id='line_1_83' title="bbox 1887 3520 3476 3619; baseline 0.031 -51"><span class='ocrx_word' id='word_1_556' title='bbox 1887 3520 2108 3574; x_wconf 90' lang='lat' dir='ltr'><strong>mutatis</strong></span> <span class='ocrx_word' id='word_1_557' title='bbox 2136 3538 2394 3582; x_wconf 88' lang='lat' dir='ltr'><strong>sonorum</strong></span> <span class='ocrx_word' id='word_1_558' title='bbox 2439 3531 2722 3592; x_wconf 88' lang='lat' dir='ltr'><strong>diversitas</strong></span> <span class='ocrx_word' id='word_1_559' title='bbox 2764 3541 2834 3595; x_wconf 88' lang='lat' dir='ltr'><strong>ab</strong></span> <span class='ocrx_word' id='word_1_560' title='bbox 2858 3541 3168 3608; x_wconf 89' lang='lat' dir='ltr'><strong>hominibus</strong></span> <span class='ocrx_word' id='word_1_561' title='bbox 3215 3559 3476 3619; x_wconf 78' lang='lat' dir='ltr'><strong>recedens</strong></span> 
     </span>
    </p>
   </div>
   <div class='ocr_carea' id='block_1_79' title="bbox 1885 3609 3472 3716">
    <p class='ocr_par' dir='ltr' id='par_1_79' title="bbox 1885 3609 3472 3716">
     <span class='ocr_line' id='line_1_84' title="bbox 1885 3609 3472 3716; baseline 0.03 -55"><span class='ocrx_word' id='word_1_562' title='bbox 1885 3609 2108 3668; x_wconf 89' lang='lat' dir='ltr'><strong>malleos</strong></span> <span class='ocrx_word' id='word_1_563' title='bbox 2137 3621 2482 3685; x_wconf 90' lang='lat' dir='ltr'><strong>sequebatur.</strong></span> <span class='ocrx_word' id='word_1_564' title='bbox 2513 3623 2663 3682; x_wconf 90' lang='lat' dir='ltr'><strong>&#39;l‘unc</strong></span> <span class='ocrx_word' id='word_1_565' title='bbox 2686 3643 2903 3688; x_wconf 91' lang='lat' dir='ltr'><strong>omnem</strong></span> <span class='ocrx_word' id='word_1_566' title='bbox 2924 3652 3111 3695; x_wconf 89' lang='lat' dir='ltr'><strong>curam</strong></span> <span class='ocrx_word' id='word_1_567' title='bbox 3143 3639 3210 3698; x_wconf 87' lang='lat' dir='ltr'><strong>ad</strong></span> <span class='ocrx_word' id='word_1_568' title='bbox 3229 3651 3472 3716; x_wconf 81' lang='lat' dir='ltr'><strong>pondera</strong></span> 
     </span>
    </p>
   </div>
   <div class='ocr_carea' id='block_1_80' title="bbox 1881 3711 3468 3810">
    <p class='ocr_par' dir='ltr' id='par_1_80' title="bbox 1881 3711 3468 3810">
     <span class='ocr_line' id='line_1_85' title="bbox 1881 3711 3468 3810; baseline 0.027 -54"><span class='ocrx_word' id='word_1_569' title='bbox 1881 3715 2067 3758; x_wconf 89' lang='lat' dir='ltr'><strong>eorum</strong></span> <span class='ocrx_word' id='word_1_570' title='bbox 2109 3711 2464 3769; x_wconf 86' lang='lat' dir='ltr'><strong>examinanda</strong></span> <span class='ocrx_word' id='word_1_571' title='bbox 2496 3721 2782 3775; x_wconf 89' lang='lat' dir='ltr'><strong>convertit.</strong></span> <span class='ocrx_word' id='word_1_572' title='bbox 2807 3723 2873 3779; x_wconf 88' lang='lat' dir='ltr'><strong>Et</strong></span> <span class='ocrx_word' id='word_1_573' title='bbox 2908 3727 3158 3789; x_wconf 87' lang='lat' dir='ltr'><strong>inventus</strong></span> <span class='ocrx_word' id='word_1_574' title='bbox 3185 3746 3270 3792; x_wconf 91' lang='lat' dir='ltr'><strong>est</strong></span> <span class='ocrx_word' id='word_1_575' title='bbox 3295 3755 3434 3798; x_wconf 91' lang='lat' dir='ltr'><strong>unus</strong></span> <span class='ocrx_word' id='word_1_576' title='bbox 3453 3786 3468 3810; x_wconf 82' lang='lat'><strong>,</strong></span> 
     </span>
    </p>
   </div>
   <div class='ocr_carea' id='block_1_81' title="bbox 1879 3795 3467 3892">
    <p class='ocr_par' dir='ltr' id='par_1_81' title="bbox 1879 3795 3467 3892">
     <span class='ocr_line' id='line_1_86' title="bbox 1879 3795 3467 3892; baseline 0.028 -45"><span class='ocrx_word' id='word_1_577' title='bbox 1879 3795 1969 3864; x_wconf 90' lang='lat' dir='ltr'><strong>qui</strong></span> <span class='ocrx_word' id='word_1_578' title='bbox 2000 3798 2174 3867; x_wconf 82' lang='lat' dir='ltr'><strong>major</strong></span> <span class='ocrx_word' id='word_1_579' title='bbox 2197 3813 2318 3857; x_wconf 89' lang='lat' dir='ltr'><strong>erat</strong></span> <span class='ocrx_word' id='word_1_580' title='bbox 2341 3846 2354 3871; x_wconf 94' lang='lat'><strong>,</strong></span> <span class='ocrx_word' id='word_1_581' title='bbox 2410 3807 2692 3866; x_wconf 90' lang='lat' dir='ltr'><strong>duodecim</strong></span> <span class='ocrx_word' id='word_1_582' title='bbox 2734 3817 3068 3887; x_wconf 83' lang='lat' dir='ltr'><strong>ponderum,</strong></span> <span class='ocrx_word' id='word_1_583' title='bbox 3099 3826 3240 3883; x_wconf 85' lang='lat' dir='ltr'><strong>alter</strong></span> <span class='ocrx_word' id='word_1_584' title='bbox 3272 3847 3467 3892; x_wconf 86' lang='lat' dir='ltr'><strong>novem</strong></span> 
     </span>
    </p>
   </div>
   <div class='ocr_carea' id='block_1_82' title="bbox 1879 3889 3469 3988">
    <p class='ocr_par' dir='ltr' id='par_1_82' title="bbox 1879 3889 3469 3988">
     <span class='ocr_line' id='line_1_87' title="bbox 1879 3889 3469 3988; baseline 0.025 -48"><span class='ocrx_word' id='word_1_585' title='bbox 1879 3889 2176 3954; x_wconf 89' lang='lat' dir='ltr'><strong>ponderum</strong></span> <span class='ocrx_word' id='word_1_586' title='bbox 2200 3936 2213 3958; x_wconf 90' lang='lat'><strong>,</strong></span> <span class='ocrx_word' id='word_1_587' title='bbox 2250 3900 2440 3953; x_wconf 90' lang='lat' dir='ltr'><strong>tertius</strong></span> <span class='ocrx_word' id='word_1_588' title='bbox 2463 3909 2616 3968; x_wconf 91' lang='lat' dir='ltr'><strong>octo,</strong></span> <span class='ocrx_word' id='word_1_589' title='bbox 2650 3915 2876 3974; x_wconf 88' lang='lat' dir='ltr'><strong>quartus</strong></span> <span class='ocrx_word' id='word_1_590' title='bbox 2904 3927 3019 3968; x_wconf 79' lang='lat' dir='ltr'><strong>sex.</strong></span> <span class='ocrx_word' id='word_1_591' title='bbox 3050 3915 3217 3988; x_wconf 88' lang='lat' dir='ltr'><strong>Igitur</strong></span> <span class='ocrx_word' id='word_1_592' title='bbox 3243 3921 3298 3978; x_wconf 88' lang='lat' dir='ltr'><strong>hi</strong></span> <span class='ocrx_word' id='word_1_593' title='bbox 3325 3929 3434 3981; x_wconf 87' lang='lat' dir='ltr'><strong>mal</strong></span> <span class='ocrx_word' id='word_1_594' title='bbox 3463 3959 3469 3968; x_wconf 67' lang='grc' dir='ltr'><strong><em>η</em></strong></span> 
     </span>
    </p>
   </div>
   <div class='ocr_carea' id='block_1_83' title="bbox 1874 3977 3466 4086">
    <p class='ocr_par' dir='ltr' id='par_1_83' title="bbox 1874 3977 3466 4086">
     <span class='ocr_line' id='line_1_88' title="bbox 1874 3977 3466 4086; baseline 0.026 -54"><span class='ocrx_word' id='word_1_595' title='bbox 1874 3977 1944 4033; x_wconf 90' lang='lat' dir='ltr'><strong>lei</strong></span> <span class='ocrx_word' id='word_1_596' title='bbox 1965 4021 1978 4045; x_wconf 92' lang='lat'><strong>,</strong></span> <span class='ocrx_word' id='word_1_597' title='bbox 2013 3983 2103 4051; x_wconf 91' lang='lat' dir='ltr'><strong>qui</strong></span> <span class='ocrx_word' id='word_1_598' title='bbox 2129 3985 2413 4044; x_wconf 89' lang='lat' dir='ltr'><strong>duodecim</strong></span> <span class='ocrx_word' id='word_1_599' title='bbox 2439 4000 2494 4045; x_wconf 90' lang='lat' dir='ltr'><strong>et</strong></span> <span class='ocrx_word' id='word_1_600' title='bbox 2524 4008 2615 4048; x_wconf 79' lang='lat' dir='ltr'><strong>sex</strong></span> <span class='ocrx_word' id='word_1_601' title='bbox 2655 3999 2950 4064; x_wconf 86' lang='lat' dir='ltr'><strong>ponderum</strong></span> <span class='ocrx_word' id='word_1_602' title='bbox 2982 3977 3166 4076; x_wconf 69' lang='lat' dir='ltr'><strong>erant,</strong></span> <span class='ocrx_word' id='word_1_603' title='bbox 3204 4013 3466 4086; x_wconf 87' lang='lat' dir='ltr'><strong>diapason</strong></span> 
     </span>
    </p>
   </div>
   <div class='ocr_carea' id='block_1_84' title="bbox 1875 4070 3454 4163">
    <p class='ocr_par' dir='ltr' id='par_1_84' title="bbox 1875 4070 3454 4163">
     <span class='ocr_line' id='line_1_89' title="bbox 1875 4070 3454 4163; baseline 0.025 -39"><span class='ocrx_word' id='word_1_604' title='bbox 1875 4070 1926 4124; x_wconf 93' lang='lat' dir='ltr'><strong>in</strong></span> <span class='ocrx_word' id='word_1_605' title='bbox 1960 4073 2120 4143; x_wconf 83' lang='lat' dir='ltr'><strong>duplo</strong></span> <span class='ocrx_word' id='word_1_606' title='bbox 2141 4082 2548 4137; x_wconf 90' lang='lat' dir='ltr'><strong>consonantiam</strong></span> <span class='ocrx_word' id='word_1_607' title='bbox 2590 4092 2970 4154; x_wconf 86' lang='lat' dir='ltr'><strong>personabant.</strong></span> <span class='ocrx_word' id='word_1_608' title='bbox 3005 4070 3226 4159; x_wconf 80' lang='lat' dir='ltr'><strong>Malleus</strong></span> <span class='ocrx_word' id='word_1_609' title='bbox 3258 4070 3454 4163; x_wconf 44' lang='lat' dir='ltr'><strong>dende.</strong></span> 
     </span>
    </p>
   </div>
   <div class='ocr_carea' id='block_1_85' title="bbox 1871 4163 3461 4258">
    <p class='ocr_par' dir='ltr' id='par_1_85' title="bbox 1871 4163 3461 4258">
     <span class='ocr_line' id='line_1_90' title="bbox 1871 4163 3461 4258; baseline 0.028 -44"><span class='ocrx_word' id='word_1_610' title='bbox 1871 4163 1974 4216; x_wconf 93' lang='lat' dir='ltr'><strong>cim</strong></span> <span class='ocrx_word' id='word_1_611' title='bbox 2023 4170 2320 4233; x_wconf 86' lang='lat' dir='ltr'><strong>ponderum</strong></span> <span class='ocrx_word' id='word_1_612' title='bbox 2348 4174 2414 4226; x_wconf 91' lang='lat' dir='ltr'><strong>ad</strong></span> <span class='ocrx_word' id='word_1_613' title='bbox 2456 4177 2705 4233; x_wconf 86' lang='lat' dir='ltr'><strong>malleum</strong></span> <span class='ocrx_word' id='word_1_614' title='bbox 2740 4198 2928 4238; x_wconf 87' lang='lat' dir='ltr'><strong>novem</strong></span> <span class='ocrx_word' id='word_1_615' title='bbox 2952 4227 2965 4251; x_wconf 93' lang='lat'><strong>,</strong></span> <span class='ocrx_word' id='word_1_616' title='bbox 2997 4197 3051 4242; x_wconf 92' lang='lat' dir='ltr'><strong>et</strong></span> <span class='ocrx_word' id='word_1_617' title='bbox 3084 4193 3313 4254; x_wconf 85' lang='lat' dir='ltr'><strong>malleus</strong></span> <span class='ocrx_word' id='word_1_618' title='bbox 3338 4211 3461 4258; x_wconf 80' lang='lat' dir='ltr'><strong>octo</strong></span> 
     </span>
    </p>
   </div>
   <div class='ocr_carea' id='block_1_86' title="bbox 1869 4256 3430 4364">
    <p class='ocr_par' dir='ltr' id='par_1_86' title="bbox 1869 4256 3430 4364">
     <span class='ocr_line' id='line_1_91' title="bbox 1869 4256 3430 4364; baseline 0.028 -59"><span class='ocrx_word' id='word_1_619' title='bbox 1869 4256 2167 4323; x_wconf 87' lang='lat' dir='ltr'><strong>ponderum</strong></span> <span class='ocrx_word' id='word_1_620' title='bbox 2193 4263 2258 4314; x_wconf 91' lang='lat' dir='ltr'><strong>ad</strong></span> <span class='ocrx_word' id='word_1_621' title='bbox 2294 4264 2544 4338; x_wconf 82' lang='lat' dir='ltr'><strong>malleum</strong></span> <span class='ocrx_word' id='word_1_622' title='bbox 2573 4285 2665 4324; x_wconf 82' lang='lat' dir='ltr'><strong>sex</strong></span> <span class='ocrx_word' id='word_1_623' title='bbox 2694 4276 2989 4341; x_wconf 88' lang='lat' dir='ltr'><strong>ponderum</strong></span> <span class='ocrx_word' id='word_1_624' title='bbox 3023 4286 3317 4344; x_wconf 83' lang='lat' dir='ltr'><strong>secundum</strong></span> <span class='ocrx_word' id='word_1_625' title='bbox 3347 4296 3430 4364; x_wconf 87' lang='lat' dir='ltr'><strong>cpi</strong></span> 
     </span>
    </p>
   </div>
   <div class='ocr_carea' id='block_1_87' title="bbox 1870 4343 3433 4442">
    <p class='ocr_par' dir='ltr' id='par_1_87' title="bbox 1870 4343 3433 4442">
     <span class='ocr_line' id='line_1_92' title="bbox 1870 4343 3433 4442; baseline 0.029 -44"><span class='ocrx_word' id='word_1_626' title='bbox 1870 4343 2052 4401; x_wconf 85' lang='lat' dir='ltr'><strong>tritam</strong></span> <span class='ocrx_word' id='word_1_627' title='bbox 2072 4391 2086 4413; x_wconf 94' lang='lat'><strong>,</strong></span> <span class='ocrx_word' id='word_1_628' title='bbox 2139 4351 2191 4405; x_wconf 90' lang='lat' dir='ltr'><strong>id</strong></span> <span class='ocrx_word' id='word_1_629' title='bbox 2232 4362 2346 4421; x_wconf 90' lang='lat' dir='ltr'><strong>est,</strong></span> <span class='ocrx_word' id='word_1_630' title='bbox 2371 4357 2373 4364; x_wconf 36' lang='grc' dir='ltr'><em>λ</em></span> <span class='ocrx_word' id='word_1_631' title='bbox 2395 4360 2797 4430; x_wconf 80' lang='lat' dir='ltr'><strong>sesquitertiatn</strong></span> <span class='ocrx_word' id='word_1_632' title='bbox 2827 4374 3230 4440; x_wconf 84' lang='lat' dir='ltr'><strong>proportionem</strong></span> <span class='ocrx_word' id='word_1_633' title='bbox 3259 4343 3433 4442; x_wconf 44' lang='lat' dir='ltr'><strong>diaths</strong></span> 
     </span>
    </p>
   </div>
   <div class='ocr_carea' id='block_1_88' title="bbox 169 4580 3431 4720">
    <p class='ocr_par' dir='ltr' id='par_1_88' title="bbox 169 4580 3431 4720">
     <span class='ocr_line' id='line_1_93' title="bbox 1221 4580 3426 4627; baseline 0.027 -60"><span class='ocrx_word' id='word_1_634' title='bbox 1221 4580 1235 4582; x_wconf 15' lang='grc' dir='ltr'><strong>ἡ</strong></span> <span class='ocrx_word' id='word_1_635' title='bbox 1539 4580 1559 4590; x_wconf 41' lang='grc'><strong>⁸</strong></span> <span class='ocrx_word' id='word_1_636' title='bbox 1677 4580 1688 4592; x_wconf 82' lang='lat'>_</span> <span class='ocrx_word' id='word_1_637' title='bbox 1870 4580 1911 4586; x_wconf 52' lang='grc' dir='ltr'><strong>ν.</strong></span> <span class='ocrx_word' id='word_1_638' title='bbox 2108 4580 2478 4609; x_wconf 56' lang='grc' dir='ltr'><strong>,ινυηυιυνιωα</strong></span> <span class='ocrx_word' id='word_1_639' title='bbox 2507 4580 2850 4619; x_wconf 75' lang='grc' dir='ltr'>νιυμυιιιυιιυ</span> <span class='ocrx_word' id='word_1_640' title='bbox 2880 4580 3208 4621; x_wconf 73' lang='lat' dir='ltr'><strong>resonabant</strong></span> <span class='ocrx_word' id='word_1_641' title='bbox 3239 4580 3426 4627; x_wconf 90' lang='lat' dir='ltr'><strong>tonum</strong></span> 
     </span>
     <span class='ocr_line' id='line_1_94' title="bbox 169 4580 3431 4720; baseline 0.027 -89"><span class='ocrx_word' id='word_1_642' title='bbox 169 4580 602 4649; x_wconf 74' lang='lat' dir='ltr'><strong>ina-qualitatum</strong></span> <span class='ocrx_word' id='word_1_643' title='bbox 631 4593 918 4659; x_wconf 74' lang='lat' dir='ltr'><strong>generibus</strong></span> <span class='ocrx_word' id='word_1_644' title='bbox 943 4595 1050 4655; x_wconf 90' lang='lat' dir='ltr'><strong>duo</strong></span> <span class='ocrx_word' id='word_1_645' title='bbox 1078 4609 1285 4660; x_wconf 89' lang='lat' dir='ltr'><strong>tantum</strong></span> <span class='ocrx_word' id='word_1_646' title='bbox 1321 4611 1388 4663; x_wconf 90' lang='lat' dir='ltr'><strong>ad</strong></span> <span class='ocrx_word' id='word_1_647' title='bbox 1419 4613 1760 4672; x_wconf 87' lang='lat' dir='ltr'><strong>harmonicas</strong></span> <span class='ocrx_word' id='word_1_648' title='bbox 1784 4647 1840 4708; x_wconf 70' lang='grc' dir='ltr'><strong>υ</strong></span> <span class='ocrx_word' id='word_1_649' title='bbox 1862 4621 2028 4694; x_wconf 84' lang='lat' dir='ltr'><strong>igitur</strong></span> <span class='ocrx_word' id='word_1_650' title='bbox 2077 4625 2410 4702; x_wconf 81' lang='lat' dir='ltr'><strong>Pythagoras</strong></span> <span class='ocrx_word' id='word_1_651' title='bbox 2454 4637 2672 4696; x_wconf 89' lang='lat' dir='ltr'><strong>domum</strong></span> <span class='ocrx_word' id='word_1_652' title='bbox 2705 4658 2957 4706; x_wconf 85' lang='lat' dir='ltr'><strong>reversus</strong></span> <span class='ocrx_word' id='word_1_653' title='bbox 2989 4656 3139 4710; x_wconf 85' lang='lat' dir='ltr'><strong>varia</strong></span> <span class='ocrx_word' id='word_1_654' title='bbox 3184 4663 3431 4720; x_wconf 77' lang='lat' dir='ltr'><strong>examina</strong></span> 
     </span>
     <span class='ocr_line' id='line_1_95' title="bbox 169 4674 1898 4720; baseline 0.013 0"><span class='ocrx_word' id='word_1_655' title='bbox 169 4674 490 4720; x_wconf 71' lang='lat' dir='ltr'><strong>furmandmi</strong></span> <span class='ocrx_word' id='word_1_656' title='bbox 514 4688 895 4720; x_wconf 50' lang='lat' dir='ltr'><strong>annum-mih...</strong></span> <span class='ocrx_word' id='word_1_657' title='bbox 927 4707 1272 4720; x_wconf 62' lang='lat'><strong>..-........--..--_</strong></span> <span class='ocrx_word' id='word_1_658' title='bbox 1329 4704 1339 4720; x_wconf 75' lang='grc' dir='ltr'>ε</span> <span class='ocrx_word' id='word_1_659' title='bbox 1367 4705 1377 4720; x_wconf 83' lang='grc' dir='ltr'>ι</span> <span class='ocrx_word' id='word_1_660' title='bbox 1428 4719 1431 4720; x_wconf 52' lang='grc' dir='ltr'><em>ν</em></span> <span class='ocrx_word' id='word_1_661' title='bbox 1484 4715 1494 4720; x_wconf 85' lang='grc'><strong><em>-</em></strong></span> <span class='ocrx_word' id='word_1_662' title='bbox 1674 4712 1684 4720; x_wconf 91' lang='grc'><strong>·</strong></span> <span class='ocrx_word' id='word_1_663' title='bbox 1719 4716 1729 4720; x_wconf 95' lang='grc'><strong>-</strong></span> <span class='ocrx_word' id='word_1_664' title='bbox 1888 4716 1898 4720; x_wconf 78' lang='lat'><em>‘</em></span> 
     </span>
    </p>
   </div>
   <div class='ocr_carea' id='block_1_89' title="bbox 167 4674 1758 4775">
    <p class='ocr_par' dir='ltr' id='par_1_89' title="bbox 167 4674 1758 4775">
     <span class='ocr_line' id='line_1_96' title="bbox 167 4674 1758 4775; baseline 0.027 -50"><span class='ocrx_word' id='word_1_665' title='bbox 167 4674 491 4735; x_wconf 82' lang='lat' dir='ltr'><strong>formandas</strong></span> <span class='ocrx_word' id='word_1_666' title='bbox 514 4688 898 4743; x_wconf 87' lang='lat' dir='ltr'><strong>consonant-ias</strong></span> <span class='ocrx_word' id='word_1_667' title='bbox 926 4707 1292 4769; x_wconf 84' lang='lat' dir='ltr'><strong>assumuntur,</strong></span> <span class='ocrx_word' id='word_1_668' title='bbox 1328 4704 1377 4757; x_wconf 91' lang='lat' dir='ltr'><strong>id</strong></span> <span class='ocrx_word' id='word_1_669' title='bbox 1418 4715 1530 4775; x_wconf 86' lang='lat' dir='ltr'><strong>est,</strong></span> <span class='ocrx_word' id='word_1_670' title='bbox 1577 4712 1758 4768; x_wconf 88' lang='lat' dir='ltr'><strong>multi-</strong></span> 
     </span>
    </p>
   </div>
   <div class='ocr_carea' id='block_1_90' title="bbox 163 4765 1757 4862">
    <p class='ocr_par' dir='ltr' id='par_1_90' title="bbox 163 4765 1757 4862">
     <span class='ocr_line' id='line_1_97' title="bbox 163 4765 1757 4862; baseline 0.027 -44"><span class='ocrx_word' id='word_1_671' title='bbox 163 4765 296 4836; x_wconf 80' lang='lat' dir='ltr'><strong>plex</strong></span> <span class='ocrx_word' id='word_1_672' title='bbox 343 4779 400 4824; x_wconf 86' lang='lat' dir='ltr'><strong>et</strong></span> <span class='ocrx_word' id='word_1_673' title='bbox 451 4779 975 4846; x_wconf 88' lang='lat' dir='ltr'><strong>superparticularis.</strong></span> <span class='ocrx_word' id='word_1_674' title='bbox 1028 4765 1301 4860; x_wconf 64' lang='lat' dir='ltr'><strong>Multipleit</strong></span> <span class='ocrx_word' id='word_1_675' title='bbox 1362 4797 1448 4851; x_wconf 89' lang='lat' dir='ltr'><strong>ille</strong></span> <span class='ocrx_word' id='word_1_676' title='bbox 1501 4765 1757 4862; x_wconf 81' lang='lat' dir='ltr'><strong>numerus</strong></span> 
     </span>
    </p>
   </div>
   <div class='ocr_carea' id='block_1_91' title="bbox 161 4859 1755 4968">
    <p class='ocr_par' dir='ltr' id='par_1_91' title="bbox 161 4859 1755 4968">
     <span class='ocr_line' id='line_1_98' title="bbox 161 4859 1755 4968; baseline 0.027 -57"><span class='ocrx_word' id='word_1_677' title='bbox 161 4859 371 4915; x_wconf 82' lang='lat' dir='ltr'><strong>dicitur</strong></span> <span class='ocrx_word' id='word_1_678' title='bbox 396 4865 486 4932; x_wconf 89' lang='lat' dir='ltr'><strong>qui</strong></span> <span class='ocrx_word' id='word_1_679' title='bbox 516 4868 780 4926; x_wconf 86' lang='lat' dir='ltr'><strong>minorem</strong></span> <span class='ocrx_word' id='word_1_680' title='bbox 813 4889 1096 4936; x_wconf 86' lang='lat' dir='ltr'><strong>numerum</strong></span> <span class='ocrx_word' id='word_1_681' title='bbox 1129 4885 1291 4956; x_wconf 87' lang='lat' dir='ltr'><strong>duplo</strong></span> <span class='ocrx_word' id='word_1_682' title='bbox 1319 4900 1412 4944; x_wconf 86' lang='lat' dir='ltr'><strong>aut</strong></span> <span class='ocrx_word' id='word_1_683' title='bbox 1457 4897 1755 4968; x_wconf 89' lang='lat' dir='ltr'><strong>quadruplo</strong></span> 
     </span>
    </p>
   </div>
   <div class='ocr_carea' id='block_1_92' title="bbox 161 4952 1752 5054">
    <p class='ocr_par' dir='ltr' id='par_1_92' title="bbox 161 4952 1752 5054">
     <span class='ocr_line' id='line_1_99' title="bbox 161 4952 1752 5054; baseline 0.028 -50"><span class='ocrx_word' id='word_1_684' title='bbox 161 4952 220 5004; x_wconf 85' lang='lat' dir='ltr'><strong>in</strong></span> <span class='ocrx_word' id='word_1_685' title='bbox 248 4970 309 5008; x_wconf 90' lang='lat' dir='ltr'><strong>se</strong></span> <span class='ocrx_word' id='word_1_686' title='bbox 331 4959 592 5018; x_wconf 90' lang='lat' dir='ltr'><strong>continet.</strong></span> <span class='ocrx_word' id='word_1_687' title='bbox 619 4961 684 5017; x_wconf 87' lang='lat' dir='ltr'><strong>Et</strong></span> <span class='ocrx_word' id='word_1_688' title='bbox 712 4979 777 5020; x_wconf 78' lang='lat' dir='ltr'><strong>ex</strong></span> <span class='ocrx_word' id='word_1_689' title='bbox 802 4968 903 5024; x_wconf 91' lang='lat' dir='ltr'><strong>hoc</strong></span> <span class='ocrx_word' id='word_1_690' title='bbox 938 4971 1244 5033; x_wconf 79' lang='lat' dir='ltr'><strong>formantur</strong></span> <span class='ocrx_word' id='word_1_691' title='bbox 1279 4982 1533 5054; x_wconf 87' lang='lat' dir='ltr'><strong>diapason</strong></span> <span class='ocrx_word' id='word_1_692' title='bbox 1562 5001 1752 5047; x_wconf 85' lang='lat' dir='ltr'><strong>conso-</strong></span> 
     </span>
    </p>
   </div>
   <div class='ocr_carea' id='block_1_93' title="bbox 158 5046 1748 5155">
    <p class='ocr_par' dir='ltr' id='par_1_93' title="bbox 158 5046 1748 5155">
     <span class='ocr_line' id='line_1_100' title="bbox 158 5046 1748 5155; baseline 0.028 -59"><span class='ocrx_word' id='word_1_693' title='bbox 158 5047 384 5102; x_wconf 70' lang='lat' dir='ltr'><strong>nantiae.</strong></span> <span class='ocrx_word' id='word_1_694' title='bbox 406 5046 920 5126; x_wconf 83' lang='lat' dir='ltr'><strong>Superparticularis</strong></span> <span class='ocrx_word' id='word_1_695' title='bbox 933 5079 1060 5122; x_wconf 87' lang='lat' dir='ltr'><strong>vero</strong></span> <span class='ocrx_word' id='word_1_696' title='bbox 1075 5068 1165 5124; x_wconf 90' lang='lat' dir='ltr'><strong>ille</strong></span> <span class='ocrx_word' id='word_1_697' title='bbox 1178 5083 1434 5133; x_wconf 84' lang='lat' dir='ltr'><strong>mtmerus</strong></span> <span class='ocrx_word' id='word_1_698' title='bbox 1449 5077 1642 5137; x_wconf 90' lang='lat' dir='ltr'><strong>dicitur</strong></span> <span class='ocrx_word' id='word_1_699' title='bbox 1657 5085 1748 5155; x_wconf 87' lang='lat' dir='ltr'><strong>qui</strong></span> 
     </span>
    </p>
   </div>
   <div class='ocr_carea' id='block_1_94' title="bbox 155 5141 1748 5246">
    <p class='ocr_par' dir='ltr' id='par_1_94' title="bbox 155 5141 1748 5246">
     <span class='ocr_line' id='line_1_101' title="bbox 155 5141 1748 5246; baseline 0.026 -54"><span class='ocrx_word' id='word_1_700' title='bbox 155 5141 430 5198; x_wconf 77' lang='lat' dir='ltr'><strong>minorem</strong></span> <span class='ocrx_word' id='word_1_701' title='bbox 481 5156 767 5207; x_wconf 83' lang='lat' dir='ltr'><strong>numerum</strong></span> <span class='ocrx_word' id='word_1_702' title='bbox 799 5159 969 5212; x_wconf 87' lang='lat' dir='ltr'><strong>totum</strong></span> <span class='ocrx_word' id='word_1_703' title='bbox 1006 5160 1058 5214; x_wconf 86' lang='lat' dir='ltr'><strong>in</strong></span> <span class='ocrx_word' id='word_1_704' title='bbox 1087 5173 1148 5218; x_wconf 84' lang='lat' dir='ltr'><strong>se</strong></span> <span class='ocrx_word' id='word_1_705' title='bbox 1180 5166 1371 5235; x_wconf 86' lang='lat' dir='ltr'><strong>habet,</strong></span> <span class='ocrx_word' id='word_1_706' title='bbox 1422 5177 1476 5226; x_wconf 81' lang='lat' dir='ltr'><strong>et</strong></span> <span class='ocrx_word' id='word_1_707' title='bbox 1526 5141 1748 5246; x_wconf 69' lang='lat' dir='ltr'><strong>insuper</strong></span> 
     </span>
    </p>
   </div>
   <div class='ocr_carea' id='block_1_95' title="bbox 153 5230 1740 5332">
    <p class='ocr_par' dir='ltr' id='par_1_95' title="bbox 153 5230 1740 5332">
     <span class='ocr_line' id='line_1_102' title="bbox 153 5230 1740 5332; baseline 0.023 -47"><span class='ocrx_word' id='word_1_708' title='bbox 153 5230 276 5300; x_wconf 83' lang='lat' dir='ltr'><strong>ejus</strong></span> <span class='ocrx_word' id='word_1_709' title='bbox 317 5237 693 5310; x_wconf 78' lang='lat' dir='ltr'><strong>medietatem,</strong></span> <span class='ocrx_word' id='word_1_710' title='bbox 724 5254 818 5302; x_wconf 89' lang='lat' dir='ltr'><strong>aut</strong></span> <span class='ocrx_word' id='word_1_711' title='bbox 849 5249 1074 5308; x_wconf 87' lang='lat' dir='ltr'><strong>tertiam</strong></span> <span class='ocrx_word' id='word_1_712' title='bbox 1104 5263 1200 5310; x_wconf 89' lang='lat' dir='ltr'><strong>aut</strong></span> <span class='ocrx_word' id='word_1_713' title='bbox 1237 5230 1481 5315; x_wconf 82' lang='lat' dir='ltr'><strong>octavam</strong></span> <span class='ocrx_word' id='word_1_714' title='bbox 1510 5230 1740 5332; x_wconf 72' lang='lat' dir='ltr'><strong>partem.</strong></span> 
     </span>
    </p>
   </div>
   <div class='ocr_carea' id='block_1_96' title="bbox 153 5321 1741 5412">
    <p class='ocr_par' dir='ltr' id='par_1_96' title="bbox 153 5321 1741 5412">
     <span class='ocr_line' id='line_1_103' title="bbox 153 5321 1741 5412; baseline 0.023 -35"><span class='ocrx_word' id='word_1_715' title='bbox 153 5321 223 5378; x_wconf 83' lang='lat' dir='ltr'><strong>Et</strong></span> <span class='ocrx_word' id='word_1_716' title='bbox 244 5335 315 5380; x_wconf 81' lang='lat' dir='ltr'><strong>ex</strong></span> <span class='ocrx_word' id='word_1_717' title='bbox 343 5326 448 5384; x_wconf 90' lang='lat' dir='ltr'><strong>hoc</strong></span> <span class='ocrx_word' id='word_1_718' title='bbox 470 5340 824 5399; x_wconf 81' lang='lat' dir='ltr'><strong>procreantur</strong></span> <span class='ocrx_word' id='word_1_719' title='bbox 852 5340 1104 5411; x_wconf 83' lang='lat' dir='ltr'><strong>diapente</strong></span> <span class='ocrx_word' id='word_1_720' title='bbox 1132 5352 1188 5400; x_wconf 88' lang='lat' dir='ltr'><strong>et</strong></span> <span class='ocrx_word' id='word_1_721' title='bbox 1229 5321 1562 5409; x_wconf 75' lang='lat' dir='ltr'><strong>diatessaron</strong></span> <span class='ocrx_word' id='word_1_722' title='bbox 1609 5366 1741 5412; x_wconf 87' lang='lat' dir='ltr'><strong>con-</strong></span> 
     </span>
    </p>
   </div>
   <div class='ocr_carea' id='block_1_97' title="bbox 149 5420 1738 5506">
    <p class='ocr_par' dir='ltr' id='par_1_97' title="bbox 149 5420 1738 5506">
     <span class='ocr_line' id='line_1_104' title="bbox 149 5420 1738 5506; baseline 0.024 -37"><span class='ocrx_word' id='word_1_723' title='bbox 149 5420 418 5475; x_wconf 72' lang='lat' dir='ltr'><strong>sonantia:</strong></span> <span class='ocrx_word' id='word_1_724' title='bbox 435 5462 451 5486; x_wconf 94' lang='lat'><strong>,</strong></span> <span class='ocrx_word' id='word_1_725' title='bbox 479 5431 690 5482; x_wconf 87' lang='lat' dir='ltr'><strong>necnon</strong></span> <span class='ocrx_word' id='word_1_726' title='bbox 714 5430 879 5487; x_wconf 87' lang='lat' dir='ltr'><strong>etiam</strong></span> <span class='ocrx_word' id='word_1_727' title='bbox 911 5443 1092 5492; x_wconf 84' lang='lat' dir='ltr'><strong>tenus.</strong></span> <span class='ocrx_word' id='word_1_728' title='bbox 1114 5435 1346 5498; x_wconf 77' lang='lat' dir='ltr'><strong>Proinde</strong></span> <span class='ocrx_word' id='word_1_729' title='bbox 1373 5443 1514 5500; x_wconf 86' lang='lat' dir='ltr'><strong>scire</strong></span> <span class='ocrx_word' id='word_1_730' title='bbox 1539 5459 1738 5506; x_wconf 80' lang='lat' dir='ltr'><strong>conve-</strong></span> 
     </span>
    </p>
   </div>
   <div class='ocr_carea' id='block_1_98' title="bbox 150 5510 1737 5604">
    <p class='ocr_par' dir='ltr' id='par_1_98' title="bbox 150 5510 1737 5604">
     <span class='ocr_line' id='line_1_105' title="bbox 150 5510 1737 5604; baseline 0.025 -42"><span class='ocrx_word' id='word_1_731' title='bbox 150 5510 264 5575; x_wconf 89' lang='lat' dir='ltr'><strong>nit,</strong></span> <span class='ocrx_word' id='word_1_732' title='bbox 311 5527 417 5568; x_wconf 88' lang='lat' dir='ltr'><strong>non</strong></span> <span class='ocrx_word' id='word_1_733' title='bbox 467 5532 625 5586; x_wconf 85' lang='lat' dir='ltr'><strong>posse</strong></span> <span class='ocrx_word' id='word_1_734' title='bbox 655 5519 896 5591; x_wconf 79' lang='lat' dir='ltr'><strong>perfecte</strong></span> <span class='ocrx_word' id='word_1_735' title='bbox 945 5529 1059 5586; x_wconf 73' lang='lat' dir='ltr'><strong>fieri</strong></span> <span class='ocrx_word' id='word_1_736' title='bbox 1106 5531 1403 5604; x_wconf 90' lang='lat' dir='ltr'><strong>musicum,</strong></span> <span class='ocrx_word' id='word_1_737' title='bbox 1434 5539 1539 5597; x_wconf 90' lang='lat' dir='ltr'><strong>nisi</strong></span> <span class='ocrx_word' id='word_1_738' title='bbox 1579 5555 1737 5602; x_wconf 88' lang='lat' dir='ltr'><strong>antea</strong></span> 
     </span>
    </p>
   </div>
   <div class='ocr_carea' id='block_1_99' title="bbox 145 5600 1492 5692">
    <p class='ocr_par' dir='ltr' id='par_1_99' title="bbox 145 5600 1492 5692">
     <span class='ocr_line' id='line_1_106' title="bbox 145 5600 1492 5692; baseline 0.024 -37"><span class='ocrx_word' id='word_1_739' title='bbox 145 5600 316 5659; x_wconf 78' lang='lat' dir='ltr'><strong>fuerit</strong></span> <span class='ocrx_word' id='word_1_740' title='bbox 339 5609 696 5671; x_wconf 87' lang='lat' dir='ltr'><strong>arithmeticis</strong></span> <span class='ocrx_word' id='word_1_741' title='bbox 716 5621 918 5689; x_wconf 85' lang='lat' dir='ltr'><strong>regulis</strong></span> <span class='ocrx_word' id='word_1_742' title='bbox 947 5623 1174 5692; x_wconf 83' lang='lat' dir='ltr'><strong>pleniter</strong></span> <span class='ocrx_word' id='word_1_743' title='bbox 1197 5600 1492 5690; x_wconf 79' lang='lat' dir='ltr'><strong>institutus.</strong></span> 
     </span>
    </p>
   </div>
   <div class='ocr_carea' id='block_1_100' title="bbox 220 5695 1732 5794">
    <p class='ocr_par' dir='ltr' id='par_1_100' title="bbox 220 5695 1732 5794">
     <span class='ocr_line' id='line_1_107' title="bbox 220 5695 1732 5794; baseline 0.024 -42"><span class='ocrx_word' id='word_1_744' title='bbox 220 5695 319 5755; x_wconf 77' lang='lat' dir='ltr'><strong>Bis</strong></span> <span class='ocrx_word' id='word_1_745' title='bbox 347 5699 614 5761; x_wconf 83' lang='lat' dir='ltr'><strong>lucidandi</strong></span> <span class='ocrx_word' id='word_1_746' title='bbox 663 5713 835 5781; x_wconf 87' lang='lat' dir='ltr'><strong>gratia</strong></span> <span class='ocrx_word' id='word_1_747' title='bbox 880 5719 1205 5787; x_wconf 62' lang='lat' dir='ltr'><strong>prmmissis,</strong></span> <span class='ocrx_word' id='word_1_748' title='bbox 1242 5726 1495 5794; x_wconf 78' lang='lat' dir='ltr'><strong>praefatas</strong></span> <span class='ocrx_word' id='word_1_749' title='bbox 1536 5744 1732 5787; x_wconf 90' lang='lat' dir='ltr'><strong>conso-</strong></span> 
     </span>
    </p>
   </div>
   <div class='ocr_carea' id='block_1_101' title="bbox 146 5791 1732 5879">
    <p class='ocr_par' dir='ltr' id='par_1_101' title="bbox 146 5791 1732 5879">
     <span class='ocr_line' id='line_1_108' title="bbox 146 5791 1732 5879; baseline 0.025 -38"><span class='ocrx_word' id='word_1_750' title='bbox 146 5791 366 5848; x_wconf 71' lang='lat' dir='ltr'><strong>nantias</strong></span> <span class='ocrx_word' id='word_1_751' title='bbox 410 5809 508 5864; x_wconf 88' lang='lat' dir='ltr'><strong>per</strong></span> <span class='ocrx_word' id='word_1_752' title='bbox 555 5807 709 5856; x_wconf 88' lang='lat' dir='ltr'><strong>tonos</strong></span> <span class='ocrx_word' id='word_1_753' title='bbox 756 5801 1126 5865; x_wconf 86' lang='lat' dir='ltr'><strong>discutiamus.</strong></span> <span class='ocrx_word' id='word_1_754' title='bbox 1162 5791 1506 5873; x_wconf 77' lang='lat' dir='ltr'><strong>Dialessaron</strong></span> <span class='ocrx_word' id='word_1_755' title='bbox 1539 5825 1732 5879; x_wconf 79' lang='lat' dir='ltr'><strong>conso-</strong></span> 
     </span>
    </p>
   </div>
   <div class='ocr_carea' id='block_1_102' title="bbox 145 5888 1728 5984">
    <p class='ocr_par' dir='ltr' id='par_1_102' title="bbox 145 5888 1728 5984">
     <span class='ocr_line' id='line_1_109' title="bbox 145 5888 1728 5984; baseline 0.025 -46"><span class='ocrx_word' id='word_1_756' title='bbox 145 5888 336 5942; x_wconf 83' lang='lat' dir='ltr'><strong>nantia</strong></span> <span class='ocrx_word' id='word_1_757' title='bbox 381 5901 595 5950; x_wconf 85' lang='lat' dir='ltr'><strong>constat</strong></span> <span class='ocrx_word' id='word_1_758' title='bbox 620 5898 688 5955; x_wconf 87' lang='lat' dir='ltr'><strong>de</strong></span> <span class='ocrx_word' id='word_1_759' title='bbox 713 5899 920 5959; x_wconf 87' lang='lat' dir='ltr'><strong>duobus</strong></span> <span class='ocrx_word' id='word_1_760' title='bbox 950 5907 1090 5965; x_wconf 90' lang='lat' dir='ltr'><strong>tonis</strong></span> <span class='ocrx_word' id='word_1_761' title='bbox 1119 5918 1174 5965; x_wconf 90' lang='lat' dir='ltr'><strong>et</strong></span> <span class='ocrx_word' id='word_1_762' title='bbox 1203 5917 1524 5984; x_wconf 81' lang='lat' dir='ltr'><strong>semitonio,</strong></span> <span class='ocrx_word' id='word_1_763' title='bbox 1567 5931 1621 5977; x_wconf 89' lang='lat' dir='ltr'><strong>et</strong></span> <span class='ocrx_word' id='word_1_764' title='bbox 1670 5925 1728 5978; x_wconf 84' lang='lat' dir='ltr'><strong>ﬁt</strong></span> 
     </span>
    </p>
   </div>
   <div class='ocr_carea' id='block_1_103' title="bbox 1864 4817 3444 4919">
    <p class='ocr_par' dir='ltr' id='par_1_103' title="bbox 1864 4817 3444 4919">
     <span class='ocr_line' id='line_1_110' title="bbox 1864 4817 3444 4919; baseline 0.028 -56"><span class='ocrx_word' id='word_1_765' title='bbox 1864 4819 1971 4866; x_wconf 88' lang='lat' dir='ltr'><strong>tota</strong></span> <span class='ocrx_word' id='word_1_766' title='bbox 2000 4817 2326 4875; x_wconf 88' lang='lat' dir='ltr'><strong>consisteret</strong></span> <span class='ocrx_word' id='word_1_767' title='bbox 2353 4827 2795 4895; x_wconf 81' lang='lat' dir='ltr'><strong>symphoniarum</strong></span> <span class='ocrx_word' id='word_1_768' title='bbox 2841 4838 3012 4906; x_wconf 87' lang='lat' dir='ltr'><strong>ratio,</strong></span> <span class='ocrx_word' id='word_1_769' title='bbox 3044 4860 3185 4901; x_wconf 85' lang='lat' dir='ltr'><strong>nunc</strong></span> <span class='ocrx_word' id='word_1_770' title='bbox 3227 4852 3444 4919; x_wconf 68' lang='lat' dir='ltr'><strong>quidem</strong></span> 
     </span>
    </p>
   </div>
   <div class='ocr_carea' id='block_1_104' title="bbox 1858 4910 3443 5002">
    <p class='ocr_par' dir='ltr' id='par_1_104' title="bbox 1858 4910 3443 5002">
     <span class='ocr_line' id='line_1_111' title="bbox 1858 4910 3443 5002; baseline 0.025 -46"><span class='ocrx_word' id='word_1_771' title='bbox 1858 4919 2008 4973; x_wconf 66' lang='lat' dir='ltr'><strong>arqua</strong></span> <span class='ocrx_word' id='word_1_772' title='bbox 2040 4910 2278 4975; x_wconf 91' lang='lat' dir='ltr'><strong>pondera</strong></span> <span class='ocrx_word' id='word_1_773' title='bbox 2309 4915 2524 4972; x_wconf 88' lang='lat' dir='ltr'><strong>chordis</strong></span> <span class='ocrx_word' id='word_1_774' title='bbox 2559 4930 2750 4990; x_wconf 88' lang='lat' dir='ltr'><strong>aptans</strong></span> <span class='ocrx_word' id='word_1_775' title='bbox 2773 4965 2787 4992; x_wconf 93' lang='lat'><strong>,</strong></span> <span class='ocrx_word' id='word_1_776' title='bbox 2817 4917 3113 5002; x_wconf 80' lang='lat' dir='ltr'><strong>earumque</strong></span> <span class='ocrx_word' id='word_1_777' title='bbox 3142 4954 3443 4995; x_wconf 73' lang='lat' dir='ltr'><strong>consonuit--</strong></span> 
     </span>
    </p>
   </div>
   <div class='ocr_carea' id='block_1_105' title="bbox 1861 4994 3478 5096">
    <p class='ocr_par' dir='ltr' id='par_1_105' title="bbox 1861 4994 3478 5096">
     <span class='ocr_line' id='line_1_112' title="bbox 1861 4994 3478 5096; baseline 0.025 -49"><span class='ocrx_word' id='word_1_778' title='bbox 1861 4994 1959 5050; x_wconf 89' lang='lat' dir='ltr'><strong>tias</strong></span> <span class='ocrx_word' id='word_1_779' title='bbox 1985 5009 2116 5055; x_wconf 86' lang='lat' dir='ltr'><strong>aure</strong></span> <span class='ocrx_word' id='word_1_780' title='bbox 2148 5002 2475 5074; x_wconf 88' lang='lat' dir='ltr'><strong>dijudicans;</strong></span> <span class='ocrx_word' id='word_1_781' title='bbox 2522 5028 2665 5070; x_wconf 91' lang='lat' dir='ltr'><strong>nunc</strong></span> <span class='ocrx_word' id='word_1_782' title='bbox 2690 5033 2819 5073; x_wconf 91' lang='lat' dir='ltr'><strong>vero</strong></span> <span class='ocrx_word' id='word_1_783' title='bbox 2854 5020 2906 5074; x_wconf 90' lang='lat' dir='ltr'><strong>in</strong></span> <span class='ocrx_word' id='word_1_784' title='bbox 2944 5023 3272 5096; x_wconf 80' lang='lat' dir='ltr'><strong>longitudine</strong></span> <span class='ocrx_word' id='word_1_785' title='bbox 3299 5036 3410 5088; x_wconf 86' lang='lat' dir='ltr'><strong>cala</strong></span> <span class='ocrx_word' id='word_1_786' title='bbox 3473 5040 3478 5044; x_wconf 82' lang='lat'><em>&#39;</em></span> 
     </span>
    </p>
   </div>
   <div class='ocr_carea' id='block_1_106' title="bbox 1857 5093 3439 5194">
    <p class='ocr_par' dir='ltr' id='par_1_106' title="bbox 1857 5093 3439 5194">
     <span class='ocr_line' id='line_1_113' title="bbox 1857 5093 3439 5194; baseline 0.028 -56"><span class='ocrx_word' id='word_1_787' title='bbox 1857 5099 2065 5143; x_wconf 90' lang='lat' dir='ltr'><strong>morum</strong></span> <span class='ocrx_word' id='word_1_788' title='bbox 2104 5093 2185 5148; x_wconf 87' lang='lat' dir='ltr'><strong>vel</strong></span> <span class='ocrx_word' id='word_1_789' title='bbox 2231 5095 2532 5156; x_wconf 83' lang='lat' dir='ltr'><strong>ﬁstularum</strong></span> <span class='ocrx_word' id='word_1_790' title='bbox 2581 5105 2948 5177; x_wconf 86' lang='lat' dir='ltr'><strong>duplicitatem</strong></span> <span class='ocrx_word' id='word_1_791' title='bbox 2985 5093 3439 5194; x_wconf 82' lang='lat' dir='ltr'><strong>medietatcmquo</strong></span> 
     </span>
    </p>
   </div>
   <div class='ocr_carea' id='block_1_107' title="bbox 1850 5181 3438 5288">
    <p class='ocr_par' dir='ltr' id='par_1_107' title="bbox 1850 5181 3438 5288">
     <span class='ocr_line' id='line_1_114' title="bbox 1850 5181 3438 5288; baseline 0.026 -57"><span class='ocrx_word' id='word_1_792' title='bbox 1850 5181 1931 5233; x_wconf 87' lang='lat' dir='ltr'><strong>vel</strong></span> <span class='ocrx_word' id='word_1_793' title='bbox 1961 5189 2188 5242; x_wconf 81' lang='lat' dir='ltr'><strong>caeteras</strong></span> <span class='ocrx_word' id='word_1_794' title='bbox 2221 5195 2600 5260; x_wconf 89' lang='lat' dir='ltr'><strong>proportiones</strong></span> <span class='ocrx_word' id='word_1_795' title='bbox 2645 5209 2870 5272; x_wconf 89' lang='lat' dir='ltr'><strong>aptans,</strong></span> <span class='ocrx_word' id='word_1_796' title='bbox 2902 5220 3042 5277; x_wconf 74' lang='lat' dir='ltr'><strong>szepe</strong></span> <span class='ocrx_word' id='word_1_797' title='bbox 3089 5211 3256 5268; x_wconf 85' lang='lat' dir='ltr'><strong>etiam</strong></span> <span class='ocrx_word' id='word_1_798' title='bbox 3291 5232 3438 5288; x_wconf 71' lang='lat' dir='ltr'><strong>cym~</strong></span> 
     </span>
    </p>
   </div>
   <div class='ocr_carea' id='block_1_108' title="bbox 1846 5272 3436 5378">
    <p class='ocr_par' dir='ltr' id='par_1_108' title="bbox 1846 5272 3436 5378">
     <span class='ocr_line' id='line_1_115' title="bbox 1846 5272 3436 5378; baseline 0.026 -54"><span class='ocrx_word' id='word_1_799' title='bbox 1846 5272 1965 5327; x_wconf 89' lang='lat' dir='ltr'><strong>bala</strong></span> <span class='ocrx_word' id='word_1_800' title='bbox 2008 5275 2236 5336; x_wconf 86' lang='lat' dir='ltr'><strong>diversis</strong></span> <span class='ocrx_word' id='word_1_801' title='bbox 2274 5283 2506 5344; x_wconf 81' lang='lat' dir='ltr'><strong>formata</strong></span> <span class='ocrx_word' id='word_1_802' title='bbox 2558 5294 2897 5362; x_wconf 58' lang='lat' dir='ltr'><strong>ponderibus,</strong></span> <span class='ocrx_word' id='word_1_803' title='bbox 2922 5303 3214 5360; x_wconf 87' lang='lat' dir='ltr'><strong>secundum</strong></span> <span class='ocrx_word' id='word_1_804' title='bbox 3268 5323 3436 5378; x_wconf 84' lang='lat' dir='ltr'><strong>supra</strong></span> 
     </span>
    </p>
   </div>
   <div class='ocr_carea' id='block_1_109' title="bbox 1845 5371 3432 5458">
    <p class='ocr_par' dir='ltr' id='par_1_109' title="bbox 1845 5371 3432 5458">
     <span class='ocr_line' id='line_1_116' title="bbox 1845 5371 3432 5458; baseline 0.025 -42"><span class='ocrx_word' id='word_1_805' title='bbox 1845 5371 2292 5438; x_wconf 77' lang='lat' dir='ltr'><strong>comprehensum</strong></span> <span class='ocrx_word' id='word_1_806' title='bbox 2323 5381 2537 5435; x_wconf 91' lang='lat' dir='ltr'><strong>modum</strong></span> <span class='ocrx_word' id='word_1_807' title='bbox 2588 5384 2832 5441; x_wconf 87' lang='lat' dir='ltr'><strong>malleolo</strong></span> <span class='ocrx_word' id='word_1_808' title='bbox 2865 5392 3194 5458; x_wconf 89' lang='lat' dir='ltr'><strong>percutiens.</strong></span> <span class='ocrx_word' id='word_1_809' title='bbox 3237 5395 3318 5452; x_wconf 82' lang='lat' dir='ltr'><strong>Ex</strong></span> <span class='ocrx_word' id='word_1_810' title='bbox 3344 5398 3432 5456; x_wconf 87' lang='lat' dir='ltr'><strong>bis</strong></span> 
     </span>
    </p>
   </div>
   <div class='ocr_carea' id='block_1_110' title="bbox 1843 5461 3429 5555">
    <p class='ocr_par' dir='ltr' id='par_1_110' title="bbox 1843 5461 3429 5555">
     <span class='ocr_line' id='line_1_117' title="bbox 1843 5461 3429 5555; baseline 0.02 -40"><span class='ocrx_word' id='word_1_811' title='bbox 1843 5461 2093 5520; x_wconf 84' lang='lat' dir='ltr'><strong>omnibus</strong></span> <span class='ocrx_word' id='word_1_812' title='bbox 2121 5463 2520 5540; x_wconf 81' lang='lat' dir='ltr'><strong>integerrimam</strong></span> <span class='ocrx_word' id='word_1_813' title='bbox 2549 5473 2706 5531; x_wconf 86' lang='lat' dir='ltr'><strong>iidem</strong></span> <span class='ocrx_word' id='word_1_814' title='bbox 2730 5477 2941 5537; x_wconf 86' lang='lat' dir='ltr'><strong>diversa</strong></span> <span class='ocrx_word' id='word_1_815' title='bbox 2964 5485 3297 5555; x_wconf 82' lang='lat' dir='ltr'><strong>experientia</strong></span> <span class='ocrx_word' id='word_1_816' title='bbox 3324 5493 3429 5546; x_wconf 84' lang='lat' dir='ltr'><strong>col-</strong></span> 
     </span>
    </p>
   </div>
   <div class='ocr_carea' id='block_1_111' title="bbox 1840 5550 3426 5639">
    <p class='ocr_par' dir='ltr' id='par_1_111' title="bbox 1840 5550 3426 5639">
     <span class='ocr_line' id='line_1_118' title="bbox 1840 5550 3426 5639; baseline 0.023 -34"><span class='ocrx_word' id='word_1_817' title='bbox 1840 5550 2001 5621; x_wconf 81' lang='lat' dir='ltr'><strong>legit,</strong></span> <span class='ocrx_word' id='word_1_818' title='bbox 2033 5567 2084 5611; x_wconf 83' lang='lat' dir='ltr'><strong>et</strong></span> <span class='ocrx_word' id='word_1_819' title='bbox 2112 5560 2242 5613; x_wconf 91' lang='lat' dir='ltr'><strong>nihil</strong></span> <span class='ocrx_word' id='word_1_820' title='bbox 2273 5577 2392 5618; x_wconf 88' lang='lat' dir='ltr'><strong>sese</strong></span> <span class='ocrx_word' id='word_1_821' title='bbox 2420 5564 2689 5622; x_wconf 89' lang='lat' dir='ltr'><strong>invenisse</strong></span> <span class='ocrx_word' id='word_1_822' title='bbox 2718 5565 2992 5630; x_wconf 83' lang='lat' dir='ltr'><strong>diversum</strong></span> <span class='ocrx_word' id='word_1_823' title='bbox 3013 5577 3167 5634; x_wconf 84' lang='lat' dir='ltr'><strong>valde</strong></span> <span class='ocrx_word' id='word_1_824' title='bbox 3189 5582 3426 5639; x_wconf 89' lang='lat' dir='ltr'><strong>delecta-</strong></span> 
     </span>
    </p>
   </div>
   <div class='ocr_carea' id='block_1_112' title="bbox 1843 5651 3420 5734">
    <p class='ocr_par' dir='ltr' id='par_1_112' title="bbox 1843 5651 3420 5734">
     <span class='ocr_line' id='line_1_119' title="bbox 1843 5651 3420 5734; baseline 0.019 -32"><span class='ocrx_word' id='word_1_825' title='bbox 1843 5654 1927 5705; x_wconf 89' lang='lat' dir='ltr'><strong>tus</strong></span> <span class='ocrx_word' id='word_1_826' title='bbox 1958 5659 2059 5705; x_wconf 88' lang='lat' dir='ltr'><strong>est.</strong></span> <span class='ocrx_word' id='word_1_827' title='bbox 2084 5651 2269 5723; x_wconf 88' lang='lat' dir='ltr'><strong>Itaque</strong></span> <span class='ocrx_word' id='word_1_828' title='bbox 2299 5657 2421 5725; x_wconf 89' lang='lat' dir='ltr'><strong>quia</strong></span> <span class='ocrx_word' id='word_1_829' title='bbox 2452 5657 2502 5710; x_wconf 87' lang='lat' dir='ltr'><strong>in</strong></span> <span class='ocrx_word' id='word_1_830' title='bbox 2528 5655 2641 5727; x_wconf 89' lang='lat' dir='ltr'><strong>jam</strong></span> <span class='ocrx_word' id='word_1_831' title='bbox 2663 5677 2803 5734; x_wconf 67' lang='lat' dir='ltr'><strong>saepe</strong></span> <span class='ocrx_word' id='word_1_832' title='bbox 2831 5669 3032 5725; x_wconf 89' lang='lat' dir='ltr'><strong>notatis</strong></span> <span class='ocrx_word' id='word_1_833' title='bbox 3051 5675 3420 5731; x_wconf 87' lang='lat' dir='ltr'><strong>consonantiis</strong></span> 
     </span>
    </p>
   </div>
   <div class='ocr_carea' id='block_1_113' title="bbox 1837 5740 3422 5836">
    <p class='ocr_par' dir='ltr' id='par_1_113' title="bbox 1837 5740 3422 5836">
     <span class='ocr_line' id='line_1_120' title="bbox 1837 5740 3422 5836; baseline 0.019 -42"><span class='ocrx_word' id='word_1_834' title='bbox 1837 5740 2018 5799; x_wconf 91' lang='lat' dir='ltr'><strong>divino</strong></span> <span class='ocrx_word' id='word_1_835' title='bbox 2044 5758 2266 5802; x_wconf 90' lang='lat' dir='ltr'><strong>munere</strong></span> <span class='ocrx_word' id='word_1_836' title='bbox 2295 5750 2525 5821; x_wconf 88' lang='lat' dir='ltr'><strong>cognitis</strong></span> <span class='ocrx_word' id='word_1_837' title='bbox 2549 5755 2712 5810; x_wconf 91' lang='lat' dir='ltr'><strong>totius</strong></span> <span class='ocrx_word' id='word_1_838' title='bbox 2751 5759 3082 5820; x_wconf 69' lang='lat' dir='ltr'><strong>harmonica:</strong></span> <span class='ocrx_word' id='word_1_839' title='bbox 3125 5764 3422 5836; x_wconf 70' lang='lat' dir='ltr'><strong>disciplina:</strong></span> 
     </span>
    </p>
   </div>
   <div class='ocr_carea' id='block_1_114' title="bbox 1836 5839 3416 5925">
    <p class='ocr_par' dir='ltr' id='par_1_114' title="bbox 1836 5839 3416 5925">
     <span class='ocr_line' id='line_1_121' title="bbox 1836 5839 3416 5925; baseline 0.015 -35"><span class='ocrx_word' id='word_1_840' title='bbox 1836 5851 2045 5891; x_wconf 86' lang='lat' dir='ltr'><strong>summa</strong></span> <span class='ocrx_word' id='word_1_841' title='bbox 2076 5839 2353 5905; x_wconf 88' lang='lat' dir='ltr'><strong>consistit,</strong></span> <span class='ocrx_word' id='word_1_842' title='bbox 2394 5852 2609 5912; x_wconf 85' lang='lat' dir='ltr'><strong>oportet</strong></span> <span class='ocrx_word' id='word_1_843' title='bbox 2655 5859 2714 5904; x_wconf 90' lang='lat' dir='ltr'><strong>ut</strong></span> <span class='ocrx_word' id='word_1_844' title='bbox 2762 5852 2943 5908; x_wconf 87' lang='lat' dir='ltr'><strong>animo</strong></span> <span class='ocrx_word' id='word_1_845' title='bbox 2996 5863 3156 5925; x_wconf 86' lang='lat' dir='ltr'><strong>atque</strong></span> <span class='ocrx_word' id='word_1_846' title='bbox 3197 5858 3416 5913; x_wconf 82' lang='lat' dir='ltr'><strong>auribus</strong></span> 
     </span>
    </p>
   </div>
   <div class='ocr_carea' id='block_1_115' title="bbox 1834 5931 3416 6008">
    <p class='ocr_par' dir='ltr' id='par_1_115' title="bbox 1834 5931 3416 6008">
     <span class='ocr_line' id='line_1_122' title="bbox 1834 5931 3416 6008; baseline 0.013 -25"><span class='ocrx_word' id='word_1_847' title='bbox 1834 5931 1941 5984; x_wconf 85' lang='lat' dir='ltr'><strong>sint</strong></span> <span class='ocrx_word' id='word_1_848' title='bbox 1977 5943 2133 5987; x_wconf 62' lang='lat' dir='ltr'><strong>notae.</strong></span> <span class='ocrx_word' id='word_1_849' title='bbox 2165 5933 2386 5991; x_wconf 70' lang='lat' dir='ltr'><strong>Frustt..</strong></span> <span class='ocrx_word' id='word_1_850' title='bbox 2420 5942 2562 5997; x_wconf 67' lang='lat' dir='ltr'><strong>enim</strong></span> <span class='ocrx_word' id='word_1_851' title='bbox 2588 5943 2704 5999; x_wconf 65' lang='lat' dir='ltr'><strong>hinc</strong></span> <span class='ocrx_word' id='word_1_852' title='bbox 2736 5948 2941 6002; x_wconf 80' lang='lat' dir='ltr'><strong>ratione</strong></span> <span class='ocrx_word' id='word_1_853' title='bbox 2968 5959 3018 6002; x_wconf 75' lang='lat' dir='ltr'><strong>et</strong></span> <span class='ocrx_word' id='word_1_854' title='bbox 3051 5951 3274 6008; x_wconf 80' lang='lat' dir='ltr'><strong>scientia</strong></span> <span class='ocrx_word' id='word_1_855' title='bbox 3308 5951 3416 6005; x_wconf 53' lang='lat' dir='ltr'><strong>coIv</strong></span> 
     </span>
    </p>
   </div>
  </div>
