3920 6452
414 412 524 474 495

1474 410 1871 470 .REGINONIS
1898 409 2313 471 PltUMlENSIS
2346 409 2639 467 ABBATIS

3565 414 3670 470 496

413 530 674 603 liguutur,
706 538 765 586 ut
786 528 1013 600 insignis
1032 534 1221 585 auctor
1241 527 1462 584 Boetius
1485 536 1735 596 testatur,
1755 528 1989 586 uisifue-
2015 532 2073 595 Α
2093 526 2312 583 Graecus
2362 542 2392 581 a
2425 525 2674 597 liugendo
2718 523 2967 580 lichanon
3011 523 3242 595 appellat
3272 542 3285 579 :
3316 533 3374 581 et
3414 528 3674 596 quemad-

416 623 529 679 riut
555 637 656 678 usu
684 630 846 691 atque
867 619 1257 676 exercitatione
1285 621 1588 678 notissima.

488 712 576 767 l2.
620 710 836 782 Septem
858 711 1057 782 quippe
1085 720 1211 767 sunt
1233 711 1487 768 liberales
1512 712 1828 784 disciplinae,
1857 728 1990 786 qua-

354 830 359 837 ~
414 819 538 859 rum
560 810 702 870 tres,
726 802 783 858 id
809 810 924 869 est,
957 802 1330 875 grammatica,
1392 803 1665 859 rhetorica
1696 812 1754 859 et
1801 804 1997 860 diaiec‘

414 894 557 962 tica,
602 893 813 950 ratione
854 901 909 948 et
968 893 1203 949 naturali
1253 907 1416 950 sensu
1474 893 1831 967 colliguntur,
1887 910 1995 951 nou

412 987 572 1045 oculo
587 987 863 1055 videntur,
882 994 979 1044 aut
1001 987 1170 1059 digito
1210 996 1602 1055 monstrantur,
1635 988 1763 1059 quia
1805 1003 1994 1044 earum

409 1081 495 1136 vis
524 1080 862 1137 iusermoue
888 1088 1003 1145 est,
1053 1096 1234 1137 sermo
1266 1092 1481 1148 autem,
1523 1082 1581 1139 id
1608 1091 1722 1149 est,
1756 1082 1995 1138 humana

410 1171 654 1244 locutio,
697 1174 874 1230 audiri
903 1182 1115 1246 potest,
1164 1174 1339 1231 videri
1381 1191 1488 1232 non
1512 1185 1710 1247 potest.
1746 1176 1994 1248 Reliquae

348 1342 352 1347 ἡ
411 1275 678 1337 quatuor,
720 1266 778 1321 id
815 1274 901 1323 est
944 1265 1319 1333 arithmetica,
1360 1269 1721 1339 geometrica,
1761 1269 1991 1334 musica,

409 1366 465 1414 et
512 1357 802 1431 astrologia
853 1373 1194 1430 nequaquam
1235 1359 1417 1415 animo
1455 1360 1524 1417 ad
1567 1361 1828 1430 liquidum
1877 1376 1995 1431 per-

409 1434 723 1524 cipiuntur,
777 1453 884 1509 nisi
926 1454 1084 1510 oculo
1121 1455 1409 1510 videantur
1462 1464 1521 1510 et
1566 1454 1733 1525 digito
1775 1454 1995 1510 demon-

407 1554 670 1602 strentur.
1880 1590 1886 1596 .

480 1637 569 1697 15.
611 1637 975 1705 Quamobrem
1018 1639 1174 1696 nobis
1194 1638 1327 1694 utile
1347 1646 1403 1694 et
1427 1637 1891 1710 peruecessarium
1915 1637 1995 1692 vi-

408 1729 570 1783 detur
594 1738 653 1783 ut
676 1731 853 1801 primo
874 1730 941 1785 de
982 1730 1200 1786 chordis
1228 1738 1285 1786 et
1330 1744 1519 1785 earum
1544 1728 1854 1785 nominibus
1899 1743 1993 1797 pa-

410 1835 632 1890 rumper
689 1822 1020 1877 disseramus
1046 1861 1061 1887 ,
1113 1830 1168 1877 et
1216 1820 1505 1892 unicuique
1556 1820 1773 1876 chordae
1834 1833 1992 1876 suum

410 1914 763 1984 subjiciamus
810 1926 1030 1982 tonum,
1072 1926 1134 1971 ut
1165 1932 1289 1972 cum
1326 1917 1393 1973 de
1443 1916 1764 1988 supradictis
1800 1930 1991 1972 conso-
2018 1890 2069 1950 Β

410 2009 613 2064 nuntiis
666 2009 869 2079 aliquid
919 2010 1159 2080 apertius
1214 2018 1268 2066 et
1307 2007 1643 2064 manifestius
1669 2008 1994 2079 cmperimus

409 2109 677 2167 tractare,
728 2102 946 2157 mittere
983 2102 1256 2172 possimus
1314 2101 1556 2158 sobrium
1601 2108 1878 2157 cautorem
1925 2099 1993 2154 ad

409 2190 665 2261 praefatas
695 2193 958 2259 chordas,
988 2202 1049 2248 ut
1072 2191 1146 2249 ibi
1190 2192 1346 2249 oculo
1393 2191 1677 2263 inspiciat,
1726 2199 1780 2247 et
1828 2190 1995 2261 digito

410 2290 714 2338 contrectet
731 2322 748 2349 ,
784 2284 927 2353 quod
953 2298 985 2338 a
1026 2282 1183 2338 nobis
1208 2284 1376 2338 verbo
1402 2290 1458 2338 et
1484 2282 1686 2352 scripto
1710 2297 1843 2336 aure
1873 2296 1996 2351 per-

410 2373 561 2444 cipit.
586 2374 663 2430 De
692 2375 1003 2431 inventione
1028 2383 1211 2431 autem
1247 2376 1607 2439 chordarum,
1641 2373 1725 2431 vel
1764 2373 1996 2445 qualiter

409 2481 439 2521 a
462 2467 690 2522 diversis
716 2483 813 2536 per
840 2469 1060 2523 diversa
1090 2477 1333 2537 tempora
1361 2468 1577 2524 additus
1622 2467 1693 2523 sit
1735 2480 1995 2521 numerus

406 2574 596 2614 carum
617 2601 632 2626 ,
667 2560 951 2616 brevitatis
979 2576 1141 2616 causa
1169 2559 1656 2631 praetermittimus.
1698 2558 1995 2627 Disponan-

407 2660 498 2706 tur
522 2652 706 2723 itaque
752 2667 849 2723 per
895 2653 1142 2709 ordinem
1171 2651 1385 2718 ‘nervi,
1434 2651 1491 2706 iu
1532 2649 1729 2720 quibus
1781 2647 1995 2719 perﬁci-

404 2751 494 2799 tur
534 2752 590 2800 et
636 2745 1041 2801 demonstratur
1074 2744 1159 2799 his
1206 2744 1463 2815 diapason
1493 2740 1847 2799 consonantia
1890 2740 1996 2796 hoc

405 2836 567 2892 modo
593 2852 606 2889 :
836 2848 841 2855 ‘
992 2824 1002 2834 ’

550 2926 1135 2984 Proslambanomenos
1154 2968 1169 2992 ,
1211 2936 1266 2982 et
1291 2924 1686 2982 Prosmelodos.

548 3017 757 3091 Hypate
784 3019 1044 3091 hypaton.

543 3109 813 3182 Parypate
847 3113 1105 3184 hypaton.

545 3197 819 3255 Lichanos
846 3200 1107 3271 hypaton.

547 3289 758 3362 Hypatc
785 3307 994 3348 meson.

545 3379 811 3454 Parypate
838 3398 1048 3440 meson.

532 3472 817 3551 ‘Lichanos
841 3491 1049 3533 meson.

544 3567 713 3625 Mese.

540 3658 851 3718 Paramese.

546 3749 698 3807 Trite
732 3754 1177 3826 diezeugmenon.

543 3840 811 3896 Paranete
837 3843 1280 3915 diezeugmenon.

545 3928 682 3986 Nete
703 3931 1147 4003 diezeugmenon.

543 4020 698 4078 Trite
734 4022 1118 4093 hyperboleou.

540 4111 811 4170 Paranete
844 4115 1227 4184 hyperboleon.

534 4204 675 4262 Nete
699 4206 1086 4279 hyperboleou.

468 4294 696 4352 Nomina
740 4299 1236 4369 suprascriptarum
1275 4300 1621 4369 chordarum,
1647 4302 1773 4372 quia
1799 4302 1987 4359 Gratca

399 4394 555 4451 sunt,
604 4387 1051 4457 interpretatione
1104 4390 1364 4461 indigent.
1424 4390 1985 4448 Proslambunomenos

398 4476 565 4550 igitur
602 4477 991 4548 interpretatur
1019 4482 1319 4551 acquisitus
1342 4482 1430 4538 vel
1473 4484 1776 4542 adauctus:
1815 4486 1983 4557 siqui-

398 4571 525 4627 dem
552 4571 677 4641 quia
728 4587 877 4629 mese
916 4591 1024 4631 non
1056 4585 1175 4630 erat
1206 4576 1323 4633 loco
1358 4579 1567 4646 media,
1605 4589 1666 4635 ut
1694 4589 1985 4652 utrumque

2095 617 2313 674 modum
2360 618 2417 673 in
2459 618 2701 674 canendo
2750 616 2819 671 ad
2878 630 3000 671 eam
3053 617 3338 684 chordam,
3372 616 3514 687 ’quae
3557 625 3678 674 erat

2094 713 2256 773 tertia
2293 712 2359 766 ab
2390 712 2609 783 hypate,
2636 709 2799 766 iudex
2824 709 3044 781 digitus,
3070 710 3161 780 qui
3190 719 3276 766 est
3298 710 3565 777 lichanos,
3589 711 3675 767 iu-

2092 806 2427 872 veuiebatur,
2463 804 2663 861 idcirco
2706 805 2824 875 ipsa
2862 818 3079 874 quoque
3128 804 3373 862 lichanos
3406 804 3673 876 appellata

2094 905 2196 953 est.
2252 935 2271 955 ι

2170 991 2258 1045 14.
2288 988 2404 1046 Ηοε
2431 990 2612 1060 itaque
2637 989 3063 1056 tetrachordum,
3090 989 3215 1060 quia
3247 989 3586 1061 longioribus
3622 998 3677 1045 et

2093 1082 2455 1157 grossiorihus
2489 1083 2710 1138 chordis
2737 1081 3028 1149 formatur,
3067 1091 3124 1138 et
3151 1083 3456 1154 graviorem
3484 1098 3675 1141 sonum
3705 1135 3713 1141 .

2094 1177 2303 1244 reddit,
2339 1175 2644 1246 appellatur
2690 1175 3004 1246 principale.
3045 1175 3155 1232 Has
3200 1176 3447 1247 sequitur
3487 1176 3675 1247 hypate

2093 1285 2306 1335 meson,
2361 1267 2416 1322 id
2457 1274 2582 1334 est,
2622 1267 2936 1338 principalis
2979 1268 3301 1334 mediarum,
3356 1268 3675 1325 subauditur

2093 1360 2440 1416 chordarum.
2482 1358 2748 1431 Parypate
2777 1375 2983 1425 meson,
3016 1357 3071 1414 id
3111 1366 3215 1424 est,
3240 1357 3674 1429 subprincipalis

2093 1449 2412 1516 mediarum,
2444 1449 2558 1504 sive
2587 1449 2745 1520 juxta
2773 1448 3125 1519 principalem
3145 1448 3452 1505 mediarum
3479 1450 3671 1520 posita.

2093 1539 2353 1596 Lichanos
2400 1557 2595 1606 meson,
2635 1540 2691 1596 id
2738 1550 2841 1609 εει,
2890 1542 3051 1597 tertia
3083 1541 3385 1597 mediarum
3429 1559 3443 1594 :
3486 1542 3675 1598 deinde

2094 1651 2229 1690 mese
2252 1643 2444 1692 octavo
2464 1634 2584 1691 loco
2607 1634 2826 1705 ponitur
2852 1651 2867 1689 :
2893 1648 3040 1690 mese
3062 1633 3455 1705 interpretatur
3472 1634 3673 1688 media:

2093 1724 2237 1791 ideo,
2277 1725 2402 1795 quia
2431 1725 2574 1780 inter
2592 1733 2801 1796 septem
2827 1731 2883 1779 et
2904 1732 3111 1794 septem
3130 1736 3345 1795 semper
3364 1731 3451 1779 est
3476 1722 3671 1788 media,

2095 1816 2210 1872 sive
2236 1817 2363 1888 quia
2392 1816 2515 1872 ﬁnis
2540 1826 2629 1873 est
2668 1815 3024 1887 praecedentis
3054 1796 3344 1888 diapason,
3372 1825 3432 1873 et
3472 1814 3674 1886 princi-

2094 1908 2242 1980 pium
2272 1908 2671 1979 subsequentis,
2700 1917 2759 1964 et
2784 1923 2884 1979 pro
2908 1906 3118 1964 duabus
3148 1906 3369 1963 chordis
3394 1906 3669 1977 accipitur.

2095 2002 2336 2072 Denique
2376 2017 2499 2057 cum
2547 2011 2740 2057 octava
2791 2001 2994 2057 chorda
3027 2001 3095 2055 ad
3138 2000 3370 2072 primam
3421 1999 3674 2069 diapason

2094 2095 2501 2151 consonantiam
2549 2102 2802 2162 resonet,
2832 2108 2941 2149 non
2969 2092 3073 2150 hac
3117 2092 3185 2149 de
3212 2108 3376 2149 causa
3406 2093 3674 2148 sexdecim

2092 2187 2310 2243 chorda:
2333 2188 2390 2242 iu
2410 2186 2494 2243 his
2518 2187 2774 2257 diapason
2798 2185 3159 2257 reperiuntur,
3187 2185 3282 2242 sed
3305 2186 3675 2242 tantummodo

2093 2279 2421 2351 quindecim,
2470 2280 2595 2350 quia
2640 2293 2822 2345 mese,
2852 2279 3211 2347 utdiximus,
3242 2279 3422 2335 locum
3469 2279 3677 2352 supplet

2092 2378 2263 2426 sexta:
2303 2370 2526 2425 decimae
2568 2369 2808 2425 chordae.
2836 2368 3140 2436 Paramese,
3170 2370 3225 2425 id
3246 2378 3359 2437 est,
3382 2369 3543 2439 juxta
3567 2385 3678 2425 me-

2094 2463 2237 2519 diam
2273 2463 2467 2534 posita.
2500 2462 2638 2518 Trite
2664 2464 3087 2535 diezeugmenon,
3118 2463 3271 2531 trite,
3305 2465 3360 2521 id
3387 2473 3496 2532 est,
3526 2465 3679 2521 tertia

2093 2569 2128 2609 a
2172 2569 2354 2622 mese;
2405 2555 2833 2625 diezeugmenon,
2860 2555 2917 2610 id
2950 2563 3055 2622 est,
3101 2554 3517 2625 disjunctarum,
3567 2557 3679 2612 sive

2095 2645 2424 2713 divisarum,
2466 2646 2788 2703 subauditur
2831 2646 3179 2703 chordarum.
3222 2646 3359 2703 Nam
3401 2662 3527 2705 cum
3573 2648 3681 2703 duo
3718 2684 3723 2687 -

2096 2737 2442 2793 tetrachorda
2470 2753 2580 2793 uno
2623 2738 2805 2794 medio
2844 2753 3014 2794 nervo
3058 2738 3452 2795 interveniente
3485 2754 3677 2796 conso-

2096 2830 2329 2897 ciautur,
2356 2832 2463 2887 hoc
2490 2828 2680 2887 Graec
2706 2838 3050 2901 nuncupatur
3087 2847 3489 2902 synemntenon,
3520 2831 3574 2886 id
3598 2840 3683 2887 est

2094 2922 2463 2993 conjunctum.
2515 2922 2653 2980 Hinc
2705 2931 2762 2979 et
2805 2924 3035 2995 synaphe
3079 2923 3296 2990 dicitur,
3335 2924 3393 2979 id
3428 2931 3515 2979 est
3549 2938 3682 2979 cou-

2090 3015 2332 3086 juuctio,
2374 3014 2625 3086 quotiens
2670 3015 2778 3071 duo
2818 3014 3162 3071 tetrachorda
3209 3015 3369 3071 unius
3416 3016 3682 3072 medietas

2096 3105 2311 3162 termini
2355 3105 2636 3161 continuat
2683 3113 2845 3175 atque
2888 3103 3184 3175 coniungit.
3237 3104 3284 3160 E
3326 3112 3520 3161 wntra
3565 3105 3683 3160 die-
3724 3168 3733 3178 ,

2096 3195 2284 3251 zeuxis
2310 3195 2630 3265 appellatur,
2659 3209 2780 3265 quae
2817 3192 3109 3263 disiunctio
3150 3193 3257 3249 dici
3304 3204 3519 3264 potest,
3545 3210 3684 3266 quo-

2020 3275 2064 3339 C
2097 3289 2237 3345 tiens
2285 3289 2391 3344 duo
2445 3288 2787 3344 tetrachorda
2833 3296 3183 3357 separantur,
3240 3296 3297 3344 et
3342 3287 3505 3358 pleno
3550 3298 3684 3346 tono

2092 3379 2239 3434 inter
2280 3393 2340 3434 se
2389 3378 2663 3435 differunt.
2710 3377 2977 3434 Paranete
3020 3379 3424 3451 diezeugntenon
3454 3382 3685 3447 dicitur,

2093 3486 2159 3527 eo
2180 3471 2322 3541 quod
2341 3469 2494 3539 juxta
2527 3471 2684 3537 Nete,
2716 3471 2771 3526 id
2790 3479 2874 3526 est
2902 3470 3146 3527 ultimam
3171 3471 3587 3540 disjuuctarum,
3613 3475 3687 3530 sit

2092 3562 2288 3618 locata.
2320 3560 2470 3616 Ilauc
2518 3562 2783 3632 siquidem
2816 3563 3063 3631 sequitur
3109 3573 3218 3618 nete
3246 3548 3686 3634 diezeugmenon,

2092 3654 2148 3709 id
2170 3661 2272 3720 est,
2304 3652 2531 3709 inferior
2559 3661 2652 3709 aut
2676 3654 2865 3709 ultima
2891 3654 3301 3725 disjunctarum.
3335 3653 3478 3709 Trite
3497 3656 3691 3726 hypate

2092 3746 2293 3811 boleon,
2322 3746 2378 3801 id
2403 3755 2487 3801 est
2529 3747 2688 3801 tertia
2726 3747 3125 3815 excellentium,
3158 3749 3478 3805 subauditur
3510 3749 3688 3805 chor-

2090 3839 2304 3895 darum.
2350 3835 2617 3893 Paranete
2665 3839 3043 3909 hyperboleon,
3086 3840 3142 3896 id
3176 3854 3259 3896 est
3296 3840 3491 3911 juncta
3520 3840 3690 3910 Nete,

2088 3932 2193 3988 hoc
2219 3938 2324 3996 est,
2355 3938 2482 3987 ante
2505 3913 2751 3984 ultimam
2784 3930 3162 3987 excellentium
3192 3932 3387 4002 posita.
3421 3931 3562 3988 Nate
3588 3936 3694 4006 lag-

2087 4024 2392 4095 perboleon,
2439 4024 2629 4079 ultima
2674 4024 3050 4081 excellentium
3081 4027 3487 4099 interpretatur.
3514 4030 3697 4087 Deni-

2089 4132 2195 4187 que
2222 4119 2305 4173 hae
2336 4125 2447 4173 tres
2487 4116 2689 4173 ultimae
2734 4127 2789 4175 et
2812 4119 3122 4176 novissimae
3162 4120 3381 4177 chordae
3422 4123 3697 4180 acutissi‘

2089 4228 2238 4268 mum
2260 4223 2315 4269 et
2341 4212 2681 4282 graciliorem
2706 4213 2920 4270 caeteris
2942 4214 3163 4272 chordis
3186 4214 3416 4273 reddunt
3448 4230 3693 4286 sonum;

2088 4303 2233 4360 unde
2260 4313 2316 4359 et
2341 4304 2667 4360 excellentes
2693 4304 3047 4376 appellantur.

2159 4396 2246 4452 15.
2296 4394 2796 4463 Nunc’videamus,
2848 4396 3079 4468 qualiter
3126 4399 3186 4454 in
3232 4399 3317 4456 his
3365 4400 3694 4472 quindecim

2089 4487 2307 4545 chordis
2351 4501 2540 4543 omnes
2590 4487 2958 4543 consonantiae
2995 4487 3353 4559 reperiantur.
3399 4488 3696 4548 Prodam-

2087 4580 2419 4636 banomeuos
2443 4595 2475 4635 a
2503 4580 2742 4637 secunda
2769 4580 2996 4649 chorda,
3026 4596 3148 4652 qua;
3170 4589 3257 4638 est
3280 4582 3481 4655 hypate
3505 4584 3697 4656 hypa-

399 4660 659 4731 diapasou
689 4663 1021 4736 conjungere
1044 4667 1234 4738 possit,
1259 4668 1355 4723 sed
1383 4644 1560 4741 magis
1585 4671 1798 4741 hypatis
1826 4644 1983 4728 acce-
2010 4644 2064 4705 Β
2092 4682 2207 4741 ton,
2239 4674 2451 4746 integro
2479 4674 2646 4730 distat
2689 4682 2834 4731 tono.
2864 4644 2989 4746 Ipsa
3013 4644 3227 4747 quoque
3260 4644 3694 4748 proslambano-

398 4754 590 4820 debat;
622 4754 827 4812 idcirco
848 4773 1012 4829 super
1036 4759 1265 4831 hypatas
1294 4760 1528 4833 hypaton
1549 4762 1730 4818 addita
1757 4772 1842 4819 est
1870 4765 1986 4821 haec

395 4852 505 4899 una
537 4845 761 4902 chorda.
792 4846 946 4905 Unde
974 4860 1030 4906 et
1059 4851 1129 4907 ab
1153 4851 1421 4923 aliquibus
1455 4852 1810 4924 prosmelodos
1846 4855 1980 4912 dici-

394 4943 509 5004 tur,
542 4936 597 4993 id
617 4946 720 5007 est,
754 4940 823 4997 ad
841 4941 1129 4998 melodiam
1154 4942 1403 5014 adjuncta
1431 4954 1525 5000 aut
1549 4946 1751 5002 addita.
1772 4946 1981 5019 Hypate

394 5032 647 5105 hypaton,
678 5036 733 5091 id
757 5045 858 5104 est,
886 5039 1197 5109 principalis
1225 5041 1624 5114 principalium,
1664 5046 1981 5101 subauditur

390 5120 745 5180 chordarum.
784 5124 919 5181 Nam
947 5128 1063 5183 haac
1086 5128 1263 5200 prima
1291 5144 1505 5202 semper
1541 5132 1661 5199 fuit,
1691 5144 1979 5206 antequam

394 5212 970 5282 proslambanomenos
1016 5221 1326 5291 adderetur,
1359 5233 1586 5295 eratque
1625 5225 1827 5284 chorda
1853 5239 1980 5298 gra-

395 5303 676 5362 vissimum
704 5324 897 5366 sonum
940 5328 1225 5381 resonans,
1256 5314 1399 5373 unde
1438 5318 1654 5388 quidam
1693 5319 1773 5376 sic
1815 5321 1981 5377 inter-

394 5404 681 5465 pretantur
705 5418 717 5454 :
744 5402 941 5473 hypate
965 5404 1200 5477 hypaton
1225 5417 1429 5465 vocatae
1457 5420 1604 5477 sunt,
1630 5412 1786 5483 quasi
1810 5414 1981 5468 maxi-

396 5503 503 5545 ma:
545 5506 890 5565 magnarum,
918 5506 1010 5553 aut
1033 5500 1365 5571 gravissimae
1405 5504 1672 5575 gravium.
1717 5504 1980 5574 Parypate

395 5580 627 5651 hypaton
657 5585 855 5642 dicitur
898 5589 1055 5646 tertia
1097 5592 1319 5659 chorda,
1349 5595 1503 5664 quasi
1545 5592 1702 5663 juxta
1743 5595 1980 5666 hypaten

393 5673 594 5744 posita,
639 5675 693 5733 id
737 5687 823 5733 est
885 5680 1128 5737 collecta.
1183 5684 1369 5740 Potest
1415 5694 1596 5743 autem
1635 5685 1979 5756 interpretari

398 5764 818 5840 subprincipalis
860 5772 1253 5844 principalium.
1305 5776 1564 5833 Lichanos
1618 5778 1847 5848 hypaton
1900 5778 1980 5833 id-

398 5856 816 5931 circo'vocatur,
851 5867 988 5935 quod
1035 5866 1274 5924 lichanos
1316 5870 1501 5927 Grzccc
1531 5872 1689 5929 iudex
1736 5871 1973 5941 digitus;

2090 4783 2278 4824 meuos
2302 4783 2335 4822 a
2360 4781 2509 4823 mese
2533 4775 2721 4823 octava
2750 4775 2851 4835 est,
2890 4775 2946 4823 et
2975 4776 3195 4824 resonat
3219 4784 3343 4825 cum
3364 4783 3452 4835 ea,
3484 4770 3542 4825 id
3574 4782 3693 4837 est,

2090 4876 2212 4916 cum
2241 4874 2414 4926 mese,
2445 4860 2704 4932 diapason
2733 4860 3161 4916 consonantiam.
3185 4859 3495 4931 Eademque
3523 4876 3694 4932 pros.

2086 4949 2526 5008 lambanomenos
2570 4950 2639 5007 ad
2681 4958 2933 5021 quartam
2985 4951 3268 5020 chordam,
3321 4952 3376 5008 id
3421 4961 3508 5010 est
3528 4994 3548 5022 ,
3616 4957 3694 5014 ad

2085 5040 2326 5098 lichanos
2351 5042 2609 5114 hypaton,
2638 5050 2856 5099 resonat
2877 5042 3214 5102 diatessaron
3236 5048 3689 5105 consonantiam.

2085 5133 2216 5204 Quae
2255 5134 2501 5192 lichanos
2544 5137 2785 5208 hypaton
2822 5136 2892 5192 ad
2938 5152 3127 5194 mesen
3172 5148 3392 5196 resonat
3415 5139 3692 5210 diapente

2083 5224 2482 5296 symphoniam,
2530 5234 2724 5299 estque
2764 5227 2834 5284 ab
2866 5242 2931 5283 ea
2959 5228 3149 5299 quinta
3190 5229 3414 5286 chorda.
3457 5229 3691 5292 Rursus

2084 5308 2234 5378 mese
2255 5338 2287 5377 a
2314 5337 2602 5395 paramese
2629 5323 2794 5380 distat
2834 5331 2996 5391 tono;
3029 5323 3159 5379 item
3186 5322 3378 5379 eadem
3422 5337 3587 5381 mese
3614 5329 3691 5385 ad

2083 5419 2245 5470 neten
2275 5414 2719 5489 diezeugmenon,
2746 5429 2865 5486 qua
2885 5415 3075 5486 quinta
3098 5415 3301 5471 chorda
3325 5424 3409 5471 est
3435 5431 3469 5470 a
3494 5431 3687 5489 mese,

2084 5502 2215 5560 facit
2245 5505 2496 5576 diapente
2540 5506 2982 5574 consonantiam,
3017 5520 3139 5576 quae
3183 5505 3502 5578 symphonia
3552 5511 3687 5568 dia-

2082 5612 2252 5666 pason
2289 5607 2346 5653 et
2370 5598 2618 5669 diapente
2655 5606 2899 5656 vocatur.
2936 5597 3197 5653 Praedicta
3248 5583 3372 5654 nete
3408 5599 3687 5676 diezeug-

2082 5702 2280 5745 menon
2305 5689 2374 5745 ad
2398 5698 2558 5746 neten
2588 5690 2953 5762 hyperboleou
2974 5699 3220 5761 quartam
3245 5689 3507 5746 chordam
3537 5692 3687 5751 facit

2082 5780 2419 5839 diatessaron
2461 5781 2890 5838 consonantiam.
2920 5781 3130 5839 Rursus
3168 5781 3687 5853 proslambanome.

2080 5887 2179 5929 nos
2234 5872 2303 5929 ad
2347 5881 2506 5929 neten
2550 5873 2935 5948 hyperbolcon,
2989 5873 3040 5929 id
3088 5883 3191 5940 est,
3235 5873 3410 5942 prima
3460 5874 3685 5934 chorda

2093 6419 2151 6424 -κ
2459 6427 2587 6430 “
2616 6428 2629 6429 κ
2666 6429 2876 6436 _—_
3066 6434 3138 6442 7——
3204 6434 3257 6439 7-
3324 6430 3388 6442 ““-·-Ι
3472 6440 3508 6446 rw
3558 6440 3592 6448 τις
3628 6438 3631 6441 λ
3674 6448 3715 6452 ἠ-
3748 6354 3920 6452 -Δ
