3920 6420
188 546 294 599 497

1306 537 1390 592 Dii
1432 535 1832 592 llAlU‘lOMCA
1872 534 2371 591 lNSTl'l‘UTlONE.

3353 535 3458 588 498

187 674 312 714 cum
375 659 776 731 quintadecima
841 667 1060 716 resonat
1124 657 1208 713 bis
1263 656 1522 727 diapason
1581 655 2036 723 conso-Apente
2079 656 2430 710 consonantia
2476 657 2768 723 formatur,
2819 673 2940 712 cum
2986 653 3159 726 major
3213 674 3314 714 vox
3373 661 3458 714 vel

187 749 449 806 nantiam.

263 842 404 898 Ecce
429 841 676 898 habes'in
706 841 1010 912 quindecim
1038 841 1258 896 chordis
1297 855 1487 895 omnes
1524 847 1680 894 tonos
1717 847 1774 893 et

186 949 380 990 omnes
408 933 808 988 consonantias.
844 931 1162 1002 Diligentius
1187 941 1366 985 autem
1402 929 1628 984 intuenti
1654 944 1774 982 mu-

183 1025 318 1081 sica:
380 1023 675 1093 disciplinas
730 1023 1113 1088 subtilitatem,
1172 1038 1277 1077 non
1327 1021 1557 1090 amplius
1610 1034 1773 1090 quam

189 1117 430 1188 quinque
480 1116 825 1172 tetrachorda
873 1116 1234 1185 reperiuntur,
1269 1115 1321 1170 id
1351 1123 1464 1180 est,
1501 1115 1770 1185 hypaton,

184 1225 400 1275 meson,
433 1224 851 1281 synemmenon,
892 1208 1340 1278 diezeugmenon,
1392 1205 1772 1278 hyperboleon.

183 1299 424 1355 Possunt
452 1310 630 1356 autem
679 1302 754 1356 ita
801 1299 1177 1369 interpretari,
1219 1308 1278 1352 ut
1315 1298 1642 1368 accipiamus
1672 1297 1772 1366 hy-

180 1404 347 1464 patas
375 1395 731 1466 principales,
758 1411 936 1452 mesas
963 1391 1208 1460 medias,
1240 1410 1617 1466 synemmenas
1642 1409 1775 1448 con-

175 1487 420 1557 junctas,
449 1487 860 1558 diezeugmenas
881 1485 1194 1555 disiunctas,
1219 1484 1575 1556 hyperboleas
1598 1483 1776 1538 excel-

183 1578 382 1633 lentes.
409 1577 540 1644 Quae
567 1577 750 1633 omnia
782 1577 885 1632 hoc
915 1579 967 1632 in
1003 1577 1121 1632 loco
1151 1575 1412 1646 prolixius
1439 1583 1522 1629 est
1548 1574 1775 1628 demon-

183 1681 384 1727 strare.
447 1669 563 1725 Non
611 1671 755 1726 enim
810 1670 976 1726 totius
1039 1669 1367 1724 harmoniae
1419 1667 1777 1722 institutionis

179 1755 577 1835 plenitudinem
600 1761 979 1832 proposuimus
1009 1761 1061 1814 in
1090 1761 1192 1814 hac
1211 1759 1434 1829 epistola
1461 1757 1774 1828 explanare,

181 1869 314 1909 cum
341 1853 456 1924 ejus
500 1853 811 1922 perplexam
861 1851 1213 1907 subtilitatem
1257 1852 1343 1904 vix
1385 1849 1613 1904 valuerit
1641 1849 1773 1903 insi-

181 1946 310 2015 gnis
360 1955 551 2000 auctor
596 1944 817 2000 Boetius
867 1947 919 2000 in
974 1947 1210 2016 quinque
1269 1945 1422 2001 libris
1480 1944 1769 2014 explicare.

1875 763 2039 803 sonus
2083 749 2344 804 minorem
2387 766 2573 806 vocem
2614 751 2698 806 vel
2739 767 2927 807 sonum
2975 751 3130 821 tripla
3180 754 3262 807 sui
3285 768 3460 822 quan~

1875 841 2030 895 titate
2062 842 2397 896 transcendit
2439 843 2490 898 in
2541 844 2790 899 acumine
2828 855 2919 898 aut
2949 845 3247 915 gravitate,
3292 845 3461 914 ﬁtque

1874 945 2088 1002 semper
2137 933 2191 987 in
2247 933 2561 988 duodecima
2591 935 2812 991 chorda.
2847 935 3088 1006 Denique
3128 936 3461 1006 proslamba-

1876 1042 2136 1082 nomenos
2178 1027 2245 1081 ad
2290 1038 2450 1083 neten
2487 1028 2902 1099 diezeugmenon
2955 1029 3209 1100 diapason
3240 1038 3294 1085 et
3339 1029 3460 1083 dia-

1875 1129 2037 1190 pente
2067 1121 2478 1174 consonantiam
2515 1132 2752 1176 resonat.
2782 1119 3131 1190 Bisdiapason
3158 1137 3461 1178 consonan-

1876 1209 1951 1264 tia
1998 1208 2470 1280 dicitur,quando
2515 1212 2685 1280 major
2707 1229 2810 1267 vox
2851 1213 2934 1267 vel
2981 1229 3145 1269 sonus
3193 1214 3460 1268 minorem

1876 1317 2064 1358 vocem
2115 1303 2191 1356 vel
2238 1319 2429 1360 sonum
2461 1306 2756 1375 quadrupla
2793 1305 2874 1360 sui
2921 1306 3221 1374 quantitate
3251 1305 3464 1360 excedit.

1876 1396 1932 1448 in
1971 1395 2242 1460 acumine,
2287 1405 2379 1450 aut
2409 1399 2701 1465 gravitate;
2742 1397 2908 1467 ﬁtque
2954 1412 3164 1465 semper
3194 1398 3247 1450 in
3277 1395 3461 1465 quinta

1877 1486 2084 1542 decima
2135 1487 2354 1542 chorda.
2408 1487 2542 1542 Nam
2571 1489 3142 1558 proslambanomenos
3190 1490 3256 1542 ad
3303 1497 3467 1544 neten

1879 1579 2242 1650 hyperboleon
2271 1580 2355 1634 bis
2380 1580 2637 1650 diapason
2677 1582 3086 1636 consonantiam
3119 1590 3354 1636 resonat.

1948 1671 2035 1724 l7.
2068 1669 2251 1725 Tonus
2297 1686 2424 1726 vero
2468 1681 2711 1738 vocatur,
2757 1673 2973 1741 quando
3019 1671 3190 1740 major
3227 1688 3332 1727 vox
3374 1689 3470 1729 aut

1880 1770 2037 1816 tonus
2063 1762 2326 1816 minorem
2348 1776 2536 1816 vocem
2573 1772 2667 1816 aut
2701 1779 2889 1818 sonum
2931 1771 3099 1818 totum
3129 1764 3386 1832 possidet,
3414 1779 3469 1818 ct

1877 1853 2097 1920 insuper
2137 1854 2253 1923 ejus
2301 1861 2546 1908 octavam
2579 1863 2808 1924 partem,
2840 1855 3004 1923 ﬁtqtm
3048 1870 3262 1925 semper
3288 1857 3341 1909 in
3383 1871 3470 1912 se~

1877 1944 2052 1997 cunda
2089 1945 2311 1999 chorda.
2345 1943 2479 1998 Nam
2518 1945 3088 2014 proslambanomenos
3129 1947 3194 1999 ad
3233 1948 3466 2019 hypaten

180 2037 322 2092 lllud
375 2047 583 2093 tantum
629 2047 898 2103 notamus,
928 2037 1073 2108 quod
1122 2037 1376 2106 praedicta
1430 2035 1773 2092 tetrachorda
1803 2030 1850 2090 Β
1879 2033 2117 2104 hypaton
2158 2042 2345 2089 tonum
2387 2045 2623 2090 resonat.
2657 2036 2820 2107 quue
2862 2037 3137 2092 sciendum
3179 2047 3293 2103 est,
3324 2038 3469 2108 quod.

178 2130 352 2199 quina
383 2130 437 2184 in
465 2130 654 2199 viginti
684 2141 807 2184 octo
835 2130 1048 2185 chordis
1073 2130 1457 2184 extenduntur.

258 2221 347 2276 16.
382 2221 509 2277 Haec
547 2223 613 2277 de
642 2223 877 2288 chordis,
908 2229 964 2278 et
989 2237 1176 2276 earum
1201 2221 1508 2276 nominibus
1537 2221 1776 2290 praemis-

179 2311 262 2366 sis
291 2328 308 2366 :
344 2308 459 2377 jam
507 2319 717 2381 tempus
747 2321 863 2378 est,
895 2320 955 2366 ut
996 2312 1062 2367 de
1097 2313 1574 2368 consonantiarum
1609 2327 1775 2366 voca-

179 2403 350 2470 bulis,
377 2418 676 2473 earumque
702 2404 927 2460 vocibus
952 2413 1174 2474 propter
1209 2404 1388 2458 minus
1419 2403 1778 2474 intelligentes

180 2493 348 2564 paulo
403 2493 618 2564 planius
669 2501 724 2550 et
770 2494 1010 2564 apertius
1059 2494 1407 2549 disseramus.
1455 2495 1779 2564 Quanquam

182 2587 332 2640 enim
364 2587 572 2653 omnia,
601 2601 723 2657 quae
751 2587 817 2642 ad
843 2587 1103 2642 musicam
1131 2587 1422 2658 pertinent,
1449 2601 1516 2642 ex
1541 2588 1777 2643 maxima

183 2687 344 2750 parte
394 2680 643 2749 superius
671 2681 1246 2748 commemoravimus,
1277 2689 1458 2736 tamen
1507 2682 1633 2752 quia
1680 2697 1778 2736 no-

181 2773 335 2826 mina
375 2770 565 2827 Graeca
603 2781 759 2838 sunt,
785 2773 1148 2844 expositorem
1177 2774 1477 2843 requirunt.
1506 2773 1782 2830 Dialessa—

185 2879 288 2916 ron
312 2863 481 2934 igitur
502 2861 692 2919 Grtece
720 2879 786 2918 ex
811 2872 1038 2934 quatuor
1066 2862 1255 2918 Latine
1283 2864 1386 2919 dici
1412 2872 1592 2934 potest
1620 2883 1634 2918 :
1674 2880 1781 2919 non

185 2970 251 3009 ea
300 2955 543 3021 ratione,
589 2956 732 3026 quod
781 2971 850 3012 ex
896 2965 1128 3026 quatuor
1172 2966 1381 3012 constet
1430 2958 1671 3013 numeris
1698 2956 1783 3012 vel

185 3046 457 3117 partibus,
488 3062 610 3101 cum
658 3047 751 3101 ﬁat
796 3047 863 3101 de
907 3047 1169 3126 hemiolo,
1193 3047 1245 3102 id
1294 3057 1398 3113 est,
1428 3063 1496 3104 ex
1539 3049 1702 3104 semis
1729 3059 1784 3104 et

188 3149 340 3204 toto;
374 3139 470 3194 sed
515 3140 638 3210 quia
683 3154 751 3196 ex
793 3151 1026 3210 quatuor
1071 3142 1218 3196 sonis
1245 3142 1331 3196 vel
1373 3143 1594 3199 vocibus
1631 3152 1783 3200 certo

186 3231 371 3300 spatio
421 3231 560 3286 inter
603 3245 660 3287 se
717 3230 1043 3288 distantibus
1092 3233 1396 3288 conﬁcitur.
1452 3234 1548 3290 Est
1602 3234 1784 3305 itaque

184 3323 530 3380 diatessaron
585 3325 939 3380 consonantia
998 3340 1187 3380 vocum
1243 3326 1459 3396 quidem
1512 3337 1778 3397 quatuor,

1881 2123 2079 2178 dicitur
2107 2124 2381 2195 epogdous
2410 2125 2462 2178 in
2488 2126 2846 2192 arithmetica,
2877 2137 3036 2182 tonus
3066 2128 3365 2197 appellatur
3413 2131 3467 2184 in

1880 2215 2107 2270 musica.
2137 2215 2420 2285 Epogdous
2447 2225 2627 2271 autem
2654 2216 2872 2282 dicitur,
2897 2218 3050 2287 quasi
3076 2219 3388 2288 epiogdous,
3416 2220 3472 2274 id

1880 2314 1964 2360 est
2003 2314 2410 2375 superoctavus.
2448 2305 2716 2360 Dividitur
2758 2316 2939 2362 autem
2981 2318 3139 2363 tonus
3175 2311 3228 2363 in
3257 2308 3469 2366 duobus

1882 2395 2218 2452 semitoniis:
2267 2411 2375 2451 non
2421 2397 2565 2466 quod
2619 2398 2839 2453 omnino
2887 2399 3170 2454 semitonia
3217 2415 3284 2454 ex
3314 2416 3470 2471 aeque

1883 2489 1993 2544 sint
2038 2487 2237 2552 media,
2269 2487 2363 2542 sed
2413 2487 2558 2558 quod
2603 2503 2810 2542 semum
2861 2489 2964 2544 dici
3018 2490 3182 2556 solet,
3217 2491 3359 2561 quod
3403 2501 3472 2548 ad

1882 2583 2097 2653 plenam
2122 2597 2427 2638 mensuram
2453 2598 2559 2638 non
2580 2583 2846 2653 pervenit.
2869 2585 3046 2655 Atque
3061 2595 3120 2640 ut
3142 2586 3194 2640 id
3217 2586 3475 2644 facillime

1883 2676 2282 2746 comprobetur,
2321 2676 2392 2730 sit
2437 2677 2813 2747 sesquioctava
2842 2681 3117 2748 proportio
3148 2688 3270 2736 octo
3297 2689 3354 2737 et
3377 2698 3449 2739 no

1884 2783 2027 2822 vem.
2068 2767 2213 2823 Inter
2261 2767 2359 2823 bos
2401 2767 2576 2823 nullus
2619 2770 2827 2825 medius
2856 2787 3115 2828 numerus
3153 2773 3473 2830 naturaliter

1887 2858 2107 2914 incedit.
2158 2859 2573 2930 Multiplicemus
2612 2876 2740 2931 ergo
2785 2877 2878 2917 eos
2918 2879 3016 2932 per
3061 2865 3350 2920 hinarium.
3384 2867 3478 2922 Bia

1885 2961 2010 3006 octo
2037 2951 2172 3006 ﬁunt
2217 2951 2450 3006 sedecim
2478 2992 2492 3017 ,
2525 2952 2608 3007 bis
2646 2968 2839 3008 novem
2872 2954 3005 3008 ﬁunt
3030 2956 3215 3012 decem
3243 2965 3298 3012 et
3328 2966 3476 3013 octo.

1885 3041 2032 3096 inter
2055 3043 2290 3098 sedecim
2319 3052 2497 3098 autem
2521 3053 2577 3099 et
2597 3045 2784 3100 decem
2807 3055 2864 3100 et
2893 3056 3018 3102 octo
3043 3064 3181 3102 unus
3217 3064 3476 3106 numerus

1887 3133 2150 3188 naturalis
2179 3134 2470 3200 invenitur,
2505 3135 2559 3190 id
2589 3143 2692 3201 est,
2723 3135 2910 3192 decem
2941 3146 2997 3192 et
3020 3147 3246 3210 septem.
3285 3140 3482 3211 DiSpo-

1886 3234 2083 3281 nantur
2107 3242 2237 3297 ergo
2266 3228 2320 3282 hi
2353 3236 2462 3283 tres
2495 3229 2704 3284 numeri
2745 3230 2798 3283 in
2829 3231 3075 3287 ordinem
3099 3273 3115 3298 ,
3149 3233 3201 3288 id
3240 3243 3357 3299 est,
3391 3251 3482 3291 se-

1888 3316 2082 3381 decim,
2114 3317 2300 3374 decem
2348 3328 2402 3373 et
2440 3329 2665 3389 septem,
2703 3328 2758 3374 et
2796 3321 2981 3376 decem
3031 3332 3086 3378 et
3121 3333 3264 3380 octo.
3309 3326 3479 3398 igitur

185 3417 602 3473 intervallorum
653 3419 834 3474 trium.
889 3418 1030 3486 Quid
1082 3419 1153 3474 sit
1199 3418 1576 3487 intervallum,
1623 3436 1778 3492 supra

1892 3409 2125 3464 sedecim
2153 3425 2216 3465 ac
2245 3410 2430 3466 decem
2470 3421 2526 3467 et
2545 3421 2670 3466 octo
2697 3411 2877 3467 collati
2918 3395 3353 3483 sesquioctavam
3392 3431 3480 3473 re-

186 3521 558 3565 monstratum
584 3519 685 3578 est,
713 3511 768 3565 id
796 3518 898 3576 est,
935 3510 1055 3566 soni
1087 3511 1231 3565 acuti
1261 3511 1552 3582 gravisque
1579 3511 1787 3567 distan-

187 3603 290 3658 tia.
341 3601 475 3658 Cum
515 3604 698 3674 itaque
748 3605 921 3675 major
962 3619 1068 3659 vox
1112 3605 1378 3659 minorem
1426 3619 1650 3670 vocem,
1700 3605 1786 3660 vel

186 3693 371 3764 major
398 3708 563 3749 sonus
591 3694 856 3749 minorem
902 3708 1094 3748 sonum
1138 3702 1310 3749 totum
1354 3694 1408 3748 in
1439 3710 1496 3749 se
1521 3696 1783 3762 continet,

184 3796 247 3844 et
295 3787 516 3858 insuper
563 3787 776 3843 tertiam
818 3798 1028 3858 partem
1071 3788 1298 3844 minoris
1327 3788 1477 3844 vocis
1508 3797 1602 3843 aut
1647 3789 1782 3856 toni,

186 3881 532 3935 diatessaron
580 3881 992 3935 consonantiam
1038 3889 1221 3948 creat,
1269 3880 1436 3952 ﬁtque
1479 3897 1688 3952 semper
1730 3883 1784 3938 in

185 3979 392 4042 quarta
437 3971 681 4037 chorda;
737 3972 967 4042 denique
1017 3987 1047 4026 a
1097 3971 1668 4042 proslambanomenos
1717 3975 1785 4029 ad

185 4064 440 4120 lichanos
467 4063 702 4136 hypaton
730 4073 949 4121 resonat
967 4063 1326 4131 diatessaron,
1351 4074 1412 4119 ut
1439 4081 1604 4136 supra
1633 4081 1787 4122 mon-

184 4166 425 4214 stratum
453 4165 553 4212 est.

265 4253 522 4322 Diapente
550 4253 936 4324 interpretatur
967 4270 1032 4309 ea:
1070 4255 1318 4326 quinque,
1351 4255 1441 4308 dia
1470 4253 1657 4309 Graece
1697 4270 1780 4320 ex,

182 4345 503 4418 prtepositio
546 4353 667 4410 est,
715 4354 894 4414 pente,
942 4347 1188 4416 quinque.
1251 4345 1509 4416 Diapente
1555 4343 1779 4410 dicitur,

182 4452 258 4492 eo
289 4436 434 4505 quod
457 4450 524 4491 ex
555 4437 790 4506 quinque
835 4438 1058 4492 vocibus
1093 4445 1185 4491 aut
1230 4439 1378 4492 sonis
1431 4437 1778 4508 perﬁciatur;

183 4538 386 4598 estque
431 4543 622 4584 vocum
667 4529 886 4600 quidem
912 4531 1171 4599 quinque,
1208 4529 1612 4584 intervallorum
1653 4545 1784 4584 vero

183 4631 444 4692 quatuor.
491 4621 658 4692 igitur
683 4623 898 4693 quando
944 4637 1119 4693 major
1158 4636 1260 4676 vox
1294 4621 1561 4677 minorem
1590 4637 1780 4677 vocem

184 4723 305 4769 tota
340 4712 423 4768 sui
459 4713 713 4782 prtecedit
757 4713 1087 4783 quantitate,
1139 4723 1196 4769 et
1244 4713 1464 4783 insuper
1516 4722 1782 4784 superata:

1891 3501 2063 3556 tinent
2109 3505 2534 3571 proportionem,
2585 3521 2649 3562 ac
2699 3507 2822 3563 ideo
2865 3508 3071 3565 faciunt
3112 3521 3319 3566 tonum.
3369 3509 3476 3567 Sed

1890 3594 2030 3648 hanc
2066 3598 2469 3665 proportionem
2501 3602 2766 3672 septimus
2789 3604 3030 3660 decimus
3057 3619 3349 3671 numerus,
3383 3604 3478 3675 qui

1887 3688 2030 3742 inter
2057 3689 2157 3744 hos
2185 3698 2268 3746 est
2290 3692 2523 3760 medius,
2556 3710 2664 3750 non
2690 3695 2742 3750 in
2771 3696 2999 3767 aequalia
3028 3699 3281 3768 partitur.
3310 3699 3476 3752 Com-

1885 3793 2108 3853 paratus
2135 3783 2279 3838 enim
2307 3786 2373 3839 ad
2416 3786 2651 3842 sedecim
2681 3786 2844 3843 habet
2886 3788 2938 3842 in
2969 3803 3027 3845 se
3076 3799 3283 3856 tonum,
3317 3790 3479 3846 sede-

1885 3875 2016 3941 cim,
2045 3883 2100 3930 et
2147 3876 2367 3946 insuper
2394 3875 2510 3947 ejus
2567 3886 2778 3935 sextam
2827 3880 3092 3937 decimam
3129 3890 3372 3952 partem,
3423 3882 3479 3938 id

1885 3976 1988 4033 est,
2019 3983 2209 4022 unum.
2237 3967 2446 4026 Rursus
2476 3971 2521 4025 si
2546 3974 2731 4026 decem
2765 3980 2820 4027 et
2845 3982 3070 4042 septem,
3105 3981 3162 4027 et
3187 3973 3371 4028 decem
3405 3983 3480 4028 -et

1885 4065 2008 4113 octo
2032 4068 2435 4128 comparentur,
2465 4061 2519 4114 in
2547 4061 2732 4115 decem
2764 4070 2818 4115 et
2835 4071 2956 4117 octo
2979 4063 3164 4118 decem
3196 4071 3250 4118 et
3273 4072 3479 4133 septem

1886 4148 2234 4202 inveniuntur
2259 4157 2316 4203 et
2355 4149 2578 4220 insuper
2606 4149 2834 4219 septima
2863 4151 3072 4206 decima
3101 4167 3261 4220 pars,
3298 4153 3352 4206 id
3394 4163 3478 4208 est

1887 4255 2042 4295 unus.
2092 4237 2210 4294 Non
2255 4239 2419 4307 igitur
2444 4239 2637 4296 iisdem
2669 4242 2912 4310 partibus
2944 4251 3000 4295 et
3027 4242 3291 4297 minorem
3318 4259 3482 4315 supe-

1886 4339 1993 4400 rat,
2031 4339 2088 4386 et
2134 4346 2167 4385 a
2210 4329 2413 4398 majore
2459 4339 2766 4402 superatur.
2801 4331 2897 4387 Est
2929 4331 3074 4386 enim
3127 4333 3302 4388 minor
3349 4349 3479 4403 pars

1887 4421 2117 4493 septima
2158 4422 2388 4488 decima,
2435 4421 2607 4490 major
2647 4423 3031 4479 sextadecima.
3082 4423 3188 4480 Sed
3235 4433 3480 4497 utraeque

1885 4522 2071 4582 partes
2091 4511 2375 4566 semitonia
2406 4520 2806 4582 nuncupantur,
2825 4527 2992 4566 unum
3021 4510 3214 4581 majus,
3244 4513 3475 4568 alterum

1887 4605 2082 4660 minus.
2135 4603 2192 4658 ln
2249 4603 2445 4673 quibus
2504 4611 2684 4658 autem
2728 4603 2969 4658 numeris
3024 4603 3138 4658 haec
3189 4604 3478 4660 semitonia

1887 4699 2243 4770 reperiantur,
2292 4698 2377 4752 vel
2418 4697 2888 4762 demonstrentur,
2919 4705 3230 4766 poteramus
3261 4697 3365 4751 hoc
3420 4696 3477 4750 in

182 4818 342 4858 vocrs
371 4803 717 4858 medietatem
742 4804 1111 4870 transcendit,
1141 4804 1256 4860 sive
1285 4804 1341 4858 in
1386 4804 1636 4858 acumine
1666 4804 1778 4859 sive

1887 4767 2008 4846 loco
2048 4789 2387 4847 abundanter
2423 4804 2488 4845 ac
2537 4787 2905 4858 multipliciter
2934 4787 3200 4852 inserere,
3235 4787 3478 4841 diverso-

185 4895 243 4949 in
274 4892 540 4964 gravitate
559 4933 574 4960 ,
602 4893 718 4950 hate
743 4895 1060 4965 symphonia
1093 4895 1340 4966 diapente
1368 4894 1586 4962 dicitur,
1616 4895 1782 4964 ﬁtque

183 5001 410 5058 semper
446 4987 498 5040 in
525 4987 713 5057 quinta
742 4987 962 5042 chorda.
1010 4987 1143 5042 Nam
1172 4988 1416 5044 lichanos
1446 4987 1681 5059 hypaton
1713 4986 1779 5040 ad

183 5093 400 5144 mesen,
429 5078 680 5148 diapente
707 5080 1112 5133 consonantiam
1142 5089 1378 5135 resonat.

261 5171 536 5242 Diapason
565 5172 911 5242 interpretari
957 5181 1134 5243 potest
1177 5188 1243 5227 ea:
1275 5172 1534 5227 omnibus.
1565 5187 1632 5227 ex
1659 5187 1779 5228 om-

183 5267 354 5323 nibus
398 5266 540 5318 enim
588 5265 920 5331 semitoniis,
987 5266 1128 5321 tenis
1179 5276 1234 5320 et
1279 5265 1645 5322 consonantiis
1699 5266 1778 5321 ﬁt.

185 5357 474 5428 Siquidem
507 5370 576 5412 ex
607 5356 859 5426 diapente
883 5366 944 5412 et
974 5356 1315 5412 diatessaron
1350 5365 1566 5412 constat
1597 5356 1779 5426 diapa-

184 5465 310 5506 son.
341 5449 508 5520 lgitur
538 5449 754 5518 quando
781 5448 954 5520 major
981 5465 1080 5504 vox
1111 5451 1376 5506 minorem
1400 5465 1587 5506 vocem
1619 5449 1780 5519 dupla

183 5543 272 5597 sui
315 5542 618 5611 quantitate
653 5550 896 5611 superat,
925 5543 1038 5597 sive
1070 5544 1121 5597 in
1151 5543 1466 5600 extensione
1495 5543 1777 5611 acuminis,

185 5638 306 5692 sive
359 5635 413 5688 in
458 5634 778 5689 remissione
802 5636 1114 5706 gravitatis,
1147 5637 1260 5692 haec
1301 5636 1422 5691 talis
1461 5635 1781 5707 symphonia

185 5724 494 5798 appellatur
517 5725 793 5795 diapason,
822 5725 992 5796 ﬁtque
1018 5743 1230 5798 semper
1256 5728 1308 5782 in
1335 5737 1524 5783 octava
1554 5726 1776 5781 chorda.

185 5822 330 5878 Nam
376 5819 950 5892 proslambanomenos
991 5821 1057 5874 ad
1099 5837 1279 5876 mesen
1306 5863 1319 5886 ,
1352 5819 1612 5890 diapason
1653 5832 1780 5873 con-

186 5913 500 5972 sonantiam
544 5921 790 5976 resonat,
837 5922 1028 5983 estque
1062 5914 1412 5983 principalior
1433 5911 1782 5982 atquehono—

188 6009 420 6067 rabilior
440 6007 650 6068 caeteris
679 6007 1061 6067 consonantiis.
1095 6007 1264 6063 Porro
1297 6007 1552 6076 diapason
1588 6014 1640 6060 et
1673 6003 1785 6060 dia-

1889 4898 2117 4955 rumque
2141 4890 2423 4938 auctorum
2448 4880 2694 4936 diversas
2716 4878 2999 4950 opiniones
3024 4886 3302 4941 annotare,
3329 4877 3476 4946 quod

1890 4977 2098 5032 duabus
2121 4975 2192 5030 ob
2214 4973 2393 5028 causis
2418 4972 2684 5027 mittimus
2707 4989 2721 5025 :
2746 4970 2861 5026 sive
2883 4985 2948 5024 ne
2968 4967 3271 5039 epistolaris
3292 4981 3473 5021 sermo

1889 5070 1944 5124 in
1978 5068 2099 5124 libri
2150 5073 2390 5120 transeat
2425 5063 2868 5136 magnitudinem,
2900 5070 2955 5116 et
2991 5061 3145 5115 nobis
3181 5058 3308 5114 illud
3336 5058 3474 5126 obji-

1889 5162 2066 5216 ciatur
2090 5177 2103 5213 :
2130 5157 2383 5214 Currente
2411 5167 2528 5211 rota
2555 5156 2806 5226 amphora
2837 5149 3229 5222 cwpitinstitui,
3262 5166 3357 5203 cur
3386 5164 3480 5201 ur-

1889 5269 2009 5308 ceus
2040 5250 2194 5306 exit?
2231 5249 2347 5304 sive
2391 5261 2462 5302 ne
2492 5245 2863 5301 difﬁcultatem
2912 5240 3083 5312 magis
3125 5253 3391 5303 creemus,
3419 5246 3477 5292 et

1887 5358 2080 5400 sensus
2111 5339 2404 5410 legentium
2432 5337 2612 5408 potius
2648 5334 3028 5397 obtundamus,
3068 5345 3230 5400 quam
3259 5329 3476 5385 eviden-

1888 5436 2032 5492 tibus
2081 5431 2420 5489 documentis
2461 5427 2831 5484 informemus.
2867 5423 3016 5478 Licet
3065 5421 3209 5475 enim
3255 5421 3475 5475 harmo-

1889 5532 2023 5586 nicaa
2055 5524 2411 5583 institutionis
2438 5521 2660 5577 minima
2694 5534 2823 5588 pars
2850 5516 2921 5572 sit
2953 5514 3296 5570 semitonium
3327 5511 3473 5580 ejus-

1889 5639 1996 5697 que
2020 5621 2282 5686 membra,
2313 5627 2493 5673 tamen
2531 5613 2780 5669 omnibus
2811 5604 3476 5666 dilﬁcilioribusdiilicilli—

1887 5730 2038 5771 mum
2075 5721 2178 5778 est,
2223 5719 2278 5765 et
2329 5706 2598 5764 laboriosa
2649 5703 2854 5774 indiget
2893 5700 3248 5772 expositione.
3305 5697 3362 5751 ln
3415 5713 3475 5751 re

1891 5809 2055 5879 igitur
2100 5804 2418 5861 naturaliter
2459 5803 2689 5856 obscura
2730 5798 2822 5869 qui
2855 5799 2908 5852 in
2945 5793 3262 5867 exponendo
3298 5790 3454 5861 plura

1891 5920 2052 5975 quam
2085 5915 2305 5957 necesse
2329 5908 2429 5965 est,
2461 5896 2817 5968 superfundit,
2852 5893 3001 5949 addit
3038 5891 3291 5946 tenebras
3315 5929 3328 5952 ,
3367 5900 3474 5939 non

1893 5995 2080 6051 adimit
2111 5991 2450 6050 densitatem.
2491 5989 2603 6046 Hoc
2631 6004 2796 6045 unum
2845 6000 3004 6045 nosse
3039 5981 3299 6049 suﬁiciat,
3329 5977 3475 6049 quod
