3848 5504
429 500 536 557 499

925 501 1290 561 REGINONIS
1330 504 1749 561 PRUMIENSIS
1789 504 2073 561 ABBATIS
2116 504 2203 561 DE
2244 504 2649 562 HARMONICA
2692 504 3191 561 INSTITUTIONE.

3589 503 3689 559 500

432 615 713 672 dimidium
764 616 1105 672 scmitonium
1149 618 1311 672 diesis
1339 619 1535 673 dicitur
1556 659 1569 684 ,
1610 627 1799 687 estque
1824 627 2009 693 quarta
2044 621 2086 679 A
2117 633 2224 673 non
2249 628 2376 674 sunt
2401 619 2653 690 amplius,
2671 633 2830 689 quam
2857 630 3061 695 septem
3096 617 3387 675 dissimiles
3412 619 3553 684 soni,
3574 628 3693 673 tono

426 724 559 782 pars
595 710 739 775 toni;
779 709 1031 765 similiter
1070 712 1470 766 tetrastemoria
1500 720 1693 780 quarta
1728 725 1853 782 pars
1882 711 2012 775 toni,

432 801 737 857 tritemoria
763 799 921 855 tertia
958 815 1084 871 pars
1111 809 1471 871 nuncupatur.
1499 801 1666 871 Major
1688 801 1870 874 itaque
1891 814 2017 875 pars

431 892 563 956 toni,
603 892 655 946 id
694 898 801 963 est,
832 891 1176 947 scmitonium
1226 891 1399 961 majus
1442 901 1691 964 apotome
1715 901 1942 947 vocatur
1986 907 2015 945 a

426 981 657 1050 Grecis,
693 999 723 1038 a
752 984 910 1041 nobis
933 1000 1064 1041 vero
1098 992 1277 1056 potest
1308 986 1567 1061 appellari
1595 986 1815 1041 decisio.
1854 985 2018 1040 Natu—

430 1075 546 1131 rale
582 1085 670 1131 est
716 1077 883 1143 enim,
916 1084 975 1133 ut
1018 1077 1269 1157 quotiens
1310 1078 1514 1149 aliquid
1563 1088 1777 1134 secatur
1806 1079 1907 1143 ita,
1962 1085 2021 1132 ut

430 1169 603 1239 aequis
641 1170 886 1240 partibus
933 1186 1041 1227 non
1091 1172 1389 1241 dividatur,
1444 1180 1648 1245 quanto
1690 1174 1867 1229 minor
1894 1188 2021 1243 pars

432 1260 656 1316 dimidio
684 1264 970 1329 minorem,
998 1272 1146 1319 tanto
1173 1264 1345 1336 major
1380 1281 1508 1336 pars
1534 1267 1811 1322 dimidiam
1834 1279 2020 1345 suppr—

433 1354 680 1407 excedat.
722 1354 778 1409 Si
830 1357 993 1427 igitur
1019 1358 1085 1412 ad
1119 1358 1459 1415 scmitonium
1491 1360 1721 1415 addatur
1748 1369 2016 1431 apotome,

436 1443 497 1500 (lt
524 1448 868 1503 scmitonium
907 1448 1098 1519 majus.

506 1559 729 1617 Constat
763 1578 893 1639 ergo
920 1564 1128 1639 integer
1152 1574 1311 1625 tonus
1356 1582 1420 1623 ex
1470 1576 1720 1638 apotome
1749 1580 1814 1622 ac
1860 1566 2022 1623 semi-

432 1646 602 1705 tonio.
647 1651 817 1707 Porro
862 1655 1204 1711 scmitonium
1254 1658 1321 1715 ab
1365 1666 1614 1726 apotome
1658 1656 1838 1711 differt
1875 1670 2023 1711 com-

433 1749 601 1796 mate.
634 1742 711 1796 Ac
766 1743 969 1803 idcirco
1004 1746 1136 1801 nihil
1178 1754 1261 1803 est
1311 1749 1455 1803 aliud
1493 1760 1763 1818 apotome,
1809 1748 1911 1805 nisi
1938 1762 2022 1805 se-

432 1832 717 1889 Initonitun
754 1836 930 1891 minus
976 1846 1030 1892 et
1056 1854 1285 1894 comma.
1321 1840 1375 1895 Si
1402 1840 1567 1915 igitur
1591 1841 1697 1895 duo
1739 1838 2023 1897 scmitonia

432 1924 645 1980 minora
672 1927 739 1981 de
770 1935 898 1983 tono
938 1924 1060 2001 quis
1111 1931 1343 1997 auferat,
1375 1946 1583 1985 comma
1634 1930 1696 1989 lit
1734 1930 2019 2001 reliquum.

434 2014 533 2071 Est
554 2025 733 2073 autem
762 2034 971 2075 comma
1010 2020 1232 2076 ultimus
1274 2036 1440 2079 sonus
1476 2021 1681 2079 auditui
1713 2021 2016 2093 subiacens.

432 2105 710 2162 Philolaus
757 2119 937 2164 autem
976 2112 1364 2183 Pythagoricus
1410 2112 1619 2173 minora
1650 2113 1825 2187 spatia
1869 2121 2022 2173 tono-

434 2210 558 2250 rum
606 2196 801 2254 talibus
835 2200 1241 2265 dillinitionibus
1281 2203 1544 2261 includit:
1592 2203 1797 2270 Diesis,
1825 2203 2021 2275 inquit,

438 2298 523 2346 est
575 2293 806 2369 spatium
858 2311 964 2366 quo
994 2294 1166 2366 major
1217 2307 1298 2354 est
1348 2298 1691 2367 sesquitertia
1746 2296 2024 2369 proportio

439 2383 647 2463 duobus
678 2387 838 2444 tonis.
872 2387 1098 2444 Comma
1134 2405 1263 2455 vero
1304 2398 1388 2447 est
1424 2391 1687 2459 spatium,
1714 2404 1823 2460 quo
1850 2389 2026 2459 major

439 2486 524 2532 est
566 2480 937 2549 sesquioctava
979 2483 1256 2554 proportio
1294 2483 1497 2541 duabus
1536 2481 1800 2549 dicsibus,
1828 2482 2021 2547 idest,

439 2570 651 2630 duobus
677 2576 981 2633 scmitoniis
1011 2576 1328 2633 minoribus.
1360 2575 1606 2635 Schisma
1634 2583 1718 2635 est
1741 2574 2024 2635 dimidium

346 2680 352 2689 δ
440 2667 744 2733 commatis,
775 2668 1099 2729 .diascbisma
1122 2683 1249 2726 vero
1269 2668 1551 2731 dimidium
1580 2666 1816 2727 dieseos.
1843 2666 1896 2727 id
1918 2674 2022 2729 est,

440 2756 708 2817 semitonii
752 2757 990 2816 minoris.

506 2842 587 2903 Ex
625 2848 820 2935 quibus
861 2849 989 2913 illud
1025 2850 1312 2925 colligitur,
1350 2863 1656 2925 quanquam
1700 2856 1859 2907 tonus
1908 2846 2027 2920 qui-

2118 710 2257 764 inter
2278 725 2338 766 se
2365 710 2652 775 distantes,
2674 711 2798 781 quia
2822 719 3046 766 octavus
3074 710 3214 765 idem
3250 718 3355 776 est,
3393 710 3485 780 qui
3515 721 3567 767 et
3587 711 3695 782 pri-

2120 815 2239 855 mus
2279 800 2331 855 in
2361 799 2543 871 duplo.
2574 799 2758 856 Nonus
2786 801 2926 856 idem
2968 809 3072 868 est,
3105 802 3289 873 quiret
3330 802 3602 859 secundus
3642 802 3691 855 in

2118 891 2314 965 duplo;
2346 892 2426 947 sic
2460 901 2513 948 et
2552 892 2604 953 iu
2634 893 2861 949 caeteris.
2909 891 3111 949 llorum
3156 892 3405 953 conscius
3442 893 3697 965 Virgilius

2120 984 2249 1039 dicit
2277 1002 2291 1040 :

2332 1096 2422 1151 Est
2438 1097 2560 1151 mihi
2576 1082 2854 1163 disparibus
2882 1101 3075 1163 septem
3095 1103 3346 1162 comptus
3372 1097 3551 1151 cicutis

2338 1177 2541 1233 Fistula.

2190 1282 2269 1341 Ex
2297 1291 2505 1354 septem
2527 1283 2691 1353 igitur
2716 1282 3023 1354 disparibus
3048 1283 3244 1339 cicutis
3273 1282 3450 1341 ﬁstula
3471 1282 3555 1346 ﬁt.
3576 1283 3701 1353 quia

2121 1391 2189 1433 ex
2213 1387 2419 1448 septem
2452 1376 2807 1437 dissimilibus
2846 1377 3066 1433 vocibus
3091 1385 3188 1435 aut
3219 1375 3373 1439 sonis
3400 1384 3513 1435 tota
3540 1376 3699 1443 perii-

2119 1470 2264 1531 citur
2296 1472 2670 1531 consonantia.
2701 1470 2854 1533 Unde
2889 1479 2949 1533 et
2993 1470 3213 1540 quidam
3248 1476 3458 1539 septem
3494 1478 3699 1527 tantum

2120 1561 2307 1625 volunt
2343 1570 2521 1623 tonos.

2195 1651 2348 1726 Quod
2390 1669 2520 1710 vero
2546 1653 2844 1713 Martianus
2872 1652 3167 1713 introducit
3202 1665 3401 1714 novem
3444 1664 3626 1706 musas
3654 1651 3713 1705 id

2126 1744 2341 1816 Nuptiis
2360 1744 2658 1817 philologia:
2673 1746 2886 1805 diversa
2906 1743 3147 1805 carmina
3162 1751 3468 1806 cantantes,
3492 1744 3561 1801 ad
3584 1744 3703 1799 bar-

2126 1836 2362 1897 moniam
2394 1836 2669 1903 omlestem
2700 1837 2959 1907 pertinet,
2994 1851 3115 1906 quae
3135 1850 3333 1895 novem
3355 1833 3581 1891 ordines
3608 1834 3702 1887 ha-

2126 1925 2257 1983 bere
2281 1926 2647 1997 dignoscitur,
2683 1927 2893 1985 scilicet
2940 1935 3161 1998 propter
3194 1934 3406 1997 septem
3447 1924 3702 1994 planetas,

2124 2027 2481 2093 octavamque
2504 2021 2774 2091 sphaeram
2816 2019 3129 2086 cmlestem,
3166 2028 3223 2079 et
3253 2032 3456 2075 nonam
3490 2026 3703 2073 ten-au.

2127 2109 2232 2164 Sed
2255 2120 2378 2165 octo
2400 2126 2589 2168 omnes
2617 2112 2999 2173 consonantias
3019 2119 3308 2177 resonant;
3333 2125 3504 2175 nom.
3536 2109 3591 2166 id
3609 2117 3702 2169 est,

2126 2211 2297 2271 terra,
2336 2212 2600 2275 perpetuo
2646 2204 2861 2267 silentio
2910 2212 3072 2271 tacet,
3118 2203 3247 2275 quia
3276 2201 3578 2263 immobilis
3610 2209 3702 2255 est.

2124 2293 2262 2355 Hinc
2287 2306 2395 2363 est,
2426 2294 2572 2368 quod
2600 2311 2723 2355 cum
2749 2305 2873 2352 octo
2908 2311 3075 2357 musae
3106 2295 3383 2357 subvecta:
3415 2294 3475 2353 in
3498 2291 3706 2353 circulis

2125 2387 2438 2455 coelestibus
2466 2397 2672 2456 essent,
2703 2404 2866 2454 nona.
2906 2388 2961 2447 id
2998 2396 3102 2454 eet.
3134 2385 3328 2449 Thalia
3353 2386 3410 2444 in
3444 2394 3598 2447 terra
3626 2398 3701 2438 η·

2125 2478 2346 2534 mansit.
2387 2477 2524 2537 Nam
2554 2494 2675 2537 cum
2714 2478 2914 2539 Urania
2957 2480 3225 2549 sphaeram
3265 2476 3593 2539 calonem,
3620 2474 3705 2529 Po-

2124 2569 2328 2641 lymuia
2347 2568 2588 2639 Saturni,
2624 2570 2855 2640 Euterpe
2881 2567 3048 2636 lovis,
3072 2568 3237 2627 Erato
3266 2568 3484 2633 Martis,
3519 2565 3705 2633 Melum

2124 2676 2283 2719 mene
2316 2660 2477 2729 Solis,
2505 2661 2860 2733 Terpsichore
2886 2661 3133 2727 Veneris,
3162 2658 3407 2730 Calliope
3441 2657 3704 2719 Ierwrii.

2126 2753 2241 2811 Clio
2270 2754 2435 2813 Lunai
2460 2755 2691 2811 circulos
2719 2756 3133 2822 subiutrassent,
3158 2762 3217 2815 ut
3250 2752 3326 2813 ibi
3348 2751 3545 2809 duim
3569 2765 3702 2809 reso-

2126 2856 2321 2903 narent
2348 2849 2568 2906 modos:
2603 2848 2715 2908 sola
2741 2848 2930 2909 Thalia
2955 2848 3215 2909 derelicta
3234 2846 3289 2903 in
3319 2845 3446 2914 ipso
3474 2842 3704 2901 ﬂorentis

442 2939 564 2995 dem
614 2940 871 2999 dividitur
925 2943 1294 3023 principaliter
1351 2943 1405 2999 in
1451 2940 1795 3003 scmitonium
1849 2938 2027 2999 minus
2127 2942 2304 3014 campi
2322 2942 2508 3008 ubere,
2530 2941 2585 2999 id
2608 2951 2709 3009 est,
2734 2942 2788 2997 in
2815 2941 3019 2999 circulo
3046 2951 3207 3001 terra:
3233 2937 3703 3006 resedit,qu

442 3043 607 3107 atque
638 3043 956 3105 apotomeu;
1003 3036 1259 3099 dividitur
1301 3037 1464 3097 etiam
1506 3035 1560 3093 in
1603 3034 1709 3091 duo
1743 3032 2027 3095 scmitonia
2126 3044 2313 3095 vector
2350 3034 2490 3106 ejus,
2544 3034 2601 3093 id
2648 3043 2753 3099 est,
2805 3035 3119 3104 deportator
3160 3047 3368 3105 cygnus
3426 3032 3706 3103 impatiens

441 3137 498 3182 et
521 3142 732 3184 comma
760 3145 773 3189 ;
805 3143 910 3201 quo
935 3128 1016 3195 ﬁt,
1043 3136 1101 3193 ut
1122 3128 1394 3195 dividatur
1423 3129 1478 3187 in
1509 3127 1613 3185 duo
1641 3126 2027 3187 diascbismata
2127 3126 2331 3193 oneris,
2358 3134 2415 3185 et
2452 3125 2617 3187 etiam
2646 3124 2986 3190 subvolandi.
3028 3124 3081 3183 id
3112 3132 3215 3188 est.
3244 3139 3371 3183 cum
3398 3123 3573 3181 nollet
3602 3138 3705 3178 eam

441 3232 497 3276 et
531 3237 764 3281 comma.
804 3222 1075 3294 Integrum
1111 3238 1239 3283 vero
1284 3220 1566 3285 dimidium
1592 3219 1735 3287 toni,
1773 3220 1917 3290 quod
1943 3226 2029 3276 est
2127 3216 2347 3279 terreat
2368 3215 2675 3285 subvolare,
2700 3216 2874 3283 idest,
2898 3230 3114 3277 sursum
3133 3215 3340 3282 volare,
3365 3216 3529 3286 petiit
3553 3214 3706 3271 aluu-

439 3313 781 3375 semitonium
807 3356 822 3381 ,
869 3321 1080 3371 constat
1146 3329 1214 3371 ex
1258 3314 1468 3375 duobus
1534 3312 2024 3378 diaschismatibus,
2056 3350 2100 3385 ,η
2131 3323 2203 3369 ua
2252 3316 2465 3385 stagna,
2515 3306 2570 3369 id
2622 3316 2726 3375 est,
2766 3306 3056 3367 nutritoria
3088 3314 3146 3365 et
3184 3306 3286 3365 sibi
3345 3321 3498 3365 cara.
3532 3304 3706 3362 Thalia

444 3408 587 3485 quod
620 3416 703 3469 est
729 3422 896 3464 unum
923 3407 1263 3469 scmitonium
1295 3406 1493 3477 minus,
1526 3412 1583 3465 et
1618 3404 1855 3469 schisma
1884 3403 2029 3474 quod
2058 3398 2102 3417 “'
2133 3410 2312 3463 autem
2344 3401 2735 3474 interpretatur
2760 3399 2915 3472 quasi
2947 3400 3123 3459 theton
3147 3399 3247 3464 lia,
3278 3398 3332 3459 id
3372 3407 3484 3464 est,
3514 3413 3709 3467 ponetis

444 3510 528 3563 est
583 3501 863 3561 dimidium
936 3500 1239 3561 summatis.
1300 3498 1617 3573 Quanquam
1681 3496 1829 3555 enim
1887 3503 2030 3553 totus
2132 3494 2395 3569 germina,
2422 3493 2563 3564 quod
2582 3492 2806 3566 pulchre
2834 3500 2992 3555 terrae
3009 3491 3427 3563 congruit.qu:e
3450 3489 3707 3560 germinat

443 3598 607 3648 tonus
642 3608 708 3647 ex
741 3592 949 3647 duobus
989 3590 1291 3655 scmitoniis
1328 3590 1629 3651 minoribus
1661 3598 1717 3645 et
1761 3595 2030 3651 commate
2132 3587 2358 3644 herbam
2401 3585 2667 3647 virentem
2716 3592 2774 3643 et
2819 3584 3183 3657 proferentem
3229 3596 3441 3641 semen.
3490 3580 3707 3647 Quidam

444 3683 763 3752 coniunctus
785 3692 889 3748 est,
914 3684 959 3743 si
982 3684 1101 3763 quis
1124 3684 1177 3741 id
1199 3684 1408 3759 integre
1434 3682 1673 3745 dividere
1695 3681 1845 3751 velit,
1869 3679 2033 3737 faciat
2133 3686 2315 3737 autem
2345 3676 2549 3742 dicunt,
2582 3676 2727 3747 quod
2755 3690 2948 3737 novem
2984 3687 3151 3731 musas
3191 3671 3395 3731 idcirco
3438 3671 3704 3763 dicuntur,

443 3789 615 3827 unum
656 3762 1011 3829 scmitonium
1033 3774 1212 3835 minus
1239 3814 1254 3839 ,
1290 3774 1683 3840 commatisque
1728 3770 2025 3831 dimidium.
2134 3772 2259 3847 quia
2295 3771 2544 3833 humana}
2568 3768 2717 3831 vocis
2742 3765 2915 3829 cilicia
2940 3780 3135 3827 novem
3161 3774 3307 3825 sunt.
3336 3762 3531 3821 Οιιυιὶῦ
3575 3762 3704 3817 enim

448 3862 559 3920 Sed
586 3880 752 3918 unum
781 3864 1128 3921 scmitonium
1157 3865 1334 3927 minus
1369 3863 1625 3925 dividitur
1656 3862 1707 3921 in
1735 3862 1843 3921 duo
1885 3860 2029 3919 schi-
2132 3876 2314 3921 sermo
2362 3860 2446 3916 his
2499 3873 2693 3919 novem
2748 3859 2908 3917 rebus
2940 3856 3226 3915 formatur.
3268 3854 3454 3912 Primo
3494 3852 3705 3924 appulsu

447 3965 657 4029 smata;
712 3956 991 4019 dimidium
1036 3971 1165 4021 vero
1222 3956 1506 4017 commatis
1559 3971 1728 4017 unum
1773 3956 2029 4015 schisma.
2135 3964 2368 4027 quatuor
2400 3953 2665 4021 dentium,
2704 3952 3116 4025 repereussioue
3151 3951 3382 4009 duorum
3413 3946 3704 4008 labrorum.

445 4046 618 4107 Recte
644 4048 807 4121 igitur
833 4049 1035 4107 dictum
1062 4057 1164 4116 est,
1209 4048 1416 4121 integre
1454 4046 1738 4109 dimidium
1764 4055 1951 4108 tonum
1977 4046 2033 4107 in
2134 4052 2340 4125 plectro
2363 4051 2582 4124 linguae,
2610 4065 2746 4111 cavo
2764 4049 3018 4121 gutturis.
3048 4046 3404 4118 respiratione
3422 4042 3702 4114 pulnmnis.

448 4139 555 4196 duo
600 4140 983 4199 diaschismata
1032 4149 1197 4214 atque
1234 4156 1401 4201 unum
1440 4140 1676 4202 schismn
1715 4153 1873 4212 posse
1910 4151 2034 4208 par-
2137 4144 2193 4200 Si
2241 4144 2386 4200 enim
2432 4158 2500 4199 ex
2546 4144 2631 4199 his
2672 4143 2875 4213 aliquid
2904 4140 3153 4207 defuerit,
3201 4154 3306 4194 vox
3346 4136 3703 4208 perlectam

449 4233 560 4291 tiri.
591 4234 708 4302 Quo
734 4232 813 4303 ﬁt,
838 4242 897 4293 ut
936 4235 1205 4308 integrum
1240 4234 1585 4299 scmitonium
1628 4236 1838 4297 minora
1874 4233 2035 4293 semi-
2136 4237 2260 4295 erit.

451 4327 598 4387 tonia
625 4343 731 4387 uno
776 4327 1068 4391 schismate
1088 4327 1302 4389 differre
1329 4328 1611 4391 videatur:
1641 4328 1905 4398 Apotome
1939 4340 2035 4385 au-
2210 4329 2297 4385 18.
2328 4326 2434 4385 Sed
2479 4341 2607 4388 ecce
2645 4326 2774 4383 dum
2804 4334 2960 4384 tonos
2983 4322 3271 4385 ostendere
3299 4334 3585 4383 conamur,
3620 4330 3705 4388 pa

448 4428 559 4475 tem
584 4435 615 4474 a
635 4420 845 4483 minore
865 4420 1150 4481 scmitonio
1164 4421 1373 4477 duobus
1392 4419 1774 4479 schismatibus
1792 4415 2030 4483 dili‘erre;
2136 4419 2503 4479 vastissimam
2530 4427 2587 4481 et
2620 4416 3098 4491 profundissimam
3118 4414 3342 4475 musiom
3364 4410 3704 4473 institutionis

454 4508 633 4569 dill‘ert
686 4510 830 4573 enim
879 4518 1163 4569 commate.
1217 4509 1326 4569 Sed
1374 4510 1481 4569 duo
1527 4510 1817 4571 schismata
1868 4523 2033 4569 unum
2137 4512 2330 4569 silvam
2374 4511 2583 4582 longius
2612 4509 2821 4582 evagati
2850 4523 3070 4575 sumus,
3116 4522 3240 4576 quae
3281 4515 3445 4563 tanta:
3473 4502 3703 4574 caliginis

455 4598 741 4674 perliciunt
771 4614 1004 4661 comma.
2138 4603 2472 4667 obscuritate
2500 4600 2813 4671 involvitur,
2851 4608 2967 4657 uta
3009 4599 3202 4661 notitia
3250 4598 3491 4658 humana
3540 4610 3704 4651 reces-

525 4690 639 4746 Hoc
675 4698 848 4747 totum
882 4691 1083 4755 idcirco
1124 4693 1425 4764 posuimus,
1455 4703 1516 4755 ut
1554 4691 1919 4755 difﬁcultatem
1949 4706 2033 4747 se-
2062 4741 2110 4764 “
2139 4695 2281 4753 sisse
2314 4693 2580 4757 videatur.
2616 4692 2860 4761 Namque
2887 4706 3010 4747 cum
3044 4689 3303 4761 perpauci
3329 4688 3458 4754 sint,
3493 4688 3584 4757 qui
3605 4686 3704 4754 ejus

456 4780 805 4843 mitoniorum
840 4741 1245 4847 ostenderemus
1267 4824 1283 4853 ,
1311 4799 1432 4856 quae
1476 4784 1649 4855 magis
1686 4798 2034 4845 numerorum
2062 4741 2111 4807 Β
2137 4787 2245 4847 vim
2296 4796 2353 4853 ct
2395 4796 2644 4849 naturam
2674 4793 2823 4843 certa
2866 4785 3075 4843 ratione
3122 4782 3497 4853 perpendam,
3542 4792 3704 4835 tanien

456 4876 910 4948 proportionibus,
939 4892 1099 4949 quam
1138 4892 1392 4941 sonorum
1417 4879 1680 4939 varietate
1713 4876 1946 4948 exprimi
1979 4885 2037 4933 et
2136 4879 2282 4951 quod
2310 4881 2377 4941 de
2404 4894 2468 4939 ea
2511 4877 2833 4948 intelligunt,
2866 4890 3119 4939 tnanuum
3153 4888 3321 4945 opere
3358 4873 3424 4931 ad
3452 4872 3705 4943 liquidum

455 4969 814 5029 demonstrari
856 4979 1099 5042 possunt.
1154 4970 1213 5026 Si
1252 4971 1376 5042 quis
1399 4987 1526 5035 vero
1565 4979 1726 5036 tantm
1749 4970 2035 5042 profundi-
2135 4972 2509 5029 demonstrare
2555 4984 2661 5031 non
2690 4978 2930 5038 possunt.
2974 4967 3184 5027 Rursus
3229 4980 3356 5023 cum
3405 4964 3561 5023 multi
3590 4964 3707 5047 sint.

422 5063 585 5120 -tatis
624 5079 687 5119 ac
739 5063 1007 5134 perplexae
1048 5063 1360 5123 subtilitatis
1402 5063 1649 5125 curiosus
1683 5062 2034 5132 investigator
2136 5067 2226 5135 qui
2259 5080 2379 5118 eam
2427 5062 2608 5132 digitis
2649 5068 2963 5131 operentur,
2993 5058 3077 5115 vel
3112 5059 3262 5117 vocis
3289 5057 3425 5117 enim
3448 5065 3710 5127 promam.

454 5157 659 5223 existit,
699 5155 846 5226 legat
889 5172 1033 5227 saape
1080 5157 1208 5221 dicti
1250 5158 1421 5221 Boetii
1474 5159 1691 5223 tertium
1738 5157 1932 5215 librum
1967 5156 2034 5213 de
2136 5159 2253 5229 ejus
2286 5166 2462 5217 tamen
2495 5155 2602 5217 vim
2646 5162 2809 5223 atque
2847 5161 3095 5213 naturam
3136 5150 3361 5211 minime
3392 5148 3710 5217 intelligunt.

457 5248 770 5309 harmoniea
817 5249 1174 5317 institutione,
1226 5258 1283 5305 et
1329 5248 1401 5309 ibi
1452 5249 1696 5313 fortassis
1734 5263 1842 5307 non
1862 5248 2035 5305 solum
2140 5252 2379 5322 Denique
2399 5250 2443 5304 si
2476 5261 2633 5321 roges
2658 5246 3013 5303 citharmdum
3039 5245 3156 5305 sive
3181 5243 3539 5315 lyricumﬁ’el
3561 5242 3711 5296 aluus

456 5337 573 5404 ejus
606 5340 900 5397 curiositati
931 5341 1177 5400 satisﬁat.
1208 5355 1399 5397 verum
1424 5341 1587 5395 etiam
1617 5355 1773 5392 suum
1804 5340 2036 5388 exnerir‘
2416 5349 2425 5356 ·
2466 5338 2479 5356 ¹
2523 5342 2556 5356 “
2900 5343 2912 5350 ‘
2960 5350 2963 5351 '
3007 5350 3071 5356 η
3196 5335 3231 5354 δ’
3330 5349 3358 5354 “
3468 5334 3691 5358 “"““
