3920 6422
247 434 346 489 501

241 579 406 650 jacet.
465 571 600 628 tunc
655 570 806 625 aiunt
861 565 1096 622 fabulam
1143 562 1344 633 Orphei
1421 568 1477 616 et
1547 557 1832 631 Eurydicis
1859 535 1912 593 Λ

247 687 370 730 esse
441 669 748 726 conﬁctam.
833 663 1107 733 Siquidem
1185 659 1436 728 Orpheus
1511 655 1834 726 Eurydicem

245 761 544 833 nympham
610 757 848 822 ainavit,
904 769 1064 824 quam
1122 765 1255 806 sono
1315 749 1540 804 citharae
1592 746 1834 802 mulcens

245 865 472 908 uxorem
499 849 672 904 duxit.
701 847 850 902 Hane
879 845 1127 900 Aristeas
1155 847 1340 910 pastor
1371 838 1496 893 dum
1530 851 1718 892 amans
1749 850 1835 892 se-

245 941 454 1010 quitur,
487 939 574 993 illa
604 936 816 1008 fugiens
845 935 901 990 iu
955 941 1258 1002 serpentem
1293 927 1500 992 incidit,
1521 937 1578 982 et
1619 933 1832 982 mortua

245 1041 352 1085 est.
403 1030 556 1097 Quod
595 1043 718 1082 eum
759 1026 989 1082 maritus
1029 1023 1390 1094 cognovisset,
1427 1035 1548 1076 eam
1587 1034 1722 1076 sono
1748 1019 1830 1075 ci-

244 1122 419 1175 tharae
451 1121 518 1174 de
561 1117 773 1172 inferno
805 1117 872 1171 ad
917 1127 1144 1184 superos
1173 1122 1400 1169 conatus
1429 1123 1511 1168 est
1541 1127 1828 1179 revocare;

243 1213 342 1268 sed
404 1211 627 1266 minime
679 1209 868 1264 valuit.
917 1207 1166 1278 Orpheus
1224 1207 1422 1263 dicitur
1463 1205 1616 1278 quasi
1665 1219 1830 1262 oreon

241 1305 451 1374 plioue,
491 1302 544 1358 id
581 1311 666 1358 est
685 1343 700 1367 ,
733 1299 937 1372 optima
967 1316 1092 1356 vox.
1115 1298 1413 1372 Eurydices
1443 1299 1833 1370 interpretatur

241 1392 516 1462 profunda
541 1392 876 1460 dijudicatio.
903 1391 1151 1461 Orpheus
1185 1403 1314 1462 ergo
1346 1388 1460 1442 vult
1485 1403 1742 1444 revocare
1765 1387 1832 1442 de

241 1483 461 1540 inferno
485 1484 803 1556 Eurydicen]
839 1497 974 1540 sono
1007 1483 1256 1547 citharae,
1289 1482 1385 1536 sed
1417 1493 1522 1535 non
1553 1479 1827 1550 praevalet,

183 1622 220 1650 ,
241 1577 374 1646 quia
401 1575 692 1630 hui‘nanum
721 1574 993 1644 ingenium
1015 1581 1242 1630 conatur
1265 1569 1684 1643 profanditatem
1707 1569 1830 1624 har-

241 1668 474 1724 monicae
496 1668 814 1722 subtilitatis
839 1674 1150 1736 penetrare,
1172 1675 1227 1720 et
1247 1679 1370 1720 eam
1405 1664 1574 1720 certis
1601 1661 1828 1718 rationi-

239 1759 348 1814 bus
377 1757 677 1826 dijudieare
701 1767 756 1813 et
791 1753 1123 1822 discernere,
1151 1767 1206 1812 ct
1231 1758 1298 1811 ad
1331 1753 1528 1821 lucem,
1553 1755 1604 1810 id
1631 1765 1732 1818 est,
1765 1756 1832 1810 ad

241 1849 528 1905 scientiam
553 1863 840 1918 revocare;
874 1849 966 1905 sed
997 1849 1110 1916 illa,
1141 1849 1433 1904 humanam
1457 1841 1828 1918 cognitionem

235 1941 542 2011 refugiens,
569 1943 624 1996 in
654 1941 892 1998 tenebris
923 1939 1244 2012 ignorantiae
1271 1941 1422 1996 latet.

315 2049 524 2106 Interea
567 2050 844 2106 sciendum
874 2057 976 2118 est,
1009 2050 1150 2120 quod
1181 2063 1289 2104 non
1313 2049 1404 2104 ille
1431 2049 1630 2106 dicitur
1669 2049 1832 2105 musi-

235 2157 362 2208 cus,
413 2145 504 2214 qui
551 2159 668 2198 eam
719 2145 972 2199 manibus
1011 2142 1386 2200 tantummodo
1429 2151 1708 2212 operatur,
1740 2143 1834 2197 sed

231 2237 335 2292 ille
365 2237 636 2292 veraciter
663 2239 902 2294 musicus
928 2246 1014 2292 est
1045 2237 1138 2307 qui
1175 2239 1241 2292 de
1277 2237 1486 2292 musica
1516 2235 1835 2291 naturaliter

233 2331 398 2386 novit
420 2331 716 2400 disputare,
751 2339 806 2386 et
832 2331 994 2387 certis
1021 2331 1321 2385 rationibus
1351 2329 1467 2400 ejus
1497 2343 1689 2384 sensus
1709 2341 1837 2384 eno-

237 2421 394 2476 dare.
424 2419 612 2476 Omnis
651 2422 790 2476 enim
821 2437 930 2488 ars,
963 2421 1248 2490 omnisque
1273 2415 1558 2490 disciplina
1603 2419 1836 2474 honora-

237 2511 496 2568 biliorem
521 2512 841 2566 naturaliter
857 2513 1324 2576 habetrationem,
1339 2525 1502 2581 quam
1521 2510 1832 2576 artificium,

237 2603 395 2672 quod
426 2617 589 2658 manu
637 2613 800 2672 atque
841 2617 1004 2674 Opere
1059 2601 1286 2657 artiﬁcis
1327 2611 1633 2658 exercetur.
1672 2601 1837 2657 Illulto

239 2693 397 2750 enim
423 2693 596 2763 majus
635 2703 717 2750 est
755 2693 896 2750 scire
930 2693 1072 2766 quod
1099 2693 1329 2763 quisque
1352 2689 1536 2760 faciat,
1568 2706 1730 2764 quam
1759 2691 1838 2746 fa-

241 2803 378 2844 cere
410 2791 550 2858 quod
573 2789 642 2844 ab
676 2789 782 2844 alio
805 2789 982 2844 discit.
1001 2789 1216 2844 Etenim
1243 2785 1534 2842 artiﬁcium
1557 2785 1839 2857 corporale

241 2876 408 2946 quasi
435 2877 676 2934 serviens
706 2876 1032 2944 famulatur;
1063 2878 1205 2932 ratio
1253 2891 1382 2932 vero
1420 2877 1578 2946 quasi
1623 2877 1838 2932 domina

239 2967 500 3038 imperat.
525 2968 696 3024 Tanto
721 2969 887 3040 igitur
915 2969 1228 3040 praeclarior
1252 2979 1336 3024 est.
1365 2969 1592 3025 scientia
1620 2969 1840 3024 musica:

243 3055 310 3110 in
337 3057 644 3130 cognitione
673 3061 921 3128 rationis,
953 3067 1213 3130 quantum
1254 3075 1452 3131 corpus
1499 3069 1782 3132 superatur
1808 3075 1840 3114 a

241 3157 452 3204 mente.
495 3148 648 3206 Unde
693 3150 776 3216 ﬁt,
824 3161 886 3207 ut
935 3167 1058 3208 cum
1106 3153 1246 3210 ratio
1269 3152 1530 3223 sperandi
1566 3161 1690 3207 actu
1733 3165 1839 3207 non

243 3249 429 3312 egeat,
457 3255 710 3296 manuum
733 3257 900 3313 opera
925 3243 1072 3299 nulla
1109 3243 1236 3308 sint,
1269 3243 1376 3298 nisi
1403 3243 1616 3296 ratione
1640 3243 1842 3296 ducan-

248 3339 362 3384 tur.
386 3327 500 3386 Huc
528 3331 752 3398 accedit,
783 3333 926 3404 quod
951 3333 1024 3388 ita
1055 3333 1298 3390 dicamus
1325 3351 1338 3386 :
1373 3331 1688 3403 corporales
1709 3331 1840 3388 arti-

151 3503 156 3508 _
247 3425 384 3482 lices
412 3441 520 3482 non
542 3441 612 3482 ex
633 3428 838 3484 musica
861 3429 1160 3500 disciplina,
1186 3429 1282 3485 sed
1301 3444 1372 3486 ex
1397 3429 1528 3499 ipsis
1553 3429 1734 3498 potius
1755 3428 1838 3484 in-

245 3521 572 3575 strumentis
618 3533 878 3591 accepere
906 3521 1185 3577 vocabula.
1220 3520 1359 3576 Nam
1392 3520 1727 3576 cithartndus
1767 3533 1835 3574 ex

247 3611 463 3668 cithara
491 3613 708 3681 dicitur,
738 3613 940 3686 lyricus
972 3609 1039 3671 ex
1083 3613 1220 3687 lyra,
1249 3611 1468 3670 tibicina
1501 3627 1532 3667 a
1563 3613 1712 3680 tibia,
1735 3601 1871 3668 c:e—'

247 3707 467 3778 terique
511 3723 732 3764 suorum
775 3707 1260 3764 instrumentorum
1313 3705 1592 3762 vocabulis
1633 3721 1838 3762 nuncu-

249 3809 470 3871 pantur.
503 3797 738 3858 Musieus
773 3810 956 3856 autem
993 3815 1100 3855 non
1133 3801 1204 3856 ab
1241 3800 1424 3870 aliquo
1453 3801 1837 3866 instrumento,

245 3889 347 3946 sed
373 3891 440 3946 ab
469 3891 582 3964 ipsa
613 3893 816 3950 musica
841 3909 1034 3950 nomen
1070 3895 1298 3965 accepit.

321 4007 376 4062 Is
416 4007 596 4078 itaque
637 4010 874 4066 musicus
917 4020 1022 4074 est,
1065 4011 1156 4080 qui
1206 4011 1416 4066 ratione
1444 4025 1712 4082 perpensa
1741 4027 1837 4068 ca-

249 4101 416 4154 nendi
462 4101 746 4156 scientiam
797 4119 902 4158 non
954 4103 1176 4158 servitio
1217 4104 1421 4173 operis,
1463 4101 1558 4160 sed
1611 4105 1840 4175 imperio

249 4192 636 4260 speeulationis
667 4195 978 4265 assumpsit.
1007 4196 1287 4266 Quisquis
1311 4195 1476 4264 igitur
1511 4197 1840 4252 harmonicm

251 4282 608 4340 institutionis
645 4287 753 4340 vim
810 4295 970 4356 atque
1011 4288 1276 4342 rationem
1323 4287 1541 4358 penitus
1589 4287 1837 4358 ignorat,

947 415 1338 476 BERTARIUS
1379 411 1838 470 VIRDUNENSIS
1879 409 2260 468 SACERDOS.
2301 441 2370 452 --
2409 409 2802 468 PREFATIO.

1941 327 2008 352 ecf-

3415 410 3518 462 ἓ»οΞ

1937 530 2136 584 frustra
2168 531 2268 586 sibi
2299 545 2494 586 nomen
2522 532 2762 588 cantoris
2788 527 3034 602 usurpat,
3055 527 3266 582 tametsi
3297 536 3528 584 cantare

1935 622 2138 694 optime
2173 623 2330 676 sciat.
2371 620 2558 692 Neque
2604 623 2752 682 enim
2795 623 2881 678 ille
2925 622 3014 693 qui
3041 622 3324 678 lectionem
3368 621 3516 692 legit,
3599 637 3606 644 ·

1933 716 2028 772 sed
2063 717 2156 786 qui
2191 715 2478 772 lectionem
2530 697 2778 786 exponit,
2813 716 3068 787 magister
3103 713 3421 784 appellatur.
3451 713 3519 768 Et

1932 808 2059 864 licet
2083 809 2236 880 pueri
2284 809 2616 880 psalmorum
2651 809 2814 865 verba
2857 808 3169 864 memoriter
3203 807 3516 871 decantent,

1933 899 2001 954 ab
2023 915 2210 954 eorum
2235 909 2412 955 tamen
2441 901 2668 956 scientia
2692 901 2854 956 alieni
2883 901 3146 966 existunt,
3173 899 3302 970 quia
3326 913 3514 954 eorum

1933 1007 2126 1048 sensus
2147 992 2407 1063 mysticos
2435 1000 2720 1062 penetrare
2743 993 3008 1049 nesciunt.
3037 992 3221 1064 Itaque
3241 992 3382 1046 sicut
3409 1005 3518 1046 non

1933 1081 2126 1140 suilicit
2155 1084 2209 1138 in
2233 1084 2352 1140 visu
2377 1083 2603 1140 eruditis
2647 1086 2778 1140 viris
2814 1084 3021 1140 colores
3045 1083 3356 1154 formasque
3385 1097 3518 1138 con-

1934 1177 2166 1247 spicere,
2199 1178 2302 1233 nisi
2336 1177 2518 1240 etiam,
2545 1193 2666 1248 quae
2691 1179 2764 1233 sit
2801 1179 2992 1234 horum
3017 1177 3341 1248 proprietas,
3367 1177 3520 1230 inve-

1933 1269 2250 1340 stigaverint
2279 1286 2292 1324 :
2325 1270 2406 1326 sic
2455 1285 2563 1325 non
2593 1269 2789 1325 suﬂicit
2824 1270 3108 1326 cantilenis
3141 1267 3364 1324 musicis
3401 1266 3519 1322 ani-

1933 1376 2082 1416 mum
2119 1360 2406 1426 obiectari,
2455 1361 2561 1416 nisi
2605 1363 2793 1426 etiam,
2845 1361 2990 1430 quali
3041 1359 3180 1414 inter
3217 1375 3275 1416 se
3317 1357 3519 1427 juncta:

1933 1452 2042 1507 sint
2065 1467 2322 1508 sonorum
2351 1451 2436 1508 vel
2463 1467 2658 1508 vocum
2687 1453 3059 1524 proportione,
3079 1451 3338 1508 discatur.

2007 1543 2134 1598 Haec
2164 1559 2232 1598 ex
2271 1543 2462 1600 multis
2493 1559 2663 1614 pauca
2707 1545 3144 1613 perstrinximus,
3187 1557 3254 1596 ne
3303 1540 3527 1594 musicis

1935 1650 1998 1690 ac
2020 1635 2210 1706 peritis
2244 1635 2554 1692 cantoribus
2581 1636 2649 1690 de
2673 1643 2858 1690 nostra
2885 1634 3153 1702 imperitia
3181 1632 3349 1687 risum
3377 1645 3518 1700 prte—

1933 1729 2204 1784 heremus.
2235 1727 2588 1799 Nequaquam
2619 1735 2800 1782 autem
2833 1729 2946 1782 haec
2975 1725 3196 1798 legenda
3227 1723 3525 1779 Walcaudo

1932 1823 2320 1892 proponimus,
2380 1829 2473 1876 aut
2524 1821 2590 1874 ad
2637 1820 2762 1876 talia
2812 1819 3064 1874 discenda
3109 1817 3227 1888 ejus
3283 1817 3523 1870 animum

1857 1927 2350 1988 Bp_rovocamus;.
2405 1912 2607 1968 frustra
2665 1911 2810 1968 enim
2875 1909 2988 1980 lyra
3065 1907 3220 1964 asino
3292 1907 3522 1960 canitur.

1938 2005 2042 2062 Sed
2119 2005 2385 2070 scientes,
2469 2018 2566 2060 vos
2635 2003 2910 2074 egregium
2977 2009 3140 2070 atque
3225 1997 3527 2067 perfectum

1935 2113 2056 2154 esse
2081 2106 2378 2163 cautorem,
2407 2111 2530 2152 cum
2559 2105 2740 2152 vestra
2784 2093 3070 2150 excellenti
3115 2091 3426 2159 prudentia,
3473 2105 3528 2144 ει

1935 2203 2060 2244 cum
2111 2187 2232 2243 aliis
2275 2187 2466 2258 peritis
2515 2186 2826 2244 cantoribus
2869 2192 3054 2240 nostra
3091 2183 3150 2238 lit
3200 2179 3532 2237 sermocina-

1921 2273 2013 2338 'tio
2039 2291 2094 2336 ct
2121 2281 2500 2352 disputationis
2533 2281 2692 2336 ratio.
2719 2277 2889 2348 Hujus
2912 2275 3155 2348 epistolae
3173 2276 3339 2330 verba
3375 2273 3530 2327 vobis

1938 2381 2170 2438 tantum,
2205 2381 2260 2428 ct
2289 2373 2577 2443 perpaucis
2626 2370 2746 2425 aliis
2777 2367 3022 2432 musicis,
3046 2367 3094 2422 si
3125 2365 3342 2436 quando
3365 2379 3428 2418 ea
3457 2361 3530 2418 le~

1938 2469 2082 2540 gitis,
2129 2467 2539 2536 colloquantur:
2575 2473 2803 2520 caeteros
2830 2474 2960 2516 vero
2999 2459 3074 2514 ita
3123 2457 3529 2522 submovemus,

1936 2567 1998 2613 ut
2019 2559 2112 2628 qui
2141 2575 2332 2630 capere
2363 2555 2637 2612 intellectu
2669 2553 3034 2624 nequiverint,
3067 2549 3228 2608 ad-‘ea
3257 2549 3423 2604 etiam
3455 2547 3522 2604 le-

1937 2653 2112 2724 genda
2139 2651 2424 2706 videantur
2453 2647 2680 2720 indigni.

2010 2745 2094 2800 l9.
2124 2741 2391 2798 Caeterum
2412 2755 2480 2796 ue
2504 2739 2704 2810 aliquid
2731 2738 3021 2804 intactum,
3060 2733 3208 2808 quod
3237 2733 3308 2807 ad
3339 2746 3528 2788 susce-

1939 2845 2091 2908 ptum
2119 2835 2390 2906 negotium
2415 2833 2671 2904 pertinet,
2717 2829 3048 2900 praeteriisse
3073 2828 3369 2890 videamur,
3401 2823 3530 2878 illud

1940 2929 1998 2986 in
2017 2927 2167 2984 calce
2195 2927 2468 2998 ponimus,
2493 2925 2638 2996 quod
2665 2937 2830 2994 supra
2865 2937 2965 2978 suo
2997 2921 3054 2976 in
3081 2921 3224 2986 loco,
3247 2917 3292 2974 si
3321 2931 3531 2972 memo-

1940 3023 2038 3078 ria:
2067 3036 2174 3076 non
2201 3017 2496 3084 defuisset,
2528 3023 2848 3088 oportuerat
2886 3025 3336 3070 commemorare.
3369 3009 3528 3076 Quae-

1941 3115 2079 3170 ritur
2099 3131 2131 3168 a
2153 3111 2451 3180 nonnullis,
2477 3111 2605 3182 quid
2629 3108 2940 3182 signiﬁcent
2963 3107 3052 3162 illa
3077 3105 3264 3170 verba,
3289 3119 3386 3175 per
3411 3114 3531 3172 quae

1942 3215 2194 3262 tonorum
2218 3205 2574 3260 seueritatem
2601 3202 2656 3256 in
2671 3199 2904 3256 naturali
2921 3199 3126 3254 musica
3149 3192 3532 3251 discernimus?

1868 3293 1916 3358 C
1945 3297 1998 3354 id
2019 3307 2104 3354 est
2137 3315 2150 3352 :
2179 3295 2558 3351 Nonannmane
2593 3299 2649 3348 et
2693 3291 2907 3357 Nmais,
2941 3299 2996 3345 et
3027 3287 3310 3354 Noiwane,
3355 3296 3411 3341 et
3445 3285 3531 3339 his

1943 3385 2164 3451 similia,
2195 3393 2252 3441 et
2279 3393 2460 3440 utrum
2497 3381 2840 3452 interpretari
2871 3395 3058 3438 eorum
3099 3391 3292 3432 sensus
3324 3375 3530 3446 possit?

1944 3477 2028 3534 Ad
2055 3475 2198 3548 quod
2227 3474 2660 3544 respondendum
2679 3511 2694 3538 ,
2723 3473 2868 3542 quod
2904 3469 3126 3525 omnino
3166 3465 3366 3523 nullam
3393 3465 3528 3520 rcci-

1941 3569 2100 3640 piunt
2129 3565 2663 3636 interpretationem;
2700 3578 2877 3633 neque
2924 3561 3070 3616 enim
3109 3559 3405 3630 quidquam
3454 3555 3526 3612 si-

1943 3660 2200 3734 gniﬁcant
2223 3676 2237 3714 :
2261 3659 2358 3714 sed
2379 3656 2447 3712 ad
2481 3657 2586 3712 hoc
2613 3663 2822 3711 tantum
2851 3669 2881 3708 a
2903 3649 3108 3708 Graecis
3129 3659 3254 3706 sunt
3286 3657 3529 3718 reperta,

1941 3763 2000 3808 ut
2037 3767 2136 3824 per
2161 3766 2346 3808 eorum
2387 3749 2633 3806 diversos
2661 3763 2725 3804 ac
2751 3745 3046 3804 dissimiles
3085 3759 3247 3801 sonos
3275 3751 3529 3798 tonorum

1943 3847 2262 3904 admiranda
2290 3847 2530 3902 varietas
2559 3859 2691 3900 aure
2711 3843 2872 3900 simul
2901 3852 2956 3898 et
2973 3853 3156 3898 mente
3177 3849 3360 3912 posset
3384 3852 3530 3892 com-

1943 3941 2224 4011 prehendi.
2253 3939 2356 3995 Sed
2380 3939 2492 4010 jam
2505 3937 2748 4011 prolixus
2761 3951 2940 3994 sermo
2961 3935 3124 3990 ﬁnem
3155 3931 3521 4005 praestolatur.

2017 4033 2404 4090 Excellentiam
2429 4041 2668 4088 vestram
2715 4045 2946 4098 superna
2981 4027 3322 4082 Providentia
3373 4022 3522 4080 omni

1947 4134 2148 4182 sanctae
2173 4143 2282 4181 sua:
2311 4125 2567 4180 Ecclesiae
2593 4123 2928 4195 profuturam
2957 4136 3052 4190 per
3075 4119 3242 4175 multa
3259 4131 3523 4172 annorum

1949 4219 2214 4274 curricula
2265 4218 2590 4273 incolumem
2647 4227 2975 4270 conservare
3023 4211 3298 4282 dignetur!
3357 4207 3526 4262 Reve-

1949 4311 2272 4382 rendissime
2301 4311 2466 4379 Papa.

253 4413 3534 4466 Μ

1531 4525 1700 4566 ANNO
1747 4523 1975 4566 DUMINI
2019 4525 2314 4568 θαρρεῖν.

1115 4624 2704 4794 BERTARIUS

1497 4853 1962 4912 VIRDUNENSIS
2004 4855 2385 4911 SAGERDOS.

439 5069 908 5228 tam
1018 4971 2080 5223 minio-nni
2165 5047 3334 5215 VIRDUNEN'SIUM

906 5294 1290 5358 Auctoribus
1325 5295 1652 5355 Ben'raato
1683 5296 1736 5352 et
1775 5290 2124 5364 Anonymo,
2163 5283 2478 5358 monachis
2521 5283 2586 5343 S.
2625 5277 2856 5342 Vitom‘.

627 5425 792 5491 (Apud
817 5425 1003 5488 Pertz.,
1025 5424 1339 5476 Monumenta
1359 5421 1635 5474 Germaniae
1653 5415 1918 5476 Historica,
1940 5413 2117 5474 Script.
2141 5419 2179 5462 t.
2205 5410 2250 5473 ι,
2275 5425 2325 5474 p.
2345 5409 2426 5473 56,
2449 5422 2518 5461 ex
2541 5407 2765 5460 editione
2781 5402 2844 5456 D.
2863 5401 2926 5455 ἃ.
2949 5398 3148 5462 Waitz.)

1277 5589 1372 5664 D.
1433 5583 1526 5662 G.
1585 5579 1925 5664 WAITZ
1985 5569 2538 5656 PREFATIO.

1759 5719 1964 5740 ﬂ

327 5797 681 5854 ‘v'irdunensis
709 5795 1050 5867 episcopatus
1097 5795 1379 5851 historiam
1429 5792 1612 5864 plures
1637 5789 1838 5846 diversi

257 5889 519 5964 temporis
571 5887 1010 5960 conscripserunt
1057 5887 1342 5952 monachi,
1394 5899 1622 5956 quorum
1679 5878 1841 5952 primi

1949 5783 2226 5838 Bertarius
2253 5787 2306 5834 et
2335 5777 2680 5832 continuator
2705 5773 2822 5845 ejus
2855 5771 2968 5842 jam
3013 5771 3118 5826 hoc
3161 5769 3280 5825 loco
3311 5765 3527 5832 edendi,

1951 5877 2272 5942 Laurentius
2317 5887 2442 5930 vero
2481 5881 2534 5926 et
2579 5869 2672 5940 qui
2716 5881 2839 5924 eum
2881 5873 3099 5923 secutus
3125 5871 3208 5920 est
3253 5861 3340 5916 alii
3384 5869 3527 5914 tome
