3920 6422
124 422 235 476 505

125 557 132 563 -
211 559 230 591 ε
260 537 368 594 Nos
387 537 574 600 etiam,

122 620 182 666 ct
211 619 454 679 tempore
477 607 568 641 ‘7"
593 607 794 679 domini
822 607 1041 679 Lodoici
1071 607 1361 679 rcgisipost
1389 607 1712 679 avunculum

122 677 376 737 nostrum
402 678 560 733 istam
588 677 883 748 Ecclesiam
919 677 1322 748 gubernandam
1350 678 1708 748 suscepimus,

120 763 182 807 et
214 759 335 819 post
361 757 588 805 mortem
625 747 866 816 ejusdem
900 746 1177 804 dominum
1201 746 1456 803 Carolum
1487 748 1712 804 fratrem

121 823 299 901 ipsius
318 819 704 901 imperatorem
732 819 1086 901 suscepimus,
1111 827 1364 901 etousque
1390 819 1456 899 ad
1498 827 1710 901 tempus

122 888 332 946 domini
354 888 614 971 Arnulphi
657 888 1050 971 gloriosissimj‘
1074 888 1235 971 regis,
1266 889 1475 971 nepotis
1503 888 1712 971 scilicet

119 976 338 1024 eorum,
387 959 500 1028 jam
528 958 894 1030 pervenimus,
923 958 1183 1029 quidquid
1227 958 1359 1013 mihi
1408 960 1711 1014 commissa

118 1031 372 1087 ecclesia
398 1031 450 1084 in
479 1029 642 1084 rebus
668 1037 723 1084 et
749 1029 985 1094 familiis,
1016 1031 1069 1085 in
1097 1030 1348 1084 omnibus
1376 1030 1711 1086 ornamentis

118 1101 533 1165 ecclesiasticis,
563 1099 791 1156 Domino
819 1099 1355 1171 adjuvante,gaddere
1391 1101 1557 1170 potui,
1586 1099 1712 1171 huic

117 1171 275 1240 operi
325 1171 522 1225 addere
565 1169 980 1225 saluberrimum
1025 1170 1172 1224 duxi.
1219 1169 1406 1233 Dedit,
1447 1180 1550 1224 etc.
1586 1170 1710 1224 Hac

115 1242 310 1296 omnia
356 1241 581 1296 solemni
626 1257 775 1296 more
819 1241 1138 1311 supradicta
1175 1240 1418 1296 ecclesia
1462 1241 1712 1294 dominus

117 1312 354 1366 Carolus
403 1312 694 1382 imperator
737 1311 1028 1382 delegavit,
1079 1320 1240 1380 atque
1288 1312 1362 1365 ad
1405 1311 1710 1382 habendum

115 1383 444 1451 perenniter
476 1380 770 1438 concessit.
795 1380 1102 1451 Arnulphus
1132 1397 1346 1451 quoque
1387 1380 1713 1451 gloriosissi-

119 1469 248 1507 mus
277 1467 372 1508 rex
403 1452 550 1506 dedit
575 1454 628 1519 in
657 1453 933 1523 proprium
961 1467 1057 1522 per
1081 1451 1416 1506 auctoritatis
1445 1466 1554 1506 sua
1583 1466 1714 1520 pra-

118 1534 343 1592 ceptum
380 1524 701 1592 supradicta
735 1523 976 1578 ecclesia
1017 1523 1316 1586 abbatiam,
1344 1530 1714 1592 quaovocatur

117 1590 583 1664 Mdutisl‘alcdnis,
619 1608 739 1664 qua
767 1603 851 1648 est
892 1594 945 1647 in
976 1594 1196 1664 honore
1240 1590 1413 1647 sancti
1437 1590 1712 1664 AGermani

117 1672 441 1720 constructa
484 1674 537 1718 et
576 1662 935 1718 incomitata
971 1663 1243 1718 Dolinensi
1273 1671 1358 1718 est
1405 1662 1542 1728 sita,
1589 1677 1711 1716 cum

116 1735 378 1790 omnibus
402 1742 456 1788 et
483 1734 1024 1804 sibiapertinentibus,
1062 1755 1081 1788 ι
1114 1744 1221 1789 etc.

193 1825 334 1880 Cum
379 1825 654 1896 catalogus
698 1825 1073 1895 episcoporum
1121 1823 1576 1889 Virdunensium,
1626 1824 1713 1879 cui

677 380 680 383 Ι
774 421 864 476 DE
893 420 1140 478 GESTIS
1174 421 1657 479 EPISCOPORUM
1697 420 2243 481 VIRDUNENSIUM.
2286 454 2350 467 --
2385 424 2766 482 PREFATIO.

675 536 692 590 i
716 535 896 610 divina
918 536 1268 610 dispositione
1292 535 1411 606 ejus
1434 552 1712 610 successor
1737 537 1790 599 Α
1815 553 1933 610 sum
1967 540 2102 594 adiit
2138 541 2472 610 episcopum,
2499 549 2553 595 et
2584 538 2819 594 incensis
2847 551 2983 609 pene
3010 537 3270 610 omnibus
3285 536 3384 610 γῇς

3278 418 3380 476 506

1816 609 1903 674 lis,
1945 607 2392 681 homines—extra
2439 611 2631 681 oppida
2674 607 2918 681 repertos
2957 618 3049 663 aut
3079 609 3195 681 neci
3241 607 3388 662 dedit

1815 689 1908 733 aut
1929 679 2227 750 captivitati
2251 679 2556 735 destinavit.
2573 680 2675 736 His
2697 679 2946 750 gravibus
2971 680 3178 733 duabus
3199 691 3387 750 pressa

1815 746 2234 821 calamitatibus,
2258 750 2566 821 congregati
2593 746 2749 821 simul
2777 749 3014 821 ejusdem
3054 746 3390 821 venerabiies

1813 828 1870 874 et
1900 819 2130 888 majores
2166 830 2290 874 natu
2318 819 2594 883 canonici,
2639 819 2844 875 scilicet
2877 819 3206 874 Ewenardus
3240 833 3387 888 pra-

1849 887 2039 956 ositu’s,
2071 890 2346 947 Bertarius
2371 891 2623 954 decanus,
2646 905 2767 944 cum
2795 889 3205 944 archidiaconus
3234 887 3392 941 Leut-

1839 961 1970 1016 redo
2002 970 2054 1014 ct
2081 961 2325 1022 Odilone.
2351 969 2404 1015 ct
2435 977 2555 1015 cum
2587 960 2770 1028 paucis
2795 959 3027 1023 villanis,
3054 959 3145 1027 qui
3184 959 3236 1012 in
3282 956 3390 1010 fra-

1814 1038 1955 1086 trum
1982 1031 2122 1087 villis
2150 1033 2216 1086 de
2245 1031 2501 1102 pradicta
2533 1031 2849 1102 vastatione
2895 1036 3286 1089 remanserant.
3320 1041 3392 1081 ne

1815 1103 2080 1158 institutio
2107 1099 2326 1172 antiqua
2357 1111 2413 1158 et
2452 1100 2692 1157 redditus
2714 1099 2967 1172 villarum
2996 1108 3156 1172 atque
3195 1111 3390 1153 census

1813 1188 2000 1244 earum
2034 1169 2258 1242 prorsus
2286 1172 2582 1244 ignorando
2607 1170 2931 1244 aboleretur,
2957 1169 3034 1244 ad_
3051 1181 3392 1244 communem

1815 1238 2096 1314 utilitatem
2130 1238 2475 1314 prasentium
2521 1250 2576 1295 et
2616 1240 2935 1314 futurorum
2959 1238 3141 1294 solerti
3167 1238 3390 1314 indaga-

1815 1313 1962 1368 tione
1990 1315 2094 1368 hoc
2122 1308 2392 1385 pulegium
2436 1327 2598 1382 super
2616 1326 2711 1385 res
2745 1309 3128 1385 canonicorum
3158 1308 3393 1385 condere

1813 1399 1991 1452 opera
2034 1377 2277 1453 pretium“
2302 1377 2588 1439 duxerunt.
2615 1381 3122 1453 Pulegiumautem,
3157 1387 3218 1432 ut
3255 1377 3391 1431 mihi

1813 1449 2051 1520 videtur,
2075 1455 2150 1508 nil
2183 1455 2326 1510 aliud
2361 1449 3031 1524 signiﬁcataut'latialiter
3055 1457 3208 1524 sonat
3231 1461 3394 1524 quam

1814 1518 2038 1595 publica
2063 1525 2148 1580 lex
2195 1525 2280 1581 vel
2323 1518 2595 1596 pop'ularis
2634 1522 2739 1596 lex.
2787 1523 2843 1576 Si
2878 1520 3000 1596 quis
3049 1519 3248 1596 rectius
3292 1518 3396 1596 hoc

1817 1588 2212 1652 commentatus
2261 1588 2449 1660 fuerit,
2493 1609 2593 1664 ego
2647 1588 2984 1664 Sarovardus
3040 1588 3395 1664 cancellarins

1808 1666 1976 1744 jussis
2002 1676 2393 1744 praceptorum
2423 1659 2670 1744 meorum,
2695 1663 3096 1744 obtemperans,
3121 1659 3231 1744 .qui
3257 1659 3396 1744 huic

1815 1728 1965 1808 operi
2005 1728 2105 1792 'me
2156 1728 2550 1808 prafcceruut,
2600 1728 2893 1790 intellectui
2950 1730 3067 1799 ejus
3121 1728 3397 1785 humiliter

1817 1810 2072 1865 concedo.
2099 1827 2117 1860 ι

114 1921 274 1977 Dado
304 1921 417 1976 hac
436 1894 705 1976 addidisse
728 1894 944 1985 dicitur,
970 1919 1278 1990 deperditus
1299 1933 1422 1974 esse
1443 1918 1708 1983 videatur,
1738 1906 1788 1966 Β
1826 1984 1828 1986 ν
1887 1902 1943 1958 Si
1997 1901 2270 1957 Bertarius
2321 1901 2556 1955 decanus
2611 1899 2700 1953 hic
2745 1903 3072 1990 memoratus
3121 1894 3265 1990 idem
3314 1901 3398 1947 est

111 2011 358 2068 Bertarii
384 2012 545 2066 breve
572 2010 812 2066 historia
852 2008 1225 2080 compendium
1263 2022 1328 2064 eo
1371 2007 1588 2076 majoris
1628 2014 1713 2062 est

113 2104 451 2160 faciendum.
481 2103 659 2158 Pauca
702 2111 911 2158 tantum
939 2119 1035 2159 suo
1076 2118 1192 2158 avo
1220 2101 1542 2157 Laurentius
1571 2101 1712 2157 illius

115 2193 278 2264 Operi
308 2192 547 2248 addenda
573 2193 797 2248 invenit.
826 2192 982 2264 Hugo
1007 2193 1449 2260 Flaviniacensis,
1479 2193 1710 2248 Bertarii

115 2285 441 2340 narratione
468 2282 816 2339 fundamento
845 2284 1020 2354 posita
1063 2282 1234 2356 (567),
1285 2284 1453 2338 multa
1493 2284 1710 2354 quidem

114 2375 362 2445 undique
398 2373 610 2442 collegit
633 2382 690 2429 et
732 2375 1036 2430 uberiorem
1080 2390 1261 2430 rerum
1293 2373 1711 2430 Virdunensium

116 2473 361 2536 segetem
390 2465 622 2535 posteris
666 2465 918 2532 tradidit,
961 2464 1056 2521 sed
1091 2464 1591 2535 plerumqueJ‘alsa,
1625 2464 1710 2520 fa-

115 2557 313 2613 bulosa
358 2566 414 2612 et
459 2557 699 2614 historia
746 2558 966 2613 nomine
1025 2557 1241 2628 indigna
1290 2557 1706 2613 consarcinavit.

116 2648 303 2703 Etiam
325 2646 464 2704 Vita
506 2647 566 2704 8.
592 2648 742 2704 Pauli
773 2649 1006 2720 scriptor
1039 2649 1342 2705 Bertarium
1371 2651 1709 2720 antiquitatis

117 2755 228 2795 non
279 2739 598 2807 spernenda
625 2743 899 2798 auctorem
928 2739 1132 2806 laudat,
1159 2739 1252 2795 sed
1282 2749 1336 2796 et
1370 2740 1707 2812 negligentia

118 2835 324 2905 arguit,
354 2834 552 2904 quippe
595 2827 688 2904 qui
734 2847 844 2890 non
891 2833 1071 2889 omnia
1100 2833 1203 2889 sibi
1250 2842 1526 2904 comperta
1574 2835 1712 2890 scri-

115 2926 295 2996 pserit
324 2925 490 2997 (568).
518 2955 588 2966 —
608 2924 886 2982 Bertarius
912 2940 1017 2995 quo
1043 2940 1186 2981 anno
1215 2925 1410 2981 obierit
1446 2941 1553 2981 non
1580 2943 1708 2981 con-

117 3028 249 3074 stat.
297 3016 550 3074 Fortasse
589 3018 753 3073 etiam
797 3018 896 3074 sub
948 3017 1237 3084 Barnoino,
1283 3017 1374 3087 qui
1419 3033 1564 3074 anno
1605 3018 1710 3074 925

118 3108 497 3179 episcopatum
541 3110 799 3180 suscepit,
831 3110 885 3165 in
915 3109 1053 3166 vivis
1073 3119 1212 3165 erat.
1245 3107 1359 3165 Hoc
1377 3110 1522 3164 enim
1569 3111 1710 3180 apud

117 3201 570 3272 Wasseburgium
596 3201 854 3275 polyptici
885 3200 1239 3260 Virdunensis
1267 3201 1436 3274 ipsius
1469 3211 1710 3275 tempore

120 3293 362 3349 confecti
387 3293 600 3349 initium
623 3293 854 3366 legimus
878 3312 892 3349 :

195 3405 216 3438 ι
250 3385 534 3443 Fratribus
581 3387 934 3444 Virdunensis
991 3388 1240 3444 ecclesia
1285 3388 1386 3444 sub
1442 3390 1703 3446 canonica

118 3457 452 3529 auctoritate
478 3457 530 3512 in
559 3458 719 3513 domo
743 3458 916 3529 beata
956 3460 1181 3529 virginis
1216 3458 1432 3514 Christo
1465 3461 1706 3516 servien-

117 3529 273 3583 tibus
298 3525 446 3582 salus
468 3529 741 3584 continua.
779 3527 914 3585 Cum
939 3525 1120 3585 multa
1155 3529 1526 3586 tribulationes
1571 3540 1707 3586 tem-

115 3598 350 3672 poribus
387 3599 593 3672 nostris
617 3599 759 3654 istud
797 3598 1136 3672 Virdunense
1165 3610 1567 3672 pragravarent
1591 3603 1708 3672 epi-

117 3671 408 3741 scopium,
454 3670 687 3741 maxime
724 3678 904 3741 tamen
949 3671 1056 3726 duo
1104 3671 1479 3726 immanissimi
1523 3670 1703 3741 casus,

114 3739 328 3796 nostris
358 3740 917 3812 pravis_exigentibus
959 3741 1194 3808 meritis,
1236 3757 1267 3795 a
1307 3742 1529 3812 proprio
1554 3739 1703 3812 dejeé

115 3818 510 3884 cerunt_s_t_atu.
539 3809 952 3884 Quorum_unus
978 3813 1196 3884 accidit,
1221 3809 1437 3882 quando
1467 3809 1708 3884 tempore

113 3880 452 3936 venerabilis
481 3882 753 3956 memoria
785 3882 1020 3939 Dadonis
1059 3880 1298 3956 episcopi
1337 3884 1477 3956 ignis
1508 3880 1706 3942 exosus

115 3961 295 4008 totam
356 3965 493 4018 pene
549 3951 822 4008 civitatem
868 3951 1272 4018 concremavit,
1315 3951 1383 4010 ef
1421 3956 1707 4012 ecclesiam

112 4031 328 4095 sancta
355 4022 536 4078 Maria
569 4022 843 4082 solotenus
881 4025 1193 4093 prostravit.
1235 4025 1303 4080 Et
1339 4027 1477 4095 proh
1521 4027 1700 4084 dolor!

111 4094 306 4150 omnia
360 4103 673 4149 ornamenta
744 4095 1145 4161 ecclesiastica,
1190 4111 1312 4152 cum
1343 4094 1597 4153 armario
1652 4111 1709 4154 et

113 4163 544 4250 apostolicorum
597 4165 906 4250 privilegiis.
940 4176 995 4249 et
1047 4167 1435 4250 episcoporum
1471 4169 1707 4250 decretis

111 4244 167 4290 et
215 4235 536 4290 chartarum
573 4251 752 4292 rerum
797 4235 1285 4293 ecclesiasticarum
1335 4239 1708 4296 instrumentis

113 4315 290 4376 atque
332 4307 598 4379 scriptis,
622 4307 778 4379 vulgo
814 4307 1068 4379 Apulegiis
1116 4309 1444 4379 nominatis,
1488 4308 1707 4366 ﬂamma

111 4377 476 4447 consumpsit.
521 4376 601 4432 Ad
649 4376 921 4433 cumulum
953 4376 1083 4435 vero
1128 4378 1265 4434 tanti
1311 4379 1471 4443 mali,
1516 4396 1704 4437 succe-

112 4449 284 4519 dente
313 4447 367 4501 in
395 4447 581 4503 eodem
628 4447 747 4504 loco
789 4459 984 4519 nepote
1030 4450 1232 4505 domini
1263 4450 1518 4517 Dadonis,
1547 4466 1708 4508 vene-

112 4517 284 4572 rabili
329 4519 593 4592 episcopo
622 4517 927 4592 Barnoinoi,
968 4520 1143 4590 primo
1186 4519 1303 4592 ejus
1351 4521 1706 4578 ordinationis

113 4603 285 4656 anno,
317 4589 689 4648 crudelissima
727 4605 857 4664 gens
883 4589 1261 4664 Hungarorum
1302 4592 1592 4662 improvisa
1632 4594 1706 4665 ip-

1813 1996 1903 2065 qui
1937 1993 2396 2064 historiographus
2430 1991 2602 2064 (369),
2627 2007 2786 2062 quem
2825 1991 2936 2060 jam
2979 1987 3228 2042 Hattonis
3261 1995 3396 2041 tem-

1812 2102 1942 2157 pore
1997 2087 2238 2141 adultum
2302 2085 2567 2150 vidimus,
2615 2099 2778 2139 senex
2832 2082 2974 2137 diem
3036 2079 3234 2137 obicrit
3299 2093 3396 2132 nc-

1813 2195 1964 2236 cesse
2015 2188 2115 2234 est.
2173 2177 2424 2249 Sepultus
2471 2187 2554 2235 est
2602 2179 2656 2232 in
2703 2175 3016 2232 cameterio
3073 2174 3245 2231 sancti
3299 2169 3393 2226 Vi-

1813 2271 1926 2325 toui
1954 2269 2126 2341 (570).

1881 2363 2172 2418 Historiam
2208 2378 2240 2417 a
2281 2361 2526 2419 Bertario
2567 2362 2857 2432 incaptam
2880 2361 3178 2416 monachus
3211 2357 3268 2414 S.
3302 2357 3397 2414 Vi-

1811 2452 1924 2508 toni
1955 2452 2102 2524 (57l)
2148 2467 2319 2522 usque
2365 2452 2431 2506 ad
2472 2466 2672 2506 annum
2720 2450 2876 2514 1M7,
2910 2449 3240 2505 Theoderico
3278 2447 3397 2518 epi-

1812 2558 1975 2614 scopo
2003 2542 2221 2598 sedente
2264 2541 2411 2612 (572)
2445 2539 2798 2597 continuavit.
2830 2540 2905 2594 De
2934 2539 3122 2608 primis
3152 2537 3332 2593 saculi
3363 2553 3398 2591 x

1815 2633 2145 2704 temporibus
2185 2633 2318 2688 nihil
2361 2632 2473 2688 fere
2511 2638 2844 2702 compertum
2884 2629 3138 2685 habuisse
3162 2629 3395 2696 videtur,

1812 2734 1998 2797 postea
2023 2740 2153 2780 vero
2185 2740 2272 2780 res
2315 2723 2702 2789 Virduncnses,
2732 2722 2982 2792 quamvis
3031 2738 3137 2776 non
3181 2721 3398 2791 copiosa

1813 2826 1866 2874 et
1900 2833 1997 2887 per
2023 2825 2204 2888 partes
2233 2815 2486 2882 deducta,
2534 2815 2667 2870 satis
2697 2821 2949 2869 accurata
2998 2822 3178 2868 tamen
3209 2827 3400 2868 narra-

1814 2911 1959 2967 tione
1988 2909 2253 2980 exposuit,
2286 2917 2340 2962 ct
2366 2923 2485 2977 qua
2514 2906 2582 2961 ab
2609 2905 2730 2961 aliis
2755 2905 2960 2960 audivit
2990 2904 3136 2975 (575)
3163 2913 3257 2958 aut
3286 2903 3400 2974 ipse

1812 3002 1974 3066 vidit,
2020 2999 2212 3055 ﬂorido
2246 2997 2458 3054 dicendi
2488 3011 2686 3068 genere
2728 3011 2882 3061 usus,
2925 2994 3127 3060 retulit,
3172 2994 3266 3049 sed
3307 3009 3403 3063 pa-

1816 3094 1946 3148 riter
1975 3100 2137 3162 atque
2171 3090 2452 3145 Bertarius
2492 3103 2673 3144 rerum
2721 3096 2996 3160 gestarum
3035 3096 3278 3158 tempora
3312 3087 3402 3142 ad-

1815 3196 2004 3242 notare
2047 3184 2194 3259 (574)
2242 3199 2464 3254 prorsus
2502 3182 2618 3239 fere
2647 3182 2906 3252 neglexit.
2938 3182 3136 3238 Fontes
3168 3182 3400 3252 scriptos

1734 3264 1781 3330 C
1811 3286 2010 3350 prater
2060 3277 2352 3347 diplomata
2403 3274 2648 3332 ecclesiis
2696 3288 2951 3330 concessa
3001 3288 3058 3330 se
3111 3274 3398 3339 habuisse,

1807 3385 2078 3442 nusquam
2114 3369 2346 3435 indicat,
2398 3382 2576 3438 neque
2620 3366 2724 3422 alia
2772 3366 3019 3422 historia
3048 3363 3400 3420 Virduuensis

1809 3470 2159 3518 monumenta
2186 3461 2353 3531 ipsius
2377 3467 2622 3530 tempore
2647 3458 2944 3523 exstitisse,
2974 3456 3270 3513 verisimile
3293 3464 3398 3510 est.

1808 3555 2129 3611 Laurentius
2163 3554 2280 3625 ejus
2326 3555 2698 3610 narrationem
2745 3563 2934 3623 postea
2975 3552 3214 3622 excepit,
3245 3550 3398 3621 Hngo

1807 3647 2228 3703 Flaviniacensis
2251 3645 2448 3715 partim
2470 3644 2778 3714 descripsit,
2802 3643 3002 3714 partim
3025 3642 3194 3696 auxit.
3220 3640 3396 3694 Etiam

1808 3739 1901 3811 qui
1942 3736 2119 3792 Vitam
2163 3737 2220 3791 S.
2247 3736 2506 3792 Richardi
2548 3733 2758 3790 abbatis
2801 3731 3106 3804 composuit
3154 3729 3300 3801 (575)
3331 3746 3398 3785 cx

1809 3831 1912 3888 hoc
1947 3845 2110 3901 opere
2151 3829 2305 3901 plura
2335 3829 2586 3885 hausisse
2624 3829 2838 3883 videtur
2881 3825 3049 3898 (576).
3084 3824 3218 3880 Cum
3254 3825 3399 3880 enim

1808 3925 1923 3996 ipse
1958 3923 2180 3978 minime
2214 3921 2544 3978 Richardum
2574 3921 2790 3987 viderit,
2831 3921 2926 3976 sed
2968 3934 3028 3974 se
3069 3918 3397 4003 scripturum

1807 4035 1927 4076 esse
1967 4019 2111 4075 dicat
2141 4036 2160 4071 ι
2189 4033 2308 4088 qua
2352 4019 2420 4074 ab
2470 4017 2601 4088 ipsis
2653 4016 2746 4087 qui
2787 4030 2852 4072 ea
2896 4015 3149 4070 viderunt
3178 4022 3234 4068 et
3280 4028 3399 4067 cer-

1807 4114 2014 4170 tissime
2058 4119 2427 4183 cognoverunt
2473 4109 2617 4165 ﬁdeli
2662 4107 2979 4163 narratione
3029 4105 3336 4165 didicimus,
3373 4121 3391 4153 ι

1806 4215 1929 4280 post
1972 4205 2230 4261 Richardi
2277 4213 2523 4273 tempora
2558 4201 2763 4257 vixisse
2809 4199 3056 4263 videtur;
3108 4197 3393 4252 continua-

1810 4299 1969 4354 tionis
1996 4297 2230 4368 scriptor
2254 4310 2384 4351 vero
2405 4295 2614 4351 duobus
2640 4302 2849 4348 tantum
2873 4299 2996 4362 post
3023 4290 3166 4346 illius
3189 4289 3395 4345 obitum

1805 4389 1960 4446 annis
1987 4387 2238 4445 Historia
2283 4387 2446 4444 ﬁnem
2491 4384 2775 4457 imposuit,
2817 4382 2893 4438 ita
2922 4389 2982 4437 ut
3008 4379 3129 4436 Vita
3177 4379 3265 4436 illa
3298 4379 3377 4434 uti

1805 4481 2135 4554 nequiverit.

1876 4573 1932 4628 ln
1967 4573 2072 4630 hoc
2097 4587 2262 4647 opere
2287 4571 2496 4630 edendo
2523 4586 2653 4629 usus
2683 4584 2804 4629 sum
2828 4567 3038 4628 codice.

1408 4680 1646 4740 VARUE
1681 4682 2082 4744 LECTIONES.

186 4773 289 4810 ‘7"
319 4773 436 4848 ipse
461 4774 546 4831 ed.

1687 4868 1920 4929 NOTAE.

191 4963 346 5032 (567)
372 4961 502 5030 Qua
534 4979 601 5020 ex
631 4964 740 5031 illo,
782 4963 937 5035 cujus
963 4984 982 5018 ι
1010 4964 1339 5022 memorialis
1367 4964 1660 5035 antiquitas
1684 4984 1702 5018 ι

111 5049 375 5105 magnam
413 5035 560 5107 apud
607 5036 779 5106 ipsum
811 5038 1036 5107 parabat
1072 5036 1470 5104 auctoritatem,
1506 5035 1710 5093 descri-

111 5105 601 5180 psitj‘apudpert.
628 5105 681 5161 c.
710 5107 744 5160 4
774 5105 1044 5180 leguntur.

189 5174 348 5244 (568)
393 5193 410 5226 ι
439 5174 563 5230 Hac
591 5178 665 5231 ita
711 5194 769 5232 se
806 5174 1025 5241 habere,
1066 5177 1235 5248 ipsius
1278 5177 1378 5232 viri
1413 5179 1708 5234 auctoritas

111 5257 172 5320 et
200 5262 314 5301 non
338 5250 642 5320 spernenda
668 5248 975 5320 antiquitas
1001 5249 1133 5302 satis
1147 5248 1281 5320 ﬁdei
1311 5249 1376 5303 ad
1405 5249 1456 5302 id
1489 5249 1709 5320 creden-

111 5318 248 5388 dum
302 5317 514 5388 videtur
554 5317 828 5373 conferre:
867 5318 972 5374 Sed
1017 5319 1160 5388 quod
1208 5319 1320 5388 ipse
1363 5319 1708 5388 prosequitur

115 5388 187 5457 (ε.
217 5387 297 5452 8),
330 5387 498 5459 multa
527 5403 587 5442 se
613 5389 805 5459 legisse
832 5400 884 5444 et
919 5387 1061 5458 picta
1094 5387 1310 5453 vidisse,
1337 5387 1455 5457 qua
1489 5387 1586 5458 per
1616 5405 1709 5444 ne-

113 5457 430 5528 gligentiam
464 5473 570 5514 non
595 5457 722 5514 sunt
747 5457 970 5529 scripta,
998 5461 1111 5530 ipse
1133 5473 1346 5529 quoque
1373 5457 1708 5530 negligentia

116 5539 250 5600 uota
281 5529 646 5600 redarguitur,
669 5545 792 5584 cum
823 5531 888 5585 de
916 5529 1129 5600 scriptis
1148 5530 1234 5584 vel
1257 5531 1323 5584 de
1351 5529 1483 5584 visis
1506 5529 1706 5598 pictum

114 5599 188 5652 ad
215 5598 633 5671 aediﬁcationem
663 5609 1001 5671 posterorum
1024 5598 1365 5656 conscribere
1386 5600 1701 5670 neglexerit.

112 5699 192 5710 —-
212 5669 416 5724 Mabill.
439 5671 573 5725 Acta
602 5669 677 5736 ll,
697 5687 747 5740 p.
771 5672 895 5726 275.

219 5740 346 5811 569)
377 5741 450 5811 Ita
482 5741 844 5811 Wassebourg
873 5742 908 5796 f.
938 5743 1059 5798 174.

221 5810 350 5894 578)
377 5810 725 5894 Ηρερξιεγη
749 5810 1088 5894 p._112§..—ln
1111 5813 1398 5894 diplomate
1418 5815 1644 5894 Othonis
1662 5814 1706 5869 ll

115 5881 371 5940 ecclesia
410 5881 470 5940 8.
498 5882 676 5941 Vitoni
706 5881 1068 5943 molendinum
1100 5901 1132 5941 a
1166 5881 1418 5944 ’Bertario
1447 5887 1708 5946 canonico

1818 4970 1998 5024 datum
2027 4969 2397 5025 conﬁrmatur.

1884 5041 2035 5111 (δη)
2065 5039 2127 5096 c.
2157 5039 2208 5111 9.

1888 5110 2036 5176 (572)
2068 5111 2128 5165 C.
2160 5110 2218 5164 Η
2234 5151 2247 5164 .

1887 5175 2036 5250 (575)
2087 5199 2106 5232 ‹
2135 5180 2313 5235 Multis
2366 5180 2720 5236 referentibus
2768 5178 2984 5246 audivi,
3014 5195 3036 5232 ι
3082 5191 3132 5234 c.
3159 5175 3226 5242 2;
3278 5194 3296 5228 ι
3325 5176 3391 5230 ab

1814 5253 2007 5306 abbate
2036 5252 2191 5307 istius
2222 5251 2319 5307 loci
2350 5253 2548 5316 audivi,
2575 5271 2592 5304 ι
2629 5266 2676 5305 c.
2701 5250 2754 5305 5.

1886 5323 2032 5389 (574)
2087 5321 2142 5376 In
2193 5323 2278 5377 his
2320 5322 2635 5377 deﬁniendis
2673 5321 2898 5376 multum
2926 5317 3226 5389 _laboravi;
3273 5333 3392 5389 qna

1816 5386 2179 5464 Wassebourg
2204 5393 2366 5448 habet
2392 5393 2707 5464 plerumque
2732 5390 2888 5464 _nullo
2915 5386 3391 5464 (undameutohui-

1816 5472 2021 5518 tuntur.
2074 5458 2282 5519 Calmet
2328 5458 2444 5519 hac
2485 5458 2769 5530 exscripsit
2820 5459 3078 5528 novisque
3104 5458 3394 5530 erroribus

1813 5534 1982 5588 auxit.
2040 5533 2328 5590 Historiam
2375 5529 2762 5590 Virdunensem
2809 5547 2839 5585 a
2893 5529 3116 5585 Roussel
3159 5529 3397 5584 conscri-

1812 5615 1958 5688 ptam
1980 5619 2160 5686 .neque
2185 5605 2239 5659 in
2261 5605 2407 5678 regia
2431 5621 2606 5675 neque
2635 5603 2688 5658 in
2713 5601 3047 5674 Gottingensi
3072 5600 3391 5657 bibliotheca

1813 5691 2015 5731 Inveni.

1907 5747 2031 5819 3575)
2072 5746 2342 5819 Mabillon.
2377 5745 2508 5819 Acta
2538 5746 2624 5814 vr,
2653 5749 2707 5812 ι,
2731 5763 2781 5819 p.
2813 5745 2933 5819 519.

1890 5814 2031 5941 $3116)
2071 5817 2130 5874 C.
2165 5820 2218 5886 4,
2259 5820 2311 5886 5,
2361 5818 2414 5874 9.
2457 5817 2534 5873 Ex
2577 5814 2746 5877 Contf
2784 5835 2831 5876 c.
2876 5817 2931 5884 9,
2971 5816 3062 5873 20.
3109 5816 3189 5873 Ex
3235 5814 3389 5871 Cont.

1812 5902 1976 5944 0.11.
