3848 5512
481 460 582 516 507

479 669 662 726 Vitoni
696 666 923 724 Virdun.
950 710 966 735 ,
992 668 1078 724 cui
1118 668 1151 724 6
1195 668 1320 725 folia
1350 685 1398 727 s.
1447 685 1544 735 xu,
1571 667 1822 723 exeuntis
1865 667 2070 723 inserta

476 772 621 829 sunt,
649 779 770 834 quae
797 763 889 818 fol.
923 763 1165 819 l59—lb‘l
1190 764 1418 818 Bertarii
1454 771 1511 818 et
1549 759 1946 815 continuatoris
1979 758 2071 813 lli-

476 856 702 911 storiam
737 855 877 911 inter
898 871 958 910 sc
984 855 1325 927 coniunctam
1342 866 1396 910 ct
1424 853 1571 909 nullo
1590 852 1745 908 titulo
1760 850 2070 906 distinctam

475 934 774 1005 continent.
823 947 979 1004 Hunc
1014 947 1213 1003 librum
1256 947 1547 1016 optimum,
1578 945 1649 1001 ab
1688 941 1839 999 urbis
1880 940 2073 996 Virdu-

474 1039 659 1096 uensis
686 1037 1099 1094 bibliothecario
1124 1038 1243 1094 viro
1276 1036 1595 1093 clarissimo
1618 1034 1805 1090 Clouet
1847 1031 2072 1101 ejusque

475 1131 586 1187 lilio
629 1132 749 1186 viro
781 1130 1100 1188 doctissimo
1144 1138 1199 1187 et
1246 1127 1660 1194 humanissimo,
1707 1123 1968 1198 gymnasii
2012 1131 2071 1178 et

473 1223 750 1280 seniinarii
778 1224 1105 1298 prolessore,
1135 1223 1226 1295 qui
1257 1237 1467 1279 summa
1499 1219 1826 1278 liberalitate
1864 1226 1920 1276 et
1952 1216 2069 1273 sin-

473 1312 649 1384 gulari
683 1314 993 1370 urbanitate
1024 1313 1304 1369 laboribus
1326 1313 1462 1369 meis
1480 1310 1636 1377 favit,
1672 1324 1885 1367 mecum
1921 1323 2071 1365 como

476 1407 838 1473 municatum,
882 1408 998 1481 ipse
1034 1406 1258 1461 Virduni
1299 1408 1627 1464 constitutus
1666 1403 2071 1459 accuratissime

476 1514 599 1554 cum
621 1499 779 1555 editis
802 1498 1003 1555 contuli
1027 1508 1083 1555 et
1106 1506 1308 1555 textum
1327 1497 1616 1568 genuinum
1628 1510 1693 1553 ex
1708 1496 1825 1566 ipso
1836 1493 2071 1551 restitui.

546 1591 602 1661 '2)
647 1591 868 1647 Virdun.
900 1608 954 1645 n.
987 1590 1081 1657 56,
1112 1593 1280 1656 mbr.,
1312 1606 1359 1646 s.
1390 1606 1511 1656 xm,
1552 1588 1646 1645 fol.
1689 1588 1845 1653 min.,
1890 1587 1932 1643 f.
1970 1585 2072 1642 116

424 1689 432 1698 ·
478 1695 599 1751 sqq.
648 1683 788 1738 idem
835 1682 1062 1737 Bertarii
1104 1690 1157 1737 et
1197 1682 1589 1739 contionatoris
1630 1695 1767 1752 opus
1809 1679 2070 1745 continet,

480 1785 573 1838 scil
617 1786 769 1841 valde
809 1795 1070 1842 mutatum
1119 1785 1289 1858 (577),
1327 1786 1608 1843 erroribus
1636 1793 1693 1840 et
1734 1783 1945 1840 mendis
1979 1783 2071 1839 de-

548 1937 695 2010 (577)
742 1938 818 1991 Ita
865 1956 913 1993 c.
944 1939 981 1993 '2
1030 1939 1121 1996 lin.
1170 1947 1437 1994 mutatum
1483 1938 1724 2010 legitur:
1762 1957 1780 1991 ι
1814 1938 1895 1993 Ad
1930 1938 2074 2008 quod

481 2008 803 2082 miraculum
847 2011 1076 2065 domnus
1114 2011 1401 2082 cpiscopus
1430 2008 1591 2065 llatto
1621 2010 1810 2082 eadem
1854 2010 2077 2066 veniens

482 2078 590 2143 die,
630 2080 790 2134 simul
839 2096 961 2136 cum
1000 2081 1091 2138 illo
1142 2078 1377 2139 vidimus
1420 2097 1583 2138 crura
1627 2079 1745 2149 ejus
1785 2089 1837 2137 et
1884 2095 2075 2135 coxam

481 2150 599 2223 ejus
634 2166 818 2223 usque
851 2152 917 2208 ad
949 2161 1126 2208 uatem
1154 2154 1484 2219 excoriatas,
1515 2162 1570 2208 et
1609 2150 1885 2223 quasiinil
1934 2151 2077 2223 aliud

484 2222 772 2305 habuisset.
808 2223 910 2277 nisi
956 2238 1078 2279 ossa
1121 2225 1176 2305 i_n
1216 2240 1378 2280 crura
1410 2233 1465 2281 et
1490 2225 1543 2279 in
1576 2222 1731 2305 coxa.
1763 2222 1834 2281 Et
1852 2222 1952 2305 qui
1979 2222 2069 2276 vix

481 2290 536 2345 in
565 2291 809 2349 vehiculo
843 2304 1086 2363 venerat,
1130 2296 1243 2366 jam
1288 2311 1453 2352 senex
1494 2303 1550 2351 et
1595 2294 1786 2365 plenus
1836 2290 2068 2360 dierum,

516 2416 3731 2446 ww

1904 2511 2311 2593 INCIPIT
2418 2503 2438 2515 ’

613 2663 1856 2796 ΕΧΩΕΒΡΤΙῙΜΜΜΝΙ
1935 2667 2070 2794 ΒΕ

2192 2666 2566 2795 mu
2648 2657 3656 2841 ξῖὲέζιμιιιιιονιιι

1288 2871 1353 2913 ιιι
1394 2870 1611 2916 assus
1649 2869 2042 2915 PONTIFICUM
2078 2870 2133 2916 s.
2172 2871 2595 2918 vmuosswsrs
2632 2837 2966 2918 succisiss—

1049 2975 1161 3038 AD
1198 2975 1554 3040 DOMNUM
1597 2974 1997 3039 DADONEM
2035 2975 2070 3035 Ε

2180 2975 2393 3039 SDEM
2431 2976 2657 3041 SEDIS
2688 2975 3211 3041 ANTISTITEM.

1867 3122 2316 3147 ...ι-ι*

546 3205 1006 3263 Rcverentissimo
1064 3214 1122 3262 et
1173 3207 1517 3265 sanctissimo
1563 3209 1763 3266 seniori
1811 3225 1933 3267 meo
1980 3212 2075 3267 do-
2106 3196 2154 3256 Β
2181 3207 2453 3267 Dionlsius
2480 3203 2799 3264 Sanctinum
2828 3204 3118 3263 Meldensis
3146 3204 3247 3245 ιν⁶⁶
3278 3204 3559 3262 Ecclesia
3586 3204 3756 3277 episco-

473 3312 602 3355 mno
636 3298 741 3333 4'"
783 3297 1011 3364 DADONI,
1047 3298 1400 3356 Virdunensis
1442 3299 1698 3357 Ecclesia:
1744 3302 1838 3337 ιω
1878 3301 2079 3375 inclyto

472 3390 725 3461 episcOpo
749 3431 765 3457 ,
795 3388 1108 3446 Bsnramus
1135 3388 1227 3427 ³⁷⁸³
1249 3399 1430 3447 vester
1451 3394 1739 3463 presbyter
1764 3391 1956 3448 devote
1980 3408 2079 3464 pro

470 3483 625 3539 vobis
653 3484 862 3538 orando
884 3482 1195 3538 felicitatem
1222 3490 1488 3538 :eternam
1514 3483 1571 3538 in
1592 3482 1835 3540 Christo.

545 3568 810 3644 Quoniam
834 3584 1018 3631 vestro
1046 3583 1288 3647 tempore
1311 3590 1412 3646 per
1442 3576 1665 3649 triginta
1698 3584 1753 3633 et
1782 3592 1879 3633 sex
1906 3592 2080 3635 annos

470 3679 657 3725 vestro
680 3670 823 3725 bono
849 3668 1028 3725 studio
1055 3678 1112 3725 et
1140 3670 1339 3743 inclyta
1360 3669 1501 3725 fama
1528 3670 1687 3727 nobis
1718 3671 1885 3726 multa
1910 3686 2076 3727 vene-

474 3770 603 3816 runt
621 3774 901 3830 prospera,
939 3776 1085 3816 nunc
1118 3769 1321 3827 autem,
1348 3763 1586 3831 peccatis
1621 3763 1827 3819 nostris
1854 3764 2079 3837 exigen-

474 3850 641 3916 tibus,
670 3852 984 3923 principalis
1009 3851 1236 3908 ecclesia
1261 3860 1446 3908 nostra
1476 3854 1600 3925 igne
1626 3869 1885 3910 succensa
1912 3895 1927 3921 ,
1953 3854 2077 3911 libri

475 3952 532 4001 et
562 3944 837 4001 memoria:
882 3953 1193 4002 sanctorum
1237 3945 1457 4001 Patrum
1513 3955 1820 4002 nostrorum
1867 3946 1963 3980 ’⁷⁸⁸
2009 3962 2076 4004 ex

475 4051 670 4108 magna
710 4042 864 4107 parte
885 4035 1058 4092 eidem
1086 4034 1317 4093 ﬂammae
1345 4044 1471 4092 sunt
1505 4037 1734 4105 traditae,
1779 4052 1849 4094 ne
1893 4046 2074 4095 autem

472 4130 690 4201 penitus
712 4128 970 4185 oblivioni
999 4130 1308 4203 traderetur
1328 4138 1737 4187 antecessorum
1763 4139 2070 4186 vestrorum

473 4233 821 4280 sacrosancta
845 4222 1126 4289 memoria,
1144 4222 1460 4279 venerabile
1486 4223 1723 4280 studium
1753 4231 1808 4279 et
1830 4224 2073 4294 operatio

473 4325 663 4372 sancta
689 4334 703 4370 :
733 4315 860 4372 licet
900 4317 1222 4373 inﬁmitate
1250 4324 1307 4372 et
1337 4316 1553 4373 tristitia
1582 4317 1826 4383 attritus,
1855 4331 1980 4387 quae
2005 4316 2073 4372 de

475 4409 678 4464 sanctis
716 4411 1151 4467 antecessoribus
1195 4411 1395 4467 vestris
1427 4410 1530 4481 legi
1554 4419 1611 4466 et
1636 4426 1665 4465 a
1699 4410 1946 4467 ﬁdelibus
1972 4426 2069 4465 au-

475 4499 606 4564 divi,
648 4500 890 4556 breviato
928 4517 1180 4558 sermone
1223 4502 1683 4575 comprehendere
1728 4504 2071 4559 commodum

476 4591 625 4658 duxi,
654 4592 806 4649 vobis
828 4593 1050 4664 quidem
1080 4602 1317 4667 gratum,
1352 4595 1587 4667 posteris
1619 4602 1802 4652 autem
1845 4594 1997 4651 utile.
2098 4617 2142 4682 ο

548 4774 599 4828 1.
643 4772 899 4846 Legimus
949 4775 1001 4831 in
1052 4775 1155 4832 ista
1184 4776 1437 4843 ecclesia,
1476 4791 1596 4847 quae
1646 4784 1732 4832 est
1775 4776 1830 4831 in
1858 4776 2067 4835 honore

474 4876 677 4922 sancta:
708 4867 803 4923 Dei
846 4866 1136 4925 Genitricis
1175 4877 1484 4925 constructa
1516 4868 1610 4903 ⁸⁷⁸⁸
1635 4910 1649 4935 ,
1677 4868 1790 4938 jam
1830 4885 2065 4941 praeces-

472 4955 608 5010 sisse
667 4958 883 5029 triginta
936 4960 1218 5031 episcopos
1250 5000 1266 5027 ,
1312 4974 1542 5031 quorum
1592 4959 1799 5029 primus
1847 4970 2067 5018 sanctus

473 5046 764 5104 Sanctinus
808 5060 1050 5107 vocatur.
1110 5052 1186 5107 De
1228 5066 1337 5123 quo
1383 5052 1525 5122 quod
1574 5051 1839 5109 sentimus
1878 5062 2068 5110 notare

471 5137 560 5195 hic
602 5142 928 5217 studuimus.
997 5142 1136 5203 Nam
1186 5143 1413 5216 legimus
1460 5144 1607 5217 (379)
1655 5145 1797 5218 quod
1847 5157 2069 5204 sanctus

490 5323 661 5414 ληιζτιέ-
676 5323 941 5412 beﬂharii
973 5328 1055 5414 l._

474 5395 570 5420 ιιιιι

1121 5329 1209 5365 ⁸⁷⁸³
1247 5328 1439 5413 ἀοιιιιο,
1482 5331 1536 5384 1.

1536 454 1859 512 BERTARII
1901 447 2363 510 VIRDUNENSIS
2400 447 2827 507 SACERDOTIS

461 581 464 585 '
551 577 605 647 l)
644 573 967 631 Vlrduncnsi
1013 589 1069 630 n.
1119 574 1174 640 ὖ,
1205 574 1373 641 mbr.,
1420 571 1513 629 fol.
1562 571 1805 639 maximi,
1832 570 1959 627 olim
2000 570 2061 627 S.
2096 574 2475 643 Apravatum,
2504 568 2576 625 ita
2606 577 2665 625 ut
2691 566 2871 626 verbis
2898 565 3248 625 emendandis
3270 565 3365 623 vix
3395 564 3734 636 singulisqu-
3792 564 3821 651 Ιγ

2160 3577 2457 3639 redeundo
2507 3578 2598 3636 hic
2644 3576 2804 3649 primi
2855 3575 3241 3647 pmdicassent
3292 3574 3535 3631 verbum
3579 3572 3685 3629 Dei.
3715 3570 3763 3626 Et

3660 447 3821 533 δορις

2172 660 2402 718 busdam
2429 658 2564 714 locis
2591 658 2837 716 adhiberi
2870 659 3127 730 potuerit.
3182 656 3392 723 Codex,
3446 656 3548 727 qui
3589 671 3736 712 musa-

2171 753 2322 809 stet-ii
2354 751 2414 808 s.
2446 750 2599 806 Pauli
2636 751 2802 808 fuisse
2834 752 3067 817 videtur,
3111 752 3180 807 ad
3218 751 3384 806 linem
3423 752 3667 822 quadam
3693 754 3738 806 ιε

2173 843 2405 902 ecclesia
2439 842 2498 900 S.
2528 843 2765 915 Agerici,
2794 843 3123 902 monasterio
3148 842 3224 901 illi
3258 842 3577 908 subtracta,
3614 840 3736 905 addit,

2175 952 2296 1009 quae
2321 938 2738 1009 praua-mittere
2758 937 2929 997 nolui.

2245 1054 2476 1112 Bertarii
2506 1055 2799 1114 Historiam
2839 1074 2870 1115 a
2907 1057 3294 1129 Wasseourgio
3331 1057 3551 1129 saepius
3576 1054 3741 1111 allata

2175 1143 2383 1217 primus
2406 1144 2682 1220 D’Acbcry
2708 1145 2950 1221 Spicileg.
2982 1149 3087 1205 vol.
3119 1148 3234 1215 χιι,
3260 1164 3316 1219 p.
3361 1147 3509 1208 951)
3540 1161 3571 1201 a
3598 1143 3740 1203 Barth.

2177 1235 2392 1309 Senocq
2433 1236 2766 1307 yirdunensi
2813 1254 2881 1296 ex
2913 1239 3100 1296 codice
3136 1238 3197 1295 S.
3229 1237 3418 1293 Vitoni
3457 1237 3742 1305 descripta

2175 1330 2385 1404 sibique
2427 1332 2803 1387 transmissam
2853 1330 3022 1387 edidit
3061 1329 3275 1402 ipsique
3311 1329 3743 1385 cuntinuatiouan

2176 1422 2423 1493 subjecit.
2464 1424 2594 1482 Inde
2628 1423 2841 1482 Calmet
2875 1423 3041 1497 (Hist.
3080 1422 3234 1480 Loth.
3279 1432 3421 1487 tom,
3462 1423 3512 1489 I,
3555 1421 3743 1478 Probat.

2177 1531 2230 1586 p.
2266 1515 2391 1586 194)
2420 1524 2476 1572 et
2499 1516 2567 1572 de
2591 1515 2641 1571 la
2672 1516 2839 1572 Barre
2870 1516 2927 1571 in
2955 1516 3189 1572 secunda
3220 1514 3518 1586 Spicilegii
3563 1516 3744 1570 editis:

2177 1606 2266 1680 (ll,
2320 1623 2374 1678 p.
2433 1610 2562 1681 254)
2611 1618 2903 1681 utrumque
2951 1623 3088 1681 opus
3132 1609 3546 1680 repetiverunt.
3594 1606 3741 1661 eam

2180 1700 2374 1768 versio,
2415 1715 2444 1754 a
2482 1699 2614 1755 J.-J.
2659 1700 2815 1759 Caiot
2858 1702 3134 1771 confecta,
3173 1716 3322 1757 anno
3374 1700 3529 1755 1775
3572 1699 3741 1756 Vinici

2176 1791 2376 1864 prodiit
2423 1792 2596 1866 (578).

2172 1941 2336 2013 pedes
2372 1952 2428 1998 et
2465 1957 2630 2000 sanus
2657 1958 2909 2002 reversus
2944 1952 3047 2003 est.
3069 1963 3089 2000 ι
3134 1943 3199 2001 C.
3236 1944 3271 1999 4
3298 1942 3471 2000 initio
3507 1959 3522 1996 :
3561 1940 3744 1996 indua-

2180 2022 2271 2068 cto
2289 2022 2471 2069 autem
2496 2025 2685 2072 sancto
2706 2015 2970 2082 Firmino,
2997 2017 3338 2073 habitatores
3366 2016 3544 2069 istius
3566 2014 3744 2067 civitatis

2177 2083 2575 2155 rebellaverunt
2602 2096 2790 2144 contra
2822 2086 3172 2146 Lodtharium
3200 2087 3563 2144 Francorum
3590 2098 3743 2155 regel-

2182 2154 2283 2223 Qui
2314 2172 2435 2211 cum
2466 2157 2535 2213 ab
2563 2172 2648 2225 eo,
2682 2178 2701 2211 ι
2730 2167 2837 2215 etc.

2258 2226 2419 2304 (ζῇὃ)
2445 2224 3043 2304 ΑΙηξᾳῄιέᾳῌεΙι-Ιιὶειοήᾳιιε
3066 2232 3131 2286 de
3162 2229 3217 2285 la
3240 2229 3367 2286 villa
3407 2239 3461 2285 et
3502 2229 3575 2283 du
3598 2224 3745 2281 diod:

2185 2296 2513 2366 Δανα-ἄκη,
2541 2298 2701 2367 1775,
2730 2302 2842 2367 ηδ,
2873 2317 2928 2373 p.
2957 2296 3047 2358 B7.

2178 3315 2307 3370 pum
2329 3307 2385 3356 et
2411 3298 2741 3354 Antoninum
2763 3298 3138 3369 presbyterum
3167 3296 3426 3352 mitteret
3465 3312 3595 3353 cum
3631 3296 3760 3369 gestis

2178 3409 2289 3451 suae
2315 3394 2585 3466 passionis
2611 3395 2841 3449 Romam
2864 3394 2932 3448 ad
2955 3399 3205 3449 sanctum
3234 3391 3589 3448 Clementem
3618 3400 3665 3445 et
3690 3394 3759 3444 ita

2178 3485 2392 3541 illorum
2423 3484 2613 3542 fuisset
2641 3500 2739 3558 per
2762 3485 2922 3543 istam
2951 3485 3248 3552 civitatem,
3295 3492 3356 3542 et
3406 3484 3470 3539 in
3505 3483 3679 3540 eundo
3715 3496 3759 3534 at

2178 3670 2359 3725 terruit
2405 3670 2549 3739 quod
2598 3668 2802 3726 idcirco
2851 3668 2907 3723 in
2958 3667 3149 3723 ordine
3192 3666 3595 3737 episcoporum
3639 3664 3763 3718 istius

2178 3760 2434 3817 Ecclesiae
2462 3760 2670 3832 primus
2692 3768 2945 3832 ponatur.
2975 3755 3196 3831 Legitur
3223 3771 3357 3813 vero
3384 3757 3443 3812 in
3466 3756 3594 3810 Vita
3620 3752 3761 3810 saucii

2179 3855 2413 3913 Servatii
2434 3854 2675 3928 episcopi
2697 3853 2869 3927 (580),
2906 3852 2995 3910 ubi
3020 3853 3087 3909 de
3114 3851 3503 3923 Agripiuensis
3537 3846 3761 3923 Ecglai:

2176 3947 2572 4018 archiepiscopi
2611 3947 2950 4018 depositione
2974 3960 3064 4003 res
3093 3944 3295 4016 agitur,
3327 3942 3481 4013 quod
3505 3937 3762 3996 intermi-

2174 4049 2261 4096 set
2307 4039 2603 4095 Sanctinus
2633 4038 2783 4094 urbis
2818 4037 3109 4093 Clavorum
3137 4035 3429 4106 episcopus
3460 4030 3634 4106 (381).
3680 4028 3762 4085 [ﬁt

2175 4142 2354 4189 tamen
2382 4147 2579 4204 corpus
2609 4128 2725 4203 ejus
2747 4130 3013 4203 sepultum
3039 4127 3132 4198 sit,
3163 4142 3435 4200 nusquam

2174 4226 2280 4283 nisi
2306 4224 2515 4282 Meldis.

2239 4318 2301 4372 9.
2341 4314 2470 4372 Post
2499 4316 2644 4373 hunc
2678 4315 2904 4388 legimus
2946 4313 3115 4372 fuisse
3149 4322 3404 4371 sanctum
3434 4311 3695 4371 Maurum.
3718 4318 3763 4362 et
3844 4311 3848 4388 ξ

2171 4417 2421 4465 sanctum
2462 4406 2744 4467 Salvinum
2784 4417 2840 4465 et
2886 4415 3135 4465 sanctum
3177 4406 3497 4469 Aratorem.
3542 4404 3761 4473 Quom

2172 4498 2371 4556 merita
2403 4500 2472 4556 ad
2502 4498 2749 4572 sepulcra
2770 4498 2986 4555 illorum
3009 4497 3309 4557 estcuduut
3340 4496 3655 4569 frequentia
3680 4493 3763 4549 ni-

2172 4593 2382 4650 racula.
2437 4594 2718 4666 Siquidem
2762 4600 2954 4649 sancto
2978 4590 3211 4663 Agcrico
3251 4590 3519 4646 divinitus
3564 4596 3761 4645 uatem:

2172 4698 2301 4746 sunt
2339 4704 2530 4747 eorum
2568 4699 2913 4745 monumenta
2934 4727 2951 4756 ,
2979 4694 3035 4742 et
3059 4686 3130 4741 ab
3155 4685 3351 4742 eodem
3391 4680 3766 4740 honorabiliter

2173 4789 2229 4835 et
2255 4780 2600 4837 sanctissime
2622 4779 2890 4835 ordinata.
2946 4777 3023 4833 De
3065 4775 3188 4833 istis
3227 4776 3379 4831 enim
3409 4790 3538 4846 qua
3584 4771 3763 4829 ηοω-ἒξ

2173 4871 2348 4928 oculis
2370 4870 2604 4926 vidimus
2624 4885 2786 4940 quam
2803 4869 3032 4940 plurima
3057 4866 3267 4923 referre
3286 4880 3607 4939 possumus.
3628 4861 3768 4919 Tem-

2174 4981 2308 5037 pore
2331 4966 2534 5022 etenim
2562 4964 2801 5020 Lotharil
2819 4961 3053 5033 iunioris
3078 4962 3227 5033 regis
3247 4970 3306 5017 et
3328 4961 3516 5018 domui
3537 4957 3771 5015 ﬂauam:

2176 5065 2377 5114 nostrae
2406 5056 2642 5114 civitatis
2681 5055 2939 5129 episcopi,
2978 5054 3044 5111 de
3084 5054 3207 5111 istis
3249 5053 3625 5111 sanctissimis
3656 5050 3769 5105 viris

2177 5150 2420 5223 reliquiae
2450 5160 2576 5207 sunt
2612 5159 2863 5223 sumptae.
2899 5157 2955 5207 et
2980 5147 3047 5205 ad
3077 5146 3437 5220 Tbeolegium
3478 5146 3637 5219 (383)
3676 5159 3771 5199 am-

1800 5237 2036 5297 VARIIE
2074 5238 2473 5299 LECTIONES.
2636 5329 2652 5340 .

1633 5328 1726 5366 "8'
1764 5332 1839 5384 ita
1894 5331 2108 5376 samum:
2155 5353 2161 5358 ε

3244 5329 3346 5364 una
3724 5328 3773 5418 Ξ.
