3920 6470
140 474 262 533 509

1074 475 1161 531 DE
1199 472 1443 532 GESTIS
1481 472 1966 531 EPISCOPORUM
2010 475 2542 536 VIRDUNENSIUM.

3330 489 3435 547 510

137 588 460 645 nasteritlm
504 588 648 659 quod
693 588 783 645 isti
828 587 1083 644 Ecclesia:
1108 595 1192 643 est
1218 586 1513 657 subjectum
1552 588 1752 644 nostris
1777 608 1829 667 Α
1851 591 2040 645 eodem
2070 592 2411 648 sanctissimo
2432 593 2702 663 pontifice,
2727 593 2917 650 beatus
2948 594 3229 668 Euspicius
3254 614 3268 665 ;
3310 614 3435 670 pre-

141 678 497 748 temporibus
537 686 664 733 sunt
700 678 908 734 delataz.
950 679 1091 735 Deus
1114 680 1267 734 testis
1294 689 1377 733 est
1405 680 1750 735 conscientiae

139 785 316 838 mea,
342 771 466 842 quia
505 786 611 827 non
640 786 858 842 possum
891 773 959 827 ad
993 771 1309 826 memoriam
1333 772 1589 827 reducere
1609 787 1750 843 quae,

140 878 180 916 a
214 864 454 933 pueritia
481 877 652 934 usque
674 864 744 921 ad
766 862 1063 934 perfectam
1106 872 1338 927 aetatem,
1384 863 1592 920 meritis
1631 878 1751 920 san-

141 964 369 1011 ctorum
399 955 624 1013 istorum
650 957 717 1012 ad
742 956 991 1029 sepulcra
1016 955 1230 1013 illorum
1258 956 1440 1012 divina
1464 957 1749 1013 clementia

138 1047 373 1115 operari
404 1046 512 1101 vidi
537 1064 551 1099 :
575 1055 708 1117 quot
730 1049 856 1103 eieci
874 1039 1185 1115 illuminati,
1207 1056 1338 1119 quot
1366 1048 1517 1104 surdi
1547 1050 1746 1115 sanati,

142 1144 290 1207 quot
314 1136 490 1193 claudi
510 1130 703 1204 erecti,
726 1149 859 1209 quot
884 1138 1202 1195 daemoniaci
1227 1138 1439 1195 liberati
1473 1140 1587 1206 ⁸⁷⁸⁷,
1617 1148 1749 1211 quot

141 1231 345 1300 κει-ού
382 1246 412 1285 a
447 1231 616 1287 variis
649 1232 996 1303 languoribus
1038 1233 1214 1289 curati
1263 1233 1572 1291 nullatenus
1610 1234 1750 1307 stylo

142 1323 617 1391 comprehendere
641 1338 814 1394 queo;
848 1323 1028 1395 aliqua
1073 1334 1252 1380 tamen
1292 1325 1393 1381 sub
1431 1326 1749 1396 compendio

143 1414 423 1484 colligam.
465 1413 585 1471 Duo
617 1415 906 1482 contracti,
940 1431 1105 1472 causa
1134 1417 1443 1473 orationum
1465 1417 1747 1474 ecclesiam

144 1503 391 1573 ipsorum
415 1503 667 1576 ingressi,
686 1505 933 1576 protinus
952 1505 1163 1563 meritis
1184 1515 1490 1564 sanctorum
1520 1509 1746 1585 istorum

144 1603 277 1650 sunt
303 1596 491 1651 erecti.
544 1596 795 1664 Quaedam
824 1597 1046 1662 femina,
1074 1597 1294 1655 nomine
1322 1598 1532 1666 Etnma,
1563 1600 1747 1656 multis

146 1688 341 1743 diebus
372 1688 572 1745 lumine
596 1692 880 1761 prasentis
918 1690 1101 1748 saeculi
1138 1692 1346 1761 privata
1376 1692 1430 1747 in
1462 1707 1581 1749 mea
1603 1708 1743 1763 pra:-

142 1786 320 1839 sentia
350 1785 546 1840 ibidem
575 1796 657 1843 est
696 1786 1016 1843 illuminata.
1053 1787 1318 1846 Similiter
1353 1798 1409 1845 et
1449 1789 1620 1845 altera
1668 1790 1746 1844 fe-

138 1879 316 1943 mina,
358 1892 479 1947 qum
522 1888 641 1934 erat
666 1888 836 1946 muta,
874 1889 997 1952 post
1027 1893 1276 1954 peractas
1316 1881 1607 1938 Matutinas
1656 1898 1746 1939 me

1852 686 2038 757 sbyter
2059 683 2215 738 istius
2243 684 2518 753 Ecclesiae,
2545 701 2795 760 egressus
2818 688 3055 744 obtinuit
3085 689 3224 763 apud
3251 705 3435 764 regem

1848 789 2039 848 pacem
2067 784 2123 829 et
2154 773 2381 830 salutem
2410 775 2609 830 civium
2651 792 2893 835 suorum.
2944 779 3133 836 Postea
3181 796 3303 838 cum
3337 798 3433 840 rex

1848 865 2106 938 praefatus
2126 867 2303 923 creari
2330 865 2491 922 vellet
2515 881 2639 921 eum
2666 868 2822 924 istius
2842 868 3075 926 civitatis
3098 860 3431 943 episcopum,

1849 968 1906 1015 et
1924 958 2012 1013 ille
2038 958 2361 1015 omnimodis
2404 958 2719 1031 abnegaret,
2763 961 3103 1020 beatissimus
3151 962 3311 1021 Pater
3341 963 3435 1021 Vir

1849 1059 2030 1119 tonus,
2065 1066 2233 1122 nepos
2290 1051 2464 1120 illius,
2520 1053 2609 1108 hic
2650 1053 2931 1109 ordinatus
2977 1065 3057 1111 est
3117 1058 3431 1128 episcopus;

1847 1153 2069 1200 sanctus
2131 1159 2261 1201 vero
2315 1134 2604 1215 Euspicius
2664 1160 2786 1203 cum
2844 1145 3017 1201 altero
3062 1156 3258 1219 nepote
3307 1163 3429 1216 suo,

1847 1234 2009 1291 beato
2033 1234 2287 1291 videlicet
2326 1235 2618 1292 Maximino
2659 1236 2752 1306 qui
2793 1236 3138 1293 sanctissimo
3165 1238 3315 1295 Patri
3340 1237 3433 1296 Vi-
3508 1290 3515 1297 κ

1850 1338 1977 1388 tono
1998 1332 2369 1403 germanitatis
2392 1334 2795 1405 prepinquitate
2810 1333 3157 1407 iungebatur,
3173 1333 3432 1404 petitione

1847 1424 2087 1497 ejusdem
2119 1425 2260 1496 regis
2299 1440 2422 1481 cum
2474 1426 2593 1497 ipso
2634 1426 2941 1482 Aurelianis
2976 1424 3221 1496 perrexit
3247 1432 3304 1480 et
3331 1426 3430 1481 ibi-

1846 1523 1968 1577 dem
2012 1520 2367 1577 monasticam
2399 1521 2564 1575 vitam
2607 1520 2811 1576 ducens
2856 1519 3076 1576 obiit'in
3105 1532 3262 1591 pace.
3289 1517 3429 1572 Sau—

1845 1620 1965 1670 ctus
2016 1627 2146 1669 vero
2194 1611 2540 1679 Maximinus,
2570 1611 2880 1667 Aurelianis
2919 1618 3107 1681 postea
3135 1608 3310 1665 factus
3337 1608 3435 1663 ab-

1844 1702 2149 1767 bas,multa
2176 1701 2559 1757 miraculorum
2582 1702 2734 1772 copia
2762 1700 3007 1771 refulget.
3036 1699 3215 1756 Vitam
3246 1707 3430 1753 autem

1842 1792 2140 1848 beatissimi
2170 1790 2354 1848 Vitoni
2390 1806 2422 1847 a
2461 1791 2643 1848 multis
2670 1791 2847 1846 audivi
2891 1805 2951 1846 se
2978 1789 3178 1847 vidisse
3219 1788 3428 1843 descri-

1843 1891 2010 1954 ptam,
2040 1883 2135 1939 sed
2174 1883 2439 1941 hactenus
2481 1897 2512 1937 a
2555 1882 2711 1937 nobis
2739 1889 2821 1937 est
2869 1881 3041 1936 invisa
3068 1877 3237 1951 (585).
3274 1876 3426 1933 Βαείο

136 1970 398 2025 audiente
423 1971 584 2043 coepit
607 1970 775 2043 loqui.
829 1971 1058 2040 Quidam
1093 1975 1257 2030 etiam
1291 1974 1456 2031 homo
1483 1990 1581 2045 per
1604 1990 1738 2044 qua-
1768 2004 1815 2066 Β
1843 1974 1946 2031 lica
1993 1976 2287 2048 siquidem,
2315 1977 2410 2032 ubi
2457 1974 2703 2049 praedicti
2749 1974 3098 2045 requiescunt
3138 1970 3334 2036 sancti,
3371 1970 3425 2026 in

136 2062 394 2133 draginta
436 2077 604 2117 annos
649 2071 962 2120 contractus
999 2073 1054 2119 et
1095 2079 1193 2136 per
1238 2065 1438 2121 multos
1478 2080 1648 2122 annos
1685 2066 1740 2121 in

133 2152 356 2222 porticu
407 2153 578 2207 sancti
631 2152 891 2226 Stephani
933 2154 1208 2210 Mcttcnsis
1253 2155 1494 2212 ecclesia:
1527 2156 1740 2226 jacens,

136 2243 415 2299 curriculo
463 2253 701 2314 evectus,
746 2248 815 2303 ad
853 2246 1080 2305 istorum
1130 2256 1443 2305 sanctorum
1492 2248 1741 2320 sepulcra

136 2334 365 2415 delatus.
382 2333 573 2393 fuerat.
613 2335 795 2395 Prima
828 2351 959 2395 vero
988 2345 1144 2409 parte
1170 2338 1345 2397 noctis
1386 2340 1553 2412 cmpit
1582 2355 1740 2397 voces

135 2427 393 2482 emittere
434 2435 506 2493 et,
564 2442 736 2499 usque
788 2429 857 2484 ad
898 2429 1189 2488 Matutinas
1224 2432 1440 2489 easdem
1486 2433 1741 2491 eminens

134 2534 323 2585 voces,
357 2522 667 2590 sospitatem
700 2522 898 2578 meruit
922 2523 1187 2579 obtinere.
1225 2522 1309 2578 Ad
1335 2523 1480 2593 quod
1509 2525 1740 2580 miracu-

135 2612 251 2667 lum
292 2628 417 2667 cum
465 2613 665 2669 domno
707 2613 939 2670 Hattoue
966 2616 1220 2687 episcopo
1258 2616 1449 2672 eodem
1478 2616 1564 2673 die
1591 2617 1739 2672 veni-

136 2720 285 2770 mus,
332 2704 599 2775 simulquc
631 2711 768 2760 cum'
808 2705 897 2762 illo
938 2707 1173 2763 vidimus
1220 2723 1413 2764 coxam
1458 2706 1574 2777 eius
1615 2722 1739 2764 cum

134 2814 302 2854 crure
341 2812 512 2869 usque
557 2798 624 2854 ad
666 2784 819 2856 nates
866 2801 1220 2869 excoriatam,
1267 2802 1421 2872 quasi
1470 2800 1544 2856 nil
1594 2802 1738 2858 aliud

133 2892 421 2949 habuisset
442 2892 543 2949 nisi
571 2908 696 2949 ossa
740 2902 796 2949 et
836 2896 927 2971 qui
968 2896 1056 2951 vix
1102 2896 1157 2951 in
1206 2896 1454 2953 vehiculo
1493 2908 1732 2963 venerat,

130 2973 249 3051 iam
286 2997 449 3038 senex
486 2992 538 3039 et
565 2982 755 3057 plenus
783 2986 991 3047 dierum
1022 2988 1186 3060 pedes
1213 2994 1267 3045 et
1295 3003 1459 3047 sanus
1490 3003 1737 3047 reversus

134 3085 223 3131 est
250 3076 319 3130 ad
343 3077 582 3149 propria.

207 3168 264 3223 5.
311 3167 441 3227 Post
469 3169 567 3227 hos
590 3171 918 3229 exstiterunt
945 3170 1119 3228 sancti
1151 3171 1493 3240 Pulcrenius,
1520 3176 1738 3233 Posses.

1844 2069 2052 2125 honore
2082 2069 2257 2124 sancti
2287 2067 2436 2124 Petri
2464 2066 2695 2139 apostoli
2736 2073 2820 2124 est
2843 2064 3143 2137 antiquitus
3174 2070 3428 2118 constru-

1840 2170 1951 2229 cta,
1981 2176 2102 2233 quae
2130 2162 2294 2218 etiam
2336 2176 2436 2232 pro
2485 2162 2709 2231 antiqua
2758 2158 3019 2231 dignitate
3050 2158 3215 2216 habet
3256 2157 3426 2211 multa

1841 2254 2243 2325 episcoporum,
2285 2253 2571 2324 sepulcra,
2626 2261 2684 2309 et
2749 2258 3038 2323 propterea
3076 2266 3124 2321 ,a
3175 2248 3427 2305 fidelibus

1838 2346 2054 2403 cunctis
2086 2344 2313 2401 multum
2334 2351 2421 2400 est
2445 2342 2773 2403 veneranda.

1909 2438 1963 2493 5.
1990 2437 2105 2509 (an.
2129 2436 2257 2507 520)
2288 2437 2419 2493 Post
2443 2436 2589 2493 hunc
2605 2434 2816 2493 exstitit
2842 2433 3188 2491 Desideratus
3208 2431 3420 2502 episco-

1837 2541 1959 2598 pus,
1980 2526 2136 2595 cujus
2168 2534 2433 2594 tempore,
2463 2523 2604 2581 sicut
2633 2523 2690 2579 in
2714 2522 2884 2595 gestis
2908 2521 3245 2580 Francorum
3274 2520 3421 2593 (386)

1837 2619 2090 2691 legimus,
2117 2618 2527 2690 ingravescente
2579 2614 2746 2683 fame,
2790 2616 2942 2675 cives
2979 2614 3141 2671 istius
3184 2613 3423 2671 civitatis

1836 2720 1999 2768 erant
2046 2712 2101 2767 in
2151 2708 2441 2769 afﬂictione
2491 2707 2746 2765 maxima.
2782 2705 2885 2776 Qui
2934 2720 3060 2763 cum
3107 2703 3311 2761 abisset
3353 2702 3420 2758 ad

1838 2801 2235 2861 Theodericum
2283 2814 2466 2872 regem
2494 2808 2551 2856 et
2594 2799 2662 2857 de
2694 2798 2949 2857 thesauro
2968 2795 3062 2832 ’π’
3092 2794 3236 2853 illius
3264 2793 3424 2866 quin-

1835 2902 2027 2965 gentos
2053 2906 2248 2948 aureos
2273 2898 2600 2957 ututuassct,
2632 2888 2908 2946 distribuit
2943 2901 3039 2949 eos
3075 2884 3285 2943 civibus
3308 2884 3423 2940 suis

1836 2985 1938 3043 sub
1971 2982 2064 3039 tali
2095 2991 2288 3040 tenore
2322 2990 2382 3041 ut
2407 2981 2475 3039 de
2502 2981 2582 3038 eis
2605 2980 3011 3055 negotiarentur
3052 2991 3153 3049 per
3205 2975 3421 3032 diversa

1837 3076 1976 3148 loca,
2016 3084 2074 3133 et
2112 3077 2180 3133 de
2219 3075 2487 3148 acquisitu
2517 3072 2733 3132 illorum
2763 3072 3009 3129 viverent
3038 3075 3421 3138 transactaque

1835 3167 2162 3224 necessitate
2234 3165 2548 3238 praedictam
2606 3176 2874 3219 summam
2935 3160 3096 3232 regiis
3150 3156 3421 3214 thesauris

130 3271 230 3312 sor
255 3264 314 3312 et
345 3257 647 3326 Firminus;
671 3260 739 3318 de
765 3275 998 3330 quorum
1028 3262 1291 3319 memoria
1312 3263 1447 3321 nihil
1470 3263 1561 3301 ¹⁷⁸⁸
1589 3264 1735 3323 aliud
1836 3262 2201 3317 restituerent.
2232 3259 2350 3327 Quo
2400 3257 2576 3324 facto,
2608 3263 2664 3310 et
2706 3255 2773 3311 de
2812 3255 3036 3326 penuria
3085 3252 3245 3307 famis
3296 3256 3421 3305 sunt

132 3351 342 3405 scimus
371 3350 473 3407 nisi
508 3350 651 3422 quod
678 3367 709 3410 a
733 3353 926 3423 primis
954 3355 1293 3426 temporibus
1316 3371 1502 3413 eorttm
1538 3359 1732 3415 merita
1757 3370 1804 3439 ς
1837 3352 2012 3423 erepti
2053 3360 2112 3406 et
2150 3350 2342 3406 divites
2387 3347 2584 3404 effecti.
2613 3345 2856 3439 Cumque
2907 3345 3191 3439 episcopus
3231 3341 3421 3439 Νερβί-

130 3444 251 3499 Deo
278 3444 475 3499 fuerint
498 3453 676 3516 grata,
712 3455 768 3502 et
793 3447 936 3503 inter
964 3449 1112 3507 cives
1139 3459 1448 3506 sanctorum
1489 3451 1600 3508 sint
1635 3466 1755 3505 au-.
1786 3434 1801 3439 ⁷
1834 3456 1951 3502 ctos
1995 3458 2190 3501 aureos
2219 3443 2334 3513 regi
2359 3441 2588 3497 reddere
2621 3438 2802 3507 vellet,
2834 3450 2928 3493 rex
2954 3437 3185 3492 Domino
3214 3434 3416 3505 gratias

128 3535 424 3589 numerati.
468 3534 690 3606 Legitur
732 3538 896 3594 etiam
933 3539 988 3595 in
1024 3537 1148 3595 Vita
1197 3540 1345 3613 (585)
1377 3543 1549 3599 sancti
1591 3542 1727 3615 Lupi

125 3621 440 3679 Trecassini
456 3626 692 3698 episcOpi
709 3626 818 3691 (an.
836 3628 984 3698 450),
999 3629 1384 3687 Pulehronium
1400 3633 1729 3698 admiranda:

126 3714 440 3770 sanctitatis
484 3716 660 3774 virum
704 3717 1059 3775 Virdunensis
1108 3719 1365 3777 Ecclesia:
1415 3720 1729 3793 episcopum

124 3804 461 3876 praefulsisse
482 3817 631 3863 tanta
655 3812 829 3882 gratia
852 3812 1191 3868 curationum
1230 3822 1310 3881 ut,
1340 3814 1581 3887 religatis
1607 3822 1731 3887 post

125 3903 343 3967 tergum
400 3898 669 3965 manibus,
719 3901 1063 3958 daemoniacis
1116 3901 1428 3973 imperaret,
1477 3913 1533 3961 et
1584 3906 1729 3962 dicto

123 3984 292 4047 citius
332 3987 481 4057 prius
518 4003 733 4045 sensum
782 3991 1085 4062 reciperent
1131 4010 1292 4063 quam
1349 3996 1404 4049 in
1450 3994 1729 4054 collisione

120 4093 349 4133 suorum
384 4095 671 4152 corporum
710 4084 897 4139 cernui
939 4082 1266 4140 laberentur.
1307 4086 1465 4145 Certe
1512 4088 1728 4159 quando

122 4169 373 4239 reliquiae
396 4171 463 4225 de
491 4173 763 4242 praedictis
797 4174 1002 4230 sanctis
1045 4174 1263 4230 fuerunt
1309 4185 1544 4247 acceptae
1593 4188 1727 4233 tem-

118 4276 262 4332 pore
285 4262 465 4317 domui
486 4263 732 4320 Hattonis
750 4265 1007 4337 episcopi,
1037 4276 1166 4323 tunc
1189 4268 1356 4323 etiam
1377 4280 1724 4327 monumenta

119 4355 356 4411 istorum
398 4356 787 4414 honorabiliter
830 4372 898 4415 ac
941 4358 1347 4426 venerabiliter,
1393 4360 1532 4416 sicut
1571 4362 1726 4418 decet

119 4455 368 4513 sanctos,
399 4449 499 4518 sub
521 4457 872 4509 monumento
909 4452 1052 4519 beati
1094 4450 1275 4507 Vitoni
1320 4460 1535 4523 reperta
1575 4464 1722 4513 sunt.

118 4540 263 4595 Pars
289 4548 470 4599 autem
500 4557 786 4613 corporum
814 4528 1026 4603 illorum
1052 4544 1123 4601 ab
1147 4543 1416 4613 aliquibus
1444 4545 1558 4602 visa
1592 4547 1724 4605 satis

118 4630 368 4687 ostendit
406 4633 546 4702 quod
589 4634 784 4691 animat
810 4648 997 4691 eorum
1033 4633 1089 4690 in
1116 4634 1272 4692 beata
1301 4632 1559 4695 felicitate
1590 4652 1725 4708 gau-

118 4724 217 4781 dio
252 4724 508 4779 fruuntur
541 4733 766 4782 aterno.

194 4816 250 4870 4.
296 4816 561 4887 Tempore
589 4818 737 4890 (384)
772 4818 942 4889 igitur
974 4820 1118 4877 beati
1146 4820 1372 4883 Firmiui
1402 4824 1519 4895 (an.
1569 4822 1718 4892 500),

120 4909 461 4967 habitatores
490 4912 647 4969 istius
673 4914 909 4972 civitatis
942 4915 1338 4973 rebellaveruut
1375 4928 1567 4976 contra
1595 4917 1718 4976 Cio-

121 5004 357 5054 doveum
391 5017 567 5072 regem
600 5004 935 5060 Francorum
966 5022 995 5060 a
1028 5008 1186 5063 beato
1209 5008 1455 5080 Remigio
1480 5010 1718 5082 baptiza-

120 5102 258 5150 tum.
294 5094 395 5161 Qui
429 5110 551 5150 eum
580 5095 649 5153 ab
684 5110 751 5153 eo
788 5097 1192 5166 obsiderentur,
1218 5101 1472 5159 defuncto
1496 5102 1712 5158 interim

1832 3553 2021 3609 agens,
2064 3535 2209 3607 quod
2256 3534 2338 3589 sui
2393 3532 2540 3589 cives
2593 3545 2660 3591 ex
2702 3528 2846 3601 regis
2894 3527 3148 3582 thesauro
3190 3527 3255 3581 de
3305 3534 3415 3579 tam

1831 3628 1997 3685 flebili
2026 3626 2242 3683 miseria
2287 3624 2458 3696 erepti
2499 3630 2703 3689 essent,
2746 3618 3033 3694 praedictos
3065 3617 3415 3675 aureosiredb

1832 3722 1964 3778 dere
1988 3720 2037 3774 ei
2071 3718 2250 3787 jussit,
2284 3731 2513 3788 quorum
2548 3716 2885 3772 incremento
2933 3727 3101 3785 usque
3132 3712 3290 3769 hodie
3320 3724 3417 3766 ue-

1831 3812 2124 3884 gotiatores
2147 3806 2325 3865 ell‘ecti
2351 3816 2478 3865 sunt
2506 3806 2678 3876 (587).
3260 3866 3267 3867 ,

1901 3903 1935 3959 6
1960 3903 2074 3957 ⁸⁷³⁸³.
2106 3903 2218 3974 (an.
2244 3900 2370 3972 550)
2400 3899 2531 3957 Post
2556 3898 2718 3969 hujus
2736 3912 3021 3957 excessum
3046 3896 3113 3952 de
3136 3895 3256 3952 istis
3282 3894 3417 3950 civi-

1828 3997 1931 4053 bus
1951 3993 2234 4050 ordinatus
2262 4001 2347 4048 est
2374 3992 2430 4049 in
2454 3992 2562 4049 ista
2597 3990 2840 4049 Ecclesia
2886 3997 3108 4047 sanctus
3154 3988 3417 4057 Agericus

1829 4089 2133 4160 episcopus.
2162 4086 2328 4156 Cujus
2383 4094 2628 4156 tempore
2663 4101 2789 4141 cum
2830 4084 2994 4139 vellet
3036 4081 3416 4138 Childebcrtus

1828 4196 1923 4237 rex
1953 4180 2211 4250 placitum
2241 4179 2438 4233 habere
2488 4177 2542 4231 in
2574 4177 2680 4232 ista
2736 4176 2977 4240 civitate,
3010 4190 3109 4245 pro
3138 4187 3321 4227 arnore
3350 4171 3413 4225 il-

1827 4251 1931 4328 lius
1958 4271 2126 4327 tenuit
2146 4283 2267 4325 eum
2293 4268 2472 4323 Mettis
2496 4269 2606 4339 (an.
2625 4266 2773 4339 590),
2786 4268 2875 4321 ubi
2893 4265 3168 4335 depositus
3187 4273 3270 4319 est
3289 4262 3416 4335 Egi-

1827 4363 1949 4419 dius
1975 4359 2295 4416 Rbemensis
2324 4357 2583 4414 Ecclesia:
2612 4356 3053 4427 archiepiscopus
3084 4353 3252 4431 (588).
3284 4352 3414 4419 Qui-

1825 4453 1951 4509 dam
1978 4462 2157 4509 autem
2186 4452 2273 4508 vir
2303 4449 2461 4506 valde
2495 4448 2710 4515 nobilis,
2740 4464 2862 4504 cum
2903 4463 3002 4518 pro
3047 4447 3160 4503 suis
3188 4446 3411 4502 sceleri-

1825 4537 1928 4601 lius
1953 4560 1980 4597 a
2010 4557 2136 4616 rege
2161 4544 2271 4597 vita
2303 4540 2579 4598 debuisset
2626 4538 2861 4610 privari,
2908 4537 3166 4610 petitione
3201 4536 3412 4607 praefati

1827 4639 2083 4696 antistitis
2108 4638 2345 4695 salvatus
2367 4645 2485 4703 est;
2513 4644 2567 4691 et
2591 4634 2661 4691 ob
2686 4634 2790 4689 hoc
2821 4631 2970 4687 dedit
3008 4631 3097 4687 ille
3125 4632 3206 4686 vir
3235 4629 3412 4685 fratri-

1827 4733 1929 4788 bus
1949 4732 2092 4803 quod
2117 4731 2184 4785 ad
2208 4730 2381 4787 Arcus
2414 4738 2470 4785 et
2499 4730 2566 4785 ad
2587 4727 2865 4783 Mantuam
2890 4726 3174 4782 habemus.
3201 4723 3412 4779 Rursus

1824 4839 1921 4880 rex
1950 4822 2259 4894 praelibatus
2295 4836 2421 4879 cum
2449 4836 2547 4892 per
2572 4818 2870 4877 Virduuum
2901 4817 3005 4876 iter
3030 4816 3329 4880 habuisset,
3357 4822 3413 4868 et

1821 4916 2113 4987 praedictus
2135 4921 2356 4969 sanctus
2379 4911 2611 4971 antistes
2654 4909 2871 4966 nonnisi
2921 4922 3110 4978 parum
3141 4906 3323 4961 vinum
3356 4903 3407 4956 in

1821 5022 1929 5064 uno
1955 5004 2177 5063 vasculo
2200 5004 2503 5069 habuisset,
2535 5010 2590 5057 et
2632 5000 2976 5068 omnipotens
3024 4995 3285 5050 Dominus
3335 4992 3410 5062 ip-

1818 5100 1931 5156 sius
1978 5096 2188 5153 meritis
2241 5096 2320 5153 sic
2369 5094 2502 5152 illud
2546 5093 2823 5155 dilatasset
2874 5099 2934 5145 ut
2987 5103 3082 5144 rex
3136 5103 3257 5143 cum
3295 5086 3409 5144 suis

1396 5191 1643 5248 ,νΑΙὶΙίΕ
1686 5187 2093 5246 LECTIONES.

195 5296 289 5330 ³⁷⁸⁷
328 5295 553 5353 leberati
580 5299 631 5353 1.
659 5296 760 5332 ¹⁷⁸⁸
796 5288 960 5357 nichil
990 5300 1041 5354 1.
1073 5299 1165 5338 ³⁷⁸⁸
1192 5301 1473 5358 thessauro
1501 5301 1550 5355 1.
1581 5310 1629 5356 et
1661 5302 1734 5354 ita
1762 5299 1924 5371 infra.
1955 5295 2046 5329 ιη’
2078 5299 2216 5352 deest
2250 5294 2301 5351 1.

1672 5389 1899 5447 ΝΟΤΛΕ.

195 5460 345 5534 (ass)
384 5458 450 5534 Υ.
474 5462 608 5518 Acta
635 5460 735 5518 ss.
767 5461 877 5517 Jul.
907 5462 1019 5530 vu,
1050 5464 1216 5534 p.70.

196 5531 347 5606 (881)
383 5532 606 5606 T_otum__
623 5544 787 5606 caput
817 5550 893 5606 ex
910 5535 1037 5606 iVita
1052 5531 1287 5606 antiqua
1324 5535 1384 5606 ὃ.
1425 5534 1705 5606 Maximini

121 5601 463 5658 Miciacensis
493 5620 546 5658 n.
574 5601 727 5670 5—10,
759 5619 847 5677 ap.
878 5604 1077 5662 Mabill.
1107 5601 1241 5662 Acta
1270 5605 1391 5673 SS.,
1424 5606 1462 5670 l,
1495 5622 1550 5677 ι).
1577 5605 1702 5669 582,

126 5676 380 5730 haustum
406 5684 509 5729 est.

196 5744 345 5819 @813)
372 5744 489 5819 Vita
519 5748 792 5819 antiqtﬂor
822 5746 975 5819 nulla
992 5749 1137 5819 quod
1164 5750 1332 5805 sciam
1359 5749 1501 5805 edita
1531 5756 1635 5804 est.

197 5816 619 5893 (586)___(_‘.regor.
652 5816 889 5874 “Turen.
939 5816 1175 5893 “1,54,
1249 5822 1338 5892 qui
1397 5830 1593 5893 tamen,
1626 5833 1712 5875 se-

302 5887 464 5944 millia
491 5887 776 5947 aureorum
818 5906 997 5963 regem
1033 5887 1464 5949 'l‘heodebertum
1495 5892 1709 5953 dedisse

183 5967 276 6015 cit.
1474 6008 1482 6013 .

1886 5459 2032 5532 (587)
2167 5455 2390 5533 Liudpr.
2417 5454 2507 5522 Vl,
2555 5455 2589 5511 6
2593 5453 2888 5533 _;__Rieber.
2935 5448 3024 5515 Ill,
3065 5447 3400 5533 1.03..Nego-

1820 5521 2045 5587 tia‘tore's
2084 5521 2451 5585 Virdunenses
2488 5521 2555 5582 ex
2593 5523 2849 5595 Hispania
2888 5521 3095 5577 reversi
3137 5521 3315 5595 etiam
3347 5522 3400 5595 in

1818 5599 2164 5689 hist.'transl.
2200 5599 2259 5655 S.
2286 5596 2530 5654 Sanctini
2555 5611 2602 5653 s.
2635 5590 3115 5658 xr’memorautur;
3160 5592 3231 5648 cf.
3278 5590 3429 5689 Cain

1820 5672 2408 5815 miggéfhffLéregor.
2442 5736 2671 5815 "l‘u‘ronu
2695 5752 2749 5815 x,
2782 5734 2866 5801 19,
2897 5734 2987 5815 qui
3034 5742 3231 5815 tamtsi,
3261 5733 3395 5789 "Ibit

1818 5815 1885 5870 de
1898 5805 2043 5870 urbe
2075 5805 2403 5895 Virdunénsi
2428 5810 2580 5878 dicit,
2611 5816 2667 5868 et
2704 5811 2819 5867 haec
2863 5814 2983 5881 post
3019 5805 3234 5880 Agerici
3263 5816 3398 5895 tenta

1817 5902 1947 5960 pora
1976 5893 2184 5942 narrat.
