3920 6402
555 455 652 512 511

1541 473 1864 532 BERTARII
1906 478 2368 544 VIRDUNENSIS
2406 490 2830 554 SACERDOTIS

551 566 801 622 omnibus
825 567 891 624 de
913 569 1029 638 ipso
1054 587 1268 630 omnem
1298 576 1672 638 suflicientiam
1694 585 1996 655 habuisset,
2017 591 2137 659 plus
2166 599 2220 659 Α
2309 601 2451 653 Felix
2474 608 2558 668 qui
2574 612 2780 674 meritis,
2808 623 3006 668 aeterna
3033 619 3150 671 lucis
3168 630 3349 674 amator

550 654 885 708 inveniretur
912 655 1018 711 vini
1049 658 1104 712 in
1131 659 1247 731 ipso
1268 666 1489 722 vasculo
1515 668 1571 722 in
1606 669 1712 725 fine
1742 687 1906 741 quam
1933 676 2089 732 initio
2118 693 2134 733 :

547 757 663 806 rex,
698 751 849 798 tanto
900 749 1224 815 perterritus
1269 753 1554 824 miraculo,
1601 760 1805 816 audivit
1840 765 1983 832 quod
2031 768 2135 824 ista

545 833 784 890 Ecclesia
808 852 914 891 non
946 838 1224 899 habuisset
1250 843 1428 902 locum
1459 851 1601 906 unde
1625 852 1903 924 colligeret
1927 846 2132 913 vinum.

543 922 750 979 Idcirco
783 940 912 996 ergo
944 930 1089 985 dedit
1113 933 1200 988 isti
1227 933 1485 992 Ecclesiaa
1514 940 1647 996 duos
1692 922 1955 1000 amandos
1985 947 2132 1020 (589)

545 1027 705 1082 super
727 1013 1002 1072 Mosellam
1053 1029 1107 1074 et
1153 1021 1424 1080 Modinum
1456 1025 1628 1099 (590),
1660 1041 1716 1084 et
1758 1013 2016 1102 quidquid
2039 1013 2129 1069 "9"

545 1105 685 1160 intra
736 1107 998 1165 Luceium
1029 1111 1176 1187 (591)
1210 1126 1264 1171 et
1309 1117 1497 1174 Baiam
1544 1132 1648 1188 est,
1681 1132 1736 1178 et
1787 1140 1946 1180 omne
1989 1130 2131 1198 quod

544 1195 734 1252 subtus
798 1199 1050 1257 Treveris
1124 1205 1406 1264 habemus.
1466 1212 1685 1269 Addidit
1757 1219 1920 1272 etiam
1989 1195 2130 1275 Mar-

541 1288 714 1344 seium
767 1291 939 1362 (592),
995 1306 1048 1350 et
1102 1295 1526 1370 Sampiniacum,
1583 1316 1636 1361 et
1689 1307 2033 1368 Commenias
2075 1323 2131 1369 et

541 1378 773 1436 Mcrca'st
798 1384 978 1438 villam
999 1427 1012 1453 ,
1042 1397 1095 1442 et
1128 1389 1328 1446 Hairici
1358 1395 1538 1450 villam
1569 1407 1619 1451 et
1661 1402 1943 1470 contiguas
1971 1403 2128 1460 villas

541 1468 630 1524 isti
656 1473 860 1529 civitati
889 1475 1209 1535 Carniacum
1243 1483 1390 1554 (595)
1418 1497 1470 1540 et
1507 1468 1896 1546 Novamvillam
1917 1535 1931 1556 ,
1983 1496 2124 1549 mul-

538 1567 701 1629 taque
726 1562 830 1617 alia
852 1563 969 1620 loca
1011 1584 1129 1637 quae
1152 1581 1276 1626 sunt
1305 1576 1461 1629 oneri
1506 1578 1594 1633 hic
1634 1595 1973 1646 enumerare,
2005 1601 2126 1655 qua:

536 1665 634 1718 pro
662 1656 962 1710 reverentia
993 1660 1125 1713 tanti
1163 1662 1263 1716 viri
1291 1679 1385 1718 rex
1414 1675 1468 1720 et
1493 1669 1571 1722 sui
1603 1669 1787 1726 ﬁdeles
1816 1673 1901 1727 isti
1939 1673 2128 1732 Eccle-
2215 1731 2224 1744 ,

537 1740 630 1794 site
664 1743 730 1797 ad
774 1744 1081 1803 habendum
1138 1753 1490 1810 tradiderunt.
1547 1757 1711 1830 Cujus
1758 1767 2122 1823 venerationis

535 1839 663 1888 tunc
693 1839 952 1907 temporis
977 1841 1058 1894 vir
1088 1842 1190 1898 iste
1219 1844 1381 1900 fuerit
1404 1851 1640 1904 ostendit
1679 1864 1898 1909 sanctus
1924 1856 2120 1912 Fortu-

532 1931 692 1978 natus
716 1925 770 1978 in
807 1929 1075 1995 versibus,
1109 1948 1243 2001 quos
1273 1951 1454 1992 ex.....
1484 1948 1534 1994 te
1566 1940 1657 1974 ¹⁷⁹²
1684 1943 1736 1996 in
1768 1945 1921 2000 laude
1952 1948 2118 2017 ipsius

2287 1991 2340 2040 In

530 2018 854 2084 composuit,
881 2036 1017 2090 quos
1037 2024 1127 2078 hic
1147 2027 1452 2085 subinferre
1475 2035 1820 2090 commodum
1844 2039 2114 2098 duximus.

531 2103 663 2159 Nam
695 2107 866 2181 (594),
891 2126 1014 2166 cum
1043 2113 1184 2169 idem
1220 2117 1552 2176 Fortunatus
1600 2135 1746 2180 esset
1786 2127 1841 2180 in
1882 2128 2033 2184 italia
2063 2142 2120 2187 et

526 2193 754 2249 nimium
783 2198 1020 2255 dolorem
1066 2203 1344 2260 oculorum
1386 2224 1606 2266 suorum
1633 2223 1934 2283 pateretur,
1969 2220 2117 2275 venit

525 2283 592 2338 ad
619 2286 889 2354 quoddam
927 2296 1312 2353 monasterium
1358 2300 1414 2354 in
1447 2302 1652 2359 honore
1695 2307 1867 2362 sancti
1899 2308 2115 2368 Martini

524 2386 919 2449 constructum,
942 2392 997 2438 et
1020 2386 1195 2442 visum
1224 2399 1308 2446 est
1333 2391 1408 2448 illi
1446 2405 1505 2450 ut
1549 2396 1615 2452 de
1654 2398 1773 2454 oleo
1811 2404 1952 2470 quod
1997 2413 2116 2459 erat

521 2467 576 2521 in
606 2468 855 2540 lampade
883 2489 1067 2534 coram
1097 2479 1269 2537 altare
1297 2485 1396 2539 sub
1427 2489 1645 2544 nomine
1688 2492 1863 2546 sancti
1894 2492 2113 2550 Martini

520 2561 705 2617 oculos
732 2563 935 2621 liniret.
964 2567 1117 2635 Quod
1144 2579 1204 2626 ut
1228 2571 1380 2641 fecit,
1404 2580 1654 2646 protinus
1685 2582 1969 2638 sanitatem
1997 2601 2112 2641 me-

520 2653 642 2709 ritis
686 2658 859 2713 sancti
911 2658 1128 2717 Martini
1187 2668 1442 2739 suscepit.
1481 2669 1584 2738 Qui
1633 2682 1820 2743 postea
1875 2673 2112 2747 flagrans

520 2745 787 2804 desiderio
828 2759 890 2806 ut
926 2751 1183 2812 inviseret
1225 2760 1531 2829 sepulcrum
1576 2767 1752 2820 sancti
1789 2745 2002 2824 Martini
2046 2771 2112 2825 de

519 2835 670 2894 Italia
700 2843 926 2898 venitin
947 2844 1178 2904 Galliam
1217 2861 1270 2906 et
1315 2852 1416 2909 fuit
1442 2854 1545 2910 iter
1597 2857 1740 2912 illius
1788 2875 1886 2930 per
1913 2861 2108 2918 Virdu-

519 2943 668 2983 num.
693 2931 760 2986 Et
794 2947 1080 3008 susceptus
1106 2955 1137 2994 a
1166 2952 1356 3001 sancto
1379 2947 1610 3018 Agerico
1638 2950 1869 3022 benigne
1899 2962 1956 3009 et
1982 2970 2108 3012 cun

516 3017 798 3091 charitate,
829 3029 973 3096 quod
1002 3029 1057 3085 in
1079 3044 1146 3086 eo
1170 3033 1306 3090 vidit
1333 3017 1505 3095 sacris
1531 3017 1800 3111 expressit
1818 3043 2031 3102 litteris.

987 3163 1170 3215 Versus
1193 3165 1449 3221 Fortunati
1482 3172 1637 3233 (595).

581 3259 708 3372 Urit)»;
732 3263 966 3372 Yiduna,
990 3267 1133 3366 brevi
1153 3277 1373 3372 quamvis
1410 3276 1651 3372 claudaris
1671 3293 1721 3330 in
1743 3281 1882 3345 orbe,

641 3344 888 3399 PontiYcis
909 3353 1105 3404 meritis
1136 3356 1425 3419 ampliﬁcata
1449 3361 1628 3424 places.

575 3426 727 3486 Major
749 3432 798 3481 in
821 3443 1029 3496 angusto
1053 3435 1152 3470 ³⁷⁸⁸
1186 3441 1444 3507 praefulget
1469 3446 1623 3508 gloria
1642 3450 1771 3514 giro,

632 3509 866 3576 Agerice,
891 3521 1004 3568 tuus
1026 3531 1170 3582 quam
1195 3525 1348 3587 magis
1367 3529 1506 3578 auxit
1533 3509 1704 3580 honor.

575 3589 786 3644 Plurima
809 3610 1092 3662 magnarum
1112 3603 1280 3656 fudiati
1303 3611 1489 3659 semina
1509 3609 1722 3674 laudum,

635 3675 757 3734 Quae
781 3687 964 3731 matura
987 3697 1142 3746 opere
1165 3687 1424 3742 fertilitate
1449 3701 1624 3746 metes.

573 3754 818 3822 Tempore
844 3769 1074 3824 prementi
1097 3769 1274 3819 victum
1297 3771 1493 3835 largiris
1516 3779 1711 3842 egenis,

636 3841 776 3894 Unde
793 3844 953 3897 futura
976 3849 1085 3901 dies
1099 3855 1450 3917 centuplicabit
1468 3872 1607 3923 apes.

570 3922 823 3988 Dogmatis
839 3935 1000 3985 arcani
1019 3947 1216 3987 reseras
1235 3922 1530 4008 penetralia,
1558 3952 1720 4008 pastor
1740 3964 1756 4012 ;

628 4007 736 4060 Non
757 4013 914 4064 solum
936 4015 1142 4080 dapibus
1162 4023 1319 4084 pascis
1340 4030 1394 4075 et
1418 4007 1522 4076 ore
1530 4041 1737 4094 greges,

566 4090 771 4156 Templa
794 4104 986 4149 vetusta
1012 4115 1160 4154 novas
1185 4109 1446 4168 pretiosius
1465 4118 1516 4162 et
1536 4090 1658 4163 nova
1683 4090 1878 4183 condis;

621 4178 804 4233 Cultior
828 4193 906 4235 est
927 4186 1120 4239 Domini
1148 4192 1242 4225 *7”
1261 4199 1313 4245 te
1336 4195 1599 4254 famulante
1615 4201 1822 4268 domus;

560 4261 804 4329 Egregios
827 4271 984 4323 fontes
1001 4277 1126 4326 sacri
1147 4277 1446 4340 baptismatis
1471 4282 1673 4350 exples;
1703 4292 1710 4350 ξ

621 4348 739 4400 Tam
766 4354 861 4387 "’5
887 4357 960 4417 pia
985 4357 1146 4410 divino
1168 4361 1303 4414 fonte
1324 4365 1547 4428 repletus
1567 4348 1694 4433 agis.

563 4427 773 4482 Candida
799 4436 993 4487 sincero
1015 4442 1172 4494 radiat
1195 4443 1301 4494 haec
1325 4447 1434 4496 aula
1457 4427 1657 4514 serenb,

621 4511 699 4577 Et,
725 4517 764 4563 si
792 4518 864 4566 sol
888 4519 1067 4582 fugiat,
1092 4524 1172 4575 hic
1196 4536 1359 4578 manet
1385 4536 1489 4580 orta
1523 4511 1651 4584 dies;

555 4597 628 4646 Ad
655 4613 774 4650 nova
801 4606 980 4668 templa
1004 4611 1156 4661 avidae
1177 4625 1470 4667 concurrunt
1491 4620 1711 4685 undique
1735 4626 1921 4689 plebes.

616 4680 680 4733 Et
703 4684 874 4736 tribuis
897 4691 1088 4752 p0pulis
1110 4694 1218 4757 plus
1239 4699 1285 4747 in
1312 4713 1478 4752 amore
1503 4680 1682 4756 Deum.

556 4763 628 4814 Te
650 4767 866 4819 solamen
891 4773 1028 4837 inaps
1049 4780 1244 4844 meruit,
1270 4787 1323 4834 te
1347 4787 1508 4838 nudus
1530 4790 1781 4856 amictum,

615 4849 678 4901 Et
701 4851 833 4904 solus
850 4860 1037 4910 cunctis
1057 4869 1200 4924 potus
1222 4872 1273 4918 et
1299 4879 1412 4919 esca
1436 4881 1624 4924 manes.

2363 686 2606 752 Tempore
2631 698 2724 744 tam
2743 698 2928 750 modico
2954 714 3048 752 nou
3072 705 3306 757 moritura
3326 711 3493 771 paras!

2301 829 2515 882 Phoebus
2536 841 2591 884 ut
2615 836 2792 888 elatum
2819 845 3072 906 suspendit
3095 849 3146 896 in
3170 849 3356 900 aethera
3373 865 3572 901 currum

2361 913 2518 965 Purus
2537 925 2590 968 et
2611 920 2871 980 igniferum
2894 930 3080 990 spargit
3101 931 3286 995 ubique
3313 934 3461 996 jubar

2294 995 2473 1049 Effusis
2496 1003 2642 1053 radiis
2664 1012 2817 1057 totum
2843 1011 2939 1061 sibi
2957 1013 3179 1066 vendicat
3197 995 3392 1082 orbem,

2357 1078 2567 1144 Montes,
2597 1084 2738 1146 plana
2761 1090 2982 1154 replens,
3007 1095 3103 1145 ima
3121 1096 3201 1147 vel
3224 1100 3320 1148 alta
3345 1078 3520 1162 tenet;

2297 1159 2374 1209 Sic
2398 1165 2571 1223 praesul
2596 1167 2857 1228 splendore
2879 1174 3020 1224 animi
3044 1189 3151 1226 cum
3189 1180 3298 1230 sole
3322 1159 3569 1243 coruscas,

2356 1243 2443 1294 ille
2462 1248 2563 1296 suis
2586 1251 2736 1301 radiis
2761 1253 2936 1316 fulget,
2963 1267 3014 1308 et
3033 1261 3140 1321 ipse
3166 1264 3283 1325 tuis,

2291 1325 2505 1388 Agerice
2527 1343 2688 1396 sacer,
2714 1339 2852 1398 cujus
2874 1352 3102 1392 sermone
3121 1343 3317 1395 colente

2354 1409 2582 1462 Ecclesia:
2608 1424 2811 1478 segetes
2834 1419 3087 1473 fertilitate
3113 1425 3327 1490 placent,

2290 1490 2528 1546 Terrenis
2550 1499 2730 1550 sterilis
2751 1504 2916 1562 rebus.
2960 1507 3166 1558 feeunde
3189 1513 3437 1572 supernis,

2353 1575 2570 1629 Humana
2593 1594 2853 1646 spernens,
2889 1589 3025 1637 dives
3045 1593 3170 1640 iture
3195 1591 3336 1656 polis,

2288 1657 2540 1711 Illecebris
2561 1667 2725 1717 mundi
2750 1671 2956 1722 mundus
2978 1672 3154 1725 lasciva
3174 1677 3442 1740 repellens,

2349 1743 2426 1794 Nil
2445 1749 2522 1796 cui
2543 1750 2785 1812 subripuit
2804 1757 2964 1805 carnis
2985 1768 3179 1809 amarus
3203 1773 3355 1810 amor.

2287 1822 2494 1877 Lubrica
2517 1831 2657 1893 culpa
2676 1836 2805 1895 perit
2825 1850 2992 1900 neque
3013 1852 3145 1891 mors
3163 1843 3228 1892 de
3248 1846 3454 1896 crimine
3476 1845 3681 1909 gaudet,

2347 1910 2463 1958 Cum
2490 1917 2571 1962 tua
2591 1914 2784 1966 delictis
2803 1918 2956 1970 libera
2980 1923 3198 1973 membra
3226 1926 3384 1975 vides.

2355 1994 2549 2054 templis
2571 1996 2831 2050 habitando
2856 2004 2968 2066 piis,
2994 2007 3065 2056 sic
3090 2021 3238 2068 purus
3271 2009 3466 2060 haberis

2351 2071 2414 2122 Ut
2437 2081 2518 2122 tua
2542 2078 2705 2141 corda,
2724 2079 2892 2145 Pater,
2916 2085 3012 2134 sint
3037 2088 3112 2148 pia
3140 2086 3316 2148 templa
3335 2090 3429 2140 Dei

2284 2154 2438 2215 Eligit
2465 2159 2509 2206 in
2533 2158 2617 2210 tali
2642 2161 2859 2213 Christus
2879 2179 2935 2214 se
2971 2181 3085 2217 vase
3109 2171 3306 2220 recondi
3328 2187 3341 2232 ;

2342 2237 2495 2296 Quam
2518 2242 2608 2289 sibi
2638 2247 2862 2306 purgavit
2885 2249 3102 2308 possidet
3125 2254 3228 2314 ipse
3251 2253 3463 2306 domum.

2281 2319 2386 2370 Non
2403 2322 2544 2372 dolus
2568 2326 2616 2373 in
2641 2325 2794 2388 labiis,
2822 2341 2914 2380 nec
2937 2341 3052 2382 sunt
3076 2333 3178 2384 fera
3206 2337 3368 2386 nubila
3387 2341 3597 2404 mentis;

2342 2403 2562 2454 Sinceris
2578 2406 2749 2456 animis
2774 2420 2946 2462 vernat
2969 2414 3015 2462 in
3039 2427 3127 2466 ore
3150 2416 3276 2467 dies.

2277 2484 2584 2549 Doctilognm
2609 2489 2791 2542 ﬂumen
2816 2493 3009 2546 salienti
3029 2497 3162 2549 fonte
3179 2501 3420 2563 refundis,

2287 2600 2291 2604 —
2338 2566 2403 2618 Et
2442 2581 2619 2621 sensus
2641 2573 2841 2624 steriles
2861 2589 2979 2628 voce
3001 2582 3197 2642 rigante
3221 2582 3376 2635 foves.

2277 2648 2441 2700 Ardua
2463 2650 2695 2704 caelorum
2718 2660 2889 2719 pandis
2914 2665 3145 2724 mysteria
3170 2669 3342 2730 terris;

2336 2733 2436 2785 Per
2456 2749 2604 2798 quem
2630 2739 2738 2800 plus
2762 2739 3019 2793 Dominum
3056 2749 3165 2808 scit,
3193 2750 3350 2814 timet,
3373 2759 3501 2817 orat,
3524 2764 3676 2808 amat.

2272 2813 2514 2878 Dogmate
2533 2818 2718 2882 divino,
2747 2823 2921 2883 praesul
2943 2824 3166 2890 facunde,
3194 2813 3458 2894 triumphas

2333 2896 2484 2960 Dans,
2501 2909 2681 2963 pastor,
2708 2907 2904 2955 monitis
2927 2921 2990 2958 ne
3015 2920 3202 2972 premat
3222 2925 3360 2964 error
3381 2928 3524 2968 oves.

2270 2980 2477 3033 Delictis
2503 2983 2678 3049 reﬁcis,
2699 3000 2818 3048 quas
2840 2990 3018 3042 coelum
3038 2993 3158 3059 ⁸⁷⁸⁸,
3177 3009 3312 3058 arva,
3353 3001 3482 3050 unda
3505 3003 3746 3056 ministrat
3775 3006 3788 3068 ἶ

2332 3064 2395 3116 Ει
2417 3069 2562 3119 satiat
2584 3070 2808 3134 populos,
2833 3073 2947 3124 hinc
2969 3076 3125 3140 cibus,
3150 3079 3263 3131 inde
3291 3081 3427 3132 fides.

2267 3146 2430 3200 Sumit
2453 3164 2638 3214 pauper
2661 3165 2824 3216 opem,
2850 3157 3004 3208 tristis
3034 3172 3174 3222 spem
3194 3197 3212 3225 ,
3236 3164 3394 3214 nudus
3419 3168 3677 3232 amictum,

2329 3234 2501 3285 Omnia
2525 3239 2758 3300 quidquid
2783 3241 2873 3273 *7"
2895 3243 3050 3294 habes
3069 3248 3295 3298 omnbus
3329 3262 3442 3300 esse
3472 3251 3609 3303 facis.

2128 3340 2176 3406 Ο
2267 3314 2360 3367 Hic
2384 3318 2476 3368 tibi
2500 3318 2648 3406 longa
2671 3322 2802 3372 salus
2821 3334 3038 3389 maneat,
3061 3327 3179 3380 licet
3195 3332 3311 3382 inde
3333 3332 3515 3396 futura,

2331 3401 2498 3465 Atque
2519 3404 2623 3466 diu,
2648 3414 2830 3471 pastor,
2859 3423 2947 3472 pro
2965 3424 3127 3476 grege
3147 3421 3256 3466 vota
3280 3415 3429 3468 feras.

2271 3549 2303 3602 7
2332 3549 2447 3605 ‘7”.
2473 3550 2586 3623 (an.
2609 3551 2736 3624 588)
2753 3554 2882 3612 Post
2908 3568 3156 3615 sanctum
3176 3561 3468 3634 Agericum
3498 3565 3790 3624 Buciowal-

2204 3639 2304 3695 dus
2330 3642 2551 3711 quidam
2597 3644 2762 3702 abbas
2792 3649 3162 3720 episcopatum
3194 3655 3418 3711 ambivit
3439 3699 3453 3724 ,
3502 3659 3601 3713 sed
3624 3701 3641 3725 ,
3677 3663 3788 3731 quia

2199 3744 2342 3789 esset
2379 3737 2659 3804 superbus,
2701 3739 2836 3795 nihil
2889 3742 3139 3800 obtinuit.
3199 3748 3553 3805 Caramerum
3591 3753 3688 3787 ¹⁷⁶⁶
3718 3770 3791 3808 re-

2198 3825 2563 3885 ferendarium
2596 3847 2720 3887 cum
2761 3849 3027 3891 consensu
3075 3839 3273 3894 civium
3315 3843 3514 3914 regalis
3555 3845 3790 3902 decuerit

2197 3921 2491 3977 auctoritas
2523 3923 2617 3955 ¹⁸⁰⁰
2649 3923 2767 3980 ﬁeri
2802 3928 3114 4000 episcOpum
3150 3931 3319 4005 (596).
3350 3934 3482 3990 Post
3512 3936 3605 3969 ³⁸³⁸
3635 3937 3789 3993 Cara.

2195 4027 2406 4068 merum
2452 4012 2601 4087 (597)
2652 4017 3024 4077 Ermenfridus
3067 4021 3189 4078 fuit.
3239 4025 3316 4080 De
3364 4028 3564 4097 quibus
3591 4031 3788 4085 nullam

2195 4104 2354 4159 aliam
2405 4103 2666 4164 habemus
2722 4113 3079 4181 memoriam,
3132 4116 3238 4170 nisi
3288 4118 3433 4187 quod
3491 4119 3547 4174 in
3610 4123 3788 4178 ordine

2193 4199 2569 4272 episcoporum
2621 4204 2861 4275 episcopi
2906 4215 3033 4262 sunt
3083 4208 3309 4279 reperti.

2262 4322 2315 4377 8.
2365 4322 2476 4393 (an.
2508 4323 2636 4396 560)
2685 4325 2815 4382 Post
2858 4328 3257 4388 Ermenfridum
3321 4341 3533 4390 tractus
3579 4348 3673 4393 est
3731 4339 3782 4392 de

2189 4416 2523 4472 monasterio
2587 4418 2881 4492 Theolegio
2929 4422 3078 4495 (598)
3130 4435 3352 4482 sanctus
3409 4426 3656 4497 Paulus,
3706 4431 3782 4501 qui

2188 4505 2292 4562 fuit
2328 4505 2498 4564 frater
2537 4509 2712 4580 (599)
2755 4515 2925 4570 sancti
2963 4516 3219 4573 Germani
3255 4519 3656 4578 Parisiaeensis
3686 4527 3782 4595 epi-

2189 4601 2374 4670 scopi,
2415 4609 2472 4656 et
2523 4603 2578 4657 in
2624 4604 2724 4660 ista
2747 4605 3013 4673 zEcclesia
3066 4611 3350 4682 episcopus
3408 4627 3776 4671 consecratus.

2189 4690 2356 4761 Cujus
2404 4697 2666 4751 memoria
2713 4687 2911 4755 aeterna
2953 4705 3080 4774 est.:
3107 4701 3241 4759 Nam
3284 4721 3452 4778 nepos
3494 4707 3776 4779 Dagoberti

2189 4787 2332 4858 regis
2379 4787 2568 4845 Grimo
2613 4790 2907 4860 diaconus,
2959 4795 3053 4867 qui
3105 4806 3161 4853 et
3209 4796 3499 4869 Adelgisus
3554 4801 3747 4855 dicitur

2189 4892 2311 4934 cum
2352 4879 2544 4939 fuisset
2584 4898 2614 4938 a
2659 4895 2845 4942 sancto
2889 4887 3058 4947 Paulo
3098 4890 3166 4946 ab
3196 4890 3425 4948 infantia
3465 4908 3774 4951 reverenter

1771 4982 2023 5041 'VARUE
2064 4987 2465 5049 LECTIONES.

565 5049 655 5083 ¹⁷⁹¹
682 5052 940 5164 quidquic
959 5059 1006 5112 ίτ
1043 5061 1135 5097 ¹⁷⁹²
1160 5076 1224 5118 ex
1239 5074 1408 5164 ::::lJe
1433 5084 1641 5125 erasum
1657 5071 1711 5164 lu;
1730 5073 1838 5164 1.7""
1853 5087 2081 5148 angusto
2106 5081 2154 5134 1.
2177 5081 2269 5114 ‘7”
2290 5080 2381 5141 Fls
2398 5085 2447 5138 1.
2470 5085 2919 5164 ""J'resyefsus
2936 5103 3225 5164 sequentes.
3240 5097 3330 5162 aui
3341 5097 3397 5149 in
3415 5097 3467 5150 1.
3485 5100 3766 5152 maximam

565 5131 682 5164 rlmn
727 5142 804 5164 om
840 5141 1099 5164 ηοηιιουκο
1167 5151 1227 5164 ι...
1395 5156 1440 5164 --
1454 5142 1604 5164 _...---__-
1717 5146 1737 5164 α
1854 5147 1908 5164 _u
2047 5151 2061 5164 .
2125 5152 2213 5164 ...-
2344 5155 2354 5164 .
2380 5157 2392 5164 .
2475 5157 2486 5164 .

485 5131 684 5188 partem
708 5124 809 5209 legi
831 5124 1122 5224 nequeunt,
1163 5151 1227 5189 ea:
1253 5137 1310 5191 2.
1352 5139 1623 5224 descripsi.
1663 5124 1764 5178 1""
1798 5124 2213 5204 céii'ti’ii'i"i".'ﬁ"

2266 5155 2522 5233 quidq‘ttic
2568 5158 2620 5211 1.
2669 5160 2760 5233 1⁷⁸⁸
2801 5160 2889 5216 VI.
2916 5164 2966 5217 1.
3004 5155 3094 5199 ⁵⁷³⁸
3120 5155 3291 5219 rub'ro'
3311 5176 3610 5222 atramento
3647 5171 3696 5222 in
3723 5170 3764 5233 1,

1896 5198 2001 5201 -κ---
2045 5198 2091 5204 --
2307 5198 2408 5208 νει-ι
2438 5198 2522 5212 μιν
2572 5198 2620 5211 ια
2818 5198 2889 5216 νιο
2921 5198 2966 5217 ι·
3079 5198 3084 5199 ⁷
3121 5198 3277 5219 ιιιυιυ
3311 5198 3609 5222 υιιιιιηςηιυ

484 5198 875 5266 superjtontine
902 5199 974 5256 XI
994 5205 1247 5275 scriptum
1293 5220 1400 5276 ear,
1431 5221 1481 5266 et
1514 5198 1589 5268 ita
1618 5198 1828 5287 semper
1851 5198 2065 5274 numeri
2108 5198 2322 5293 adjeci‘i.
2351 5302 2354 5303 ν
2379 5198 2470 5259 ²έ⁰⁰
2523 5231 2780 5288 actoritas
2834 5234 2886 5288 1.
2933 5234 3023 5268 ¹⁸⁰¹
3057 5251 3106 5290 c.
3162 5236 3269 5293 Vll.
3321 5238 3508 5318 incipit
3557 5241 3609 5295 1.

2010 5313 2239 5376 NOTIE.

551 5381 700 5458 (589)
732 5385 983 5446 Mansos?
1012 5390 1150 5458 Quid
1182 5396 1283 5451 sibi
1313 5397 1670 5457 velitnescio.

554 5454 705 5547 (590)
739 5458 942 5544 Manlia}
997 5454 1172 5547 prope
1223 5454 1438 5547 Μελίτη.
1489 5454 1967 5547 ut:Wassehourg
2015 5485 2071 5533 et

480 5523 711 5591 Calmet,
745 5545 880 5598 quos
916 5533 968 5588 in
997 5523 1083 5590 his
1104 5523 1437 5598 nominibus
1464 5523 1799 5614 esplicandis
1847 5523 2069 5606 sectt’ttus

478 5610 623 5658 sum.
654 5606 975 5660 statuerunt.

548 5668 674 5750 l
726 5670 860 5750 [:ttce
881 5684 934 5729 et
961 5675 1122 5750 Brige.

549 5739 700 5812 (592)
730 5742 962 5816 Marcet],
997 5739 1299 5826 szmpitmy,
1335 5757 1736 5829 Commeniéres,
1766 5762 2070 5821 Marchain-

477 5809 611 5871 vili'e,
665 5813 914 5871 Harville.

736 5886 1334 5968 Qitarnuehlycuvilly.

553 5951 702 6028 (594)
731 5956 815 6014 Cf.
845 5951 998 6019 Paul.
1034 5962 1182 6023 Diae.
1214 5951 1351 6027 Hist.
1383 5971 1553 6045 Lang.
1589 5991 1649 6044 ll,
1672 5979 1724 6034 9.

2258 5413 2407 5488 (595)
2438 5415 2715 5474 Fortunati
2746 5421 2988 5476 carmina
3014 5438 3100 5488 ιιι,
3129 5423 3223 5488 9.9,
3249 5424 3338 5479 50.

2251 5486 2732 5580 έξὲἕέίίἷκβηθὲσ
2785 5486 3219 5580 Τ¹¹Γέη¹πλνῗ⁵ί
3472 5567 3486 5580 -
3599 5569 3612 5580 -
3723 5567 3735 5579 ο

2249 5556 2400 5637 (597)
2440 5556 2720 5637 [ἦρι-ιοῄμέ
2778 5565 2960 5619 omisit
3015 5564 3330 5637 Godonem.
3393 5567 3486 5637 qui
3534 5567 3758 5623 subscri-

2175 5627 2284 5695 psit
2330 5627 2558 5687 concilio
2611 5632 2904 5690 llltemensi
2955 5652 3044 5691 an.
3090 5636 3196 5692 265
3273 5627 3441 5694 cene.
3473 5642 3563 5696 ed.
3594 5638 3750 5693 Latii».

2184 5698 2258 5766 V,
2311 5717 2392 5768 p.‘
2428 5701 2584 5759 1689.

2454 5772 2648 5847 Ἠιοιευ
2677 5793 2868 5847 (prope
2915 5776 3336 5837 Saint-Wendel.

2249 5841 2396 5915 (599)
2456 5841 2634 5910 Ουοὼ
2662 5841 2858 5905 falsum
2914 5865 3034 5908 esse
3097 5854 3308 5910 monuit
3373 5854 3570 5912 Mahill.
3625 5858 3748 5908 Acta

2176 5912 2266 5982 u,
2299 5930 2354 5985 p.
2378 5912 2527 5973 aes.
