3920 6472
67 381 205 434 513

990 376 1077 431 DE
1110 375 1353 434 GES'l‘lS
1386 373 1873 435 EPISCOPORUM
1916 376 2454 436 VIRDUNENSIUM.

3278 385 3384 443 514

64 488 400 552 educatus,
449 499 548 556 pro
591 497 778 540 amore
832 483 1002 554 ipsius
1046 485 1308 542 antistitis
1358 503 1511 542 suam
1564 503 1692 559 pro-
1722 486 1923 551 Alites
1974 487 2313 556 invaserant,
2367 489 2620 557 retinuit,
2678 497 2735 546 et
2790 491 2967 548 adhuc
3016 492 3153 550 Casa
3205 496 3384 556 Petria

64 580 412 648 prietatem,
452 577 505 632 id
539 586 622 633 est
651 575 1001 647 Theolegium
1031 578 1455 643 monasterium,
1489 589 1694 634 sanctae

64 668 284 724 Mariae
330 669 386 724 in
419 668 698 733 Virduno,
744 682 843 723 suo
885 667 1092 738 pariter
1129 677 1184 723 et
1222 668 1515 726 multorum
1564 672 1693 727 ﬁde-

64 761 230 816 lium
291 761 528 832 scripto,
579 759 636 816 in
688 759 1020 830 sempiterno
1077 760 1382 817 habendum
1436 763 1687 830 tradidit,

65 853 382 907 roboravit
420 859 475 907 et
519 851 666 906 omni
708 852 1038 907 auctoritate
1072 853 1330 908 ﬁrmavit.
1363 854 1687 910 Frasnidum

68 947 248 1017 (400)
313 961 445 1002 vero
507 945 693 1000 villam
750 945 893 1000 idem
946 944 1132 1001 Grimo
1181 962 1279 1017 pro
1340 962 1442 1002 sua
1491 947 1692 1017 pietate

66 1039 266 1093 victui
305 1037 538 1101 fratrum
586 1045 898 1094 nostrorum
949 1037 1245 1108 delegavit.
1291 1037 1524 1095 Sanctus
1561 1054 1691 1095 vero

67 1129 298 1186 Paulus
337 1128 759 1185 Basonisvillare
800 1129 868 1184 de
908 1129 1022 1184 suis
1068 1129 1367 1185 redditibus
1403 1145 1692 1200 compara-

70 1225 186 1278 vit.
242 1223 596 1294 Privilegium
645 1221 849 1278 etenim
904 1223 1106 1278 nostris
1155 1225 1435 1280 canonicis
1491 1227 1556 1280 de
1603 1240 1695 1279 an-

73 1322 430 1392 tiquioribus
461 1321 600 1376 villis
625 1319 786 1384 fecit,
832 1329 888 1375 et
916 1321 1029 1376 suis
1073 1321 1325 1376 manibus
1353 1321 1693 1392 aliorumque

74 1417 408 1486 episcorum
449 1415 623 1485 ipsum
664 1413 764 1469 sub
792 1412 976 1468 divina
1007 1415 1356 1470 attestatione
1391 1414 1690 1469 roboravit.
1718 1435 1724 1440 ι

75 1506 163 1560 De
245 1504 536 1560 virtutibus
601 1513 781 1558 autem
851 1505 1024 1560 sancti
1072 1504 1252 1560 Patris
1313 1505 1485 1561 nostri
1549 1504 1693 1560 istud

78 1597 354 1653 mirabile
398 1597 721 1652 audivimus.
779 1595 915 1651 Cum
967 1597 1144 1652 adhuc
1194 1599 1553 1653 monasticam
1607 1597 1691 1651 vi-

76 1698 205 1745 tam
278 1689 484 1745 ducens
550 1689 605 1742 in
654 1687 941 1759 pistrinum
1025 1687 1256 1743 fratrum
1329 1687 1693 1744 obedientiam

79 1783 429 1848 habuisset,
497 1789 552 1838 et
615 1781 835 1836 timeret
886 1797 956 1837 ne
1025 1783 1158 1837 hora
1226 1791 1426 1838 statuta
1499 1783 1694 1838 fratres

1796 587 2007 634 retenta
2054 588 2156 635 est.

1868 674 1956 730 i2.
1999 674 2109 746 (an.
2149 675 2274 746 725)
2316 676 2444 733 Post
2489 677 2633 752 hunc
2682 680 2895 736 exstitit
2938 681 3234 739 Voschisus
3259 685 3382 755 epi-

1795 777 1994 835 scopus
2034 775 2091 820 et
2132 765 2402 838 Agroinus
2440 769 2744 840 episcopus.
2798 772 2865 826 Et
2913 782 3036 844 post
3083 774 3244 830 istum
3289 774 3391 831 fuit

1795 858 1984 914 multis
2019 859 2210 915 diebus
2248 862 2591 932 episcopatus
2631 880 2853 921 vacuus.
2882 867 2994 938 (an.
3033 868 3159 939 755)
3183 869 3387 925 Deinde

1795 947 2005 1004 exstitit
2044 949 2275 1005 domnus
2322 949 2631 1009 Madelveus
2675 955 2992 1026 episcopus,
3041 958 3131 1028 qui
3169 956 3274 1013 fuit
3322 959 3390 1015 de

1795 1038 2004 1095 familia
2057 1041 2218 1110 hujus
2273 1043 2572 1110 Ecclesiae,
2628 1053 2684 1101 et
2739 1049 2948 1102 exstitit
3007 1048 3091 1102 vir
3164 1060 3389 1107 sanctus

1795 1139 1852 1186 et
1899 1131 2100 1202 justus.
2152 1131 2317 1204 Cujus
2369 1134 2636 1190 industria
2706 1145 2762 1191 et
2813 1138 2992 1193 studio
3062 1138 3235 1194 fertur
3292 1156 3390 1211 per

1795 1225 2101 1296 precariam
2129 1227 2430 1283 obtinuisse
2461 1245 2585 1284 eum
2617 1230 2914 1286 Wasnaum
2947 1231 3096 1302 (407)
3143 1242 3198 1288 et
3229 1233 3390 1288 War-

1797 1318 1959 1373 nunci
2005 1327 2213 1374 curtem
2261 1328 2317 1375 et
2365 1319 2760 1377 Ramisbatium
2817 1323 2965 1394 (408)
3017 1333 3074 1378 et
3127 1325 3231 1380 alia
3277 1328 3391 1396 plu-

1796 1411 1969 1476 rima,
2020 1412 2163 1468 sicut
2215 1423 2431 1484 egomet
2477 1415 2530 1469 in
2577 1415 2784 1471 chartis
2831 1415 2948 1485 ejus
2997 1417 3247 1473 manibus
3299 1433 3389 1473 ro-

1795 1500 2000 1557 boratis
2031 1501 2158 1573 legi.
2189 1504 2300 1574 (an.
2339 1502 2464 1574 750)
2489 1504 2654 1575 Cujus
2691 1506 2854 1561 etiam
2903 1515 3147 1577 tempore
3194 1510 3387 1564 domus

1797 1590 1957 1646 istius
1991 1589 2248 1646 Ecclesia:
2296 1594 2538 1662 peccatis
2582 1595 2924 1664 exigentibus
2954 1595 3056 1651 fuit
3099 1611 3380 1654 succensa.

1795 1681 1864 1736 Et
1923 1681 1992 1737 ob
2045 1683 2149 1738 hoc
2216 1699 2313 1754 per
2372 1683 2603 1740 Galliam
2658 1696 2714 1740 et
2774 1686 2980 1741 Italiam
3046 1697 3101 1744 et
3152 1690 3234 1745 sic
3297 1707 3394 1761 per

1798 1771 2055 1828 Gratiam
2103 1783 2159 1829 et
2201 1773 2405 1845 Joppen
2458 1791 2581 1831 cum
2635 1792 2832 1849 magna
2881 1779 3095 1834 viarum
3145 1781 3396 1852 angustia

78 1890 296 1945 panem
342 1872 542 1928 habere
583 1872 886 1942 potuissent
939 1871 1110 1941 ejecto
1160 1873 1280 1943 igne
1337 1874 1401 1928 de
1445 1872 1694 1940 clibano,
1723 1887 1772 1945 Β
1801 1861 2232 1935 Hierosolymam
2279 1865 2526 1935 pervenit
2553 1875 2608 1920 et
2656 1883 2687 1920 a
2727 1867 3041 1937 patriarcha
3079 1867 3248 1939 ipsius
3290 1870 3395 1926 loci

84 1967 212 2036 ipse
277 1967 426 2021 intus
481 1965 761 2037 ingressus
822 1979 946 2020 cum
1007 1964 1220 2020 cuculla
1273 1980 1371 2020 sua
1421 1965 1694 2020 clibanum

82 2056 385 2128 purgavit,
431 2065 489 2111 et
532 2069 732 2125 panem
778 2054 887 2110 illic
935 2053 1004 2109 ad
1059 2055 1402 2124 coquendum
1458 2055 1551 2095 ¹⁶⁰²
1603 2071 1696 2110 or-

87 2146 347 2212 dinavit,
401 2159 672 2215 sanusque
716 2143 864 2202 foras
906 2160 1156 2216 egressus
1206 2161 1403 2216 panem
1449 2154 1696 2202 sanctum

86 2234 364 2291 fratribus
409 2237 464 2291 in
514 2235 801 2291 refectorio
858 2244 1102 2307 tempore
1149 2246 1352 2294 statuto
1401 2238 1694 2294 distribuit.

90 2328 234 2400 ι.δεί
282 2337 342 2384 et
383 2329 529 2400 picta
581 2328 692 2384 vidi
732 2327 899 2384 multa
946 2330 1210 2385 miracula
1247 2346 1368 2400 quae
1408 2331 1596 2387 vivens
1643 2331 1697 2386 in

87 2423 421 2492 episcopatu
470 2423 611 2494 egit,
661 2431 717 2478 et
767 2431 894 2493 post
935 2438 1219 2479 excessum
1262 2425 1471 2495 positus
1507 2424 1564 2478 in
1597 2424 1696 2479 ba-

95 2512 253 2567 silica
291 2512 464 2568 sancti
501 2511 782 2568 Saturnini
815 2514 926 2570 Deo
972 2523 1296 2583 cooperante
1335 2513 1482 2569 fecit.
1515 2513 1698 2568 Caecos

94 2621 342 2676 namque
371 2605 728 2672 illuminavit,
759 2605 937 2660 surdis
976 2607 1218 2661 auditum
1267 2606 1442 2670 dedit,
1489 2605 1699 2661 claudis

95 2713 353 2770 gressum
397 2698 660 2769 praebuit,
705 2708 935 2771 aegrotos
986 2715 1019 2755 a
1082 2701 1245 2755 variis
1293 2700 1699 2756 inﬁrmitatibus

95 2792 338 2847 curavit.
393 2792 463 2847 Et
515 2792 646 2863 quid
717 2793 906 2863 plura?
961 2793 1126 2849 Istam
1182 2794 1481 2850 Ecclesiam
1536 2795 1700 2850 rebus

99 2883 497 2955 temporalibus
551 2882 813 2939 dilatavit.
863 2885 930 2940 Et
981 2884 1127 2940 Deus
1179 2885 1521 2955 omnipotens
1584 2885 1700 2940 ani-

98 2991 249 3031 mam
301 2975 452 3056 illius,
482 2993 606 3032 cum
648 2977 928 3049 omnibus,
944 2977 1150 3034 sanctis
1194 2977 1251 3033 in
1279 2987 1484 3034 aeterna
1527 2977 1699 3050 gloria

98 3071 219 3125 sine
264 3070 376 3126 ﬁne
422 3071 656 3141 gaudere
694 3072 843 3128 facit.

168 3162 224 3218 9.
273 3162 406 3218 Post
432 3164 574 3219 hunc
601 3165 809 3220 exstitit
833 3163 1174 3229 Gisloaldus,
1207 3165 1568 3232 Gerebertus,
1597 3164 1702 3219 Ar-

101 3257 348 3324 moinus,
374 3256 704 3328 Agrebertus
743 3258 1002 3328 episcopi.
1037 3257 1152 3329 (an.
1197 3257 1324 3330 648)
1356 3257 1528 3327 Hujus
1555 3265 1696 3314 tem-
1726 3276 1772 3340 ο

101 3363 233 3418 pore
247 3357 472 3403 sanctus
485 3346 785 3421 Crodingus
798 3349 1132 3422 Waslogium
1146 3350 1295 3422 (401)
1310 3352 1699 3408 monasterium

101 3441 415 3497 construxit
465 3450 521 3497 et
549 3442 650 3497 sub
696 3443 898 3499 ditione
941 3453 1142 3500 nostrae
1191 3444 1449 3500 Ecclesiae
1495 3444 1696 3516 posuit.

172 3532 270 3588 10.
320 3533 453 3589 Post
501 3534 646 3590 hunc
693 3535 1054 3590 Bertalamius
1081 3536 1388 3606 episcopus.
1423 3537 1532 3605 (an.
1572 3533 1696 3604 710)

104 3627 284 3696 llujus
317 3628 495 3683 studio
535 3637 590 3683 et
618 3628 882 3684 industria
915 3627 1270 3698 Mactigisilus
1316 3637 1370 3683 et
1409 3641 1548 3682 uxor
1584 3627 1701 3698 ejus

103 3719 318 3776 Hecbia
361 3718 642 3775 Tilliacum
689 3719 838 3792 (402)
883 3719 1078 3776 ﬁscum
1117 3729 1172 3774 et
1211 3729 1464 3790 stagnum
1518 3726 1572 3773 et
1599 3716 1702 3772 Ca-

104 3825 224 3865 sam
255 3807 494 3865 Petriain
523 3817 725 3865 nostra:
774 3811 1067 3876 Ecclesiae,
1116 3809 1513 3864 Frumisiacam
1547 3806 1697 3880 (405)

103 3902 295 3956 villam
326 3900 588 3956 fratribus
634 3902 835 3958 nostris
878 3910 935 3957 et
982 3901 1088 3956 alia
1117 3917 1280 3970 quam
1332 3900 1566 3972 plurima
1599 3915 1700 3971 pro

104 3990 354 4048 remedio
391 3977 586 4047 a'nimze
637 4007 748 4048 suae
789 3992 957 4048 dedit.
1393 4063 1398 4068 '

174 4083 270 4137 11.
313 4081 426 4152 (an.
454 4081 579 4152 716)
615 4081 746 4137 Post
773 4083 918 4138 hunc
941 4083 1095 4138 Abbo
1118 4082 1404 4153 episcopus
1426 4090 1484 4137 et
1507 4081 1700 4137 deinde

103 4170 294 4244 Peppo
353 4173 654 4245 episcopus.
709 4172 879 4244 Hujus
941 4184 1185 4244 tempore
1242 4175 1449 4230 exstitit
1507 4173 1700 4229 seditio

104 4282 214 4322 non
275 4266 489 4322 modica
546 4266 691 4324 inter
745 4267 997 4323 Carolum
1058 4269 1293 4338 primum
1356 4267 1448 4338 qui
1503 4267 1702 4322 dicitur

105 4356 338 4412 Carolus
366 4357 676 4426 Martellus,
711 4367 767 4414 et
793 4359 1134 4415 Rainfridum
1183 4360 1516 4416 Francorum
1546 4360 1698 4430 prin-

103 4447 308 4516 cipem.
372 4447 471 4517 Et,
525 4450 661 4521 quiaf
699 4450 881 4522 Peppo
935 4451 1180 4522 partibus
1225 4451 1403 4508 Caroli
1459 4461 1702 4522 tempore

105 4541 395 4597 seditionis
463 4542 640 4610 favit,
702 4544 936 4600 obtinuit
993 4546 1169 4617 pretio
1222 4562 1342 4601 cum
1398 4546 1592 4603 Carolo
1645 4555 1703 4602 et

1801 1957 2093 2013 multorum
2162 1967 2472 2014 sanctorum
2541 1959 2800 2030 reliquias
2866 1961 3144 2028 obtinuit,
3199 1971 3253 2018 et
3300 1977 3395 2020 eas

1801 2063 1926 2103 cum
1975 2048 2145 2104 calice
2195 2049 2494 2106 cristallino
2538 2065 2704 2122 opere
2745 2051 2974 2109 miriﬁco
3020 2053 3232 2124 sculpto
3281 2053 3397 2108 Vir-

1801 2139 2004 2194 dunum
2053 2141 2390 2210 apportavit,
2439 2148 2492 2196 et
2539 2141 2594 2197 in
2652 2142 2938 2215 principali
2993 2143 3239 2200 Ecclesia
3293 2161 3394 2200 no-

1801 2237 1914 2301 stra
1979 2231 2361 2286 venerabiliter
2425 2248 2519 2288 eas
2567 2232 2877 2290 collocavit.
2927 2234 3205 2306 Reliquias
3265 2252 3397 2292 vero

1800 2337 1921 2392 quae
1981 2322 2204 2378 fuerunt
2264 2324 2320 2378 in
2379 2326 2678 2395 antiquiori
2757 2326 3001 2383 Ecclesia
3057 2328 3113 2382 in
3175 2328 3396 2384 dextera

1797 2425 1956 2486 parte
1999 2416 2190 2473 altaris
2225 2428 2427 2474 sanctae
2470 2419 2653 2475 Mariae
2701 2422 2758 2476 in
2803 2431 2990 2494 crypta
3040 2424 3395 2481 subterranea

1799 2507 2061 2577 reposuit.
2121 2508 2246 2563 Fuit
2293 2511 2438 2565 enim
2492 2521 2735 2584 tempore
2784 2512 2962 2586 Pipini
3019 2517 3164 2586 regis
3227 2532 3397 2587 usque

1799 2599 1866 2653 ad
1931 2607 2141 2671 tempus
2199 2601 2378 2658 Caroli
2440 2602 2664 2676 Magni,
2725 2615 2780 2662 et
2839 2605 2975 2662 obiit
3032 2607 3087 2662 in
3149 2609 3396 2680 proxima

1800 2697 1925 2752 villa
1970 2714 2088 2768 quae
2134 2700 2335 2756 dicitur
2379 2700 2682 2757 Novavilla.
2734 2704 2870 2759 Cum
2922 2718 3050 2760 vero
3102 2705 3229 2760 inde
3271 2722 3398 2777 por-

1801 2793 2010 2846 taretur
2065 2793 2134 2847 ad
2200 2791 2459 2850 Sanctum
2522 2794 2743 2850 Petrum
2813 2797 2928 2852 sive
2995 2797 3062 2852 ad
3134 2797 3394 2854 Sanctum

1800 2883 2088 2952 Vitonum,
2138 2885 2312 2942 fertur
2369 2889 2512 2958 quod
2563 2903 2726 2960 super
2780 2904 3034 2956 crucem,
3085 2889 3396 2945 videntibus

1801 2977 2039 3042 cunctis,
2107 2979 2225 3034 dua:
2278 2979 2540 3036 columba:
2595 2983 2838 3037 candidae
2897 2981 3038 3037 sicut
3091 2982 3185 3036 nix
3233 2997 3396 3038 vene-

1801 3070 1914 3125 rint
1963 3079 2018 3126 et
2072 3072 2127 3126 in
2181 3073 2371 3128 eadem
2421 3088 2594 3144 usque
2647 3074 2774 3129 dum
2823 3089 3022 3145 corpus
3062 3075 3180 3145 ejus
3223 3075 3402 3145 sepul-

1802 3169 1938 3217 turae
1995 3163 2251 3218 traditum
2309 3164 2502 3221 fuisset
2557 3164 2835 3222 sederunt.
2902 3167 3070 3221 Multa
3133 3167 3397 3237 siquidem

1802 3250 1942 3308 bona
1987 3253 2044 3308 in
2089 3255 2193 3308 ista
2263 3255 2506 3311 Ecclesia
2555 3256 2857 3312 constituit.
2910 3257 3045 3311 Nam
3111 3266 3166 3312 et
3220 3258 3407 3313 Ecclc-.

1802 3345 1913 3400 sias
1970 3345 2024 3400 in
2089 3345 2194 3401 ista
2248 3346 2467 3402 civitate
2523 3347 2679 3402 valde
2736 3346 2876 3402 bene
2935 3349 3286 3411 construxit,
3346 3357 3401 3402 et

1802 3437 2012 3493 clerum
2060 3446 2116 3492 et
2166 3438 2422 3509 populum
2477 3438 2635 3494 istius
2710 3439 2969 3494 Ecclesiae
3019 3439 3401 3495 venerabiliter

1803 3527 2115 3594 ordinavit,
2175 3537 2231 3584 et
2287 3528 2511 3584 evidens
2563 3538 2721 3599 pater
2777 3539 2832 3584 et
2888 3530 3176 3600 episcopus
3242 3531 3401 3586 istius

1804 3619 2058 3674 Ecclesiae
2127 3621 2354 3676 exstitit.
2403 3621 2514 3676 Res
2558 3623 2756 3687 etiam,
2803 3638 2922 3692 quae
2967 3633 3094 3677 sunt
3136 3623 3192 3676 in
3239 3623 3400 3693 Equi-

1804 3711 1950 3766 tania
2012 3711 2308 3780 antiquitus
2378 3712 2466 3766 isti
2531 3711 2798 3780 Ecclesiaaf
2853 3710 3144 3782 subjectae,
3207 3712 3261 3767 id
3317 3721 3401 3766 est

1804 3803 2019 3858 abbatia
2073 3804 2249 3860 sancti
2303 3804 2544 3859 Amantii
2607 3804 2756 3876 (409)
2811 3804 2865 3859 in
2914 3803 3160 3860 Rodonia
3208 3805 3310 3860 sita
3348 3812 3399 3858 et

1803 3894 2201 3951 Maderniacum
2255 3903 2311 3950 et
2360 3895 2698 3952 Puliniacum
2739 3895 3054 3966 frequenter
3104 3896 3400 3964 visitabat,

1801 3998 1856 4045 et
1913 3997 2065 4062 gesta
2119 3989 2502 4059 praedictorum
2560 3988 2877 4060 pontiﬁcum
2939 3996 3254 4044 nostrorum
3315 4004 3401 4043 se-

1803 4095 1926 4135 cum
1971 4079 2218 4146 ferebat,
2259 4087 2321 4133 ut
2353 4094 2451 4149 per
2495 4078 2710 4134 illorum
2759 4079 2952 4134 merita
2986 4079 3108 4134 illas
3157 4095 3247 4134 res
3286 4078 3399 4134 lon-

1802 4172 1924 4242 gius
1995 4171 2130 4226 sitas
2205 4170 2434 4226 liberius
2498 4171 2776 4240 possidere
2831 4171 3118 4240 quivisset.
3171 4170 3240 4225 Et
3302 4187 3400 4241 pro

1804 4264 1908 4319 bac
1947 4263 2236 4319 occasione
2293 4263 2480 4318 dicunt
2519 4264 2663 4333 quod
2713 4263 2973 4318 miracula
3026 4263 3202 4318 sancti
3254 4264 3399 4334 Age-

1802 4356 1902 4413 rici
1940 4356 1996 4410 in
2032 4353 2269 4411 Massilia
2306 4354 2578 4424 descripta
2620 4354 2911 4410 habentur.
2951 4353 3019 4408 Et
3055 4352 3178 4407 Vita
3227 4355 3396 4409 sancti

1802 4449 1984 4506 Vitoni
2051 4457 2107 4504 ct
2171 4447 2347 4504 sancti
2420 4446 2572 4502 Pauli
2624 4447 2772 4519 (410)
2818 4461 2916 4518 per
2972 4447 3228 4518 contigua
3279 4446 3398 4502 loca

1801 4545 1942 4602 ultra
1995 4543 2266 4616 Liggerim
2319 4543 2546 4612 reperiri
2603 4541 2872 4597 feruntur.
2935 4540 3101 4611 Cujus
3163 4556 3396 4612 corpus,

105 4631 345 4700 quodam
372 4633 539 4689 nobili
583 4633 790 4690 vasallo
824 4635 942 4707 ejus
965 4634 1304 4692 Calmontem
1330 4636 1515 4692 villam
1549 4637 1697 4708 (404)
1723 4645 1777 4706 1)
1802 4641 1950 4696 dictu
1995 4637 2280 4694 mirabile!
2330 4645 2455 4708 post
2494 4635 2850 4708 quadraginta
2902 4650 3075 4691 annos
3126 4633 3397 4705 integrum

105 4739 232 4779 cum
303 4725 556 4781 omnibus
621 4727 946 4798 appenditiis
1014 4728 1148 4784 suis.
1211 4727 1507 4800 Postquam
1567 4743 1699 4784 vero

104 4813 306 4872 Carolo
356 4819 496 4875 Deus
550 4819 800 4875 solidavit
847 4818 1183 4876 Francorum
1242 4836 1501 4893 regnum,
1553 4821 1701 4877 dedit

106 4906 277 4961 etiam
330 4907 585 4965 Ecclesim
642 4917 844 4965 nostra:
883 4908 1109 4965 Pontem
1155 4909 1394 4966 Petrium
1441 4908 1592 4982 (405)
1647 4920 1702 4965 et

109 5011 208 5054 suo
283 4999 487 5071 scripto
541 5001 698 5058 nobis
757 5015 879 5057 eam
937 5001 1208 5058 solidavit.
1270 5001 1491 5057 Merlam
1548 4999 1698 5072 (406)

109 5100 240 5146 vero
297 5098 358 5146 et
400 5090 595 5148 Casam
642 5091 736 5124 ¹⁸⁰³
777 5089 1048 5160 Petriam,
1097 5092 1225 5163 quia
1266 5107 1360 5149 eas
1404 5092 1488 5148 sui
1537 5083 1697 5148 satel;

1802 4738 2076 4802 repertum
2150 4737 2267 4796 est,
2319 4737 2373 4784 et
2444 4726 2535 4782 ubi
2608 4742 2754 4783 nunc
2807 4725 2955 4796 jacet
3009 4725 3394 4782 venerabiliter

1801 4822 2140 4879 reconditum
2200 4828 2300 4876 est.

1876 4915 1965 4969 15.
2025 4912 2155 4967 Post
2206 4904 2353 4966 hunc
2402 4910 2746 4982 episc0patus
2791 4910 2948 4966 istius
2998 4907 3254 4966 Ecclesia:
3297 4922 3397 4977 per

1806 5004 2089 5060 duodecim
2138 5017 2309 5056 annos
2354 5015 2558 5056 vacuus
2588 5002 2818 5057 exstitit.
2862 5000 3108 5073 (an.770)
3141 5000 3245 5056 Sed
3277 4998 3395 5069 qui-

1805 5096 1928 5151 dam
1974 5109 2163 5152 servus
2211 5092 2346 5161 Dei,
2397 5091 2745 5151 Amalbertus
2785 5093 3040 5162 nomine,
3076 5091 3235 5163 juxta
3277 5104 3395 5146 mo-

1435 5185 1669 5243 VABIIE
1704 5185 2107 5246 LECTIONES.

180 5267 284 5311 ω’
331 5264 717 5350 quoquendum
760 5270 827 5334 1ῖ
868 5261 965 5312 ¹⁸⁰⁸
997 5279 1203 5335 casiam
1243 5279 1298 5333 1.

1633 5389 1866 5452 NOTE.

207 5484 339 5543 400)
378 5482 625 5541 Fraisne.

207 5554 337 5627 401)
373 5554 628 5627 ρεααιίειι
672 5556 728 5612 in
779 5556 915 5614 silva
961 5557 1242 5627 Argonna.‘

207 5625 336 5699 402)
379 5625 550 5699 ζων,
596 5628 784 5684 Εειαὶη
831 5637 886 5684 et
932 5625 1276 5699 Casiepierre.

209 5697 339 5768 105)
372 5695 647 5768 Emma-

209 5764 335 5842 404)
375 5764 639 5842 gemas:
684 5770 740 5824 in
797 5769 931 5827 silva
975 5771 1269 5842 Argonna?

187 5836 336 5910 (405)
378 5836 701 5904 Pierrepont.

1880 5486 2030 5559 (406)
2068 5487 2269 5559 Marte.)
2324 5479 2336 5486 “

1877 5558 2026 5630 (407)
2071 5558 2308 5630 Yaneatt.

1879 5629 2028 5700 (408)
2070 5629 2434 5700 fiembécourt.

1905 5699 2032 5767 409)
2072 5698 2461 5756 Saint-Amand
2512 5700 2546 5754 ὰ
2587 5698 2786 5754 Rodez.

1905 5701 2032 5767 409)
2072 5701 2461 5756 Saint-Amand
2512 5701 2546 5754 ὰ
2587 5701 2786 5754 Rodez.

1883 5701 2032 5842 2410)
2048 5769 2258 5842 rYitarS.
2280 5771 2430 5826 Pauli
2446 5772 2604 5840 [edita
2626 5771 2760 5825 Acta
2786 5768 2884 5826 SS.
2910 5768 3069 5824 Febr.
3101 5768 3234 5841 ll,p.
3255 5769 3358 5827 175
3375 5813 3390 5834 ,

1814 5841 2116 5897 ctMabill.
2173 5841 2336 5907 Acta,
2391 5842 2464 5909 ll,
2512 5858 2564 5913 p.
2613 5843 2748 5907 268;
2799 5842 3118 5899 rcccntioris
3139 5843 3236 5896 aevi
3286 5853 3387 5898 est.
