3920 6440
509 436 613 497 515

1488 429 1809 487 BERTARll
1846 428 2310 488 VlRDUNENSlS
2329 425 2776 485 SACERDOTIS

3689 428 3781 485 516

520 566 638 607 rem
703 546 848 604 illius
919 543 1175 615 temporis
1236 543 1589 615 coepiscopus
1647 544 1821 601 iactus
1843 585 1860 611 ,
1925 544 2097 615 ipsam
2127 548 2173 607 A
2204 544 2497 599 miserante
2549 543 2662 598 Deo
2708 540 2951 598 tunicam
2984 545 3186 597 sanctae
3230 538 3415 596 uariae
3458 540 3781 613 redintegra-

511 643 736 713 regebat
797 638 1147 703 Ecclesiam,
1198 646 1254 693 et
1304 637 1359 692 in
1415 638 1649 708 quodam
1673 639 1945 695 loratorio
1997 637 2098 695 sub

514 740 725 794 honore
771 734 1010 790 omnium
1062 731 1429 803 apostolorum
1480 732 1636 802 quasi
1690 732 1989 788 solitariam
2017 732 2098 785 vi-

509 835 622 881 tam
667 825 899 881 ducebat
952 822 1065 877 ﬂ“.
1111 823 1181 878 Et
1225 831 1353 880 tunc
1416 823 1652 894 perdidit
1699 824 1802 880 ista
1852 822 2099 878 Ecclesia

507 918 879 988 Wasioginm,
925 923 983 972 et
1030 913 1353 982 Tiiiiacum,
1401 923 1459 971 et
1507 914 1769 986 Stagnum
1796 953 1814 981 ,
1854 922 1912 969 et
1959 912 2100 969 Mer-

508 1012 655 1076 iam,
710 1020 766 1066 et
815 1010 1012 1066 Casam
1058 1007 1298 1064 Petriatn
1349 1017 1406 1064 et
1464 1007 1567 1063 alia
1624 1016 1785 1077 quam
1841 1007 2095 1077 plurima.

510 1105 633 1159 Fuit
671 1105 816 1160 enim
864 1104 969 1158 hoc
1014 1101 1115 1157 sub
1168 1108 1411 1171 tempore
1457 1099 1639 1156 Caroli
1684 1099 1883 1170 Magni.

580 1196 668 1251 14.
685 1195 813 1251 Post
834 1194 979 1249 hunc
1000 1192 1208 1249 exstitit
1225 1192 1439 1257 Petrus,
1454 1193 1538 1246 vir
1554 1191 1789 1247 italieus.
1812 1191 1947 1247 Nam
1973 1207 2097 1248 cum

510 1293 657 1342 esset
691 1284 964 1340 exercitus
998 1283 1333 1339 Francorum
1368 1283 1517 1337 circa
1562 1282 1783 1352 Papiam
1815 1284 1927 1354 (an.
1966 1283 2097 1354 774)

510 1388 568 1435 et
621 1378 896 1435 obsideret
941 1391 1095 1445 eam,
1130 1377 1199 1432 ab
1250 1377 1385 1443 isto,
1442 1384 1505 1432 ut
1551 1377 1724 1432 fertur
1754 1377 1926 1449 (lii),
1981 1385 2094 1449 tra-

513 1470 623 1526 dita
683 1475 806 1535 est,
871 1476 926 1523 et
968 1467 1038 1523 ob
1096 1466 1200 1524 hoc
1265 1482 1298 1523 a
1348 1465 1546 1523 Carolo
1610 1447 1811 1538 Magno
1865 1447 1944 1523 tio
1990 1447 2099 1523 isto

511 1562 822 1634 episcopatu
853 1561 1149 1616 honoratus
1190 1567 1297 1616 est.
1344 1559 1469 1614 Fuit
1511 1560 1654 1614 enim
1691 1559 1747 1614 in
1778 1561 2093 1630 episcopatu

509 1668 608 1725 per
667 1651 859 1724 viginti
905 1650 1145 1722 quinque
1203 1649 1352 1721 (412)
1393 1665 1603 1717 annos,
1662 1660 1719 1705 et
1768 1665 1961 1720 passus
2010 1655 2097 1705 est

510 1744 567 1801 in
624 1759 691 1800 eo
747 1743 916 1799 multa
978 1743 1224 1799 adversa.
1289 1742 1450 1798 Certe
1506 1742 1672 1797 etiam
1719 1740 2093 1796 inﬁdelitatem

511 1836 852 1907 imperatoris
889 1833 1205 1906 obiecerunt
1260 1833 1336 1888 illi
1430 1842 1486 1889 et
1535 1833 1607 1889 ob
1659 1833 1764 1888 hoc
1809 1847 1906 1902 per
1956 1831 2092 1887 duos

2203 641 2314 688 tam
2359 634 2550 690 habuit
2595 639 2652 690 et
2693 633 2763 689 ad
2791 631 3069 703 proprium
3116 638 3318 690 statum
3373 632 3614 689 reduxit.
3644 632 3782 689 insn-

2200 742 2298 796 per
2342 726 2508 784 etiam
2559 725 2795 783 obtinuit
2836 725 2980 797 apud
3023 737 3206 797 regem
3248 723 3569 781 Lotharium
3613 726 3783 797 junio-

2201 836 2339 885 rem.
2372 820 2770 878 Marcelliacum
2827 823 3019 878 ﬁscum
3041 862 3058 889 ,
3116 827 3170 878 et
3219 820 3639 878 Arbereiviilam
3667 862 3687 890 ,
3732 833 3783 879 et

2198 913 2498 970 Maureium
2549 915 2618 970 ad
2665 930 2801 986 opus
2851 915 3081 971 fratrum
3106 954 3123 983 ,
3176 925 3234 971 et
3276 908 3693 986 Mercuringas',
3737 928 3781 971 et

2197 1006 2517 1064 Brasaidam
2565 1016 2623 1065 et
2661 1008 2982 1077 Walacras,
3024 1018 3079 1066 et
3123 1022 3222 1080 per
3269 1008 3552 1079 precarias
3593 1008 3783 1081 Πειρ-

2198 1100 2286 1155 nis
2347 1100 2529 1155 villam
2554 1138 2570 1168 ,
2633 1109 2693 1158 et
2746 1102 3150 1160 Commenarias
3198 1110 3253 1157 et
3312 1102 3675 1173 Caugiacum.
3730 1103 3785 1157 Et

2199 1189 2425 1247 intentio
2466 1192 2585 1261 ejus
2632 1203 2687 1249 et
2728 1193 2881 1250 labor
2926 1193 3043 1264 ejus
3091 1194 3292 1250 nimius
3332 1195 3392 1249 in
3432 1194 3542 1250 hoc
3586 1194 3783 1250 exstitit

2199 1292 2256 1339 ut
2316 1283 2421 1340 ista
2487 1284 2732 1342 Ecclesia
2807 1286 3138 1344 exaltaretur
3194 1295 3252 1342 et
3316 1301 3450 1357 pace
3522 1287 3786 1342 frueretur

2197 1375 2341 1443 quod
2399 1384 2456 1432 et
2495 1376 2626 1433 fecit
2672 1378 2861 1435 diebus
2916 1378 3042 1434 vita
3098 1377 3342 1435 Lotharii
3392 1376 3490 1411 ¹⁸θ⁶
3533 1376 3783 1446 junioris.

2196 1467 2292 1524 illo
2346 1482 2477 1524 vero
2506 1478 2722 1526 mortuo
2750 1470 2804 1525 in
2834 1484 3022 1527 mense
3047 1469 3290 1542 Augusto
3332 1468 3446 1541 (an.
3502 1468 3661 1542 869),
3697 1471 3787 1524 iste

2197 1560 2361 1615 etiam
2413 1561 2551 1617 obiit
2578 1561 2835 1618 Kalendis
2859 1560 3102 1620 Januarii
3136 1560 3246 1634 (an.
3278 1560 3431 1632 870),
3463 1569 3521 1615 et
3555 1560 3786 1631 sepultus

2198 1660 2286 1707 est
2321 1651 2376 1706 in
2419 1652 2639 1709 basilica
2688 1654 2866 1709 sancti
2912 1652 3095 1709 Vitoui
3142 1653 3199 1707 in
3237 1660 3429 1723 crypta
3474 1654 3638 1724 juxta
3682 1669 3783 1709 cer-

2197 1759 2298 1814 pus
2359 1744 2543 1800 domui
2588 1745 2788 1801 Hildini
2842 1746 3101 1817 episcopi.
3153 1745 3279 1801 Fuit
3340 1754 3526 1801 autem
3558 1747 3643 1801 .in
3687 1746 3783 1815 (τίς

2199 1846 2421 1909 scopatu
2462 1852 2560 1910 per
2609 1852 2780 1894 annos
2822 1839 3011 1909 viginti
3058 1838 3149 1872 “‘°'
3188 1848 3244 1893 et
3289 1846 3419 1896 tres.
3474 1836 3600 1908 Ipse
3638 1838 3788 1893 etiam

515 1928 690 1984 decim
742 1916 910 1983 annos
959 1928 1358 1997 imperatorem
1386 1925 1574 1981 videre
1622 1937 1733 1978 non
1774 1931 1861 1978 est
1908 1937 2092 1979 ausus.
2123 1928 2170 1988 Β
2200 1929 2475 1986 inchoavit
2508 1939 2750 1986 nostram
2797 1945 2996 1988 novam
3050 1930 3338 1988 ecclesiam
3381 1938 3436 1986 et
3472 1946 3546 1986 ex
3602 1944 3787 2001 magna

510 2018 619 2075 Sed
660 2034 693 2073 a
742 2017 868 2074 filiis
908 2017 1064 2073 istius
1111 2031 1293 2073 coram
1343 2015 1588 2087 principe
1622 2024 1772 2071 recte
1809 2024 2088 2086 purgatus,

510 2111 627 2184 (an.
654 2109 783 2182 794)
816 2118 1007 2183 postea
1037 2109 1183 2166 illius
1214 2110 1350 2166 adiit
1376 2108 1720 2180 praesentiam
1746 2107 1921 2180 (415).
1958 2107 2094 2161 Mni-

513 2216 597 2264 tas
644 2207 922 2278 precariae
984 2206 1203 2263 inutiles
1264 2203 1433 2271 fecit,
1488 2210 1544 2259 et
1602 2203 1656 2257 iu
1707 2200 1901 2257 diebus
1955 2200 2099 2256 illius

511 2299 695 2355 multa
750 2313 841 2355 res
889 2299 959 2356 ab
1001 2298 1107 2355 ista
1158 2296 1401 2354 Ecclesia
1449 2297 1740 2350 subtractae
1783 2300 1932 2349 sunt.

578 2391 666 2447 l5.
706 2391 837 2448 Post
884 2398 1114 2447 mortem
1145 2405 1277 2446 vero
1327 2388 1473 2443 illius
1513 2386 1800 2457 elegerunt
1850 2383 1952 2439 sibi
1987 2383 2102 2454 epi-

506 2497 725 2553 scopum
780 2483 846 2537 de
894 2481 1039 2554 regis
1100 2480 1304 2552 palatio
1351 2477 1723 2533 Anstranuum
1750 2514 1764 2539 ,
1821 2480 2105 2529 cautorem

508 2574 718 2646 ipsius,
772 2574 951 2629 virum
1001 2580 1310 2638 strenuum,
1339 2569 1492 2639 cuius
1539 2555 1809 2625 industria
1866 2566 2104 2621 Bracen-

508 2685 599 2727 ses
639 2669 788 2741 (4M)
836 2669 1202 2741 negotiatores
1248 2666 1338 2723 isti
1385 2665 1643 2722 Ecclesiae
1686 2649 1895 2720 redacti
1947 2670 2099 2719 sunt.

512 2762 624 2833 (an.
664 2759 791 2831 800)
822 2758 1099 2831 Superfuit
1120 2758 1356 2829 quinque
1401 2757 1580 2812 annis.

588 2855 678 2912 16.
719 2854 923 2911 Deinde
980 2852 1302 2909 ﬂerilandus
1361 2851 1602 2922 suscepit
1662 2850 1822 2903 istum
1885 2847 2064 2903 locum

514 2946 598 3000 vir
666 2945 895 3001 multum
944 2945 1172 3016 simplex
1233 2951 1288 3000 et
1350 2944 1496 2999 ultra
1555 2940 1777 2997 modum
1828 2940 2105 2994 inﬁrmus.

513 3036 681 3110 Cujus
729 3039 899 3095 etiam
961 3048 1205 3109 tempore
1273 3036 1443 3093 multa
1496 3035 1639 3092 mala
1706 3048 1962 3106 perpessa
2016 3041 2101 3088 est

510 3126 618 3184 ista
686 3127 947 3185 Ecclesia.
1019 3128 1151 3184 Post
1220 3127 1413 3199 viginti
1486 3135 1726 3196 quatuor
1782 3138 1960 3180 annos
2013 3122 2101 3178 sui

511 3218 856 3290 episcupatus
924 3218 1061 3275 obiit
1127 3218 1336 3287 Aquis,
1387 3224 1444 3274 et
1493 3225 1578 3272 est
1643 3214 1886 3286 sepultus
1940 3213 2098 3285 juxta

515 3309 883 3365 Anstranuum
936 3308 989 3363 in
1021 3308 1242 3364 basilica
1289 3306 1463 3364 sancti
1491 3306 1693 3362 Vitoni.
1723 3307 1837 3376 (an.
1877 3303 2026 3376 825).

586 3403 674 3457 17.
714 3402 985 3459 Defuncto
1037 3410 1218 3457 autem
1278 3401 1421 3467 isto,
1484 3399 1621 3455 abiit
1674 3412 1805 3469 pars
1854 3396 1983 3453 cieri
2046 3405 2171 3467 etc

514 3494 690 3567 plebis
737 3494 807 3550 ad
861 3494 1194 3557 Ludovicum
1252 3494 1637 3563 imperatorem
1658 3531 1674 3556 ,
1722 3498 1782 3545 et
1832 3489 2103 3558 petierunt

472 3586 614 3642 .sibi
664 3586 780 3642 dari
832 3585 1089 3642 domuum
1143 3583 1419 3640 Hiidinum
1464 3583 1547 3639 ‘de
1601 3580 1961 3649 Meuiannia,
2021 3579 2099 3635 vi-

511 3694 631 3734 rum
686 3679 891 3737 bonum
938 3687 995 3735 et
1043 3686 1294 3734 sanctum
1322 3714 1338 3741 ,
1396 3676 1488 3747 qui
1535 3674 1843 3730 construxit
1897 3670 2099 3727 multas

511 3774 773 3829 ecclesias
820 3774 875 3828 iu
926 3772 1034 3826 isto
1081 3771 1398 3840 episcopatu
1450 3776 1507 3822 et
1562 3767 1730 3821 multa
1777 3767 1918 3821 bona
1971 3777 2097 3834 ope.

512 3873 667 3920 ratus
707 3871 809 3919 est.
847 3862 979 3929 Sed,
1005 3872 1127 3933 post
1174 3861 1371 3917 bellum
1418 3860 1475 3915 in
1500 3857 1805 3913 Fontanido
1832 3855 1944 3928 (an.
1970 3855 2098 3926 8M)

512 3965 720 4020 actum,
771 3970 805 4010 ι
840 3952 1101 4010 Lothario
1138 3953 1469 4025 imperatore
1497 3964 1694 4021 magno
1734 3948 1950 4004 habitus
1977 3946 2102 4003 odio

506 4050 560 4103 in
599 4048 700 4104 ista
754 4044 975 4103 civitate
1026 4046 1232 4102 octavis
1287 4043 1601 4115 Epiphania:
1635 4042 1750 4113 (an.
1792 4038 1925 4110 847)
1974 4054 2100 4095 cum

510 4155 701 4213 magna
751 4138 970 4195 tristitia
1011 4146 1066 4194 et
1108 4137 1293 4194 dolore
1341 4136 1479 4192 obiit
1520 4134 1575 4188 in
1603 4132 1825 4189 Christo
1873 4132 1951 4185 vir
1987 4130 2100 4201 ple-

508 4248 611 4288 nus
670 4233 817 4288 omni
876 4232 1119 4289 bonitate
1172 4238 1227 4285 et
1277 4227 1567 4284 charitate.
1626 4225 1751 4280 Fuit
1807 4231 1988 4279 autem
2045 4222 2101 4277 in

510 4325 828 4394 episcopatu
857 4338 956 4394 per
995 4322 1186 4395 viginti
1215 4328 1447 4390 quatuor
1477 4314 1682 4372 annos.
1721 4316 1925 4371 Deinde
1956 4313 2101 4384 quod

510 4416 683 4471 oculis
728 4415 839 4471 vidi
888 4416 1109 4472 liberius
1149 4414 1307 4471 valeo
1352 4411 1548 4468 litteris
1575 4424 1874 4480 exsequere
1914 4406 2026 4461 ἐπ.

586 4506 671 4562 18.
735 4508 975 4563 Dornuus
1022 4507 1185 4561 llatto
1227 4512 1352 4576 post
1398 4504 1561 4559 istum
1605 4502 1658 4557 in
1710 4502 1815 4558 ista
1856 4498 2103 4555 Ecclesia

509 4600 797 4656 ordinatus
845 4610 935 4654 est
989 4599 1275 4669 episcOpus
1300 4636 1315 4664 ,
1372 4604 1429 4652 et
1482 4612 1578 4666 pro
1623 4594 1880 4666 praedicto
1932 4591 2099 4662 impe-

2202 2028 2357 2089 parte
2395 2020 2722 2076 construxit.

2274 2131 2361 2188 l9.
2399 2132 2531 2189 Post
2574 2132 2726 2203 cujus
2755 2146 3040 2190 excessum
3070 2134 3303 2190 domnus
3327 2142 3387 2191 et
3417 2134 3792 2190 sanctissimus

2202 2220 2367 2278 Pater
2406 2232 2594 2279 noster
2625 2223 2938 2282 Berhardus
2985 2225 3271 2297 episcopus
3306 2223 3493 2281 factus
3544 2234 3675 2292 est;
3712 2226 3795 2295 Qui

2202 2315 2594 2372 acclamatione
2621 2316 2752 2373 cieri
2805 2325 2864 2373 et
2899 2317 3075 2389 plebis
3117 2319 3355 2390 suscepit
3401 2318 3509 2374 sub
3532 2333 3644 2375 suo
3667 2319 3795 2388 regi-

2201 2408 2348 2463 mine
2398 2408 2558 2464 istam
2609 2408 2932 2465 Ecclesium.
2983 2408 3148 2482 Cujus
3178 2410 3413 2467 intentio
3449 2420 3511 2467 et
3561 2410 3793 2465 studium

2202 2500 2607 2556 sanctissimum
2652 2499 2757 2557 fuit
2799 2501 3080 2558 basilicam
3110 2502 3384 2574 inceptam
3406 2501 3479 2558 ad
3503 2500 3795 2573 perlectis-

2202 2610 2325 2653 nem
2356 2596 2530 2668 usque
2564 2599 2901 2669 perducere;
2932 2597 3078 2670 quod
3096 2598 3392 2655 miserante
3423 2598 3544 2653 Deo
3568 2604 3632 2652 et
3658 2596 3795 2652 fuit.

2204 2689 2369 2762 Signa
2399 2691 2549 2766 (415)
2578 2692 2805 2764 grandia
2834 2703 2890 2750 et
2915 2693 3278 2761 honorabilia,
3306 2700 3365 2751 et
3401 2693 3799 2755 minor-antiis

2203 2783 2343 2839 bona
2375 2784 2428 2839 in
2462 2783 2550 2838 illa
2590 2785 2816 2864 basilica
2850 2800 2950 2841 suo
2975 2800 3141 2857 opere
3186 2786 3390 2843 ibidem
3438 2800 3565 2842 esse
3609 2787 3803 2841 consti-
3918 2782 3920 2864 ξ

2204 2876 2322 2930 tuit.
2375 2876 2716 2933 Pontiﬁcalia
2766 2878 3092 2934 vestimenta
3144 2886 3200 2933 et
3249 2878 3615 2951 Evangeiium
3678 2893 3801 2933 auro

2203 2970 2541 3041 gemmisque
2572 2979 2848 3042 paratum,
2876 2970 3213 3028 thuribuium
3260 2986 3491 3029 aureum
3544 2982 3607 3028 et
3666 2972 3802 3028 siuti

2201 3075 2516 3137 argenteum
2545 3064 2701 3121 valde
2729 3066 2951 3132 bonum,
2981 3074 3039 3122 et
3064 3065 3328 3122 feretrum
3378 3066 3473 3121 ubi
3501 3074 3639 3121 sunt
3669 3074 3805 3121 unt

2203 3128 2449 3225 reliquiae
2475 3162 2807 3224 sanctorum,
2836 3128 3227 3214 honestissimo
3246 3158 3445 3214 decore
3469 3159 3801 3227 composuit.
3918 3128 3920 3171 τ

2198 3256 2254 3303 et
2287 3248 2391 3305 a‘iia
2434 3260 2599 3322 quam
2647 3248 2882 3321 plurima
2932 3250 3296 3308 ecclesiastica
3342 3260 3682 3307 ornamenta
3727 3250 3805 3304 isti
3918 3298 3920 3305 .

2203 3342 2447 3399 ecclesiae
2500 3354 2616 3398 sua:
2692 3343 2903 3399 tribuit.
2978 3342 3282 3402 Canonieos
3348 3358 3479 3400 suos
3536 3344 3805 3399 canonice
3918 3328 3920 3331 ’

2204 3435 2387 3489 vivere
2436 3433 2587 3502 fecit,
2637 3444 2694 3491 et
2749 3436 2963 3494 villanis
3018 3436 3354 3510 presbyteris
3399 3436 3551 3491 viam
3576 3436 3807 3507 justiti:
3918 3480 3920 3485 .

2204 3526 2437 3582 viriliter
2455 3527 2716 3594 ostendit,
2756 3536 2813 3585 et
2846 3540 3063 3599 pueros,
3097 3529 3243 3584 inter
3269 3540 3405 3599 quos
3441 3542 3569 3599 ego,
3624 3526 3807 3582 Βωλ-
3918 3570 3920 3589 ς

2201 3618 2312 3674 rius
2337 3632 2477 3675 unus
2502 3617 2605 3684 fui,
2642 3618 2698 3675 in
2729 3616 2987 3677 humanis
3019 3628 3075 3677 et
3106 3618 3163 3676 in
3192 3620 3388 3676 divinis
3417 3619 3581 3675 libris
3632 3633 3735 3691 per
3760 3633 3810 3673 se

2200 3721 2254 3766 ct
2322 3729 2419 3782 per
2490 3712 2624 3769 alios
2689 3729 2814 3770 cum
2895 3726 3110 3771 summa
3168 3715 3436 3773 charitate
3517 3713 3808 3769 instruxit.
3918 3718 3920 3761 i

2205 3803 2352 3859 Obiit
2416 3813 2597 3861 autem
2672 3804 2728 3861 iu
2796 3805 3055 3879 Teoiegio
3128 3797 3503 3872 monasterio,
3582 3805 3689 3860 ubi
3764 3814 3813 3858 et
3918 3820 3920 3857 i

2205 3910 2400 3966 corpus
2450 3895 2568 3966 ejus
2630 3896 2907 3952 conditum
2963 3907 3046 3954 est
3076 3939 3092 3965 ,
3166 3898 3342 3970 pridie
3386 3897 3679 3977 Kalendas
3727 3896 3811 3952 Ja-

2208 3987 2380 4041 nuarii
2409 3986 2524 4057 (an.
2553 3988 2679 4055 879,
2712 3987 2841 4044 Déc.

2275 4098 2364 4153 20.
2423 4098 2640 4167 Christo
2695 4102 2991 4158 miserante
3039 4102 3303 4160 habemus
3353 4118 3499 4158 nunc
3529 4105 3810 4161 seniorem

2206 4185 2451 4248 nostrum
2506 4192 2779 4250 Dadonem
2850 4196 3215 4254 venerabilem
3274 4196 3601 4268 episcopum
3637 4240 3655 4263 ,
3729 4202 3812 4267 qn

2206 4286 2442 4357 suscepit
2514 4282 2679 4341 istum
2750 4289 3090 4360 temporibus
3161 4286 3418 4344 Ludovici
3490 4288 3812 4344 Germanici

2209 4379 2352 4450 regis
2405 4378 2573 4454 (M6).
2634 4380 2770 4437 Cum
2823 4398 2929 4452 quo
2980 4383 3144 4439 etiam
3192 4398 3335 4437 anno
3394 4385 3655 4438 secundo
3714 4401 3813 4439 sur

2206 4466 2567 4529 ordinationis
2615 4472 2726 4546 (an.
2757 4472 2883 4545 881)
2941 4474 3179 4530 obtinuit
3226 4470 3567 4529 Meinrodum
3622 4475 3811 4531 ﬁscum

2207 4580 2303 4633 per
2335 4571 2665 4638 praeceptum
2689 4567 2756 4621 ad
2786 4582 2924 4638 opus
2947 4567 3051 4623 sibi
3084 4566 3389 4624 commissa:
3412 4564 3712 4623 Ecclesiae.

511 4689 717 4746 ratoris
777 4690 902 4745 odio
958 4689 1165 4744 invenit
1219 4688 1457 4744 tunicam
1513 4696 1712 4743 sanctae
1766 4684 1947 4740 Mariae
2004 4699 2101 4753 per
2128 4722 2180 4781 Β
2274 4678 2362 4734 21.
2400 4679 2533 4736 Post
2554 4680 2888 4738 Ludovicum
2915 4683 3126 4754 accepit
3151 4697 3443 4755 germanus
3465 4698 3607 4738 suus
3642 4681 3812 4737 Caro-

514 4784 684 4839 muita
744 4785 970 4839 scissam
1017 4792 1074 4838 et
1132 4783 1460 4853 disruptum,
1519 4780 1570 4835 id
1623 4788 1707 4835 est
1731 4818 1747 4845 ,
1808 4793 1898 4835 res
1943 4777 2101 4833 istius
2128 4773 2169 4781 '
2208 4773 2292 4829 ius
2317 4775 2685 4831 monarcltiatn
2720 4776 2891 4832 totius
2912 4777 3126 4848 imperii
3160 4779 3274 4849 (an.
3297 4775 3446 4846 882),
3469 4777 3624 4845 apud
3650 4792 3811 4845 quem

515 4875 771 4931 Ecclesiae
826 4876 1049 4930 nimium
1093 4874 1402 4929 subtractas
1438 4881 1493 4927 et
1522 4870 1804 4925 alienatas.
1836 4868 1943 4924 Pro
1968 4882 2103 4937 qua-

514 4978 633 5024 rom
698 4966 1027 5024 alienatione
1084 4975 1140 5022 et
1185 4981 1405 5021 suorum
1463 4960 1752 5018 aiiiictione
1812 4969 1927 5017 toto
1981 4962 2100 5016 nisu

511 5062 689 5120 erexit
730 5076 801 5120 se
843 5070 1033 5121 contra
1078 5060 1332 5116 inimicos
1386 5057 1545 5115 istius
1586 5055 1881 5121 Ecclesiae,
1928 5056 2101 5113 donec

2206 4856 2433 4939 adeptus
2462 4877 2550 4926 est
2575 4884 2675 4924 suo
2702 4870 2861 4925 altari
2905 4870 3193 4928 Tiliiaeum
3243 4871 3454 4936 iiscum,
3497 4869 3599 4939 qui
3630 4869 3811 4924 fuerat

2204 4968 2364 5019 antea
2396 4961 2462 5018 de
2490 4961 2596 5017 ista
2618 4961 2883 5017 Ecclesia.
2925 4962 3055 5018 Post
3075 4961 3330 5020 Carolum
3361 4958 3579 5030 accepit
3612 4957 3812 5015 Arual—

2206 5052 2293 5110 fus
2319 5068 2489 5123 nepos
2517 5055 2661 5111 illius
2692 5070 2915 5128 regnum
2942 5055 3055 5126 (an.
3087 5056 3236 5128 887).

1798 5184 2033 5243 VARUS"
2068 5176 2473 5244 LECTIONES.

584 5320 679 5354 ¹³⁶⁸
717 5318 963 5376 ducaebat
992 5318 1044 5371 1.
1123 5312 1215 5349 ⁸³³⁸
1261 5327 1528 5383 exequ::::
1576 5310 1628 5364 1.
1660 5308 1752 5342 ¹⁸⁰⁶
1792 5306 2004 5365 lottonii
2032 5321 2172 5361 corr.
2212 5303 2418 5362 lottarii
2451 5304 2501 5357 1.
2580 5301 2674 5335 ¹⁸⁰⁷
2714 5266 2869 5357 XXX
2902 5260 3041 5357 corr.
3088 5294 3190 5359 XX
3238 5292 3294 5359 1.

2004 5410 2233 5472 NOTIE.

774 5552 833 5642 lu
900 5552 1181 5608 annalibus
1230 5549 1391 5621 hujus
1450 5545 1706 5616 temporis
1762 5538 1830 5596 de
1889 5541 1995 5596 hac
2042 5555 2104 5597 re

512 5626 648 5684 nihil
699 5626 913 5695 legitur.
1904 5682 1909 5685 _

586 5695 840 5768 (412),Ηὶ
894 5704 952 5750 et
1004 5698 1293 5768 sequentes
1343 5683 1910 5768 Episcoporumanni
1948 5682 2102 5768 inter

513 5750 790 5826 se‘rnin'us
828 5768 965 5822 bene
1013 5750 1336 5821 conveniunt
1362 5750 1393 5830 ,’
1422 5762 1497 5817 ita
1528 5750 1598 5816 ἰιι
1648 5764 1826 5814 certos
1876 5750 2100 5812 delinire

515 5841 588 5898 sit
631 5837 1027 5895 tliilicillimuln.

587 5910 736 5982 (M5)
780 5910 841 5964 ν.
889 5906 1197 5975 Capituiarc
1248 5905 1556 5961 Francfurt.
1612 5919 1661 5956 a.
1712 5899 1833 5956 794.

2274 5539 2422 5611 (414)
2458 5538 2731 5611 Οενγίβίωλ
2785 5534 3150 5611 cqnfectgra,
3219 5528 3424 5611 Gallici?
3450 5527 3800 5611 ρταξωετερ

2203 5596 2479 5684 pacliery_
2488 5609 2781 5684 intellexit.
2833 5601 3279 5684 galbam
3298 5606 3526 5684 centena
3571 5599 3634 5653 in
3667 5596 3779 5684 dipi

2202 5671 2436 5739 Othonis
2461 5681 2504 5736 ll
2546 5681 2792 5737 ecdesiae
2832 5671 2889 5733 S.
2922 5675 3103 5732 Vitoni
3148 5671 3309 5727 Virds
3351 5671 3478 5726 dato
3522 5671 3797 5726 occ-nit.

2299 5750 2426 5826 ibi)
2468 5748 2521 5826 id
2552 5758 3040 5826 summitas-ﬂ
3408 5812 3417 5822 .

2295 5816 2425 5892 416)
2464 5816 2722 5890 Junio'ris,
2751 5816 2844 5892 qui
2874 5836 2902 5875 a
2939 5816 3175 5875 876-882
3204 5816 3461 5885 regnauit.
