3920 6432
101 439 214 497 5"

1003 432 1092 488 DE
1129 429 1372 490 GESTIS
1413 429 1896 489 EPISCOPORUM
1931 427 2472 486 VIRDUNENSIUM.

3275 397 3382 485 as

113 567 3370 608 MM

1152 707 2276 848 CONTINUATIO.

1590 943 2010 960 ﬂ

171 1062 230 1116 l.
271 1057 558 1114 Posthunc
583 1054 792 1112 exstitit
820 1055 1536 1128 Barnoinus“°°episcopus
1572 1058 1686 1127 (an.
1717 1041 1764 1099 Α
1793 1054 2184 1110 Bellamvillam
2239 1051 2404 1110 dedit.
2471 1047 2644 1119 Hujus
2703 1049 2868 1106 etiam
2921 1050 3258 1121 temporibus
3327 1051 3384 1106 in

93 1151 256 1224 925),
271 1149 426 1219 cujus
449 1150 574 1204 vitae
595 1149 834 1220 priorum
859 1147 1065 1204 desidia
1085 1149 1200 1205 solo
1221 1151 1438 1206 nomine
1456 1149 1692 1220 posteris

96 1253 290 1299 manet
319 1242 600 1298 memoria.

171 1337 230 1390 2.
264 1328 532 1408 (an.'940)
579 1334 784 1390 Deinde
821 1333 1049 1392 domnus
1093 1335 1478 1408 Berengarius,
1521 1335 1692 1392 Primi

99 1427 330 1482 Ottonis
352 1425 444 1458 ⁸⁸⁰⁹
463 1426 810 1495 imperatoris
833 1428 1282 1498 consanguineus,
1309 1428 1395 1482 vir
1421 1428 1614 1484 nobilis
1637 1437 1694 1484 et

97 1518 436 1583 Suouicus,
467 1517 646 1572 factus
669 1527 756 1572 est
797 1516 960 1585 hujus
985 1517 1226 1574 civitatis
1255 1519 1562 1589 episcopus.
1591 1518 1692 1574 Hic

97 1612 390 1666 basilicam
426 1621 738 1666 sanctorum
765 1613 1130 1682 apostolorum
1155 1611 1304 1668 Petri
1338 1621 1394 1668 et
1429 1612 1606 1678 Pauli,
1637 1613 1692 1668 in

97 1717 208 1770 qua
238 1702 532 1770 requiescit
558 1715 756 1771 corpus
785 1702 958 1756 sancti
1003 1701 1184 1758 Vitoni
1215 1719 1338 1758 cum
1393 1703 1578 1758 multis
1601 1703 1694 1758 de-

99 1793 418 1848 cessoribus
442 1791 956 1863 succemoribusque
975 1793 1110 1858 suis,
1125 1793 1178 1848 in
1207 1793 1486 1850 meliorem
1509 1789 1692 1850 reddi-

99 1885 182 1940 dit
195 1893 426 1950 statum,
441 1884 550 1954 (au.
569 1883 694 1954 952)
710 1883 860 1938 auxit
871 1892 928 1938 et
939 1884 1156 1939 ornavit
1172 1883 1258 1956 (41
1267 1885 1344 1954 7),
1361 1885 1696 1954 clericosque

99 1977 154 2032 in
207 1993 274 2032 ea
301 1978 562 2048 degentes
583 1987 640 2032 et
681 1977 870 2032 multis
901 1978 1100 2034 vilibus
1119 1979 1354 2050 negotiis
1383 1981 1698 2036 deservien-

101 2081 184 2125 tes
211 2069 433 2138 abjccit,
459 2071 862 2141 monachosque
883 2071 1016 2126 inibi
1043 2071 1154 2128 Deo
1183 2073 1482 2129 servituros
1495 2073 1698 2130 consti-

101 2164 228 2224 tuit,
250 2163 454 2232 quibus
475 2163 724 2219 abbatem
749 2163 1016 2234 prazfeeit,
1064 2165 1284 2220 nomine
1316 2163 1696 2233 Humbertum,

1792 1147 2050 1218 praedicta
2086 1145 2232 1202 beati
2259 1142 2438 1200 Vitoni
2478 1141 2708 1196 ecclesia
2759 1141 3062 1196 revelatum
3091 1151 3146 1196 et
3189 1143 3382 1196 inven—

1794 1248 1908 1294 tum
1959 1247 2043 1294 est
2091 1251 2288 1308 corpus
2339 1236 2516 1291 sancti
2561 1232 2790 1288 Firmini
2832 1249 2930 1302 per
2977 1235 3382 1292 devotissimam

1793 1328 2050 1386 feminam
2074 1329 2388 1400 Eugeniam,
2415 1335 2494 1390 et,
2519 1341 2620 1397 pro
2650 1325 2878 1381 tuitione
2919 1325 3120 1380 civium
3141 1341 3388 1380 suarum-

1793 1439 1898 1493 que
1962 1423 2341 1494 amplilicanda
2413 1421 2668 1492 opinione
2741 1421 3050 1487 virtutum,
3125 1419 3390 1490 petitione

1797 1515 2038 1585 praedicti
2085 1515 2296 1572 abbatis
2347 1512 2634 1570 Humberti
2684 1513 2742 1568 in
2785 1512 2968 1568 villam
3014 1511 3390 1568 Flaviniacum

1799 1607 2038 1678 regalem
2093 1607 2368 1678 quondam
2429 1607 2620 1662 iiscum
2701 1604 3000 1661 honorifice
3064 1605 3389 1660 translatum

1799 1708 1902 1756 εει.
2319 1749 2324 1752 .

1869 1793 1924 1848 5.
1951 1791 2082 1848 Post
2107 1792 2262 1863 cujus
2287 1807 2570 1848 excessum
2599 1791 2814 1848 exstitit
2839 1792 3070 1848 (hminis
3091 1791 3392 1846 Wicfridus

1799 1885 2082 1956 episcopus
2105 1883 2272 1957 (421),
2305 1885 2372 1940 de
2397 1883 2770 1938 Bawariorum
2805 1883 3050 1954 partibus
3087 1885 3168 1938 vir
3196 1884 3395 1940 Teuto-

1799 1980 1973 2034 nicus.
2001 1977 2108 2034 lste
2133 1977 2546 2048 diligentissime
2571 1987 2978 2032 antecessorum
3019 1991 3242 2032 suorum
3271 1987 3392 2032 acta

1799 2071 2140 2142 requirebat,
2206 2077 2263 2124 et
2308 2069 2476 2124 vitam
2530 2083 2722 2124 eorum
2767 2067 3146 2139 amplectendo
3196 2069 3396 2138 quibus

1803 2170 2016 2232 poterat
2040 2161 2216 2218 modis
2239 2161 2441 2216 imitari
2463 2161 2732 2232 cupiebat.
2757 2160 2892 2216 Cum
2913 2171 3094 2216 autem
3115 2161 3182 2216 de
3205 2175 3394 2216 eorum

97 2257 230 2312 olim
268 2255 514 2324 ejusdem
567 2256 828 2313 Ecclesiae
851 2257 1130 2324 clericum,
1163 2259 1258 2313 sed
1287 2265 1418 2314 tunc
1439 2259 1701 2329 temporis
1729 2269 1774 2328 Β
1799 2256 2002 2310 virtute
2029 2265 2086 2310 et
2133 2256 2273 2312 bona
2313 2255 2568 2326 opinione
2595 2255 2762 2310 multa
2803 2255 3028 2326 legeret,
3067 2264 3124 2310 et
3155 2255 3222 2310 de
3251 2261 3394 2310 statu

100 2348 274 2406 divini
305 2349 510 2406 amoris
545 2349 804 2406 instinctu
853 2351 995 2422 apud
1025 2349 1284 2406 Sanctum
1313 2351 1518 2420 Aprum
1542 2349 1700 2404 Tullo

101 2442 458 2508 uionachum,
479 2441 690 2512 ipsique
719 2442 842 2498 loco
867 2441 984 2511 jam
1013 2457 1044 2496 a
1089 2443 1200 2496 Deo
1229 2440 1446 2496 Patrem
1477 2439 1696 2495 factum.

99 2533 354 2601 Quorum
369 2534 534 2590 victui
555 2533 822 2604 delegavit
851 2532 1128 2588 Scantiam
1151 2532 1334 2586 villam
1353 2547 1478 2586 cum
1499 2532 1698 2596 hanno,

97 2627 384 2682 abbatiam
423 2641 638 2696 quoque
671 2627 846 2682 sancti
877 2625 1116 2682 Amantii
1143 2626 1200 2678 in
1241 2624 1530 2694 Aquitania
1577 2637 1700 2678 cum

99 2717 296 2772 multis
345 2716 610 2774 Ecclesiis
631 2716 794 2788 hujus
815 2717 1100 2788 episcopii.
1130 2715 1260 2770 Fuit
1289 2722 1474 2770 autem
1496 2722 1702 2784 tempo-

100 2810 262 2864 ribus
311 2808 558 2879 praedicti
613 2807 834 2866 Ottonis
882 2809 1032 2880 regis
1081 2809 1410 2874 Germaniae,
1465 2809 1532 2864 de
1595 2821 1702 2876 quo

101 2899 316 2954 dictum
363 2907 450 2954 est
491 2899 660 2970 (418),
714 2899 861 2968 quod
907 2899 976 2954 ad
1037 2900 1370 2970 triumphum
1445 2897 1702 2954 Ecclesiae

101 2991 274 3062 cuipit
323 2989 450 3046 Otto
500 3003 750 3046 crescere
777 2997 834 3046 et
869 2991 940 3046 ad
979 2989 1284 3061 profectum
1330 2990 1534 3046 venire.
1565 2989 1703 3046 Huic

101 3083 372 3140 successit
426 3085 694 3140 secundus
744 3081 870 3138 Otto
891 3084 962 3140 ad
1016 3083 1302 3154 imperium
1365 3092 1422 3138 ut
1485 3081 1703 3138 ﬂoreret

101 3177 388 3232 saeculum.
413 3174 514 3231 Hic
535 3175 726 3232 Romae
750 3175 1058 3239 defunctus,
1095 3175 1464 3230 nescientibus
1502 3175 1702 3229 Roma-

101 3269 186 3325 nis
221 3285 254 3324 a
285 3269 397 3324 suis
439 3277 524 3325 est
567 3269 805 3334 ablatus,
853 3277 908 3324 et
967 3268 1135 3337 Aquis
1173 3268 1408 3338 quiescit
1457 3267 1703 3336 sepultus

104 3361 286 3430 (419).
321 3358 472 3414 Vixit
518 3367 698 3415 autem
749 3360 802 3412 in
847 3359 964 3430 ipso
1012 3359 1328 3430 episcopatu
1385 3359 1555 3414 isdem
1607 3359 1700 3390 ²⁸¹⁰

103 3451 268 3505 boum
341 3451 616 3505 memoria:
683 3450 1046 3520 Berengarius
1109 3450 1296 3506 multis
1367 3451 1596 3518 diebus,
1651 3461 1704 3506 et

101 3543 354 3614 sepultus
378 3551 462 3598 est
487 3543 542 3598 in
585 3541 810 3598 basilica
835 3541 1008 3596 sancti
1047 3540 1194 3596 Petri
1223 3543 1278 3596 in
1307 3541 1528 3596 sinistra
1549 3550 1702 3612 parte

103 3637 284 3702 chori,
319 3651 482 3706 super
508 3651 666 3706 quem
689 3635 924 3706 positum
963 3645 1048 3693 est
1072 3635 1248 3692 altare
1271 3651 1442 3706 usque
1477 3636 1534 3692 in
1559 3651 1698 3706 prte-
1728 3632 1773 3695 C

102 3745 234 3784 scus
279 3727 452 3798 (420).
507 3727 676 3799 Hujus
728 3744 830 3800 ego
888 3729 1130 3784 casulam
1159 3745 1264 3798 qua
1311 3729 1532 3784 indutus
1583 3736 1700 3784 erat

103 3823 220 3892 (an.
247 3822 374 3892 960)
407 3823 460 3877 in
483 3822 732 3892 sepulcro
756 3821 844 3854 1'“
867 3823 1076 3892 positus
1101 3822 1236 3888 vidi,
1258 3837 1378 3891 qua:
1411 3831 1598 3892 postea
1635 3824 1702 3876 ab

102 3917 224 3986 ejus
252 3929 480 3984 corpore
527 3913 708 3970 evulsa
751 3913 872 3969 fuit.
912 3913 1094 3970 Multis
1131 3923 1310 3968 autem
1343 3912 1706 3969 referentibus

103 4008 290 4064 audivi
331 4008 474 4078 quod
497 4006 614 4078 ejus
649 4023 742 4078 pes
767 4017 896 4064 ante
924 4017 1156 4064 mortem
1183 4007 1362 4063 factus
1382 4016 1470 4063 est
1495 4007 1701 4062 aridus.

105 4102 248 4156 Nam
269 4103 502 4172 quadam
527 4102 614 4157 die
637 4103 1000 4158 descendente
1021 4117 1086 4156 eo
1125 4101 1190 4156 ad
1225 4099 1514 4156 ecclesiam
1538 4101 1710 4154 beatae

103 4195 316 4260 Mariae,
343 4193 550 4250 invenit
600 4193 856 4248 clericum
889 4193 1180 4264 quemdam
1221 4192 1337 4248 solo
1375 4199 1707 4261 prostratum

103 4291 286 4346 beata:
323 4286 504 4343 Mariae
532 4289 852 4344 memoriam
883 4287 1274 4342 celebrantem.
1301 4285 1456 4340 Hunc
1489 4301 1709 4355 percus—

107 4385 182 4440 sit
243 4375 404 4453 pede,
435 4391 495 4438 ut
519 4390 790 4452 surgeret.
837 4381 960 4436 Mox
987 4381 1076 4436 ille
1105 4381 1342 4436 surrexit
1394 4380 1486 4410 ⁸⁸η
1515 4389 1570 4434 et
1595 4379 1712 4434 viso

103 4491 172 4530 eo
231 4475 498 4544 patienter
551 4475 692 4530 tulit.
744 4473 1004 4544 Sequenti
1067 4483 1246 4530 autem
1297 4483 1458 4530 nocte
1515 4473 1712 4528 lectulo

95 4568 346 4638 jacentis
372 4577 428 4624 et
455 4571 684 4626 necdum
735 4569 1058 4625 dormientis
1101 4571 1338 4640 episcopi
1381 4579 1508 4624 cum
1553 4569 1715 4624 beata

105 4661 278 4716 Tecla
309 4662 484 4715 astitit
529 4663 706 4733 Virgd
726 4660 896 4716 Maria
943 4680 956 4714 :
1009 4660 1258 4729 Percute,
1309 4662 1510 4732 inquit,
1559 4662 1714 4715 istius

101 4753 322 4822 pedem,
351 4750 526 4818 Tecla,
577 4761 624 4806 et
673 4751 848 4806 clerici
895 4754 996 4808 mei
1050 4753 1264 4823 injuriae
1321 4753 1482 4806 ultrix
1533 4752 1712 4808 assiste.

107 4843 226 4897 Hac
255 4844 610 4912 percussione
641 4843 708 4898 ab
755 4843 944 4898 eadem
993 4845 1128 4900 hora
1177 4846 1348 4914 cocpit
1387 4845 1581 4898 ardcrc
1621 4858 1717 4912 pes

105 4937 250 5004 ejus,
307 4945 368 4992 et
421 4938 474 4992 in
523 4937 634 5008 jam
687 4939 830 4994 dicto
869 4938 987 4994 loco
1040 4940 1336 4994 monachus
1389 4940 1564 4992 factus
1610 4947 1714 4992 cst.

1801 2353 2042 2408 ecclesiae
2081 2353 2240 2408 istius
2291 2367 2322 2406 a
2361 2352 2557 2421 quibus
2595 2350 2766 2406 ditata
2811 2349 2994 2406 fuerat
3041 2351 3174 2406 satis
3205 2351 3396 2419 exquio

1803 2453 1966 2510 reret,
2011 2445 2218 2500 invenit
2257 2442 2485 2498 Paulo
2515 2442 2828 2512 episcopum
2874 2441 3018 2496 inter
3046 2440 3182 2494 alios
3205 2441 3398 2509 praeci-

1801 2549 1904 2605 pue
1928 2551 2050 2594 eam
2073 2536 2236 2592 rebus
2271 2535 2482 2592 collatis
2507 2533 2774 2588 exaltasse
2801 2541 2858 2588 et
2881 2547 2948 2587 ex
2989 2533 3150 2602 inope
3174 2532 3396 2586 divitem

1799 2629 2016 2688 fecisse.
2071 2631 2206 2684 Erat
2249 2631 2398 2686 enim
2445 2637 2602 2684 extra
2649 2641 2838 2682 muros
2885 2625 3040 2682 urbis
3086 2625 3142 2680 in
3193 2625 3399 2681 honore

1801 2725 1976 2780 sancti
2003 2723 2284 2778 Saturnii
2310 2722 2562 2786 ecclesia,
2601 2720 2692 2776 ubi
2735 2733 2934 2790 corpus
2979 2717 3096 2789 ejus
3119 2718 3399 2773 conditum

1797 2815 2034 2886 iacebat,
2063 2831 2226 2886 supra
2251 2815 2452 2870 flumen
2479 2813 2680 2885 posita,
2713 2812 2768 2866 in
2789 2827 2896 2882 qua
2927 2811 3094 2866 multa
3135 2809 3399 2865 beneficia

1802 2909 2094 2980 prmstabat
2147 2909 2408 2964 Dominus
2437 2923 2534 2978 per
2563 2905 2818 2960 meritum
2845 2911 2904 2959 et
2951 2903 3398 2958 intercessionem

1803 3004 1890 3061 sui
1937 3001 2290 3058 confessoris.
2342 2999 2482 3054 Nam
2527 3013 2594 3054 ex
2625 2997 2810 3053 tumba
2847 2996 2968 3067 ejus
2991 2997 3172 3051 oleum
3209 3009 3400 3049 revera

1803 3094 2092 3162 deﬂuebat,
2119 3091 2277 3163 cujus
2301 3101 2446 3148 tactu
2478 3090 2660 3162 plures
2691 3091 2892 3144 inﬁrmi
2937 3091 3170 3160 sospites
3199 3087 3400 3147 elﬁcie-

1803 3189 2004 3244 bantur
2029 3229 2044 3251 ,
2096 3197 2152 3242 et
2195 3186 2266 3240 ab
2317 3185 2510 3241 incolis
2561 3185 2846 3239 dicebatur
2885 3181 3050 3253 hujus
3094 3181 3426 3258 sepulcrum.

1803 3281 2018 3351 plorare
2043 3295 2110 3334 eo
2135 3279 2278 3349 quod
2305 3278 2572 3333 inculth
2605 3277 2880 3331 videretur
2907 3287 3046 3330 esse.
3077 3271 3228 3326 Hanc
3266 3285 3400 3340 ergo

1803 3370 2068 3432 studiose,
2117 3377 2172 3423 et
2222 3369 2366 3424 sicut
2407 3371 2530 3422 erat
2569 3367 2692 3436 pius
2720 3373 2872 3430 voto,
2901 3365 2958 3420 in
3007 3365 3212 3418 honore
3263 3361 3398 3416 tanti

1805 3463 2048 3534 przesulis
2101 3461 2456 3532 magniﬁcare
2494 3459 2729 3513 dcvo‘vit.
2765 3457 2936 3524 Quam
2981 3471 3108 3510 mox
3139 3472 3166 3508 a
3206 3455 3401 3510 funda-

1805 3555 2006 3608 mentis
2038 3553 2233 3618 erexit,
2265 3561 2320 3607 et
2347 3552 2462 3606 Deo
2493 3551 2708 3606 volente
2743 3549 2976 3620 peregit,
3007 3558 3058 3602 et
3090 3549 3158 3602 ad
3185 3549 3400 3618 petitio-

1805 3663 1932 3704 nem
1976 3648 2198 3712 civium,
2255 3663 2362 3702 non
2389 3647 2678 3700 immemor
2703 3645 2786 3700 sui
2821 3643 2954 3708 voti,
2983 3644 3280 3698 monachos
3325 3643 3398 3696 ibi
3491 3675 3496 3678 -

1803 3740 2008 3811 posuit,
2037 3740 2126 3808 qui
2153 3738 2240 3792 die
2267 3743 2540 3806 noctuque
2565 3735 2833 3792 servirent
2859 3737 2970 3790 Deo
2997 3744 3052 3788 et
3073 3743 3266 3788 saneto
3301 3751 3400 3788 suo

1804 3829 2102 3888 confessori
2129 3829 2320 3894 Paulo,
2367 3837 2426 3882 et
2455 3828 2508 3882 in
2535 3827 2742 3883 honore
2771 3827 2946 3882 sancti
2972 3827 3124 3881 Pauli
3173 3827 3398 3896 apostoli

1807 3921 1983 3992 majus
2009 3921 2182 3977 altare
2205 3920 2566 3975 consecravit.
2599 3919 2808 3988 Corpus
2839 3927 3020 3973 autem
3045 3919 3216 3974 sancti
3247 3919 3400 3972 Pauli

1807 4032 1876 4071 ex
1921 4014 2170 4084 sepulcro
2201 4011 2295 4046 ¹⁸¹³
2329 4013 2602 4068 sublatum
2659 4027 2690 4064 v
2741 4011 3014 4066 Kalendas
3065 4011 3401 4079 Septembris

1809 4109 2064 4164 decenter
2095 4107 2146 4159 in
2195 4105 2398 4159 feretro
2445 4111 2702 4172 argenteo
2755 4104 3012 4171 reposuit.
3047 4101 3402 4157 Ornamentis

1810 4211 1866 4256 et
1886 4201 2053 4270 signis
2076 4198 2294 4267 optimis
2323 4195 2580 4265 templum
2609 4195 2846 4260 ornavit,
2873 4203 2928 4247 et
2965 4195 3028 4247 de
3059 4197 3217 4248 rebus
3247 4195 3401 4248 istius

1811 4291 2068 4346 Ecclesia:
2105 4289 2310 4344 victum
2337 4287 2620 4342 inuriaehis
2649 4287 2992 4356 praeparavit,
3045 4286 3401 4355 villarumque

1813 4399 2032 4440 suarum
2083 4382 2333 4436 meliores
2381 4379 2638 4434 ecclesias
2683 4377 2762 4433 eis
2809 4377 3060 4432 contulit.
3105 4377 3398 4432 Wasnaum

1813 4480 2004 4535 iiscum
2047 4477 2310 4546 optimum
2339 4473 2621 4542 stipendiis
2647 4485 2836 4526 eorum
2885 4469 3152 4540 delegavit
3198 4481 3254 4524 ct
3297 4471 3400 4524 alia

1817 4571 1982 4626 multa
2025 4585 2146 4639 qua:
2197 4567 2372 4637 potuit
2405 4563 2670 4620 attribuit.
2721 4562 2982 4616 Tabulam
3023 4579 3240 4618 auream
3277 4571 3402 4616 ante

1817 4661 1988 4715 altare
2016 4664 2218 4712 sanctze
2239 4653 2420 4710 Maria:
2447 4650 2598 4716 fecit,
2621 4659 2678 4706 et
2701 4650 3036 4706 ornamentis
3064 4659 3228 4718 atque
3249 4663 3403 4702 coro-

1817 4753 1902 4807 nis
1930 4749 2174 4805 ecelesite
2220 4746 2414 4802 faciem
2463 4743 2698 4798 ornavit.
2755 4740 2878 4796 Fuit
2929 4749 3112 4794 autem
3163 4747 3402 4806 tempore

1817 4845 2036 4898 Ottonis
2071 4839 2264 4904 Tertii,
2317 4839 2410 4906 qui
2445 4851 2478 4890 a
2512 4835 2797 4892 cunabulis
2849 4834 3080 4903 sumpsit
3127 4843 3398 4900 sceptrum

1820 4933 2186 4987 Romanorum
2219 4939 2273 4983 et
2317 4927 2545 4982 traditus
2577 4933 2662 4982 est
2691 4925 3003 4980 liberalibus
3034 4925 3262 4987 studiis;
3303 4923 3400 4974 sub

81 5011 292 5082 Iisdem
331 5027 588 5098 praefatus
631 5029 916 5101 episcopus
971 5031 1229 5088 fratribus
1279 5041 1482 5086 sancta:
1529 5030 1712 5084 Maria:
1741 5019 1790 5076 D
1817 5026 1972 5094 cujus
2024 5023 2288 5095 regimine
2331 5021 2477 5078 salus
2518 5019 2624 5076 fuit
2671 5020 2872 5075 mundo
2903 5017 3050 5090 (4‘22)
3103 5026 3159 5070 et
3206 5015 3394 5083 gloria.

185 5232 294 5267 ¹⁶⁶⁶
323 5249 581 5302 superscr.
617 5233 854 5290 XXVIIII
891 5245 942 5290 et
991 5245 1070 5290 tta
1109 5249 1166 5302 aq

1435 5141 1526 5198 VA
1536 5140 1672 5196 [ὶΙᾹέ
1711 5137 2119 5195 LECTIONES.

1167 5235 1488 5338 lini?
1505 5234 1804 5338 £3213};

109 5302 454 5376 (sepulchro)
479 5306 530 5360 l.
608 5306 698 5340 ι⁸¹²
737 5306 946 5363 surexit
968 5306 1022 5360 l.
1099 5302 1194 5338 ⁸⁸⁸³
1224 5305 1476 5376 sepulcro
1502 5321 1762 5376 superscr.
1787 5303 1843 5358 h.
1871 5303 1926 5358 οι.

1883 5229 1976 5266 ³⁸³⁸
2016 5233 2055 5285 i.
2098 5247 2145 5286 e.
2187 5230 2379 5298 isdem,
2405 5227 2566 5285 idem.
2643 5227 2738 5262 ¹¹¹¹³
2776 5227 3026 5300 sepulcro
3049 5239 3308 5296 superscr.
3343 5225 3394 5277 ιι.

1690 5395 1924 5456 ΝΟΤέΕ.

189 5487 344 5616 (45171)
395 5487 480 5546 Cf.
541 5491 774 5562 diploma
829 5490 1142 5562 Berengarii
1194 5507 1281 5564 ap.
1357 5492 1568 5546 Calmet
1633 5491 1700 5556 Ι,

113 5579 354 5704 1Τλὲίιὲ).
382 5631 449 5704 a_d
503 5631 826 5704 triumphum
854 5637 1080 5704 crescere
1119 5643 1170 5688 et
1195 5643 1318 5704 post
1343 5635 1618 5704 imperium
1649 5643 1704 5686 ut

117 5701 334 5785 [ιφ-εκ
375 5701 646 5785 rhythmis
667 5701 672 5702 7
692 5705 758 5758 de
782 5703 930 5760 obitu
963 5701 1280 5785 pthonis'lll
1319 5701 1531 5776 sumpta
1558 5713 1704 5771 sunt,

115 5774 234 5897 ut);
245 5781 428 5828 tamen
451 5783 678 5844 uterque
693 5789 884 5831 versus
913 5775 978 5830 ad
1003 5777 1146 5830 hunc
1176 5774 1558 5848 imperatorem
1585 5789 1706 5848 spe-

115 5859 148 5898 c
241 5885 252 5896 .

193 5915 343 5984 (M9)
382 5915 500 5973 Non
531 5915 672 5974 Otho
697 5919 763 5986 ll,
791 5919 886 5974 scd
915 5919 1055 5976 Otho
1081 5917 1163 5973 lll.

1884 5487 2188 5562 (420)11uc
2255 5483 2512 5562 Richa_r_di
2591 5491 2832 5562 tempore
2897 5495 3104 5562 corpus
3131 5551 3140 5562 Ι
3167 5479 3397 5562 translu-

1811 5549 2108 5642 tummesse
2177 5565 2364 5614 narrat
2427 5555 2580 5626 Hugo
2643 5549 2795 5608 Fl’av‘.
2855 5567 2944 5624 ap.
3014 5549 3286 5608 Labbeum
3337 5550 3394 5616 1,

2075 5700 2401 5770 Berengario
2427 5697 2550 5754 vivo
2576 5693 2778 5752 electus
2803 5695 2916 5765 jam
2964 5709 3105 5753 anno
3131 5691 3234 5748 962
3261 5707 3396 5764 pm,

1813 5773 2036 5914 “liti-(2‘2)
2073 5843 2156 5898 Cf.
2189 5841 2446 5914 Rhythmi
2473 5839 2508 5893 l.
2547 5857 2560 5893 ι
2591 5861 2600 5893 :
2649 5837 2770 5895 Vivo
2811 5837 3013 5894 Othone
3057 5837 3206 5890 tertio
3254 5831 3394 5890 salus

1817 5911 1912 5969 fuit
1949 5911 2156 5968 nebulo.
