3848 5532
499 414 603 472 519
1452 408 2275 485 ΒΕΒΤΑΒΙΙΝΙΒΟΗΝΕΝΒΙΞ
2299 371 2727 466 ΒΑΟΕέΒΟἸΊΞ
3747 392 3842 444 Μ

498 527 743 587 Evolutis
766 535 947 585 autem
975 526 1158 585 multis
1178 526 1373 600 quibus
1394 528 1528 584 vixit
1557 529 1611 584 in
1640 530 1745 586 isto
1770 528 2084 599 episcopatu
2115 526 2168 584 A
2263 522 2316 577 6.
2359 520 2500 577 Huic
2525 516 2791 577 successit
2823 516 3053 572 domnus
3078 510 3375 576 Adalbero,
3400 508 3575 564 ﬁlius
3614 505 3842 561 comiti!

500 621 680 687 annis,
724 620 929 691 quievit
962 619 1016 675 in
1063 633 1196 691 pace
1247 635 1286 674 ιι
1334 618 1603 676 Kalendas
1632 618 1993 689 Septembris,
2034 625 2091 674 et
2194 614 2495 683 Godefridi,
2525 614 2617 686 qui
2656 612 2759 668 fuit
2786 624 2920 665 avus
2960 608 3112 663 ducis
3136 603 3426 662 Godefridi
3462 601 3586 674 qui

500 690 755 784 sepultus,
798 721 883 768 est
934 711 990 768 in
1041 690 1374 769 monasterio
1420 713 1565 783 quod
1610 710 1727 781 ipse
1774 711 1828 766 in
1880 711 2091 767 honore
2192 717 2413 779 accepta
2437 720 2608 762 uxore
2633 702 2896 775 principis
2933 697 3209 756 Bonefacii
3237 697 3415 752 iactus
3443 703 3551 749 est
3576 690 3842 784 mar-elui:

502 782 675 863 sancti
727 804 877 862 Pauli
914 814 1320 871 construxerat,
1364 782 1523 875 juata
1570 804 1743 860 altare
1787 804 1842 859 in
1895 804 2090 859 dextra
2189 800 2467 857 Italorum.
2505 798 2603 853 llic
2646 796 2736 830 ‘3"
2764 809 2894 851 vero
2921 793 3183 863 honestus
3216 788 3319 844 fuit
3355 796 3542 858 atque
3587 782 3842 839 humilis

499 908 675 972 parte.
699 898 811 956 Nec
834 898 1103 956 silendum
1132 897 1319 971 putavi
1348 897 1493 967 quod
1530 896 1598 952 ab
1629 896 1824 952 abbate
1849 894 2089 966 ejusdem
2192 907 2336 957 mus,
2362 890 2457 947 sed
2478 887 2636 944 valde
2656 885 2925 951 inﬁrmus,
2948 891 3263 953 tantamque
3291 878 3570 972 corporis
3600 876 3709 972 sui
3732 890 3842 972 pas

501 967 607 1051 loci
642 992 844 1049 audivi.
880 967 1252 1061 Quadam'die
1299 992 1365 1047 de
1397 990 1618 1046 civitate
1662 1004 1759 1045 sua
1806 1002 1969 1045 causa
1998 1001 2094 1059 po-
2195 998 2289 1039 sus
2310 978 2835 1036 estimbecillitatem
2858 984 2918 1031 ut
2944 972 3265 1046 ipsoeodem
3292 987 3441 1027 anno
3466 967 3842 1026 benedictio-

503 1094 693 1144 scente
740 1087 1026 1158 egrediens
1053 1088 1283 1142 domnus
1308 1085 1594 1157 episcopus
1629 1085 1781 1140 venit
1826 1083 1880 1138 in
1909 1081 2093 1137 villam
2198 1072 2363 1129 tionis
2403 1086 2517 1127 suae
2547 1069 2851 1127 Salemiam
2880 1082 3050 1124 causa
3079 1065 3271 1122 salutis
3312 1069 3711 1134 θιροεωνθῑν
3759 1076 3841 1112 ιη’-

502 1178 753 1244 fratrum,
785 1193 907 1249 quae
936 1178 1133 1235 dicitur
1175 1176 1549 1233 Wandersalis
1581 1175 1753 1248 (423).
1784 1174 1887 1231 Ubi
1937 1182 2097 1229 nocte
2197 1165 2329 1222 stris
2370 1178 2553 1220 secum
2589 1161 2884 1219 comitatis.
2930 1160 3034 1227 Qui
3071 1174 3197 1214 cum
3228 1159 3305 1214 ibi
3338 1165 3702 1249 moraretur
3733 1163 3789 1249 et
3812 1170 3841 1249 Aa

506 1270 748 1327 irruente
797 1247 921 1325 eum
979 1268 1317 1326 detineretur
1371 1275 1426 1324 et
1482 1269 1565 1325 sui
1594 1247 1801 1323 omnes
1852 1266 2096 1322 membra
2198 1257 2423 1314 medicis
2441 1256 2623 1313 curari
2660 1271 2765 1311 non
2792 1261 2995 1326 posset,
3032 1267 3289 1309 reversus
3309 1257 3400 1306 est
3439 1248 3722 1309 Italiam,
3754 1247 3837 1299 illi.

504 1362 688 1434 sopori
717 1362 1014 1430 dedissent,
1039 1361 1289 1433 protinus
1315 1378 1347 1417 ει
1384 1362 1583 1418 comite
1627 1360 1914 1433 Sigeberto
1949 1360 2096 1415 inse-
2199 1366 2327 1423 que,
2356 1349 2645 1422 ingruente
2666 1354 2859 1412 morte,
2905 1346 3114 1402 vocatis
3139 1345 3400 1400 omnibus
3439 1342 3575 1397 suis
3607 1339 3838 1434 tradidit

507 1463 666 1512 cutus
688 1463 793 1523 est,
824 1463 899 1523 et,
930 1455 1073 1512 sicut
1098 1454 1272 1527 major
1300 1470 1461 1512 casus
1487 1454 1859 1512 nescientibus
1895 1452 2101 1525 ingeri—

508 1560 615 1617 tur,
672 1566 704 1606 a
756 1549 1019 1606 militibus
1065 1547 1183 1619 ejus
1237 1549 1632 1620 circumseptus
1683 1549 1917 1620 capitur.
1972 1546 2098 1601 Suis

509 1655 689 1701 autem
735 1643 803 1698 ad
849 1658 999 1698 arma
1052 1642 1503 1707 convolantibus,
1571 1640 1717 1697 illico
1769 1655 1940 1711 nepos
1984 1637 2099 1708 ejus

507 1733 775 1789 llicherus
797 1733 1120 1789 interﬁcitur
1142 1741 1198 1788 et
1227 1732 1516 1804 episcOpus
1567 1732 1621 1787 in
1670 1731 1978 1802 captionem
2008 1732 2102 1786 du-

512 1829 670 1881 citur.
698 1825 799 1893 Qui
828 1840 954 1881 mox
982 1824 1489 1881 excommunicatus
1520 1824 1587 1879 ab
1612 1822 1864 1878 omnibus
1890 1823 2101 1892 episco-

2198 1443 2475 1499 abbatiam
2515 1441 2687 1498 sancti
2710 1439 2970 1496 Germani
3002 1439 3152 1511 (426)
3183 1438 3408 1495 cuidam
3431 1432 3733 1497 Rodulfo,
3762 1449 3836 1487 ne-

2198 1536 2310 1607 poti
2340 1533 2435 1567 ¹⁸¹⁸
2465 1549 2585 1599 suo,
2617 1532 2711 1603 qui
2741 1533 2879 1587 vixit
2903 1547 3074 1602 usque
3103 1529 3172 1585 ad
3205 1540 3461 1601 tempora
3505 1526 3723 1583 damni
3748 1526 3833 1580 llic

2200 1628 2387 1687 ehardi
2415 1627 2653 1701 episcopi
2676 1625 2867 1697 plenus
2881 1626 3119 1690 dierum;
3146 1624 3363 1693 aliaque
3392 1621 3583 1678 multa
3606 1621 3736 1676 suis
3756 1619 3829 1673 di-

2199 1720 2490 1785 stribuens,
2514 1725 2760 1773 mortuus
2794 1722 2899 1772 est.
2916 1717 3027 1785 (an.
3064 1713 3190 1785 427)
3217 1713 3369 1785 (991)
3392 1712 3582 1782 Cujus
3606 1722 3823 1778 corpus,

2201 1810 2269 1865 ab
2290 1807 2441 1864 Italia
2466 1806 2705 1863 delatum
2729 1821 2760 1860 a
2784 1804 2949 1860 fratre
2968 1818 3066 1860 suo
3091 1802 3295 1859 comite
3310 1801 3660 1865 Frederieo,

508 1918 614 1988 pis,
653 1916 869 1971 tandem
920 1914 1242 1986 poenitentia
1289 1921 1491 1979 motus,
1519 1913 1754 1984 episcopi
1786 1891 2100 1969 misericor-

2230 1915 2319 1954 um
2349 1909 2434 1954 est
2461 1898 2516 1953 in
2538 1896 2768 1954 ecclesia
2804 1911 2901 1951 sua
2934 1895 2989 1949 in
3023 1895 3191 1949 choro
3217 1904 3434 1949 sanctae
3467 1891 3675 1947 Maria:
3708 1898 3819 1944 ante

510 2012 655 2067 diam
706 2022 1010 2081 exposcens
1063 2008 1301 2079 primum
1352 2006 1594 2062 dolorem
1657 2005 1903 2077 corporis
1955 2005 2100 2071 tulit,

513 2107 705 2163 deinde
764 2118 1030 2161 summam
1087 2102 1333 2173 pecuniae
1381 2101 1449 2157 ad
1499 2100 1642 2156 diem
1696 2098 2104 2155 denominatum

512 2199 710 2255 domno
758 2197 1012 2268 episcopo
1067 2192 1391 2250 revadiavit.
1425 2191 1502 2247 Ex
1558 2206 1663 2261 qua
1694 2189 1899 2246 metalli
1948 2189 2104 2260 copia

514 2290 773 2363 templum
825 2294 1029 2345 sanctae
1077 2285 1259 2341 Mariae
1306 2284 1399 2317 ‘3“
1444 2291 1644 2354 praeter
1681 2283 1787 2337 alia
1830 2291 1979 2353 gesta
2029 2281 2105 2336 ita

512 2381 728 2438 coronis
755 2379 972 2436 ornavit
994 2386 1076 2445 ut,
1101 2378 1149 2433 si
1174 2390 1338 2431 manu
1363 2375 1597 2446 primam
1634 2383 1911 2445 tangeres,
1934 2385 2107 2443 usque

514 2474 581 2530 ad
609 2471 961 2530 novissimam
986 2483 1177 2526 omnes
1198 2475 1566 2523 moverentur.
1590 2466 1703 2537 (an.
1733 2465 1839 2522 982
1862 2464 1948 2520 vel
1976 2461 2105 2536 983)

514 2563 633 2619 Tali
653 2561 888 2632 denique
913 2569 1134 2632 pastore
1160 2558 1372 2615 sublato
1396 2565 1704 2614 evenerunt
1745 2557 1873 2612 huic
1898 2556 2107 2612 civitati

512 2654 683 2710 multa
727 2654 954 2711 adversa
988 2661 1043 2710 et
1075 2651 1451 2707 tribulationes
1486 2650 1543 2705 in
1570 2649 1789 2720 populo.
1823 2648 1961 2703 Nam
2004 2646 2109 2704 Lo-

513 2744 747 2809 tharius,
803 2757 900 2799 rex
944 2740 1300 2806 Francorum,
1328 2741 1585 2811 quoniam
1624 2746 1745 2794 erat
1780 2752 1869 2794 res
1890 2736 2109 2809 publica

514 2837 694 2892 minus
718 2833 1068 2891 defensabilis
1091 2834 1190 2889 sub
1216 2832 1442 2903 praefato
1468 2831 1713 2902 principe
1738 2830 2110 2893 Romanorum

510 2928 711 2998 juvene
731 2926 930 2984 Ottone
945 2927 1056 2999 (an.
1075 2924 1202 2997 984)
1218 2924 1430 2980 obsedit
1450 2923 1727 2980 civitatem
1749 2922 1910 2978 istam
1936 2920 2107 2994 (424),

515 3020 612 3076 sed
639 3020 752 3075 Deo
776 3018 991 3075 volente
1026 3016 1250 3073 minime
1293 3015 1474 3087 cepit;
1499 3024 1741 3071 attamen
1770 3015 1954 3071 omnia
1991 3028 2111 3084 quae

516 3111 665 3168 circa
693 3110 883 3167 urbem
910 3117 1072 3167 erant
1097 3108 1350 3164 vastavit.
1377 3106 1579 3163 Contra
1601 3121 1763 3178 quem
1789 3122 1915 3163 cum
1938 3106 2110 3161 nostri

518 3203 724 3275 egressi
758 3203 827 3258 ad
856 3201 996 3258 bella
1030 3200 1281 3256 venirent
1317 3199 1386 3255 ab
1418 3198 1538 3269 ejus
1563 3199 1811 3255 exercitu
1845 3197 2108 3268 superati,

2205 1992 2421 2064 gradus,
2455 1999 2511 2048 et
2529 1998 2822 2046 veneratur
2843 1989 2915 2044 ibi
2943 2002 3157 2043 summo
3179 1988 3392 2042 honore
3415 1995 3478 2041 et
3508 1985 3813 2040 reverentia

2206 2097 2377 2153 usque
2405 2082 2460 2137 in
2504 2089 2826 2153 praesentem
2867 2079 3029 2135 diem.
3068 2077 3214 2132 Vixit
3263 2087 3460 2133 autem
3506 2077 3569 2131 in
3615 2076 3817 2146 qustu-

2204 2184 2333 2245 patu
2359 2173 2531 2229 tribus
2553 2173 2720 2229 semis
2732 2170 3075 2243 annis(428).
3101 2168 3305 2226 Horum
3332 2184 3476 2240 ergo
3500 2166 3815 2237 pontiﬁces

2207 2273 2516 2320 nostrorum
2557 2254 2912 2335 temporibus,
2964 2262 3221 2318 defuncto
3257 2259 3478 2315 domno
3518 2258 3816 2313 [lambens

2204 2358 2384 2430 primo
2418 2357 2612 2413 abbate
2650 2356 2898 2412 ecclesiae
2937 2353 3121 2411 Sancti
3148 2354 3357 2420 Vitoni,
3392 2354 3720 2424 gubernat:
3749 2362 3815 2406 est

2207 2451 2394 2506 eadem
2426 2449 2671 2506 Ecclesia
2692 2464 2791 2521 per
2826 2463 2999 2505 annos
3043 2447 3214 2504 ferme
3252 2445 3327 2501 60
3361 2446 3468 2479 ⁸⁸⁸⁸
3500 2462 3637 2501 αισι
3684 2444 3812 2501 omni

2209 2540 2617 2599 honoriﬁcentia
2657 2556 2689 2597 a
2737 2541 2871 2597 viris
2909 2540 3209 2596 illustribus
3250 2548 3307 2594 et
3347 2538 3639 2610 singulari
3678 2537 3807 2592 imi.

2209 2635 2340 2690 stria
2368 2633 2723 2705 pollentibus,
2766 2631 3092 2697 Adelmaro,
3124 2630 3437 2698 Adelardo,
3476 2629 3805 2689 Ermem'im.

2211 2727 2466 2783 Rohardo
2512 2725 2606 2759 ¹⁸⁸⁰
2642 2723 2934 2780 Lamberto
2960 2732 3015 2779 et
3041 2722 3307 2794 Fit-genio
3356 2721 3703 2783 abbatibus,
3730 2720 3807 2771 da-

2210 2833 2313 2876 nec
2354 2817 2690 2890 temporibus
2730 2818 2914 2874 domui
2956 2816 3193 2887 episcopi
3231 2814 3551 2887 Heymonis
3596 2812 3808 2882 sustulit

2211 2911 2384 2982 ipsam
2419 2909 2719 2966 Ecclesiam
2769 2908 3214 2981 gubernandam,
3264 2916 3324 2961 ut
3374 2916 3512 2978 post
3558 2907 3807 2966 dicemus.

2212 3002 2444 3058 domnus
2456 3011 2512 3057 et
2527 3000 2855 3057 venerabilis
2887 2999 3053 3055 Pater
3074 2998 3407 3064 Riehardus,
3438 2999 3672 3053 naviter
3691 2999 3739 3051 in
3756 3012 3805 3045 τι

2213 3092 2514 3149 monachus
2539 3090 2716 3147 factus
2740 3131 2758 3158 ,
2795 3091 2888 3161 qui
2926 3088 3026 3145 fuit
3071 3089 3140 3145 de
3185 3089 3539 3160 primoribus
3576 3087 3807 3143 Euasit

2214 3190 2417 3238 sanctae
2446 3182 2628 3237 Mariae
2645 3180 2970 3238 Rhemensis
2987 3180 3284 3237 canonicus
3307 3188 3367 3236 et
3394 3180 3489 3235 vir
3512 3179 3684 3235 valde
3708 3178 3801 3232 rei.

519 3273 698 3363 plures
724 3292 870 3363 capti
899 3300 1027 3349 sunt
1044 3302 1100 3347 et
1122 3290 1360 3347 abducti.
1389 3289 1498 3346 Pro
1531 3306 1762 3362 quorum
1789 3289 2110 3345 liberatione
2138 3310 2185 3372 ρ
2217 3273 2418 3344 εἰοευεε

520 3383 789 3441 Gobertus
810 3384 1051 3455 quidam,
1073 3383 1229 3439 miles
1255 3383 1686 3453 potentissimus,
1718 3382 1901 3440 claves
1920 3381 2111 3438 civita-

523 3479 594 3535 tis
622 3479 735 3551 regi
762 3458 986 3534 detulit:

589 3570 645 3625 4.
671 3569 899 3627 Factum
933 3578 1018 3627 est
1042 3578 1222 3626 autem
1265 3579 1389 3641 post
1435 3571 1551 3626 hac
1589 3577 1652 3624 ut
1689 3568 1844 3641 Hugo
1892 3568 2115 3639 quidam

522 3669 755 3726 clericus
776 3668 1079 3739 susciperet
1116 3667 1510 3738 episcopatum.
1540 3665 1641 3721 Hic
1671 3666 1856 3736 itaque
1877 3678 2002 3719 eum
2034 3662 2118 3717 in-

524 3774 747 3830 gressus
789 3759 983 3815 fuisset
1023 3759 1322 3824 civitatem,
1361 3757 1574 3813 vocatis
1614 3756 1681 3812 ad
1725 3772 1785 3812 se
1824 3754 2114 3819 ministris,

527 3851 671 3907 unde
704 3851 985 3916 viverent,
1006 3850 1319 3919 exquisivit.
1349 3849 1555 3917 Quibus
1583 3848 2032 3917 respondentibus
2061 3862 2120 3904 se

528 3942 743 4013 penitus
762 3956 949 3997 carere
977 3940 1228 4012 expensis
1248 3955 1368 4010 qua:
1394 3940 1611 3996 fuerant
1635 3939 1927 4011 pontificis,
1947 3951 2002 3997 et
2028 3941 2119 3997 de—

531 4033 866 4106 signantibus
910 4032 1418 4088 exterminationem
1442 4031 1694 4087 villarum
1722 4047 1953 4102 quarum
1993 4031 2118 4087 red-

533 4127 733 4183 ditibus
766 4126 950 4182 vivere
993 4123 1218 4190 solebat,
1272 4139 1497 4181 ascenso
1530 4139 1668 4180 mox
1696 4137 1835 4194 equo
1870 4138 2123 4199 reversus

533 4227 637 4275 est.
1164 4234 1171 4239 ‘

602 4312 658 4369 5.
694 4311 814 4380 Quo
836 4326 1076 4384 egresso,
1107 4318 1466 4381 susceperunt
1495 4310 1642 4367 cives
1676 4310 1849 4367 nostri
1878 4309 1998 4366 sine
2032 4323 2120 4365 re-

536 4401 623 4473 gio
651 4401 793 4458 dono
819 4402 1218 4458 Adalberonem
1256 4397 1350 4433 ’m
1396 4400 1568 4456 filium
1610 4401 1876 4458 Beatricis
1901 4400 2125 4457 nobilis-

538 4496 690 4551 simae
723 4495 981 4551 ductricis
1025 4493 1241 4567 [matris
1283 4494 1376 4526 ¹⁸¹⁶
1415 4493 1737 4551 Theoderici
1781 4493 1976 4568 ducis].
2020 4493 2126 4562 Qui

456 4595 459 4598 ‘
540 4599 663 4639 cum
700 4584 1088 4655 aliquantisper
1131 4583 1503 4654 episcopatum
1543 4585 1807 4641 tenuisset
1841 4582 1994 4656 (425)
2031 4584 2125 4640 de-

2291 3385 2345 3439 7.
2385 3382 2628 3441 Ecclesia
2657 3399 2789 3442 vero
2812 3383 3170 3442 Virdunensis
3200 3384 3370 3441 tantis
3408 3384 3721 3456 prmlibatis
3740 3396 3806 3452 pa-

2219 3477 2454 3533 storibus
2487 3477 2705 3533 viduata
2734 3487 3010 3550 pastorem
3051 3494 3081 3533 a
3120 3493 3229 3548 quo
3264 3492 3395 3532 vere
3437 3478 3723 3547 pascentia
3749 3475 3805 3527 fc»

2220 3577 2324 3635 ret,
2361 3576 2417 3623 et
2444 3569 2662 3624 Patrem
2684 3586 2715 3623 a
2744 3586 2853 3639 quo
2882 3569 3112 3640 benigne
3143 3568 3432 3623 nutrienda
3463 3578 3523 3623 et
3553 3567 3804 3639 diligenda

2220 3668 2384 3725 esset,
2413 3669 2526 3714 tum
2572 3674 2772 3730 genere
2807 3669 2920 3715 tum
2950 3660 3190 3714 moribus
3226 3658 3644 3713 nobilissimum
3694 3656 3805 3725 llcj-

2222 3766 2457 3816 monem,
2494 3753 2559 3806 de
2587 3767 2695 3822 quo
2719 3753 2882 3824 paulo
2904 3762 3032 3807 ante
3057 3752 3317 3817 diximus,
3349 3752 3558 3806 meruit
3594 3767 3627 3804 a
3657 3750 3805 3805 Thea-

2224 3844 2421 3899 tonica.
2451 3842 2553 3910 Qui
2585 3842 2705 3899 loco
2744 3845 2845 3901 sibi
2878 3844 3168 3900 commisso
3200 3858 3311 3899 non
3340 3857 3542 3912 parum
3582 3843 3674 3872 ’δ”
3704 3856 3803 3909 pro-

2222 3935 2344 4002 fuit,
2378 3950 2503 3990 cum
2528 3935 2817 3991 ecclesiam
2848 3937 3166 4007 perbrevem
3194 3949 3395 4004 magna
3418 3949 3493 3988 ex
3517 3946 3679 4002 parte
3708 3948 3803 3985 asa-

2225 4029 2495 4101 pliaverit,
2531 4029 2893 4095 deeoraverit,
2915 4028 3189 4093 extulerit,
3220 4043 3342 4083 cum
3381 4026 3691 4097 prmbendm
3726 4025 3801 4076 l'ra

2226 4133 2368 4180 trum
2400 4122 2755 4195 Superiacum
2793 4133 2849 4180 et
2892 4124 2998 4179 alia
3043 4124 3198 4194 plura
3251 4125 3379 4179 data
3410 4122 3499 4177 vel
3544 4122 3800 4193 prrsum

2226 4219 2561 4289 acquisierit,
2593 4235 2722 4275 cum
2756 4220 2922 4275 etiam
2954 4235 3066 4276 sua:
3093 4227 3148 4276 et
3177 4233 3566 4275 successorum
3607 4230 3800 4272 suorum

2226 4325 2429 4366 mensae
2446 4326 2476 4365 a
2504 4309 2760 4367 Heinrico
2782 4311 3010 4383 paciﬁca
3040 4325 3190 4381 rege,
3219 4309 3455 4366 ﬁdeliter
3474 4304 3801 4378 obseqaendé

2225 4412 2556 4474 strenueque
2578 4419 2639 4461 se
2657 4404 2926 4471 habendo,
2949 4390 3210 4476 Jupiliam'
3232 4403 3586 4476 impetratam
3608 4400 3798 4455 addide-

2228 4497 2321 4552 rit.
2353 4496 2398 4554 Ο
2439 4507 2644 4567 quanta
2677 4497 2780 4553 viri
2823 4498 2985 4569 hujus
3029 4511 3160 4568 erga
3194 4495 3461 4552 ecclesias
3498 4491 3796 4550 sollicitudo.

2229 4606 2376 4678 cum.
2403 4590 2690 4646 ecclesiam
2724 4591 2881 4647 beati
2928 4590 3151 4647 Joannis
3197 4588 3462 4660 Baptista:
3504 4587 3796 4644 mutaverit.

542 4672 729 4729 ίυηθίο
746 4673 1009 4731 umens"
1025 4673 1404 4747 εΡῘεθορο(αη·
1423 4674 1550 4746 984)
1566 4675 1632 4731 ad
1646 4676 1890 4731 eamdem
1907 4691 1966 4731 se
1993 4691 2125 4731 COﬂ-
2154 4689 2205 4749 D
2232 4672 2497 4741 mutatam
2523 4684 2886 4756 ampliaverit,
2911 4684 3221 4755 ampliatam
3252 4684 3444 4739 Mauro
3463 4683 3682 4755 praesuli
3704 4697 3795 4737 san-

544 4764 668 4820 tulit
686 4765 977 4832 civitatem,
1004 4765 1316 4837 episcopatu
1340 4767 1445 4822 isto
1465 4766 1678 4823 relicto.
1703 4767 1788 4822 Ad
1815 4783 1978 4839 quem
2000 4783 2125 4823 eum

549 4858 819 4915 Venissent
844 4860 1038 4926 nostri,
1066 4859 1335 4931 susceptis
1362 4859 1444 4916 eis
1483 4874 1607 4916 cum
1634 4861 1843 4917 honore
1872 4860 2126 4917 baculum

545 4950 796 5009 reddidit.

2234 4777 2479 4834 ctissime
2501 4776 2923 4843 consecraverit,
2948 4792 3067 4832 cum
3087 4774 3588 4832 sanctimonialium
3611 4786 3795 4843 constt

2235 4870 2509 4940 galionem
2536 4868 2671 4924 inibi
2697 4867 3036 4923 ordinaverit
3059 4876 3113 4922 et
3135 4867 3549 4939 congregationi

2235 4961 2318 5015 ria
2345 4977 2413 5017 ex
2449 4963 2613 5018 rebus
2653 4958 2879 5031 majoris
2913 4959 3156 5017 ecclesiae
3198 4960 3535 5032 providerit!
3568 4957 3791 5030 Diligebﬂ

1872 5112 2107 5170 VARDE
2140 5116 2545 5180 LECTIONES.

1717 5231 1812 5254 ...ι
1943 5231 2282 5282 unum,“

2360 5257 2612 5288 “merser-
2668 5241 2723 5282 4-
2772 5238 2924 5282 [mlunt
2965 5237 3124 5286 etiam
3174 5234 3335 5294 Ηκσο
3368 5233 3534 5291 Βία.
3613 5232 3699 5266 Iw
3724 5229 3790 5285 ΗΒ
