3920 6428
186 325 296 384 52!

1110 328 1198 385 DE
1228 326 1475 385 GESTIS
1513 325 2000 389 EPISCOPORUM
2043 331 2584 393 VIRDUNENSIUM.

3367 343 3472 400 5'23.

183 449 303 504 iste
332 425 630 512 ecclesias,-
649 425 941 514 diligebant
974 452 1028 500 et
1055 445 1136 500 sui
1157 463 1172 511 ;
1193 446 1446 516 operibus
1476 446 1579 517 piis
1607 446 1774 501 insta-
1803 449 1854 509 Α
1880 448 2050 519 gratia
2075 489 2090 514 ,
2159 449 2319 520 paulo
2390 457 2552 507 latius
2631 451 3041 508 conversionem
3099 454 3238 510 beati
3291 454 3474 515 Patris

185 541 314 606 bat,
343 540 619 614 instabant
646 547 700 593 et
723 538 827 592 sui.
855 536 986 591 Nam
1018 536 1134 606 ejus
1159 539 1402 610 exemplo
1432 537 1653 610 ejusque
1692 540 1784 594 de-

187 629 404 684 siderio
431 627 652 682 Amicus
687 627 1008 697 pnepositus
1042 628 1323 684 ecclesiam
1367 637 1568 684 sancta:
1595 627 1786 684 Crucis

187 720 510 784 aediﬁcavit,
540 719 831 774 canonicos
882 719 1162 774 duodecim
1192 720 1410 786 locavit,
1451 722 1646 790 quibus
1688 735 1784 774 ne-

185 812 444 868 cessaria
467 826 534 866 ex
559 811 772 880 praediis
797 811 907 866 suis
936 820 990 865 et
1011 826 1078 866 ex
1109 811 1323 868 aliunde
1351 811 1634 882 acquisitis
1663 824 1786 881 pro-

187 903 354 958 vidit.
397 901 477 955 Ad
526 899 772 955 ultimum
809 901 1070 971 petitione
1113 903 1350 973 episcOpi
1400 903 1577 956 locum
1633 901 1783 955 illum

187 998 390 1051 sancto
433 993 616 1048 Mauro
668 993 899 1049 subdere
950 1009 1053 1048 non
1105 995 1392 1050 recusavit.
1439 993 1590 1048 Dudo
1619 994 1782 1047 etiam

183 1084 519 1155 prcepositus
545 1082 685 1154 apud
737 1082 1016 1138 castellum
1061 1083 1399 1138 Desluwarth
1439 1082 1585 1154 (429)
1615 1083 1784 1138 eccle-

183 1177 331 1230 siam
365 1176 416 1229 in
447 1176 648 1230 honore
675 1175 846 1229 sancti
871 1173 1144 1229 Laurentii
1165 1175 1460 1239 constituit,
1493 1175 1784 1230 canonicos

181 1267 488 1331 ordinavit,
518 1265 784 1322 ordinatis
820 1265 1127 1320 necessaria
1165 1265 1430 1334 disposuit
1465 1265 1784 1336 magnisque

181 1356 451 1428 operibus
492 1370 614 1411 eum
653 1371 849 1426 magno
904 1354 1086 1410 labore
1133 1364 1340 1410 etcum
1398 1356 1534 1408 miro
1587 1355 1783 1410 decore

184 1448 460 1522 [castrum
482 1448 612 1504 illud
639 1448 778 1522 ων]
806 1451 872 1504 ad
892 1449 1143 1504 effectum
1172 1466 1341 1520 usque
1362 1450 1629 1519 perduxit.
1656 1450 1784 1506 Post

184 1542 313 1597 lucc
337 1556 368 1595 a
398 1541 485 1613 pio
514 1541 766 1612 pontifice
793 1549 1018 1612 paterae
1047 1551 1305 1612 exceptus
1345 1551 1427 1596 est
1452 1541 1666 1596 aliunde
1690 1542 1786 1596 ad-

182 1637 423 1692 veniens
445 1635 607 1691 Pater
649 1635 1042 1700 Ermenfridus,
1074 1645 1129 1689 et
1159 1635 1383 1705 benigne
1424 1643 1661 1689 retentus
1687 1634 1784 1689 ad-

175 1729 449 1800 jutusque
485 1727 774 1784 aedificavit
809 1728 1094 1782 ecclesiam
1123 1737 1321 1782 sancta:
1353 1727 1534 1782 Mariae
1574 1727 1784 1796 Magda-

1885 538 2190 614 replicare,
2247 541 2481 597 maxime
2533 541 2657 613 quia
2709 543 2891 598 multis
2946 544 3217 601 credimus
3253 556 3469 618 gratum

1888 630 2024 685 fore.
2763 701 2770 706 ι

1957 721 2009 776 9.
2049 720 2113 776 Hi
2148 722 2308 793 igitur
2353 723 2748 793 prmclariSs-imi
2800 725 2921 790 viri,
2963 727 3212 783 videlicet
3243 745 3470 787 venera-

1885 809 2007 865 bilis
2050 809 2213 865 Pater
2258 811 2521 867 llicardus
2565 822 2619 866 et
2651 813 2882 884 inclytus
2917 830 3096 870 comes
3130 816 3470 886 Fredericus,

1885 890 2098 956 initium
2142 903 2513 959 conversionis
2559 904 2614 958 in
2660 905 2760 958 hac
2809 905 3035 960 ecclesia
3084 908 3191 961 Deo
3235 909 3471 964 donante

1885 994 2090 1064 pariter
2127 993 2504 1063 disposuerunt
2534 995 2752 1050 habere.
2786 996 2916 1050 Erat
2943 1007 3067 1052 tunc
3098 998 3210 1067 ipsa
3238 1000 3469 1056 ecclesia

1885 1085 2046 1139 rebus
2073 1083 2246 1154 inops,
2267 1085 2508 1139 :editiciis
2535 1079 2780 1156 augusta,
2805 1103 2994 1157 parum
3021 1089 3302 1146 laudabilis
3331 1107 3467 1146 con-

1883 1177 2188 1232 versatione
2240 1177 2484 1248 religiosa
2513 1219 2530 1244 ,
2579 1195 2738 1250 quam
2790 1182 3003 1236 nonnisi
3055 1193 3258 1252 septem
3294 1185 3466 1241 Scotti

1884 1274 2135 1328 monachi
2183 1275 2282 1328 sub
2313 1274 2506 1330 abbate
2551 1291 2648 1330 suo
2671 1318 2685 1340 ,
2721 1287 2897 1333 tamen
2930 1294 3136 1348 magna:
3165 1282 3474 1338 sanctitatis

1883 1363 2022 1428 viro,
2054 1365 2270 1420 nomine
2308 1365 2569 1437 Fiugenio
2613 1367 2759 1439 (450)
2807 1367 3130 1424 incolebant.
3182 1372 3320 1444 Ergo
3346 1389 3468 1428 cum

1884 1455 2158 1525 religionis
2195 1457 2547 1526 propositum.
2581 1457 2645 1511 ad
2672 1459 2814 1528 quod
2851 1461 2936 1530 pic
2971 1459 3232 1528 fervebat,
3265 1463 3468 1519 novella

1884 1544 2144 1616 plantatio
2193 1547 2412 1602 minime
2469 1562 2528 1602 se
2576 1549 2815 1604 invenire
2866 1551 3212 1620 tristaretur,
3275 1555 3468 1610 insedit

1886 1628 2086 1702 animo,
2117 1648 2175 1694 ut
2211 1640 2262 1694 id
2294 1641 2434 1710 quod
2481 1642 2859 1700 desiderabant
2886 1644 3141 1703 Cluniaco
3169 1652 3306 1720 apud
3346 1667 3471 1706 san-

1885 1739 2030 1783 ctum
2059 1729 2274 1786 Patrem
2305 1731 2584 1788 Odilonetn
2632 1736 2839 1790 ardenti
2870 1739 3032 1793 corde
3073 1741 3467 1811 perquirerent.

183 1819 352 1886 lente,
375 1819 758 1888 canonicisque
784 1819 1046 1874 ordmatis
1084 1835 1204 1874 cum
1234 1836 1444 1874 summo
1471 1819 1670 1875 laboris
1698 1836 1784 1875 ar-
1815 1801 1858 1860 Β
1887 1819 2006 1886 Quo
2043 1837 2163 1875 cum
2197 1823 2568 1890 pervenissent
2618 1834 2673 1880 et
2722 1801 3268 1900 propositurumaninti
3320 1843 3468 1888 tanto

185 1914 326 1969 dore
351 1911 657 1967 necessaria
683 1912 949 1982 providit;
979 1922 1182 1982 utpote,
1215 1913 1305 1982 qui
1335 1913 1673 1981 patrimoniis
1695 1929 1786 1969 ca-

186 2007 370 2069 rebat,
403 2005 616 2075 regibus
643 2004 1013 2074 obsequendo,
1054 2005 1388 2074 principibus
1435 2007 1781 2072 adhaerendo,

184 2099 444 2154 omnibus
476 2113 533 2152 se
561 2096 930 2152 submittendo
969 2106 1023 2152 et
1070 2113 1191 2151 cum
1235 2098 1371 2152 mira
1421 2098 1784 2155 sollicitudine

187 2191 364 2246 Deum
405 2190 672 2261 praecipue
725 2190 1028 2245 invocando
1077 2189 1244 2244 multa
1287 2192 1588 2260 acquisivit.
1649 2192 1784 2248 lluic

179 2282 315 2353 plus
361 2283 592 2338 contulit
618 2284 728 2337 vita
758 2297 920 2352 quam
950 2285 1200 2354 pecunia,
1229 2283 1348 2355 plus
1397 2285 1481 2355 pia
1523 2286 1614 2318 ³⁸⁸³
1641 2286 1783 2356 apud

183 2377 360 2432 Deum
418 2386 472 2431 et
517 2376 763 2432 homines
812 2377 1026 2431 devotio
1067 2392 1227 2447 quam
1257 2376 1433 2446 aliqua
1477 2380 1777 2449 possessio;

182 2468 315 2538 plus
344 2467 544 2539 profuit
593 2460 845 2524 meritum
869 2483 1034 2540 quam
1075 2469 1332 2539 prodesse
1381 2470 1646 2539 potuisset
1685 2470 1781 2524 ali-

183 2559 336 2630 quod
359 2560 763 2630 patrimonium.

260 2648 319 2705 8.
360 2649 470 2706 Sub
503 2651 692 2706 eodem
730 2658 971 2721 tempore
1023 2649 1344 2706 venerabilis
1389 2651 1552 2707 Pater
1595 2651 1785 2707 Ricar-

183 2743 315 2807 dus,
345 2743 435 2812 qui
467 2739 608 2808 fuit,
645 2750 707 2796 ut
750 2742 1119 2812 prmdiximus,
1151 2742 1216 2797 de
1264 2743 1590 2812 primoribus
1634 2743 1782 2800 Rhe-

185 2833 399 2888 mensis
447 2831 744 2900 Ecclesia,
789 2833 874 2889 vir
918 2833 1168 2888 maximae
1217 2835 1492 2906 religionis
1519 2875 1533 2900 ,
1585 2835 1781 2891 saeculo

186 2920 546 2990 renuntians,
574 2923 819 2993 Fingenii
856 2923 1068 2980 abbatis
1097 2926 1254 2996 hujus
1284 2927 1524 2982 ecclesia:
1562 2943 1779 2982 succes-

185 3031 284 3071 sor
319 3013 494 3070 factus
537 3024 620 3072 est
666 3015 897 3088 (1004).
949 3016 1121 3084 Quam
1183 3019 1466 3074 ecclesiam
1519 3037 1622 3075 una
1658 3037 1779 3077 cum

186 3106 520 3174 imperatore
573 3105 809 3163 Henrico
882 3106 1074 3178 Magno
1127 3110 1178 3163 in
1240 3111 1443 3166 honore
1500 3112 1777 3168 beatorum

185 3195 551 3267 apostolorum
580 3195 726 3252 Petri
749 3206 803 3253 et
827 3196 980 3254 Pauli
1007 3209 1061 3254 et
1091 3201 1262 3256 sancti
1293 3201 1471 3257 Vitoni
1495 3203 1780 3258 aediﬁcavit

183 3295 247 3342 et
276 3286 344 3340 ad
371 3285 618 3342 effectum
653 3302 823 3362 usque
867 3289 1136 3359 perduxit.
1173 3291 1292 3345 Vita
1324 3291 1483 3360 hujus
1514 3294 1781 3363 spectabi—

186 3381 262 3436 lis
309 3380 474 3435 vitam
523 3382 816 3437 multorum
873 3384 1107 3439 reddidit
1152 3386 1520 3457 spectabilem.
1572 3387 1780 3461 Religio

187 3473 354 3543 hujus
375 3488 480 3527 non
504 3471 830 3531 habentibus
856 3475 1162 3541 inculcavit,
1187 3478 1508 3534 habentibus
1527 3496 1783 3550 augmen-

188 3556 331 3620 tavit
367 3561 718 3636 religionem;
743 3565 852 3619 imo
879 3567 1139 3637 quidquid
1179 3569 1278 3622 iste
1307 3568 1406 3622 fuit
1436 3585 1542 3623 non
1573 3579 1779 3624 tantum

187 3655 296 3711 sibi
325 3655 576 3723 subditis,
615 3657 710 3711 sed
743 3666 799 3712 et
838 3659 1115 3714 extraneis
1148 3673 1253 3713 non
1290 3660 1632 3715 mediocriter
1659 3677 1782 3731 pro-

190 3747 313 3804 fuit.
343 3747 515 3804 Saluti
563 3749 792 3806 aliorum
833 3757 891 3804 ut
929 3765 1038 3806 sure
1083 3751 1417 3822 invigilabat,
1457 3755 1779 3809 correctioni

188 3841 424 3896 aliorum
453 3849 514 3895 ut
555 3856 666 3896 sum
695 3841 1070 3913 applaudebat.
1119 3840 1176 3896 Si
1208 3843 1403 3913 aliquis
1440 3854 1784 3899 convertere-

189 3942 307 3998 tur,
348 3946 444 3987 sua
482 3940 602 3987 erat
647 3933 961 3998 conversio;
1013 3933 1060 3986 si
1109 3933 1244 3988 bene
1289 3943 1647 4004 operaretur,
1685 3951 1780 3991 sua

186 4033 310 4081 erat
334 4025 596 4095 operatio.
621 4024 770 4082 Talis
806 4025 942 4092 vita,
977 4025 1119 4090 talis,
1171 4027 1416 4096 inquam,
1449 4026 1588 4080 fama
1635 4043 1783 4082 com-

188 4106 378 4190 plures
413 4119 694 4174 admonuit
728 4119 912 4175 vivere
950 4119 1002 4173 in
1043 4117 1284 4184 Christo,
1316 4134 1436 4172 cum
1475 4121 1782 4190 disponeret

190 4209 328 4266 mori
361 4209 577 4264 saeculo.
607 4208 826 4265 Nobiles
856 4225 912 4264 se
944 4208 1267 4280 reputabant
1297 4209 1581 4280 ignobiles,
1615 4209 1782 4268 fortes

187 4300 573 4358 existimabant
615 4316 673 4356 se
723 4301 926 4357 debiles
952 4342 966 4367 ,
997 4311 1049 4357 et
1077 4341 1092 4368 ,
1119 4311 1178 4357 ut
1210 4311 1371 4358 tanta:
1418 4303 1538 4356 vitm
1569 4303 1782 4358 confor-

187 4402 514 4458 marentur,
567 4392 827 4464 quidquid
876 4403 1030 4449 erant
1078 4410 1184 4450 non
1238 4393 1331 4424 ³¹¹¹³
1383 4410 1502 4449 esse
1560 4396 1780 4453 omnino

190 4485 522 4540 nitebantur.
550 4484 717 4556 Hujus
736 4487 1002 4556 exemplo,
1028 4487 1205 4556 hujus,
1227 4487 1462 4558 inquam,
1489 4489 1778 4557 desiderio,

188 4576 474 4645 progenies
519 4578 670 4632 ducis
713 4577 986 4634 Godcfridi
1051 4581 1320 4651 prmeipue
1382 4583 1782 4638 abrenuntiavit

189 4667 409 4721 sacculo.
444 4667 768 4724 Fredericus
798 4671 998 4725 etenim
1027 4713 1040 4735 ,
1073 4687 1255 4727 comes
1284 4673 1623 4738 venerabilis,
1658 4674 1782 4730 huic

193 4755 340 4809 Patri
365 4771 422 4810 se
443 4756 608 4811 tilium
637 4759 1057 4826 commendavit,
1084 4762 1211 4817 huic
1231 4763 1446 4819 domino
1474 4779 1532 4818 se
1559 4780 1774 4820 servum

190 4845 463 4910 Subdidit;
497 4849 711 4918 praediis
747 4851 1031 4906 ecclesiam
1082 4854 1263 4918 auxit;
1307 4855 1393 4909 cui
1443 4872 1547 4910 non
1601 4857 1774 4912 solum

190 4951 330 5000 sua,
381 4937 474 4991 sed
512 4946 566 4992 et
615 4955 675 4995 se
725 4939 898 5010 ipsum
952 4941 1097 4996 ultro
1139 4943 1384 4998 contulit.
1439 4945 1524 5010 Et,
1563 4949 1687 5016 quia
1719 4962 1778 5002 se

190 5027 410 5083 occasio
436 5029 664 5112 prmbuit
685 5029 750 5084 de
771 5021 968 5087 comite
992 5031 1303 5102 Frederico,
1324 5034 1521 5106 placet,
1545 5037 1775 5108 exempli

1885 1910 2035 1968 Patri
2062 1915 2457 1983 exposuissent,
2488 1916 2570 1969 vir
2599 1932 2764 1988 sagax
2793 1928 2848 1972 et
2870 1919 3163 1975 industrius
3196 1925 3474 1992 respondit

1885 2005 2016 2070 cito,
2048 2005 2117 2060 ibi
2149 2021 2243 2061 eos
2273 2005 2516 2061 habitare
2546 2024 2650 2062 non
2681 2019 2950 2079 eportere,
2988 2011 3075 2066 ubi
3110 2012 3252 2065 nulla
3282 2029 3469 2084 super-

1884 2107 2040 2152 erant
2071 2113 2189 2167 quae
2210 2113 2393 2153 eorum
2423 2100 2667 2170 exemplo
2700 2102 3116 2171 corrigerentur,
3140 2104 3267 2174 quin
3293 2105 3471 2173 potius

1886 2187 2125 2259 redirent
2151 2188 2216 2242 ad
2240 2190 2454 2259 propria
2475 2198 2533 2244 ut
2560 2205 2655 2260 per
2682 2207 2775 2246 eos
2800 2191 2908 2247 illic
2936 2192 3288 2248 fructificaret
3317 2210 3470 2264 seges

1885 2277 2114 2331 Domino
2140 2277 2420 2347 placitura.
2457 2279 2556 2346 Qui
2595 2295 2716 2335 cum
2744 2280 2862 2349 ejus
2889 2282 3231 2337 suasionibus
3259 2283 3468 2338 deliniti

1885 2369 2175 2435 redissent,
2207 2385 2306 2424 nec
2331 2370 2728 2426 cohabitatores
2774 2387 2898 2427 suos
2944 2374 3008 2427 ad
3039 2382 3221 2427 votum
3269 2376 3468 2446 corrigi

1883 2457 1938 2513 in
1969 2459 2083 2514 dies
2111 2459 2274 2515 corde
2317 2467 2474 2516 tenus
2518 2461 2783 2527 dolerent,
2817 2462 3011 2517 iterum
3043 2463 3305 2534 migrandi
3337 2464 3472 2520 alias

1883 2551 2164 2606 consilium
2221 2552 2458 2609 habuere
2508 2552 2699 2624 (43l);
2756 2554 2849 2609 sed
2908 2555 3049 2610 Deus
3099 2556 3468 2625 omnipotens,

1883 2641 2036 2710 cujus
2066 2643 2398 2714 dispositioni
2452 2643 2631 2698 nullus
2660 2642 2806 2700 valet
2850 2645 3124 2701 contraire
3150 2686 3164 2711 ,
3212 2647 3369 2701 aliter
3419 2647 3469 2700 id

1883 2749 2042 2804 quam
2076 2734 2364 2788 voluerunt
2389 2735 2678 2790 ordinavit.
2724 2735 2853 2790 Erat
2883 2752 3116 2806 namque
3163 2746 3288 2791 tunc
3336 2749 3470 2791 teut--

1881 2825 2029 2894 poris
2057 2826 2299 2894 quzedam
2346 2825 2595 2896 religiosa
2637 2828 2855 2893 femina,
2885 2828 2940 2882 in
2969 2829 3268 2884 reclusione
3297 2829 3464 2883 vitam

1882 2915 2176 2970 solitariam
2208 2916 2409 2971 ducens
2448 2917 2586 2986 apud
2613 2916 2896 2972 ecclesiam
2946 2920 3116 2974 beata:
3146 2918 3347 2982 Marize,
3381 2920 3468 2974 die

1881 3021 1935 3067 et
1966 3022 2122 3067 nocte
2147 3013 2512 3076 orationibus,
2547 3023 2601 3068 et
2645 3012 2864 3083 jejuniis
2892 3023 2947 3070 et
2989 3014 3182 3084 vigiliis
3229 3015 3468 3070 studiose

1881 3105 2156 3160 insistens.
2213 3105 2348 3160 Huic
2392 3114 2548 3160 nocte
2582 3106 2696 3176 ipsa
2743 3123 2848 3177 qua
2889 3107 3169 3162 consilium
3204 3108 3464 3178 migrandi

1883 3197 2058 3252 fuerat
2084 3197 2338 3253 divinitus
2368 3197 2686 3268 imperatum
2724 3207 2808 3254 est
2844 3208 2902 3252 ut
2936 3199 3002 3254 ab
3040 3197 3313 3270 ergastulo
3353 3197 3466 3261 illo,

1881 3303 1992 3359 quo
2017 3303 2074 3343 se
2103 3303 2199 3359 per
2229 3289 2409 3359 plures
2447 3305 2617 3345 annos
2646 3291 3005 3356 obstruserat,
3034 3289 3388 3360 egrederetur
3413 3299 3469 3344 et

1882 3381 2059 3436 abbati
2111 3383 2385 3437 mmtiaret
2429 3391 2692 3453 quatenus
2751 3384 3036 3454 przedictos
3081 3384 3226 3438 viros
3255 3424 3270 3449 ,
3321 3383 3464 3453 quod

1881 3473 2052 3526 solum
2105 3473 2381 3539 restabat,
2410 3467 2721 3528 'monacliili
2765 3474 3100 3544 professione
3148 3475 3264 3529 sine
3312 3489 3461 3542 mora

1881 3565 2188 3620 devinceret
2235 3580 2303 3619 ne
2345 3581 2436 3620 eos
2467 3566 2704 3622 Ecclesia
2742 3565 2984 3622 funditus
3011 3567 3303 3622 amitteret.
3333 3567 3466 3633 Quae

1873 3653 2038 3724 jussis
2065 3655 2467 3727 obtemperans,
2502 3658 2647 3712 omni
2688 3658 2917 3712 mirante
2942 3657 3157 3728 populo,
3189 3659 3467 3728 egreditur

1882 3763 1912 3801 a
1939 3746 2131 3802 cellula
2159 3756 2212 3802 et
2239 3747 2352 3803 visa
2377 3747 2460 3803 vel
2496 3748 2676 3804 audita
2705 3747 2886 3802 abbati
2927 3749 3156 3803 nuntiat.
3190 3748 3289 3815 Qui
3323 3749 3466 3804 illico

1881 3857 1975 3897 eos
2003 3857 2308 3897 convocans
2335 3843 2626 3896 secundum
2659 3842 2856 3913 regula:
2890 3851 3217 3911 praeceptum
3258 3840 3468 3896 stabili-

1885 3942 1992 3988 tate
2045 3933 2247 3988 firmari
2306 3933 2584 4004 compulit.
2643 3932 2769 3988 Post
2825 3941 2937 3988 tres
2991 3941 3171 3987 autem
3230 3946 3461 3994 menses,

1882 4025 2021 4079 forte
2053 4023 2149 4056 ³³³⁸
2177 4025 2362 4078 ultima
2393 4032 2639 4092 urgente,
2665 4024 2957 4093 Fingenius
2986 4023 3153 4078 abbas
3183 4021 3468 4077 defunctus

1882 4127 1964 4171 est
1995 4125 2048 4171 et
2079 4117 2130 4170 in
2162 4115 2390 4170 ecclesia
2426 4115 2596 4170 sancti
2628 4113 2822 4169 Felicis
2847 4123 3000 4169 extra
3025 4129 3208 4169 muros
3237 4113 3465 4168 Metten-

1883 4207 2020 4262 sium
2052 4206 2284 4260 civitatis
2328 4204 2720 4260 honorabiliter
2767 4205 3027 4274 sepultus.
3075 4204 3191 4270 Quo
3230 4203 3462 4273 sepulto,

1883 4300 1971 4354 hic
2002 4297 2323 4354 venerabilis
2357 4297 2515 4352 Pater
2543 4297 2638 4352 Dei
2675 4297 3015 4353 ordinatione
3055 4296 3222 4352 abbas
3267 4296 3466 4351 substi-

1885 4389 2069 4443 tuitur.
2104 4387 2269 4456 Cujus
2303 4387 2632 4457 temporibus
2661 4389 2876 4458 quantis
2901 4387 3128 4443 eCclesia
3160 4387 3262 4442 ista
3291 4388 3464 4444 hono-

1887 4481 2035 4536 ribus
2065 4489 2409 4550 augmentata
2440 4481 2548 4545 sit,
2601 4490 2801 4551 quanta
2854 4481 3110 4552 religione
3161 4481 3464 4545 emicuerit,

1885 4574 2134 4643 qualibus
2156 4573 2396 4628 aedificiis
2425 4573 2745 4639 excreverit,
2775 4573 2951 4644 palam
2989 4573 3332 4629 cernentibus
3358 4582 3462 4628 est.

1884 4664 2155 4719 Mathildis
2201 4663 2450 4719 Saxonis;
2498 4663 2776 4719 comitissa
2828 4679 2933 4720 non
2980 4679 3145 4734 parva
3193 4679 3319 4734 erga
3371 4662 3466 4700 ⁸⁸³⁸

1882 4758 2025 4813 hunc
2060 4757 2274 4812 Patrem
2321 4767 2377 4810 et
2421 4771 2518 4826 pro
2544 4754 2702 4810 Patre
2728 4771 2858 4826 erga
2883 4756 3028 4810 lnme
3056 4755 3230 4809 locum
3260 4754 3468 4808 exarsit

1882 4851 2278 4916 benevolentia,
2306 4860 2622 4906 ornamenta
2653 4851 2806 4920 plura
2841 4850 3090 4914 contulit,
3123 4850 3375 4904 crucibus
3408 4858 3466 4902 et

1883 4943 2078 4998 tabulis
2106 4942 2284 4997 aureis
2311 4953 2364 4997 et
2391 4951 2536 4997 textu
2564 4958 2686 4996 cum
2738 4942 2847 4996 tilio
2891 4941 3086 4996 comite
3135 4939 3464 4993 Herimanno

1886 5036 2057 5093 altare
2103 5036 2402 5101 decoravit,
2446 5035 2612 5090 multa
2655 5044 2711 5091 et
2746 5032 3130 5104 redemptionis
3173 5038 3228 5084 et
3271 5030 3463 5086 salutis

1484 5147 1568 5202 VA
1578 5147 1716 5203 11le
1757 5148 2162 5206 LECTIONES.

269 5248 461 5313 1""‘c.
488 5249 524 5305 i.
555 5250 725 5307 deleta
749 5253 798 5307 l.
877 5253 969 5288 ³⁸³³
999 5270 1259 5324 superscr.
1294 5255 1345 5310 1.

1427 5255 1516 5290 ¹⁸²³
1545 5273 1652 5315 non
1678 5268 1835 5315 erant
1861 5276 1998 5316 corr.
2033 5269 2189 5317 erant
2216 5277 2322 5318 non
2355 5262 2408 5317 l.

2508 5261 2598 5297 '3“
2627 5279 2694 5317 an
2732 5267 2895 5316 sorte.
2971 5258 3061 5290 ⁸⁸⁸⁸
3091 5257 3228 5312 deest
3263 5265 3313 5311 ι.

1705 5371 1939 5430 NOTAE.

268 5457 415 5536 (429)
449 5457 821 5536 ϋὶιξιεζεωαιμΔ
845 5460 915 5516 cf.
948 5460 1176 5532 diploma
1225 5462 1456 5519 Conradi
1507 5465 1650 5536 regis
1678 5479 1764 5536 ap.

197 5527 337 5602 Mali.
363 5527 501 5584 Ann.
527 5531 616 5602 lV,
641 5548 693 5602 p.
723 5531 844 5586 7l6.

270 5600 417 5669 (450)
463 5621 479 5651 ι
513 5601 611 5669 Qui
643 5600 912 5656 abbatiam
963 5604 1133 5658 sancti
1167 5604 1359 5660 Felicis
1388 5613 1538 5660 extra
1586 5619 1770 5662 muros

199 5669 612 5747 blediomatricze
659 5672 810 5747 urbis
861 5674 1086 5747 condiue
1116 5691 1236 5729 eum
1272 5675 1370 5731 ista
1400 5677 1641 5747 regebat.
1677 5695 1774 5729 »-

196 5740 350 5810 (Vita
379 5741 437 5797 S.
472 5742 740 5806 Richardi,
766 5759 814 5798 c.
847 5743 930 5812 4.)

595 5833 864 5895 1³Ατιιοι..
898 5835 1216 5898 CXXXII.

1945 5469 2094 5541 (431)
2133 5490 2152 5524 ι
2199 5471 2254 5526 In
2305 5471 2484 5527 vicino
2532 5472 2704 5527 sancti
2755 5470 2904 5525 Pauli
2963 5468 3325 5531 monasterio,
3367 5467 3458 5523 ubi

1877 5551 2003 5597 tunc
2033 5545 2132 5597 sub
2174 5543 2409 5597 “Cl'VitIO
2456 5543 2647 5597 abbate
2696 5542 2904 5597 novella
2951 5541 3213 5611 plautatio
3266 5541 3462 5593 llorere

1878 5623 2118 5682 cmperat
2146 5622 2199 5668 et
2230 5615 2280 5666 in
2319 5614 2434 5668 dies
2464 5613 2789 5668 fructificare
2813 5614 3113 5683 satagebat,
3156 5612 3464 5683 halmcrunt

1882 5681 2149 5754 migrandi
2181 5685 2518 5740 consilium.»
2543 5715 2612 5725 —
2633 5687 2647 5728 ι
2669 5683 2784 5738 Vita
2811 5684 2872 5740 S.
2891 5681 3161 5747 llic/tardi,
3193 5698 3241 5737 c.
3270 5681 3348 5738 5.)

2986 5841 3053 5900 Π
3162 5869 3196 5892 υ
3249 5872 3388 5907 ,ι-.;
3460 5878 3499 5903 ,ιι
