3920 6404
455 352 565 410 525

1450 312 1781 404 scamna
1818 336 2279 404 vmnuuensrs
2319 342 2747 405 SACERDOTIS
3214 312 3221 325 ³
3600 350 3683 408 sai

454 487 569 529 suae
600 475 785 525 mutua
812 467 1045 542 negotia,
1070 464 1265 537 quibus
1288 463 1463 521 adhuc
1492 466 1788 522 honoratur
1812 463 2038 535 quibus-
2066 458 2122 522 A
2146 461 2336 527 nardo,
2366 462 2505 518 miro
2534 463 2728 520 ardore
2756 464 2978 531 relatus,
3016 474 3072 521 et
3093 480 3122 521 a
3149 463 3354 520 civibus
3375 462 3485 519 suis
3510 465 3682 524 deside:

454 578 561 637 que
588 562 742 619 valde
779 561 1186 617 commendatur
1226 557 1471 614 ecclesia:
1504 557 1753 629 praebuit.
1788 554 1912 611 Haec
1952 568 2044 610 co-

454 657 668 719 mitissa
710 654 894 717 comiti
920 649 1215 708 Godefrido
1258 650 1506 723 copulata
1537 649 1779 722 quinque
1807 647 1948 707 ﬁlios
1977 661 2045 704 ex

455 751 575 823 ipso
601 748 805 822 genuit,
836 745 1085 805 videlicet
1116 743 1545 816 Adelberonenr,
1581 752 1783 799 nostrae
1810 741 2047 798 civitatis

456 849 582 915 post
634 837 958 896 Wicfridum
1006 837 1358 909 episcopum,
1412 844 1466 891 et
1518 834 1802 906 praedictos
1846 832 2048 889 Frede-

457 932 634 990 ricunt
663 939 719 987 et
747 928 1139 986 Herimannum
1168 927 1396 984 comites
1418 965 1434 993 ,
1473 924 1608 980 duos
1643 939 1857 996 quoque
1883 923 2047 980 duca-

459 1032 548 1079 tus
593 1021 845 1094 prosapia
895 1018 1197 1092 pollentes,
1248 1014 1600 1073 Godefriduin
1655 1025 1823 1086 atque
1870 1013 2045 1071 Goze-

457 1111 657 1171 Ionem.
714 1111 1013 1171 Praadictus
1058 1107 1421 1165 Herimannus
1473 1106 1696 1163 tradidit
1749 1107 1908 1163 beato
1958 1106 2049 1163 Vi-

460 1214 589 1262 tono
635 1203 834 1277 Rogeri
881 1211 1090 1258 curtem
1136 1209 1189 1257 et
1236 1198 1499 1254 Felsicam
1544 1212 1666 1254 cum
1719 1199 1859 1253 bono
1907 1195 2051 1267 quod

458 1305 686 1352 vocatur
734 1292 961 1350 Hasluth
1032 1292 1086 1347 in
1140 1290 1399 1345 comitatu
1456 1288 1833 1352 Brabanteno,
1887 1296 2051 1355 atque

461 1389 662 1448 Munati
694 1403 818 1445 cum
848 1385 1070 1442 dimidio
1095 1382 1420 1440 Mosomensi
1462 1388 1701 1437 mercatu
1726 1397 1740 1445 ;
1765 1379 1819 1434 in
1851 1375 2051 1434 Hal-via

460 1496 677 1556 quoque
693 1480 914 1550 triginta
937 1492 1155 1533 mansos
1176 1491 1296 1533 cuin
1319 1473 1521 1529 familia
1546 1486 1759 1545 magna,
1779 1471 1831 1525 in
1854 1468 2054 1526 Geavia

463 1576 600 1630 duas
654 1570 913 1628 ecclesias
958 1585 1083 1626 cum
1129 1566 1335 1639 capella
1385 1564 1793 1626 indominicata,
1851 1569 1905 1616 et
1955 1561 2055 1615 alia

462 1666 653 1723 multa.
695 1664 858 1733 Pater
903 1678 1031 1721 vero
1073 1676 1260 1717 eorum
1294 1658 1516 1714 tradidit
1556 1654 1848 1712 Borracum
1897 1662 2059 1724 atque

2147 563 2335 610 ranter
2349 563 2625 628 exceptus,
2645 557 2744 611 sub
2767 564 3005 627 tempore
3022 555 3246 627 piissimi
3259 554 3493 625 episcopi
3509 555 3686 614 Ricardi

2145 656 2202 704 et
2222 646 2455 704 Baldrici
2477 649 2689 705 abbatis
2712 648 2764 704 in
2785 648 3015 706 ecclesia
3036 648 3206 705 sancti
3222 647 3429 703 Martini
3452 650 3689 720 sanctique

2145 730 2359 812 Agerici
2387 757 2418 798 a
2446 757 2505 799 se
2525 742 2737 814 incepta
2765 743 3062 799 honorifice
3085 752 3168 799 est
3195 742 3452 813 sepultus.
3485 743 3572 799 llic
3594 757 3691 800 san-

2148 842 2250 890 cta
2292 833 2476 893 Mariae
2514 836 2649 893 duas
2692 851 2892 909 cappas
2934 837 3167 909 optimas
3218 843 3273 891 et
3305 836 3412 891 duo
3435 835 3688 893 ventilabra

2150 926 2365 1000 aliaque
2394 928 2689 986 honorifica
2719 939 3040 986 ornamenta
3074 944 3198 985 cum
3229 944 3425 998 magna
3454 930 3692 989 devotione

2149 1019 2395 1111 contulit.
2433 1020 2578 1077 Vixit
2605 1033 2785 1079 autem
2814 1024 2867 1079 in
2895 1023 3208 1095 episcopatu
3233 1021 3464 1093 feliciter
3483 1033 3682 1096 quatuor-

2152 1112 2326 1169 decim
2352 1111 2444 1157 "'7
2465 1117 2644 1172 annis.

2225 1207 2311 1263 ll.
2346 1206 2590 1263 Dolorem
2623 1222 2752 1263 vero
2779 1208 2942 1264 totius
2969 1207 3119 1263 urbis
3143 1223 3209 1263 ex
3241 1214 3416 1263 morte
3439 1210 3562 1264 tanti
3589 1225 3688 1279 puc-

2155 1298 2286 1353 sulis
2327 1299 2593 1372 mitigavit
2633 1299 2892 1357 canonice
2938 1297 3077 1354 facta
3124 1299 3399 1354 successio
3450 1300 3693 1354 venerandi

2157 1389 2374 1445 Ricardi
2406 1390 2677 1461 pontificis
2734 1388 2887 1459 cujus
2917 1390 3255 1462 benignitas,
3287 1389 3474 1457 cujus,
3500 1390 3697 1459 inquam,

2157 1485 2452 1539 Strenuitas
2476 1499 2599 1555 spes
2619 1493 2736 1538 erat
2759 1484 3087 1538 honorandae
3109 1482 3277 1547 urbis,
3312 1498 3437 1553 spes
3455 1482 3697 1537 retinenda:

2159 1576 2476 1646 religionis.
2534 1590 2658 1646 spes
2710 1574 3068 1631 conservandi
3117 1574 3473 1630 ecclesiastici
3515 1573 3696 1629 ordinis.

2162 1668 2414 1738 Suscepit
2438 1676 2495 1721 ut
2529 1667 2637 1723 dux
2668 1666 2925 1737 patriam,
2966 1676 3025 1721 ut
3052 1678 3239 1737 pastor
3271 1665 3581 1731 Ecclesiam,
3603 1682 3694 1738 pro-

462 1757 788 1814 FOl’bacum-
838 1751 1163 1811 ῧοάθίτίίίυε
1184 1751 1349 1807 etiam
1380 1749 1486 1805 άυκ
1530 1746 1848 1818 Ροιιιειεῖοηι
1878 1744 2059 1825 Villam
2098 1830 2107 1831 ί
2163 1760 2321 1816 vidus
2344 1776 2471 1831 erga
2513 1770 2817 1829 utramque.
2849 1758 3101 1814 Attamen
3133 1758 3399 1829 singulari
3425 1759 3564 1830 pacis
3592 1758 3694 1813 solli-

463 1851 535 1909 °b
557 1848 788 1927 fratrum
837 1862 1060 1904 suorum
1100 1843 1416 1900 memoriam
1464 1855 1606 1912 saepe
1644 1840 1787 1895 (λίθω
1833 1835 2059 1891 Comum
2084 1830 2135 1895 Β
2160 1854 2396 1929 citudine
2426 1851 2661 1922 suscepit
2688 1851 3056 1921 episcopatum
3084 1859 3327 1922 tempore
3349 1848 3556 1905 Henrici
3577 1849 3698 1921 regis,

463 1954 677 2001 sancto.
713 1941 1066 2014 Supradictus
1093 1952 1308 2010 quoque
1345 1950 1527 1991 comes
1559 1931 1899 1995 Fredericus,
1926 1929 2051 1981 dum

466 2039 644 2095 adhuc
686 2045 831 2094 esset
877 2035 931 2091 in
980 2032 1158 2087 laicali
1212 2030 1418 2096 habitu,
1471 2024 1772 2100 praebenda:
1826 2022 2052 2076 fratrum

467 2138 668 2188 sach
713 2126 898 2185 Maria
954 2140 1145 2183 omnes
1187 2130 1446 2179 centanas
1487 2134 1674 2174 eorum
1725 2122 2053 2188 potestatum

466 2221 664 2292 quibus
692 2218 921 2275 multum
951 2214 1402 2287 inquietabantur,
1436 2212 1505 2266 ob
1535 2208 1826 2266 remedium
1864 2206 2057 2259 animae

468 2328 579 2370 suae
601 2310 1029 2383 Hierosolymam
1051 2323 1283 2381 pergens
1308 2305 1560 2363 reddidit.
1589 2301 1791 2357 Turres
1819 2298 2058 2371 lapideas

469 2407 712 2464 ecclesia:
766 2404 909 2463 beati
947 2401 1129 2459 Vitoui
1155 2402 1221 2456 de
1251 2399 1467 2471 proprio
1512 2412 1609 2455 suo
1658 2395 1783 2451 fecit
1806 2404 1859 2448 et
1895 2390 2058 2445 multa

472 2499 576 2556 alia
598 2500 740 2557 bona
787 2497 963 2556 eidem
1011 2495 1129 2553 loco
1176 2492 1424 2556 contulit,
1467 2491 1557 2559 ubi
1601 2498 1656 2545 et
1695 2503 1816 2543 cum
1853 2485 2060 2542 duobus

470 2591 731 2648 fratribus
751 2589 866 2646 suis
894 2586 1136 2659 sepultus
1162 2583 1474 2655 requiescit.
1508 2579 1790 2637 Lietardus
1824 2589 2057 2661 quoque,

472 2680 817 2754 imperatoris
840 2677 1072 2736 Conradi
1106 2691 1273 2747 nepos
1306 2685 1361 2730 et
1385 2671 1839 2744 consanguineus,
1882 2668 2058 2722 Bailo—

473 2772 619 2828 dium
647 2770 797 2844 (‘32)
837 2769 1054 2826 tradens
1093 2767 1194 2823 sub
1217 2766 1407 2822 eodem
1456 2762 1752 2819 reverenda
1803 2758 1962 2814 Patre
2008 2758 2061 2813 in

474 2865 665 2921 eodem
701 2862 822 2918 loco
861 2860 1037 2916 factus
1065 2867 1150 2914 est
1188 2857 1502 2913 monachus.
1532 2854 1660 2910 Pius
1691 2860 1871 2908 autem
1903 2849 2064 2904 Pater

472 2956 742 3015 Ricardus
780 2955 917 3010 vixit
971 2966 1142 3024 usque
1195 2951 1262 3006 ad
1302 2960 1540 3020 tempora
1598 2948 1779 3003 domui
1826 2944 2062 3015 episcopi

475 3048 719 3115 Ricardi,
766 3062 928 3119 quem
982 3044 1049 3102 de
1092 3057 1249 3100 sacro
1295 3041 1443 3099 fonte
1497 3040 1761 3110 suscepit,
1818 3038 2063 3108 rexitque

477 3143 866 3201 monasterium
908 3156 1007 3212 per
1044 3143 1178 3198 duos
1220 3148 1274 3197 et
1317 3137 1675 3211 quadraginta
1725 3151 1918 3199 annos,
1956 3136 2063 3190 vita

2156 1945 2386 2017 Augusti
2414 1944 2645 2000 Conradi
2688 1942 2803 2008 lilii,
2835 1957 2973 1997 onus
3013 1952 3269 2011 reputans
3321 1956 3428 1995 non
3470 1940 3699 2014 honorem,

2157 2034 2419 2100 laborem,
2446 2050 2549 2089 non
2576 2034 2833 2103 quietem,
2858 2047 2984 2105 erga
3008 2031 3110 2088 sibi
3135 2029 3457 2087 commissos
3475 2030 3699 2102 singulare

2158 2127 2411 2191 studium,
2444 2142 2549 2181 non
2580 2125 2952 2182 remissionem
2985 2123 3063 2179 vel
3104 2125 3300 2180 otium.
3335 2122 3485 2192 Quod
3511 2122 3702 2193 episcopi

2160 2230 2276 2275 erat
2307 2230 2525 2276 strenue
2551 2218 2788 2292 gerebat,
2822 2218 3055 2289 parietes
3089 2216 3336 2273 ecclesiae
3362 2216 3620 2280 decoratis,
3647 2212 3704 2267 in-

2163 2311 2392 2366 teriores
2422 2310 2548 2375 vita,
2598 2310 2815 2376 merito,
2847 2307 3109 2377 moribus,
3141 2309 3443 2364 exteriores
3469 2320 3703 2364 ornamen-

2164 2403 2234 2458 tis
2280 2403 2612 2458 decentibns.
2674 2402 2728 2456 In
2791 2417 3018 2472 quorum
3069 2408 3359 2474 apparatu,
3420 2401 3472 2455 in
3526 2412 3704 2472 quorum

2163 2504 2377 2566 sumptu
2409 2495 2757 2566 singulariter
2804 2495 3087 2559 aestuabat,
3145 2495 3346 2565 quibus
3389 2494 3544 2550 etiam
3580 2504 3705 2547 omne

2163 2598 2348 2644 votum
2405 2604 2730 2659 omnemque
2784 2604 2973 2645 curam
3030 2588 3414 2663 postponebat.
3449 2585 3542 2643 Hic
3568 2593 3705 2641 autem

2165 2681 2411 2762 ecclesiae
2440 2691 2642 2737 sancta:
2686 2681 2889 2747 Mariae,
2942 2681 3029 2737 cui
3084 2690 3343 2762 praeerat,
3395 2697 3512 2737 cum
3562 2691 3707 2749 magno

2166 2758 2342 2829 studio
2376 2775 2600 2829 contulit
2626 2790 2822 2829 cruces
2851 2773 2986 2829 duas
3008 2773 3073 2828 de
3096 2756 3235 2828 auro
3260 2780 3319 2849 et
3349 2770 3598 2845 lapidibus
3614 2782 3705 2840 prec

2169 2867 2321 2922 tiosis
2368 2865 2558 2931 factas,
2597 2849 2919 2921 candelabra
2963 2880 3057 2920 sex
3104 2871 3391 2937 argentea,
3439 2858 3706 2916 thuribttlum

2167 2962 2282 3016 auri
2319 2962 2481 3015 trium
2529 2961 2808 3025 librarum,
2857 2958 2999 3030 quod
3047 2956 3339 3023 Henricus,
3388 2953 3602 3012 nondum
3628 2949 3707 3005 Ro-

2169 3053 2313 3108 inani
2343 3053 2542 3124 sceptri
2604 3051 2972 3107 monarchiam
3006 3057 3218 3116 tenens,
3249 3063 3354 3121 pro
3392 3047 3551 3104 nimio
3570 3055 3707 3099 amore

2168 3158 2328 3216 quem
2357 3160 2484 3214 erga
2515 3143 2664 3198 illum
2716 3142 2951 3199 habebat
3004 3138 3393 3207 honestissimo
3437 3151 3585 3209 opere
3620 3131 3706 3188 fieri

477 3235 802 3295 venerabilis
825 3244 881 3291 et
909 3204 1197 3291 honestate
1225 3204 1350 3288 vitae
1387 3204 1637 3288 omnibus
1664 3228 1929 3285 amabilis.
1970 3228 2065 3282 Mi-
2090 3204 2138 3266 ο
2170 3204 2350 3308 jussu.
2401 3204 2644 3293 ’ἔιιίιαωει
2672 3234 2914 3291 ecclesiae
2940 3233 3081 3290 beati
3114 3226 3294 3288 vitam
3346 3204 3510 3288 ίέιιεῖη
3536 3240 3709 3285 venera-

480 3326 667 3385 rabilis
729 3333 848 3382 erat
906 3324 961 3379 in
1018 3322 1292 3395 religionis
1343 3321 1621 3393 proposito
1683 3318 1858 3375 Patris
1915 3318 2071 3386 hujus

482 3420 756 3484 instantia,
781 3418 867 3475 cui
888 3416 1148 3488 aspirare,
1184 3414 1273 3471 cui
1301 3413 1580 3469 adbzcrere
1601 3412 1875 3468 nilebalur
1898 3409 2074 3464 OllllllS

480 3512 743 3570 Ecclesia.
759 3509 925 3583 Cujus
951 3506 1379 3564 institutionibus
1408 3513 1519 3561 tota
1536 3502 1731 3576 gaudet
1752 3502 2002 3564 Francia,
2020 3508 2078 3556 et

481 3605 609 3660 dum
632 3602 909 3676 religionis
924 3601 1086 3657 habet
1110 3598 1362 3671 vestigia,
1387 3588 1683 3667 triumphat
1705 3593 2077 3649 Lotbaricnsis

485 3697 680 3767 patria.
709 3694 848 3763 Quid
878 3692 1075 3764 plura?
1110 3692 1229 3747 urbi
1257 3700 1457 3747 nostra:
1494 3698 1698 3759 quanto
1747 3685 1920 3756 major
1969 3683 2077 3737 vita

488 3786 648 3857 hujus
657 3785 1034 3851 commoditas,
1049 3798 1194 3839 mors
1206 3783 1323 3854 ejus
1338 3782 1458 3847 fuit,
1474 3795 1580 3837 non
1596 3780 1769 3835 dicam
1786 3779 2079 3833 incommo-

486 3876 654 3941 ditas,
686 3875 780 3931 sed
810 3883 959 3930 tanto
985 3872 1212 3943 amplior
1235 3872 1414 3926 evenit
1441 3869 1748 3926 infelicitas.
1782 3866 1949 3936 Hujus
1972 3883 2078 3922 non

491 3977 703 4023 tantum
740 3966 796 4021 in
834 3973 1020 4021 nostra
1060 3963 1331 4027 Ecclesia,
1362 3977 1546 4018 verum
1574 3976 1672 4032 per
1698 3969 1864 4015 totam
1909 3957 2082 4013 Fran-

488 4058 628 4114 ciam
658 4072 751 4113 seu
780 4054 1191 4126 Lutharingiam
1221 4063 1402 4108 manct
1436 4051 1607 4107 dulcis
1652 4051 1932 4107 memoria.

559 4147 627 4204 Hi
654 4146 863 4215 Patres,
888 4147 979 4217 qui
1029 4154 1108 4201 tot
1132 4146 1273 4202 bona
1298 4143 1554 4203 Ecclesiae
1583 4143 1952 4209 contulerunt,
1981 4142 2080 4199 sub

494 4240 691 4299 domno
718 4236 998 4309 Heytnone
1033 4237 1289 4308 episcopo
1326 4235 1567 4302 fuerunt,
1593 4236 1686 4306 qui
1721 4235 1855 4291 vixit
1881 4236 1936 4290 in
1966 4235 2078 4305 epi-

489 4339 715 4401 scopatu
748 4330 966 4401 triginta
1002 4345 1097 4386 sex
1125 4330 1297 4385 annis.

566 4425 654 4479 l0.
682 4422 869 4495 (1024)
893 4423 1026 4479 Tam
1049 4423 1136 4493 pio
1152 4421 1370 4494 praesuli
1397 4425 1661 4480 successit
1682 4422 1879 4495 praesul
1896 4422 2082 4478 Ralm-

496 4517 713 4585 bertus,
755 4518 897 4574 bona
951 4514 1243 4573 defendere
1279 4516 1564 4584 Ecclesia,
1600 4518 1701 4575 etsi
1746 4534 1855 4575 non
1896 4526 2081 4590 posset

501 4612 782 4684 unpliare,
836 4611 1101 4669 sollicitus
1133 4611 1259 4679 "",
1306 4612 1558 4669 omnibus
1589 4612 1703 4669 suis
1741 4628 1849 4669 non
1888 4627 2080 4683 parum

495 4706 834 4773 commodus,
866 4704 1143 4777 religionis
1167 4712 1222 4760 et
1244 4719 1433 4761 eorum
1456 4705 1550 4777 qui
1581 4705 1664 4760 sui
1690 4705 1898 4763 ordinis
1927 4713 2085 4761 erant

496 4804 725 4861 amicus.
772 4800 856 4857 Ad
911 4800 1194 4857 ecclesiam
1245 4800 1411 4856 etiam
1456 4798 1804 4856 sanctissimo
1851 4800 2085 4870 Agerico
2141 4788 2153 4808 ⁸

494 4895 713 4970 praesuli
741 4896 970 4953 honeste
991 4892 1361 4951 aediﬁcandam
1389 4892 1825 4950 ardentissimus.
1859 4890 1961 4945 Vix
1984 4906 2083 4947 au-

501 4998 609 5046 tem
637 4988 1001 5045 desideratum
1029 5002 1166 5059 Opus
1186 4986 1483 5057 inceperat,
1508 4985 1596 5040 vix
1617 4984 1913 5043 monachos
1942 4982 2086 5039 loca-

497 5089 669 5146 verat,
700 5081 788 5135 vix
818 5080 1128 5137 necessaria
1158 5079 1494 5151 providerat,
1533 5086 1588 5133 et
1616 5076 1883 5133 desiderio
1908 5075 2083 5132 sancti

500 5173 729 5246 scpulcri
752 5173 1243 5247 peregrinationem
1259 5171 1441 5244 (1058)
1467 5179 1550 5227 est
1565 5186 1884 5243 aggressus;
1909 5171 1960 5225 in
1978 5184 2082 5240 qua

501 5276 767 5335 mortuus,
791 5276 847 5323 et
874 5268 929 5323 in
954 5268 1039 5323 via
1057 5267 1373 5339 Bellagrada
1394 5266 1656 5338 sepultus,
1692 5269 1904 5322 tandem
1939 5282 1969 5321 a
1994 5281 2084 5322 ca-

502 5359 715 5416 nonicis
732 5361 846 5418 suis
894 5359 1147 5417 videlicet
1166 5358 1405 5415 Bernero
1423 5357 1728 5415 Constantii
1751 5359 1860 5416 ﬁlio
1881 5368 1937 5415 et
1956 5360 2087 5415 Ber-

2106 4566 2161 4630 Ι)

2177 3331 2296 3386 bilis
2332 3327 2568 3401 pontifex
2597 3314 2831 3383 al‘odiunt
2858 3341 3043 3392 suum,
3067 3323 3321 3380 videlicet
3370 3320 3579 3377 Baronis
3618 3330 3710 3372 cur-

2180 3404 2284 3478 lem
2315 3422 2482 3495 (455),
2513 3429 2567 3477 et
2599 3419 2743 3492 quod
2775 3418 3005 3475 habebat
3027 3417 3095 3471 ad
3117 3415 3374 3471 domnam
3416 3411 3615 3468 Mariam
3638 3417 3708 3495 pro

2178 3493 2360 3570 amore
2389 3493 2670 3569 nutritoris
2706 3511 2791 3567 sui
2836 3507 3019 3567 domni
3049 3506 3268 3563 Ricardi
3321 3503 3524 3561 abbatis
3548 3493 3706 3556 exinni.

2178 3607 2475 3663 Prxdictus
2499 3606 2660 3660 etiam
2706 3601 2969 3657 Henricus
2997 3600 3258 3671 optimam
3298 3608 3534 3653 acerram
3576 3588 3707 3645 eidem

2179 3700 2431 3769 episc0po
2456 3714 2577 3752 cum
2606 3709 2821 3769 gemma
2848 3693 3083 3765 pretiosa
3113 3688 3279 3754 dedit,
3314 3686 3518 3744 casulas
3539 3674 3708 3769 pontiﬁ-

2181 3768 2328 3848 cales
2370 3768 2525 3848 duas
2592 3768 2726 3847 auro
2775 3784 3073 3843 honorifice
3121 3780 3454 3855 compositas
3508 3782 3557 3832 et
3612 3768 3709 3825 aliis

2183 3900 2388 3962 septem
2436 3888 2552 3944 sine
2578 3900 2710 3942 auro
2735 3884 2902 3941 dedit.
2938 3880 3119 3939 Stolas
3166 3886 3351 3933 autem
3379 3889 3506 3932 auro
3534 3870 3707 3962 decora-

2187 3954 2290 4047 tas,
2328 3989 2383 4035 et
2412 3979 2546 4034 alias
2575 3978 2693 4035 sine
2723 3989 2855 4030 auro
2884 3972 3143 4043 albasque
3164 3982 3377 4043 septem
3408 3980 3520 4022 cum
3546 3954 3707 4047 amictis

2184 4045 2454 4130 aurifrisio
2493 4068 2639 4142 (454)
2684 4074 2902 4139 paratas
2941 4064 3109 4119 isdem
3143 4058 3428 4133 episcopus
3460 4045 3705 4123 acquisivit.

2184 4165 2395 4237 Cappas
2439 4161 2638 4219 multas
2682 4158 2849 4225 dedit,
2882 4172 3016 4212 auro
3065 4164 3246 4209 tamen
3301 4147 3501 4222 aptavit
3541 4142 3650 4237 duas
3684 4147 3707 4187 ι

2186 4230 2501 4319 Baimberto
2526 4253 2777 4324 episcopo
2806 4250 2978 4306 datas.
3011 4245 3181 4301 Pallia
3216 4242 3387 4299 multa
3433 4237 3583 4300 dedit,

2184 4315 2321 4405 salia
2344 4354 2523 4401 tamen
2542 4315 2823 4399 duodecim
2850 4337 3050 4409 optima
3079 4350 3200 4391 cum
3229 4331 3437 4389 cortina
3480 4340 3573 4382 una
3595 4315 3708 4409 valde

2184 4437 2420 4510 pretiosa
2455 4432 2705 4492 contulit.
2736 4407 2986 4486 Redemit
3013 4426 3231 4501 pallium
3261 4438 3426 4479 unum
3448 4432 3558 4477 cum
3597 4407 3706 4510 auri-

2185 4498 2338 4587 frisio
2362 4527 2504 4600 quod
2550 4533 2710 4582 antea
2737 4520 2979 4579 ecclesiae
3006 4498 3203 4584 fuerat,
3230 4514 3425 4573 vexilla
3471 4511 3581 4572 duo,
3615 4498 3706 4558 cali-

2186 4638 2306 4681 cem
2336 4634 2501 4676 unum
2542 4619 2610 4674 de
2637 4612 2915 4679 onicbino,
2945 4617 3000 4666 et
3034 4609 3199 4664 alium
3229 4603 3567 4663 cristallinum
3590 4603 3705 4666 quem

2187 4713 2407 4771 omnino
2432 4723 2566 4766 auro
2594 4717 2649 4765 ct
2677 4705 2944 4779 lapidibus
2967 4700 3148 4773 parari
3171 4698 3318 4755 fecit.
3343 4693 3494 4752 Aliud
3519 4684 3705 4745 thuribll'

2188 4809 2297 4865 lum
2329 4814 2647 4876 argenteum
2678 4816 2811 4858 auro
2839 4805 3175 4871 coopertum,
3208 4793 3315 4850 duo
3342 4792 3537 4847 minora
3562 4792 3706 4876 argen-

2190 4882 2296 4964 tea,
2353 4869 2423 4953 et
2453 4896 2556 4952 tria
2610 4869 2972 4959 manutergia,
3030 4899 3196 4943 unum
3249 4894 3470 4940 aureum
3522 4881 3569 4930 et
3611 4869 3706 4964 duos

2190 5005 2383 5048 urceos
2402 4986 2747 5045 cristallinos.
2775 4958 2947 5052 Hujus
2972 4988 3213 5051 tempore
3259 4974 3342 5031 vir
3366 4966 3617 5041 religiosus
3643 4958 3706 5011 de-

2189 5100 2358 5142 canus
2404 5078 2775 5138 Warmundus
2823 5089 3049 5147 cappam
3104 5084 3265 5127 uuam
3305 5080 3462 5139 quam
3508 5056 3594 5155 sibi
3610 5060 3701 5155 “rei

2190 5185 2414 5240 dederat
2446 5177 2572 5232 huic
2598 5171 2840 5251 molesiae
2867 5166 3112 5226 contulit.
3159 5163 3260 5221 Hic
3307 5168 3496 5251 autem
3521 5146 3701 5207 alodium

2191 5276 2257 5332 de
2281 5267 2578 5342 Wompbia
2606 5247 2730 5321 cum
2776 5260 3035 5319 omnibus
3079 5254 3399 5331 appenditiis
3424 5247 3525 5306 suis
3549 5259 3574 5298 a
3602 5248 3698 5342 qua:

2191 5367 2317 5422 dam
2357 5335 2521 5419 vidua
2541 5354 2708 5415 nobili
2734 5352 3042 5425 Raingarde
3059 5347 3341 5423 prestaria
3366 5357 3456 5402 sua
3479 5347 3529 5395 et
3556 5335 3698 5401 mas!“

1774 5451 1859 5507 VA
1867 5452 2003 5509 [lle
2066 5453 2475 5521 LECTIONES.

576 5540 674 5583 ⁸⁸⁸⁸
693 5541 983 5602 defendere
1012 5561 1057 5603 s.
1101 5546 1152 5601 l.
1229 5545 1319 5579 ’⁸⁸⁷
1354 5544 1471 5603 XV.
1508 5565 1645 5606 corr.
1688 5548 1846 5607 Xllll.
1873 5553 1925 5608 l.

2008 5643 2241 5704 NOTE.

576 5734 727 5807 (452)
770 5734 978 5807 Βαίιειι.

576 5735 707 5807 (452
770 5734 978 5791 Baileu.

576 5733 727 5883 (ὧδὲ
763 5806 1111 5877 Baroncourt.

2281 5734 2429 5821 (454)
2469 5732 2618 5807 Opus
2646 5745 2744 5788 acu
2765 5729 2990 5802 pictum.
3076 5784 3081 5789 .
