3920 6428
237 381 350 441 535

1205 382 1295 438 DE
1333 381 1578 440 casus
1611 355 2094 439 EpiscoronUM
2134 383 2678 444 VIRDUNENSIUM.

3412 387 3518 443 5°26

234 497 466 571 pecunia
521 493 825 567 acquisivit,
863 503 920 550 et
965 493 1225 550 fratribus
1272 505 1472 551 sanctae
1519 496 1700 551 Mariae
1753 511 1818 550 eo
1846 498 1897 556 Α
1993 494 2132 552 Obiit
2181 506 2360 552 autem
2409 500 2580 553 beatae
2628 497 2808 553 Mariae
2838 496 3106 553 Ricardus
3141 499 3426 569 episcopus
3463 515 3523 557 tn

237 598 429 646 tenore
460 587 647 642 tribuit
674 595 731 640 ut
766 588 816 640 in
857 587 944 641 die
967 587 1410 640 ‘Annuntiationis
1430 586 1670 655 ejusdem
1704 587 1822 641 Vir-

233 680 378 754 ginis
423 679 704 735 servitium
734 695 801 735 ex
835 693 900 735 eo
934 679 1196 735 baberent
1237 687 1292 734 et
1338 693 1457 735 eam
1509 681 1824 736 solemuiter

233 770 596 829 celebrarent.

307 882 492 954 (i044)
541 881 664 938 Fuit
713 882 857 938 enim
907 882 1019 939 suis
1074 883 1260 939 diebus
1310 900 1503 956 magna
1556 886 1820 940 dissensio

230 979 379 1035 inter
455 977 744 1035 Henricurn
811 995 992 1051 regem
1066 989 1120 1036 et
1201 981 1391 1035 ducem
1447 980 1818 1048 Godefridum,

229 1070 327 1142 qui
377 1085 502 1126 cum
561 1085 687 1142 rege
743 1086 927 1143 pacem
976 1072 1133 1127 aliter
1188 1072 1384 1127 habere
1437 1089 1542 1128 non
1597 1074 1817 1143 potuit,

230 1163 408 1218 donec
464 1171 749 1219 centanam
827 1163 894 1218 de
978 1163 1281 1219 Wandelini
1356 1176 1507 1221 curte
1585 1178 1639 1221 et
1715 1168 1819 1221 alia

220 1257 353 1330 jura
381 1273 502 1328 quae
543 1267 671 1315 tunc
698 1259 956 1330 temporis
983 1260 1308 1328 potestative
1349 1261 1399 1315 in
1451 1263 1550 1315 hac
1605 1262 1821 1316 civitate

230 1353 454 1408 tenebat
477 1353 654 1409 eidem
684 1353 934 1423 episcopo
976 1360 1031 1410 et
1074 1352 1316 1411 ecclesia:
1358 1354 1607 1409 reddidit.

303 1465 432 1521 Fuit
457 1467 600 1521 enim
642 1481 748 1536 pax
798 1476 854 1522 et
883 1468 1083 1523 veritas
1127 1468 1178 1522 in
1230 1469 1331 1522 hoc
1374 1469 1709 1538 episcopatu,
1766 1469 1818 1523 in

228 1558 424 1614 diebus
470 1558 586 1627 ejus
630 1560 882 1631 intusque
921 1569 975 1616 et
1024 1561 1264 1616 exterius
1293 1577 1481 1617 omnes
1511 1578 1642 1633 pace
1675 1561 1818 1616 frue-

225 1651 800 1724 bantur.0quantu~m
851 1655 1080 1725 polleret
1127 1665 1182 1711 et
1209 1658 1467 1725 gauderet
1507 1657 1723 1722 civitas,
1771 1659 1817 1711 si

224 1742 510 1800 habuisset
569 1746 714 1802 hunc
770 1749 1086 1803 continuum
1152 1746 1502 1819 pontificem!
1556 1758 1815 1819 quantum

224 1835 589 1904 triumpharet
643 1837 905 1903 Ecclesia,
958 1842 1004 1896 si
1046 1841 1330 1896 meruisset
1375 1843 1517 1896 hunc
1557 1842 1820 1910 supersti-

224 1934 337 1983 tem
363 1930 376 1981 !
417 1927 582 1999 Cujus
612 1931 723 1984 vita
755 1946 860 1986 non
889 1933 990 1988 sibi
1022 1941 1256 1999 tantum,
1287 1933 1380 1988 sed
1409 1943 1462 1988 et
1492 1934 1612 1988 aliis
1645 1935 1811 1988 omni-

220 2020 388 2076 modo
412 2021 722 2091 proficiens,
746 2034 1010 2094 quantum
1034 2025 1266 2096 amplius
1289 2025 1516 2080 contulit
1539 2027 1817 2096 gaudium,

221 2127 374 2167 mors
419 2114 615 2170 acerbe
669 2125 722 2169 et
770 2114 1058 2170 infeliciter
1107 2117 1337 2187 septimo
1386 2133 1528 2172 anno
1559 2133 1819 2187 superve-

219 2204 381 2260 niens
414 2205 596 2278 (1046)
637 2214 788 2263 tanto
813 2208 906 2239 ¹⁸²⁸
932 2208 1249 2280 ampliorem
1286 2209 1590 2264 molestiam
1617 2216 1672 2262 et
1700 2217 1820 2277 post

218 2307 458 2353 mortem
504 2299 830 2354 venerabilis
879 2299 1091 2354 abbatis
1144 2299 1360 2354 Ricardi
1414 2300 1530 2368 ipso
1559 2314 1700 2352 anno
1734 2313 1819 2353 se-

218 2389 459 2444 cundum
494 2405 658 2460 grave
689 2391 914 2445 adduxit
945 2391 1321 2446 infortunium.
1357 2389 1459 2458 Qui
1491 2391 1818 2446 venerabilis

217 2485 508 2556 episcopus
562 2499 737 2554 quam
777 2485 1150 2541 desideranter
1201 2493 1429 2540 mortem
1499 2485 1818 2540 sustinuerit

219 2585 493 2633 testantur
533 2593 722 2632 omnes
772 2578 862 2647 qui
919 2578 1190 2647 exsequiis
1238 2593 1379 2648 saepe
1425 2577 1554 2633 dicti
1605 2577 1815 2632 abbatis

217 2668 612 2724 interfuerunt.
647 2667 782 2724 Nam
808 2686 931 2724 cum
976 2680 1220 2726 extrema
1254 2670 1568 2725 infirmitate
1592 2686 1812 2741 urgere-

217 2767 312 2813 tur
370 2759 510 2814 idem
570 2759 900 2816 venerabilis
970 2760 1178 2828 Pater,
1253 2762 1482 2817 domnus
1531 2761 1815 2834 episcopus

217 2849 464 2920 quotidie
488 2866 611 2905 eum
643 2850 898 2905 visitabat
925 2851 1057 2907 ﬂens
1083 2859 1139 2907 et
1173 2851 1358 2908 dolens
1384 2868 1444 2908 se
1469 2854 1813 2922 superstitem

214 2941 473 3013 relinqui.
525 2941 763 2997 Tandem
807 2942 992 2996 ultima
1033 2945 1118 2999 die
1175 2957 1386 2999 summo
1443 2960 1599 2998 mane
1659 2945 1817 2998 adve-

215 3034 400 3099 niens,
429 3043 486 3088 et
517 3033 702 3089 videns
729 3049 849 3087 eum
893 3036 1007 3106 jam
1055 3045 1356 3090 extremum
1415 3037 1664 3105 spiritum
1700 3045 1812 3090 tra-

217 3127 464 3192 hentem,
496 3126 611 3196 ejus
635 3137 766 3181 nutu
798 3129 864 3181 ad
888 3127 1057 3181 altare
1082 3129 1253 3183 sancti
1282 3128 1558 3183 Laurentii
1583 3128 1812 3183 accessit

218 3221 447 3275 missam
478 3235 572 3291 pro
596 3219 713 3288 ejus
740 3220 1066 3274 resolutione
1097 3219 1490 3275 eelebraturus.
1531 3221 1644 3288 Qua
1677 3237 1815 3291 prae—
1843 3250 1898 3312 c-

215 3314 364 3371 dicta
391 3314 459 3369 ad
487 3313 699 3368 Patrem
732 3313 920 3377 rediit,
958 3322 1013 3367 et
1049 3312 1295 3366 ultimum
1331 3309 1658 3367 valefaciens
1700 3312 1816 3380 ejus

216 3411 278 3466 in
302 3407 490 3463 oscula
517 3406 864 3478 lacrymando
894 3393 1021 3459 ruit.
1061 3405 1211 3460 Tunc
1238 3446 1251 3470 ,
1287 3406 1465 3460 anima
1499 3406 1632 3459 tanti
1662 3406 1820 3459 amici

216 3501 335 3558 Deo
364 3501 762 3564 commendata,
798 3498 916 3568 ejus
961 3513 1159 3568 corpus
1189 3513 1283 3567 per
1308 3513 1366 3553 se
1392 3499 1522 3552 lavit
1545 3506 1599 3554 et
1634 3500 1699 3553 de
1725 3513 1823 3552 suo

215 3594 446 3668 proprio
477 3609 597 3648 eum
637 3591 1186 3646 honorilicentissin‘te
1229 3591 1401 3645 induit
1437 3591 1602 3661 (455).
1651 3591 1821 3646 fertia

217 3701 354 3741 vero
386 3685 686 3756 vigiliarum
723 3682 890 3753 ipsius
917 3690 1137 3751 peracta
1170 3681 1277 3746 die,
1323 3682 1450 3735 dum
1481 3691 1602 3750 post
1636 3683 1824 3736 missa-

215 3796 345 3837 rum
376 3779 791 3834 celebrationem
843 3780 895 3832 in
944 3778 1277 3832 mausoleum
1323 3793 1444 3832 eum
1497 3779 1822 3833 venerabilis

212 3873 468 3946 pontifex
493 3873 822 3944 deponeret,
871 3877 1193 3928 exosculans
1231 3882 1418 3941 pectus
1461 3871 1606 3925 illius
1647 3871 1825 3926 oravit

215 3973 490 4036 quatenus
519 3980 616 4034 pro
657 3979 723 4018 eo
771 3965 1130 4018 intercederet
1177 3980 1243 4017 ne
1285 3979 1381 4034 per
1415 3979 1611 4017 annum
1644 3963 1690 4016 ei
1735 3978 1824 4017 su-

216 4066 433 4129 perstes
485 4057 899 4125 relinqueretur.
959 4055 1112 4123 Quod
1164 4071 1284 4110 eum
1329 4056 1646 4125 impetrasse
1683 4055 1825 4108 veris

218 4148 441 4202 indiciis
469 4149 818 4218 approbatur,
850 4147 974 4200 dum
1001 4144 1322 4200 venerabilis
1347 4145 1511 4199 abbas
1545 4159 1674 4197 xvnt
1714 4142 1819 4196 Ka-

217 4241 412 4296 lendas
439 4238 567 4295 Julii
604 4240 938 4308 migraverit,
965 4249 1021 4294 et
1054 4240 1166 4309 ipse
1207 4238 1546 4293 venerandus
1584 4236 1823 4306 pontifex

220 4332 365 4386 infra
393 4331 623 4409 spatium
670 4331 831 4386 medii
865 4332 1012 4396 anni,
1064 4347 1136 4384 vlt
1183 4330 1389 4384 scilicet
1426 4329 1549 4382 ldus
1596 4329 1824 4383 Novem-

125 4475 130 4478 .
219 4423 360 4489 bris,
393 4423 715 4478 subsecutus
741 4424 830 4478 sit.
858 4424 1050 4477 Anima
1076 4422 1234 4493 hujus
1264 4423 1565 4492 requiescat
1586 4422 1637 4476 iu
1667 4437 1820 4491 pace,

221 4530 281 4576 et
309 4519 570 4574 memoria
605 4518 720 4586 eius
757 4519 1058 4574 viventibus
1095 4518 1166 4572 sit
1194 4518 1450 4572 continua
1489 4528 1544 4572 et
1587 4517 1823 4585 posteris

220 4613 281 4671 in
312 4614 506 4668 saecula
540 4612 880 4669 saeculorum.
907 4613 1100 4667 Amen.

1927 586 2027 639 ista
2072 587 2288 641 civitate
2338 586 2658 643 Virdunensi
2687 629 2702 654 ,
2759 597 2813 643 et
2849 582 3100 658 sepultus
3140 589 3238 645 fuit
3289 590 3342 645 in
3391 585 3520 644 sinis

1925 688 2035 734 stra
2067 679 2219 747 parte
2245 680 2460 750 majoris
2489 681 2730 736 ecclesiae
2759 680 2969 736 Sancta:
3009 681 3361 749 Maritejuxta
3389 681 3523 735 cho-

1929 787 2066 836 rum,
2093 773 2159 826 ad
2189 771 2339 841 eujus
2369 773 2531 842 pedes
2551 782 2668 828 erat
2693 774 2863 828 altare
2895 774 2947 828 in
2977 775 3177 828 honore
3206 784 3521 829 sanctorum

1924 861 2129 918 Nicolai
2161 873 2323 933 atque
2353 863 2610 919 Germani
2639 873 3034 929 consecratum,
3069 867 3122 920 in
3150 882 3258 936 quo
3284 876 3413 922 ante
3433 868 3522 923 in-

1925 954 2174 1008 cendium
2231 956 2376 1009 aliud
2434 957 2663 1026 ipsemet
2725 966 3136 1010 consecraverat
3207 958 3258 1011 in
3316 956 3525 1014 honore

1924 1046 2097 1100 sancti
2129 1041 2336 1100 Nicolai
2368 1055 2419 1100 et
2446 1047 2685 1100 omnium
2715 1046 3102 1100 confessorum.
3134 1046 3221 1102 lsti
3253 1057 3306 1102 et
3334 1065 3522 1105 on‘ines

1923 1139 2096 1192 sancti
2144 1138 2488 1194 intercedant
2535 1153 2633 1208 pro
2683 1137 2925 1207 peccatis
2969 1138 3084 1206 ejus
3126 1139 3191 1192 ad
3237 1139 3522 1194 Dominum

1926 1229 2093 1282 Deum
2128 1238 2397 1294 nostrum,
2429 1229 2522 1299 qui
2549 1229 2680 1281 vivit
2717 1236 2772 1282 et
2801 1238 2988 1298 regnat
3037 1229 3090 1281 in
3124 1229 3313 1283 sarcula
3359 1245 3524 1284 saecu-

1923 1317 2118 1373 lorum.
2149 1321 2340 1374 Amen.

1997 1438 2148 1491 Nunc
2187 1451 2366 1493 autem
2420 1439 2471 1492 in
2505 1438 2680 1492 medio
2730 1437 3058 1491 monasterio
3097 1436 3310 1490 Sanctae
3339 1437 3522 1494 Maria:

1924 1531 2214 1599 requiescit
2239 1531 2289 1583 in
2320 1531 2533 1586 Christo
2563 1529 2800 1597 pontifex
2838 1532 2969 1599 ipse,
3008 1529 3271 1584 Ricardus
3299 1547 3520 1585 venera-
3585 1555 3588 1558 ~

1922 1617 2068 1681 bilis,
2119 1617 2410 1670 translatus
2457 1634 2486 1669 a
2540 1617 2736 1670 domno
2789 1613 3123 1670 Theoderico
3153 1656 3168 1682 ,
3209 1633 3523 1673 successore

1923 1709 2040 1776 ejus
2075 1708 2306 1763 feliciter
2353 1717 2611 1778 regnante
2643 1708 2915 1778 episcopo,
2947 1724 3066 1761 cum
3113 1711 3258 1763 omni
3298 1726 3522 1766 venera-

1923 1800 2068 1854 tioue
2098 1800 2383 1854 celebriter
2414 1799 2651 1868 repetitis
2672 1801 2944 1868 exsequiis
2968 1801 3079 1853 acsi
3109 1801 3160 1853 in
3200 1801 3313 1871 ipsa
3345 1803 3430 1856 die
3455 1804 3521 1858 de

1853 1896 1894 1954 Β
1925 1894 2023 1948 hac
2055 1894 2162 1946 vita
2199 1893 2526 1962 migraverit.
2580 1891 2677 1946 ilic
2714 1893 3056 1962 sapradictus
3092 1892 3360 1948 Ricardus
3393 1903 3520 1950 ante

1923 1994 2232 2040 assecutum
2281 1985 2626 2054 episcopatus
2679 1985 2760 2040 sui
2820 1986 3316 2052 consecrationem,
3366 1987 3520 2056 quasi

1920 2079 2164 2148 peccatis
2195 2078 2306 2130 suis
2353 2077 2712 2146 exigentibus,
2747 2077 2865 2132 urbi
2911 2077 3201 2147 contigisse
3241 2078 3518 2134 miserabi-

1921 2173 2025 2227 lem
2056 2183 2279 2242 paterno
2308 2171 2476 2224 doluit
2501 2169 2888 2232 infelicitatem,
2909 2169 3107 2239 palatia
3131 2185 3250 2224 esse
3275 2170 3516 2234 incensa,

1919 2267 2145 2321 teditieia
2181 2275 2583 2320 auteeessorum
2614 2264 2923 2317 omnimodo
2955 2263 3151 2327 diruta,
3181 2273 3235 2319 et
3261 2264 3519 2333 quidquid

1918 2358 2068 2427 prius
2097 2359 2162 2411 ad
2189 2357 2415 2426 gloriam
2463 2356 2564 2409 hoc
2596 2354 2873 2407 redactum
2904 2354 2955 2406 in
3000 2354 3233 2418 ruinam,
3261 2354 3519 2422 quidquid

1917 2458 2035 2504 erat
2064 2450 2116 2504 in
2149 2465 2304 2504 suum
2327 2459 2380 2501 et
2402 2447 2838 2516 coepiscoporum
2863 2446 3123 2501 honorem
3152 2447 3252 2501 hoc
3277 2447 3517 2502 destina-

1923 2552 2031 2597 tum
2065 2545 2116 2596 in
2150 2543 2404 2596 miseram
2450 2540 2892 2594 destructionem.
2924 2538 3194 2606 Quantum
3223 2550 3400 2592 autem
3427 2540 3521 2594 do-

1919 2633 2080 2686 luerit
2125 2641 2318 2687 testala
2360 2641 2441 2685 est
2492 2639 2702 2682 mature
2749 2629 3021 2682 satisfacta
3066 2629 3429 2683 reaedificalio.
3475 2629 3520 2684 0

1918 2733 2178 2793 quantum
2213 2723 2468 2793 providus
2496 2737 2623 2790 erga
2657 2736 2806 2774 suam
2849 2721 3097 2785 salutem,
3131 2730 3387 2790 quantum
3414 2722 3522 2776 sol-

1917 2816 2100 2870 iicilus
2126 2831 2253 2886 erga
2294 2829 2512 2868 suorum
2561 2813 3009 2880 redemptionem,
3053 2828 3173 2866 cum
3202 2828 3300 2882 pro
3339 2813 3520 2868 anima

1916 2910 2090 2979 patris
2141 2908 2219 2964 sui
2277 2907 2496 2964 Comitis
2545 2905 2805 2968 Hildradi,
2851 2906 2938 2974 qui
2989 2906 3398 2976 cognominatus
3438 2914 3518 2962 est

1919 3000 2236 3062 ﬂecelinus,
2294 2999 2392 3052 viri
2453 2997 2732 3060 militaris,
2791 2996 2890 3050 viri
2941 2995 3216 3050 insaeeulo
3265 2996 3518 3061 strenui,

1919 3090 2156 3145 Theonis
2210 3098 2417 3144 curlem
2470 3104 2591 3142 cum
2643 3087 2970 3157 appenditiis
3023 3086 3274 3141 omnibus
3327 3096 3518 3143 sancto

1918 3181 2079 3236 Pctro
2111 3192 2406 3252 sanctoque
2436 3179 2632 3235 Vitono
2655 3179 2776 3248 jure
2807 3179 3150 3234 [hereditario
3183 3180 3481 3235 tradiderit.

1999 3296 2072 3367 [‘2,
2109 3296 2343 3367 historice
2371 3293 2473 3360 ﬁne
2499 3293 2688 3346 omisso
2707 3333 2720 3355 ,
2753 3292 2897 3367 addit
2923 3308 2939 3345 :
2968 3307 3090 3346 cum
3121 3292 3515 3367 etiamsancttu

1928 3363 2108 3420 Maria.-
2141 3365 2468 3434 Magdalenae
2505 3377 2600 3434 pro
2651 3379 2708 3417 se
2745 3364 2998 3430 suisque,
3047 3377 3143 3431 pro
3176 3363 3401 3434 merito,
3435 3363 3514 3416 in-

1926 3455 2118 3506 quam,
2156 3432 2480 3490 Erinenl'ridi
2507 3432 2766 3506 religiosi
2817 3433 3116 3506 sacerdotis
3153 3433 3239 3506 de
3262 3432 3520 3506 Marianis

1925 3502 2078 3566 (ἔνι-ιθ
2109 3516 2316 3576 partem
2355 3521 2506 3576 suam
2539 3502 2782 3574 legalitcr
2812 3503 3096 3576 addiderit,
3129 3502 3194 3556 ad
3229 3502 3328 3576 hoc
3375 3504 3517 3570 quod

1927 3571 2183 3646 majorem
2214 3576 2329 3643 ejus
2358 3571 2615 3646 affectuni
2655 3574 2906 3646 ostendit
2932 3590 2960 3626 a
3001 3571 3374 3646 colueredibus
3405 3575 3518 3646 suis

1925 3642 2157 3718 partium
2203 3642 2420 3718 suarum
2451 3643 2695 3699 eamdem
2731 3643 3071 3718 traditionem
3112 3642 3345 3718 “ff’hlieri
3376 3643 3520 3718 obti-

1927 3709 2062 3772 iiuit.
2110 3717 2168 3771 in
2216 3717 2524 3788 episcopatu
2573 3722 2954 3788 consecratus.
2987 3714 3095 3788 vita
3141 3709 3231 3788 ¹⁸ξ⁰
3275 3712 3518 3769 moribus

1926 3791 2089 3858 carpit
2119 3781 2264 3842 esse'
2290 3781 2621 3858 religiosior;
2672 3787 2725 3840 in
2771 3781 3391 3858 saeculoditiorfactus,
3423 3799 3519 3838 ec-

1926 3856 2103 3916 cleSiis
2131 3860 2183 3914 in
2229 3856 2612 3913 beneficiorum
2653 3856 3520 3927 agitielttci_‘“'?ct13pitessecom-

1927 3931 2156 3986 modior.
2212 3929 2343 3982 Nam
2395 3938 2594 3984 sancta:
2647 3924 2826 3981 Mariae
2868 3925 3194 3998 Magdalena:
3237 3924 3518 3998 dimidiam

1925 4009 2138 4072 partem
2184 3999 2430 4072 beneficii
2472 4016 2599 4072 cum
2627 3999 2806 4072 hanno
2836 3996 3206 4072 ap_ud_0rnam
3227 4036 3242 4060 ,
3270 3996 3338 4049 ab
3366 4003 3520 4072 ante‘

1925 4065 2230 4126 cessoribus
2261 4071 2404 4134 ~suis,
2437 4087 2464 4122 a
2502 4087 2559 4125 se
2589 4070 2704 4138 ipso
2744 4069 2833 4121 ditt
2868 4068 2933 4119 ab
2977 4065 3515 4138 Ecclesia__posscs_si,

1925 4144 2117 4197 devote
2152 4141 2397 4195 contulit.
2431 4135 2650 4193 Curlem
2686 4154 2844 4192 unam
2877 4138 3064 4205 optimi
3110 4135 3271 4189 alodii
3303 4136 3354 4188 in
3385 4135 3520 4189 urbe

1925 4215 2084 4267 sitam
2114 4212 2287 4266 cidem
2325 4210 2566 4265 ccclesizc
2595 4209 2796 4262 addidit
2821 4219 3148 4275 suOruInque
3177 4206 3520 4259 eohaeredum

1926 4299 2206 4337 assensum
2257 4290 2311 4336 et
2354 4281 2696 4334 traditionem
2744 4293 2846 4331 non
2901 4278 3090 4330 minori
3135 4275 3314 4331 studio
3344 4275 3518 4344 impe-

1928 4353 2110 4408 travit.
2143 4353 2321 4406 Patris
2349 4349 2508 4419 hujus
2552 4349 2783 4420 religiosi
2826 4347 3146 4420 Rambertus
3185 4357 3514 4420 antecessor,

1927 4425 2208 4494 religiosus
2231 4417 2594 4494 ergaurbcm,
2619 4417 2742 4494 erga
2775 4418 3080 4494 ecclesiam,
3104 4427 3161 4471 ut
3183 4417 3380 4494 dictum
3413 4424 3516 4494 est,

1925 4487 2054 4549 fuitv
2073 4487 2540 4554 studiosissimus,
2598 4487 2704 4562 qui
2741 4489 3022 4562 ecclesiam
3074 4488 3246 4562 sancti
3303 4487 3518 4562 Martini

1923 4567 2274 4638 permodicum
2298 4564 2482 4638 diruit,
2511 4557 2740 4616 dirutam
2770 4561 3113 4638 _r.:wdiﬁc_avit
3137 4559 3257 4638 fa“,
3295 4557 3520 4638 remdifi-

1848 4619 1899 4676 Ῑ)
1923 4619 2097 4692 ἒέιηάὸ
2147 4619 2556 4708 θιιιριίίιγίι,ἐι
2599 4648 2720 4689 eam
2770 4619 2954 4686 beato.
2992 4631 3220 4702 Agerico
3245 4619 3515 4702 'prazsuli,

1512 4773 1747 4830 VARIIE
1781 4773 2188 4831 LECTIONES.

301 4901 394 4941 ιω
427 4906 622 4953 ::tanto
667 4898 717 4952 i.
829 4892 924 4926 ‘3"
958 4892 1309 4948 traditionum
1339 4893 1394 4946 2.
1506 4890 1599 4926 ¹⁶³⁸
1629 4891 1722 4944 sic.

225 4974 285 5030 in
321 4971 432 5026 loco
469 4986 587 5024 raso
617 4970 680 5024 ab
713 4967 818 5022 alia
845 4981 1004 5020 manu
1030 4965 1222 5036 scripta
1259 4973 1398 5018 sunt.

1831 4890 1922 4924 ¹⁸³¹
1951 4907 2067 4962 qua:
2096 4889 2284 4944 litteris
2316 4887 2536 4957 obliquis
2581 4883 2888 4940 excutienda
2915 4883 3129 4947 curavi,
3165 4882 3218 4933 in
3255 4881 3431 4934 codice
3457 4879 3515 4944 2,

1761 5031 1994 5090 NOTAE.

326 5135 451 5204 455)
492 5133 612 5189 Vita
662 5134 720 5188 S.
777 5130 1032 5187 Richardi
1086 5128 1261 5204 pergit
1307 5146 1320 5182 :
1377 5126 1542 5204 t_N_ec
1588 5141 1711 5204 eum
1759 5125 1816 5204 _in

229 5196 529 5268 crastinum
560 5204 776 5275 sepeliri
798 5219 986 5274 passus
1007 5196 1112 5275 est,
1129 5196 1222 5254 sed
1251 5209 1383 5275 pos_t_
1400 5198 1556 5267 hujus
1579 5196 1822 5275 ecclesiae

229 5284 440 5355 primas
471 5269 698 5347 vigilias,
721 5269 870 5355 prius
893 5271 1032 5354 apud
1063 5283 1311 5355 sanctum.
1336 5270 1612 5352 Maurum,
1629 5269 1822 5322 deinde

233 5341 375 5425 apud
407 5341 943 5425 sanetmn__Patihnn'
964 5345 1010 5399 ei
1052 5341 1560 5425 vigiliansinstituit,
1601 5341 1822 5425 ipseque

233 5411 477 5482 oiunium
520 5419 713 5491 vigiliis
759 5418 1032 5491 studiosos
1077 5411 1334 5491 interfuit.
1369 5411 1548 5468 Tertia
1607 5411 1822 5491 deorum

235 5497 346 5560 die,
396 5483 658 5548 ordinatis
705 5490 953 5560 omnium
992 5484 1342 5560 ecclesiarmn
1393 5483 1827 5560 processionibus

234 5555 361 5626 cum
405 5580 616 5620 summo
645 5564 847 5617 honore
893 5559 958 5612 ad
998 5573 1108 5612 sine
1143 5555 1286 5610 sedis
1324 5557 1606 5611 ecclesiam
1641 5569 1826 5622 repor-

237 5640 404 5702 tavit,
437 5646 492 5691 et
540 5635 698 5691 dictis
725 5632 904 5688 missis
933 5629 1311 5702 exsequiisque
1351 5625 1634 5682 celebratis
1659 5667 1672 5690 ,
1701 5641 1825 5702 cum

233 5712 346 5783 jam
379 5697 715 5783 sepeliendus
741 5715 899 5765 esset,
948 5701 1085 5783 idem
1125 5699 1364 5783 pontifes
1394 5718 1422 5753 a
1460 5707 1612 5783 parte
1635 5697 1826 5783 capitis

239 5773 363 5838 cum
390 5773 640 5843 elevavit,
675 5786 728 5834 ct
760 5792 879 5830 cum
911 5774 1094 5828 multis
1129 5773 1378 5841 lacrvmis
1409 5782 1595 5843 pectus
1629 5781 1681 5826 et
1713 5787 1822 5826 ma-

243 5869 347 5914 nus
384 5850 732 5916 deosculans,
766 5856 820 5902 et
853 5860 974 5902 cum
1036 5845 1196 5919 digno
1248 5849 1449 5900 honore
1493 5843 1825 5914 sarcophago

1931 5123 2251 5190 recondens,
2280 5121 2458 5177 oravit
2483 5129 2538 5176 et
2579 5120 2882 5190 obtestatus
2904 5125 2984 5171 est
3015 5130 3160 5190 eum,
3187 5127 3259 5190 ne
3283 5113 3397 5182 ejus
3426 5129 3518 5190 su-

1931 5205 2136 5265 perstes
2163 5184 2258 5266 per
2284 5199 2482 5248 annum
2513 5199 2772 5266 maneret.
2805 5188 3011 5266 :l‘antns
3040 5184 3138 5239 fuit
3169 5184 3320 5266 dolor
3346 5194 3400 5237 et
3424 5186 3519 5266 de.

1928 5256 2339 5322 votionis'amor
2363 5264 2594 5319 viventis
2616 5263 2758 5317 circa
2787 5258 3095 5318 defunctum
3125 5298 3138 5319 ,
3168 5264 3347 5310 tantus
3391 5256 3515 5310 alie-

1929 5351 2048 5394 etus
2074 5348 2127 5393 et
2157 5337 2516 5392 exauditionis
2546 5333 2766 5387 effectus
2787 5329 3022 5383 defuncti
3056 5332 3198 5382 circa
3223 5331 3512 5394 viventem,

1928 5420 1982 5465 ut
2009 5411 2194 5465 eodem
2227 5425 2392 5471 anno,
2415 5409 2500 5460 vix
2535 5403 2764 5459 emensi~
2793 5407 3024 5471 quatuor
3048 5397 3347 5471 mensibus,
3374 5399 3514 5471 idem

1929 5481 2255 5538 venerabilis
2292 5469 2576 5559 episcopus
2613 5469 2894 5555 defunctus
2923 5469 3083 5546 fuerit
3121 5486 3240 5524 cum
3274 5470 3518 5525 maximo

1931 5553 2114 5608 dolore
2142 5545 2554 5620 totius—patriae.
2594 5545 2847 5620 Discessit
2876 5551 3054 5594 autem
3105 5556 3133 5595 a
3166 5557 3392 5611 corpore
3431 5556 3519 5620 ve-

1931 5624 2186 5680 nerabilis
2229 5611 2386 5676 Pate'r
2415 5630 2465 5673 ct
2498 5616 2900 5671 amantissimus
2933 5621 3114 5681 pastor
3142 5619 3341 5682 uoster,
3379 5611 3520 5667 etelo

1969 5695 2234 5754 laudente,
2273 5703 2414 5746 terra
2440 5689 2703 5758 plorante.
2739 5702 2866 5740 vaII
2895 5682 3159 5758 Kalendas
3185 5681 3334 5745 Julii,
3376 5697 3517 5736 anno

1970 5712 2234 5754 quat-nte,
2273 5712 2414 5746 LCI‘l'it
2441 5712 2703 5758 pltil'itllttﬁ,
2741 5712 2866 5740 nV’III
2897 5712 3159 5738 tutu-iiuna
3187 5712 3334 5745 ῡιιιιι,
3376 5712 3516 5736 ειιιιιυ

1929 5712 2319 5824 fncarnationis
2346 5760 2634 5816 Dominiem
2656 5759 2810 5822 iO‘iG,
2839 5755 3129 5810 indictione
3151 5771 3258 5818 xiv,
3291 5770 3516 5808 concur-

1929 5851 2080 5896 rente
2106 5839 2158 5902 2,
2193 5847 2375 5906 epacta
2415 5833 2496 5897 ll,
2534 5841 2588 5886 et
2617 5828 2862 5900 migravit
2892 5827 2954 5881 ad
2987 5827 3287 5882 Dominum.
3332 5848 3347 5877 ι
