3920 6402
466 303 564 359 551

469 513 652 569 drieus
678 550 694 576 ,
746 509 1091 574 Lambertus,
1138 508 1430 574 Evrardus,
1471 508 1803 575 Homedeus,
1840 509 2047 565 Hildoi-

470 619 590 667 nus,
610 602 891 666 liominus,
908 602 1081 667 Betto,
1099 600 1475 665 Radouardus,
1499 600 1768 666 Gisaldns,
1784 601 2044 671 Attogius,

473 694 917 759 Vuandclmarus,
945 691 1232 748 Uncrinus.
1259 691 1605 757 Ricuvoldus,
1634 690 2051 763 Rotgerus,Go-

472 786 764 840 deronnus.
794 784 903 853 Ego
928 781 1284 849 Vnichardus,
1314 782 1424 838 aesi
1454 783 1705 854 indignus
1725 784 1976 838 sacerdos
1997 790 2054 839 et

469 877 786 943 monachus,
806 877 943 932 hanc
956 877 1434 932 commutationem
1450 876 1640 947 scripsi
1656 886 1711 932 et
1735 876 2048 945 subscripsi.

452 980 467 987 ‘
1230 968 1295 1023 li.

550 1074 896 1117 PRlVlLEGlUI
935 1076 1037 1116 PRO
1078 1054 1419 1117 κοιηιιετειιιο
1455 1074 1643 1117 SANCTI
1682 1075 1969 1129 ᾼηΝυιΡΗι.

537 1154 595 1210 ln
623 1155 842 1210 nomine
870 1153 1080 1223 Domini
1110 1153 1205 1211 Dei
1233 1152 1420 1215 aeterni
1457 1160 1513 1207 et
1536 1144 1844 1211 salvatoris
1882 1149 2053 1213 nostri

467 1244 595 1302 Jesu
642 1245 867 1301 Christi.
912 1245 1243 1312 Radbertus,
1290 1245 1508 1300 humilis
1556 1255 1757 1300 sancta:
1801 1244 2055 1317 Metensis

466 1338 727 1393 Ecclesia;
755 1339 1058 1410 episcopus.
1090 1338 1153 1395 Si
1183 1339 1330 1395 circa
1375 1338 1490 1393 lora
1530 1339 1639 1393 Deo
1668 1338 1847 1393 dicata
1874 1347 2056 1408 pasto-

468 1428 545 1484 ris
576 1445 705 1484 cnra
743 1445 936 1500 magna
984 1430 1145 1486 debet
1186 1429 1468 1500 invigilare
1509 1429 1728 1484 solertia
1777 1444 1845 1484 ne
1888 1429 2057 1484 cauitn

469 1521 736 1577 Dominici
797 1523 975 1593 gregis
1038 1521 1115 1576 illi
1174 1521 1383 1577 collata:
1459 1530 1806 1591 paternarum
1879 1520 2057 1591 legum

468 1613 852 1667 detrimentum
892 1612 1186 1682 patiantur,
1233 1611 1586 1666 nihilominus
1617 1609 1751 1680 erga
1782 1597 1883 1665 sibi
1931 1596 2059 1665 sub-

469 1707 632 1772 ditos,
689 1714 744 1759 et
796 1704 1063 1776 spirituaii
1132 1703 1291 1758 simul
1353 1712 1408 1757 et
1469 1702 1734 1773 corporali
1799 1702 2056 1761 insudare

475 1809 681 1871 )portet
708 1800 945 1872 negotio,
982 1816 1050 1855 ne
1086 1798 1197 1855 Deo
1238 1799 1594 1854 militantibus
1645 1797 1750 1852 ulla
1784 1793 2050 1852 dominari
2084 1778 2128 1839 Β

469 1892 755 1947 videantur
782 1891 981 1962 inopia.
1012 1891 1163 1963 Ergo
1195 1891 1406 1945 noverit
1442 1890 1687 1943 omnium
1726 1895 1929 1942 sancta:
1961 1886 2056 1940 Dei

469 1982 725 2038 Ecclesiae
766 1982 1025 2047 ﬁdelium,
1080 1980 1429 2052 praesentium
1461 1978 1709 2033 videlicet
1752 1986 1807 2033 et
1852 1966 2061 2030 fotum-

470 2095 588 2133 rum
634 2077 921 2142 industria,
954 2075 1189 2146 qualiter
1217 2072 1464 2129 canonici
1510 2071 1810 2127 beatissimi
1853 2068 2058 2124 Arnul-

470 2171 561 2241 phi
589 2169 918 2226 confessoris
940 2167 1142 2224 Christi
1170 2168 1225 2222 in
1254 2166 1510 2222 suburbio
1538 2164 1782 2229 Metensi,
1808 2163 2063 2234 degentes

472 2262 685 2317 Domini
729 2260 964 2317 senioris
991 2260 1162 2314 nostri
1199 2258 1530 2313 serenissimi
1578 2255 1923 2326 imperatoris
1960 2254 2064 2308 Ca-

452 2354 571 2419 _roli
614 2354 858 2409 adierunt
915 2351 1280 2417 clementiam,
1336 2360 1603 2421 praecepta
1654 2362 1764 2419 prae
1815 2345 2065 2400 manibus

412 2436 415 2439 ’
472 2445 778 2502 deferentes
837 2442 1037 2514 regalia
1099 2441 1297 2512 quibus
1353 2456 1414 2495 ea
1465 2455 1585 2510 qure
1640 2438 1706 2492 ad
1756 2436 1957 2490 victum
2010 2442 2069 2490 et

408 2536 415 2541 ’
474 2539 833 2596 substantiam
862 2553 1048 2593 eorum
1100 2535 1446 2606 pertinebant
1487 2540 1645 2587 erant
1688 2530 2063 2594 corroborata,

474 2640 529 2685 ct
555 2629 780 2685 arbitrio
812 2638 1215 2683 antecesserunt
1246 2634 1556 2680 nostrorum
1595 2622 1909 2693 pontiﬁcum
1953 2618 2069 2675 fore

418 2734 423 2739 '
476 2733 533 2777 ut
562 2721 793 2787 sublata.
828 2719 994 2790 Cujus
1042 2720 1117 2774 rei
1164 2735 1406 2783 causam,
1458 2717 1527 2771 ob
1577 2731 1816 2771 antorem
1870 2712 1964 2768 Dei
2015 2721 2103 2768 et-

476 2814 706 2868 l'ratrum
745 2812 1248 2884 proclamationem,
1289 2809 1506 2880 pietatis
1550 2809 1751 2870 studio,
1800 2806 2070 2877 gloriosus

478 2910 662 2961 Caesar
695 2906 926 2960 libenter
953 2903 1185 2973 excepit,
1227 2902 1357 2955 etin
1391 2899 1580 2954 notitia
1630 2913 1848 2953 suorum
1882 2911 2073 2967 proce-

483 3012 599 3050 rum
652 2994 876 3060 detulit;
919 2993 1074 3047 nobis
1117 2992 1299 3057 etiam,
1346 2987 1643 3058 maiestatis
1680 3003 1789 3043 sua:
1830 2986 2073 3056 iussione

480 3090 738 3159 praecepit
791 3089 857 3143 ad
922 3088 1203 3159 praefatum
1274 3084 1560 3140 restituere
1622 3081 1966 3148 cinnobium,
2017 3088 2073 3136 et

485 3184 627 3254 quod
657 3192 814 3253 pater
842 3197 996 3246 suus,
1021 3180 1291 3251 quondam
1334 3178 1565 3232 domnus
1594 3175 1900 3230 Ludovicus
1949 3189 2066 3238 rex,

484 3274 550 3329 ad
604 3274 872 3345 stipendia
920 3270 1154 3335 [rutrum
1206 3270 1336 3326 inibi
1390 3270 1502 3324 Deo
1558 3266 1928 3327 militantium,
1974 3278 2073 3336 pro

484 3364 722 3420 remedio
780 3364 974 3418 animae
1037 3360 1304 3425 contulit,
1360 3375 1456 3430 per
1533 3358 1715 3411 omnia
1775 3354 2070 3409 restaurari

477 3455 659 3526 jussit.
707 3453 816 3510 Nos
862 3454 1045 3519 etiam,
1093 3451 1250 3523 juxta
1279 3448 1577 3520 impcrialis
1616 3448 1893 3518 dignitatis
1937 3462 2072 3516 pra:-

483 3555 716 3616 ceptum,
771 3559 980 3601 necnon
1041 3555 1096 3599 et
1147 3544 1426 3612 antiquam
1492 3541 1664 3610 patris
1734 3539 1813 3593 sui
1867 3537 2069 3593 domini

482 3636 739 3694 Ludovici
772 3638 912 3709 regis
952 3636 1314 3707 privilegium,
1362 3635 1685 3689 auctoritate
1729 3634 2073 3701 pontiﬁcatus

488 3732 689 3799 nostri,
738 3733 803 3786 ad
851 3729 1135 3802 praefatum
1188 3729 1524 3783 restituimus
1566 3727 1892 3789 coenobium,
1927 3732 1981 3779 et
2006 3726 2073 3779 ad

488 3822 846 3876 substantiam
872 3821 1100 3875 fratrum
1150 3820 1221 3874 ibi
1268 3819 1598 3888 degentium,
1641 3816 1900 3888 quidquid
1928 3826 1982 3895 et
2006 3815 2073 3871 ad

490 3923 733 3968 nostrum
804 3912 1248 3969 indominicatum
1302 3926 1400 3982 per
1455 3918 1671 3964 nostros
1729 3923 1823 3963 seu
1889 3907 2075 3964 lideles

490 4007 669 4061 fuerat
709 4004 1084 4070 distributum;
1140 4001 1389 4058 videlicet
1435 3999 1718 4057 ecclesiam
1768 4000 1822 4054 in
1869 4001 2075 4054 honore

491 4100 662 4156 sancti
694 4096 909 4153 Martini
936 4096 987 4150 in
1024 4095 1149 4150 villa
1183 4094 1481 4149 Rumiliaco
1525 4093 1704 4157 sitam,
1746 4107 1867 4147 cum
1894 4092 2072 4146 omni-

493 4199 592 4254 bus
620 4195 733 4251 suis
762 4192 1117 4266 appendiciis,
1139 4201 1195 4247 et
1222 4191 1400 4246 villam
1428 4190 1590 4245 Navis
1620 4190 1685 4244 ad
1714 4189 2071 4257 Winuticum,

492 4290 631 4347 sicut
652 4292 703 4345 in
730 4295 996 4359 praecepto
1022 4286 1172 4356 regio
1197 4288 1526 4349 continetur,
1551 4301 1672 4339 eum
1713 4283 2073 4340 decimatione

493 4390 547 4437 et
579 4378 888 4449 integritate
919 4377 1083 4433 totius
1131 4376 1380 4432 abbatiae.
1435 4375 1571 4443 Quia
1619 4389 1749 4444 ergo
1805 4384 1860 4431 et
1913 4376 2073 4447 regite

1200 372 1203 375 η
1643 300 1939 356 nouam:
1982 302 2324 363 METENSIS
2366 307 2669 368 EPISCOPI

467 421 735 485 Albricns,
763 418 965 484 Cenoz,
1003 417 1290 481 Ernoidus,
1323 416 1582 485 Sugerus,
1625 415 1926 481 Odclricus,
1955 417 2048 472 Al~
2074 425 2119 482 Α
2150 419 2249 474 dus
2302 422 2579 480 diaconus.
2612 424 2871 482 Viduieus
2920 426 3201 483 diaconus.
3268 427 3568 483 Adelardus
3612 428 3723 484 sub-

2094 3135 2146 3202 C

3631 316 3722 371 53*

2152 511 2431 570 diaconus.
2481 515 2635 589 Hngo
2693 518 3075 575 subdiaconus.
3121 518 3163 573 Τ
3167 519 3418 575 etholdus
3449 519 3722 577 subdiaco-

2152 620 2272 661 nus.
2311 605 2603 666 Framarus
2643 610 3024 668 subdiaconus.
3058 612 3318 668 Tcdricus
3354 611 3722 669 subdiaconus.

2142 699 2335 757 'lbinus
2383 703 2759 781 subdiaconus.
2808 705 3111 762 Gerboldus
3155 705 3545 761 subdiaconus.
3598 703 3726 760 Ola-

2153 792 2304 847 eher.
2335 792 2639 865 Hunargus,
2665 795 2979 860 Winardus,
3010 794 3414 868 Regimboldus.
3469 794 3725 849 Aibricus.

2155 881 2544 954 Magimfridus.
2595 887 2873 941 Liederns.
2924 887 3147 954 Queldo.
3197 886 3484 941 Acdricus.
3528 884 3727 938 Manno.

2155 972 2459 1029 Adoardus.
2485 973 2810 1031 Amalricus.
2853 970 3204 1033 Cunthertus.
3255 968 3563 1031 Cundicbo.
3596 968 3731 1027 Wal-

2106 1118 2109 1123 .
2158 1066 2347 1121 ιειτὶυε.
2396 1065 2687 1130 Ειύίιιαιιξ.
2727 1067 3003 1153 Alii-aiens.
3058 1069 3368 1138 Alevingus.
3445 1065 3581 1120 Ado.
3631 1063 3730 1117 Τιιο

2159 1156 2365 1227 riugns.
2406 1157 2762 1214 Gauraldus.
2824 1159 2942 1231 Ego
2984 1159 3342 1225 Ruhtlandus,
3390 1155 3729 1215 caneellarius

2160 1258 2323 1320 atque
2352 1250 2620 1316 notarius,
2649 1252 2842 1307 scrinsi
2885 1262 2938 1308 et
2962 1252 3285 1323 subscripsi.

2160 1450 2506 1493 PMViLEGIUI
2563 1454 2633 1492 AD
2666 1437 2672 1443 ’
2702 1450 3137 1493 zmrtcniousu
3196 1448 3470 1491 seetsstx
3523 1447 3727 1489 nouom

2845 1544 3058 1584 CURTIS.
3391 1534 3399 1543 ’

2231 1621 2288 1676 1η
2314 1623 2531 1677 nomine
2553 1631 2752 1678 sancta!
2772 1630 2827 1676 et
2848 1622 3133 1677 individua:
3155 1620 3458 1675 Trinitatis.
3480 1618 3726 1673 Robertus

2164 1720 2366 1767 sanctae
2397 1712 2653 1767 Metensis
2678 1712 2930 1767 Ecclesiae
2959 1710 3179 1765 iunnilis
3205 1710 3509 1779 cpiscopus.
3552 1706 3725 1761 Nota

2158 1802 2229 1857 sit
2247 1804 2455 1859 cunctis
2479 1813 2680 1857 sanctae
2702 1804 2795 1859 Dei
2815 1803 3068 1859 Ecclesiae
3095 1801 3365 1865 ﬁdelibus,
3383 1809 3496 1855 tum
3518 1814 3729 1870 prasen-

2160 1893 2304 1949 tibus
2329 1909 2489 1965 quam
2534 1903 2587 1948 et
2626 1894 2837 1956 futuris.
2886 1892 3120 1962 qualiter
3147 1891 3366 1962 quidam
3397 1890 3483 1943 vir
3530 1888 3727 1953 nobilis,

2159 1983 2382 2039 Bivinus
2445 1986 2698 2050 nomine,
2750 1995 2991 2041 nostram
3056 1983 3261 2054 expetit
3318 1980 3728 2037 benevolentiam

2162 2086 2429 2149 quatenus
2479 2092 2578 2147 per
2631 2087 2872 2131 nostram
2925 2075 3201 2129 licentiam
3237 2073 3284 2128 ei
3337 2073 3388 2126 in
3430 2070 3586 2135 villa,
3633 2085 3735 2139 qn:

2165 2171 2365 2225 dicitur
2397 2170 2629 2224 Dodonis
2660 2167 2860 2232 Curiis,
2900 2167 3169 2237 quoddam
3217 2165 3405 2220 liceret
3435 2172 3737 2219 construere

2165 2263 2503 2327 oratorium,
2555 2261 2719 2331 quia,
2776 2262 2845 2315 ob
2885 2258 3252 2314 diﬁicnitatem
3296 2256 3490 2328 prolixi
3547 2252 3741 2309 itineris

2167 2356 2311 2426 quod
2340 2363 2424 2409 est
2459 2356 2599 2409 inter
2645 2355 2844 2407 dictam
2887 2352 3074 2406 villam
3119 2361 3174 2407 et
3203 2349 3615 2413 Berniﬁvillam,
3639 2362 3740 2419 qua

2168 2458 2250 2505 est
2298 2464 2460 2519 super
2531 2448 2763 2503 rivulum
2810 2446 3042 2512 Senode,
3090 2447 3183 2503 ubi
3226 2446 3454 2509 decima
3491 2451 3741 2499 erant-ex

2170 2542 2485 2611 pt‘mscripla
2517 2540 2641 2595 villa
2689 2538 2973 2605 subjectae,
3020 2539 3070 2594 ei
3114 2538 3335 2608 suisque
3379 2537 3603 2592 taedium
3642 2542 3741 2590 erat

2172 2635 2270 2696 ire,
2299 2643 2350 2687 et
2373 2634 2484 2703 ipse
2532 2650 2596 2687 ex
2645 2648 2744 2688 suo
2789 2633 2856 2687 ad
2903 2630 3032 2687 illud
3078 2631 3377 2688 dotaiitium
3432 2631 3607 2697 dare;
3660 2642 3742 2683 nos

2170 2740 2385 2796 quoque
2413 2741 2575 2795 super
2616 2727 2716 2779 hoc
2761 2723 3022 2779 Ludovini
3074 2724 3282 2780 abbatis
3306 2723 3398 2795 qui
3429 2718 3518 2779 his
3555 2730 3741 2790 tempo-

2173 2820 2324 2872 ribus
2406 2818 2675 2873 abbatiam
2743 2815 3095 2871 Coniensem
3162 2816 3425 2882 tenebat,
3489 2815 3577 2870 cui
3645 2814 3743 2886 ipsa

2174 2909 2400 2965 ecclesia
2450 2924 2569 2978 qua:
2596 2917 2680 2962 est
2725 2908 2777 2962 in
2822 2907 3149 2963 Bernlﬁviila
3188 2909 3424 2964 habetur
3477 2892 3743 2978 subjecta,

2176 3001 2530 3055 discutientes
2554 2998 2906 3063 voluntatem,
2935 2999 3062 3068 quia
3088 3014 3218 3053 suus
3238 3007 3355 3053 erat
3375 2998 3744 3061 consobrinus,

2177 3091 2409 3147 libenter
2447 3090 2754 3155 conscntiit,
2803 3089 2876 3144 ita
2921 3089 3176 3145 videlicet
3220 3098 3280 3144 ut
3309 3089 3423 3159 ipsa
3472 3087 3745 3161 capeliuia,

2174 3201 2296 3241 cum
2329 3202 2429 3240 suo
2472 3184 2739 3251 dotalitio,
2798 3183 2899 3238 hoc
2942 3192 3026 3239 est
3079 3200 3268 3238 manso
3318 3200 3335 3239 ι
3380 3198 3509 3237 cum
3534 3181 3746 3254 jornalio

2176 3279 2273 3332 bus
2301 3292 2332 3332 χ
2384 3277 2437 3331 ἰιι
2468 3275 2736 3330 Beiriardi
2763 3284 2915 3331 curte
2944 3289 3066 3329 cum
3092 3272 3421 3343 jacentibus,
3454 3282 3509 3328 et
3540 3273 3749 3329 decimis

2177 3369 2333 3423 matri
2363 3367 2610 3423 ecclesia:
2640 3382 2758 3435 qua:
2794 3374 2870 3421 est
2900 3366 2952 3420 in
2980 3363 3204 3436 praefata
3232 3365 3587 3430 Berulﬁvilla,
3616 3363 3750 3418 omni

2178 3471 2417 3531 tempore
2449 3459 2639 3514 fuisset
2684 3457 2943 3528 subjecta.
3004 3456 3113 3513 Nos
3159 3459 3425 3528 siquidem
3484 3457 3752 3531 utriusque

2174 3526 2575 3608 consentientes
2620 3526 2915 3616 voluntati,
2964 3558 3023 3603 ut
3095 3526 3440 3620 postmodum
3505 3526 3631 3604 inec
3674 3526 3753 3603 res
3782 3608 3794 3617 ,

2176 3642 2486 3698 inconvulsa
2544 3650 2792 3696 maneret
2879 3649 2933 3695 et
2991 3639 3239 3701 stabilis,
3300 3639 3401 3695 hoc
3490 3638 3755 3695 memorie

2175 3736 2438 3806 scriptum
2476 3734 2654 3789 facere
2688 3731 2970 3804 jussimus,
3010 3741 3064 3787 et
3107 3731 3307 3788 factum
3338 3747 3505 3787 manu
3546 3731 3752 3803 propria

2177 3840 2583 3896 monogramma
2646 3826 2816 3879 nostri
2887 3823 3124 3880 nominis
3207 3824 3335 3879 illud
3387 3825 3754 3895 signaviinus,

2177 3920 2528 3990 stipulatione
2561 3920 2813 3974 snbnixa.
2849 3919 3041 3975 Actum
3075 3918 3231 3974 Metis
3255 3916 3490 3989 publice,
3534 3917 3757 3972 annoab

2175 4015 2553 4071 lncamatione
2574 4015 2785 4070 Domini
2809 4014 2933 4080 886,
2954 4015 3246 4070 indictione
3270 4031 3321 4069 tv
3336 4023 3757 4081 concurrentev,

2176 4115 2365 4178 epacla
2409 4121 2506 4171 χιι,
2571 4121 2712 4160 anno
2764 4120 2892 4160 vero
2938 4122 3019 4171 ιιι,
3064 4112 3325 4177 regnante
3371 4102 3568 4159 Carolo
3616 4118 3758 4174 rege,

2177 4203 2424 4259 feliciter.
2458 4200 2749 4263 Robertus,
2775 4209 2976 4256 sanctae
3008 4199 3260 4255 Metensis
3292 4197 3550 4255 Ecclesia:
3590 4197 3760 4253 humi-

2174 4296 2243 4350 iis
2291 4296 2574 4365 episcopus
2620 4293 2960 4363 subscripsit.
3001 4292 3346 4349 Gamberlus.
3397 4289 3758 4364 primicerius.

2177 4383 2507 4450 Lanfridus,
2566 4366 2753 4438 abbas.
2794 4383 2850 4437 8.
2915 4383 3072 4439 Ereri
3128 4383 3357 4439 abbatis.
3425 4382 3483 4438 S.
3553 4379 3761 4454 Notingi

496 4472 777 4548 POleSWiS
848 4477 1174 4543 Ρτωθθρῑυπι
1228 4483 1394 4538 Penes
1453 4484 1512 4523 se
1576 4467 1778 4522 habere
1840 4480 2410 4564 "OSCUB-Dabhatis.
2466 4478 2522 4533 8.
2576 4476 2856 4532 Maintardi
2900 4478 3117 4559 decani.‘
3167 4476 3225 4532 S.
3269 4474 3601 4531 Gcremanni
3643 4490 3759 4529 can-

500 4579 599 4627 tnr,
635 4564 848 4621 salubre
889 4564 1046 4619 nobis
1094 4563 1266 4618 visum
1315 4570 1418 4627 est,
1458 4570 1653 4616 nostrae
1682 4561 1846 4617 etiam
1886 4571 2073 4617 aucto-

496 4658 672 4715 ritatis
720 4668 778 4714 ut
830 4655 1064 4714 habeant
1123 4657 1418 4728 exemplar.
1473 4657 1703 4727 ideoque
1750 4667 2075 4729 prmscntem

500 4751 805 4807 testamenti
861 4750 1110 4821 paginam
1149 4749 1312 4805 scribi
1348 4748 1628 4819 jussimus,
1659 4759 1713 4804 et
1751 4765 1908 4803 manu
1952 4765 2077 4819 pro-

500 4844 612 4917 pria
665 4843 1190 4898 subterﬁrmavimus
1260 4850 1316 4898 et
1366 4843 1616 4898 manibus
1693 4843 2075 4899 canonicorum

499 4936 657 4991 simul
704 4944 757 4991 et
813 4933 1071 4990 nobiliumn
1120 4935 1380 4991 laicorum
1420 4934 1666 4989 roborari
1708 4934 1952 4991 fecimus.
2007 4934 2074 4989 Β.

503 5027 753 5083 Metcnsis
792 5024 1045 5081 Ecclesiae
1080 5025 1330 5098 indignus
1387 5025 1671 5096 episc0pus
1734 5025 2104 5096 subscripsit..

505 5119 837 5174 Cunthertus
883 5116 1225 5189 primicerius
1289 5124 1345 5171 et
1395 5114 1830 5172 archidiaconus.
1898 5116 2082 5171 Adali-

503 5212 643 5269 nuda
707 5210 845 5265 abba
913 5218 970 5264 et
1016 5208 1443 5264 archidiaconus.
1517 5206 1884 5280 Herigaudus'
1919 5209 2078 5264 abba.

503 5303 863 5360 lieininardns
931 5302 1088 5358 abba.
1151 5299 1474 5358 Cudol‘ridus
1536 5301 1696 5357 abba.
1773 5301 2081 5358 Meinardus

506 5398 805 5470 presbyter.
853 5395 1151 5453 Gundclaio
1198 5397 1501 5467 presbyter.
1530 5393 1906 5452 Garemannus
1930 5412 2083 5466 pres-

507 5489 684 5561 byter.
743 5488 992 5544 Otcariu's
1057 5489 1358 5560 presbyter.
1404 5485 1735 5541 Ratramnus
1779 5488 2079 5558 presbyter.

509 5579 825 5648 Verdinajus
849 5582 1147 5652 presbyter.
1182 5579 1420 5635 Donatus
1467 5580 1770 5652 presbyter.
1796 5578 2084 5651 Baidingus

510 5674 788 5728 diaconus.
829 5671 1145 5743 Adelgarius
1183 5672 1460 5728 diaconus.
1510 5671 1755 5729 Andreas
1804 5672 2081 5730 diaconus.

512 5763 791 5835 Remigius
833 5763 1108 5820 diaconus.
1140 5764 1438 5823 Rotlandus
1486 5760 1759 5823 diaconus.
1814 5768 2087 5826 Ermenai-

2188 4571 2338 4626 loris.
2373 4569 2432 4625 8.
2467 4567 2797 4639 Vuilerdingi
2848 4554 3143 4640 pra-positi.
3186 4567 3245 4623 S.
3276 4567 3591 4622 Ermenaidi
3620 4582 3764 4637 pres-

2182 4658 2378 4732 byteri.
2423 4658 2481 4713 8.
2533 4658 2746 4730 Segoldi
2796 4659 3031 4713 comitis.
3074 4658 3131 4713 S.
3175 4656 3455 4713 Amalrici.
3501 4656 3562 4713 8.
3613 4657 3765 4715 Ram-

2186 4749 2330 4805 fridi.
2413 4749 2473 4804 S.
2543 4749 2832 4803 Fulcherii.
2913 4748 2975 4803 8.
3038 4747 3316 4804 Lodovini.
3400 4748 3458 4804 S.
3526 4748 3761 4803 Bolonis.

2186 4844 2243 4899 S.
2268 4841 2469 4898 Eilulﬁ.
2488 4841 2544 4896 S.
2574 4841 2796 4895 Lalridi.
2823 4839 2881 4895 S.
2906 4839 3178 4895 Leoderii.
3215 4839 3328 4912 Ego
3354 4841 3679 4911 Adelgarius
3703 4838 3763 4893 ad

2185 4937 2356 4993 vicem
2389 4933 2602 4991 Haldini
2636 4933 2845 4989 abbatis
2880 4933 3097 5003 scripsi.

2896 5045 2989 5102 ιν.

2436 5154 2781 5196 ιδιιιγιιεῦιωι
2822 5154 2922 5194 PRO
2959 5154 3176 5202 QUODAH
3216 5153 3528 5197 WUILEBIO.

2186 5236 2433 5293 Concedit
2472 5234 2857 5303 usumfructum
2882 5231 3098 5303 _nliquot
3125 5233 3379 5286 bonorum
3406 5231 3597 5302 quibus
3617 5244 3764 5286 ante!

2461 5300 2834 5359 titonrtsterium
2867 5300 3148 5357 Goraiense
3169 5300 3473 5356 donaverat.

2261 5400 2315 5453 in
2364 5398 2579 5453 nomine
2634 5395 2866 5451 Domini.
2922 5393 3219 5460 Robertns,
3267 5403 3469 5449 sancta:
3514 5392 3765 5450 Metens'u

2189 5488 2445 5546 Ecclesia:
2477 5487 2694 5543 humilis
2719 5486 3174 5556 archiepiscopus.
3204 5484 3398 5539 Notum
3430 5485 3499 5540 sit
3523 5486 3764 5555 omnibus

2192 5581 2438 5637 ﬁdelibus
2460 5588 2659 5635 sancta:
2679 5579 2771 5634 Dei
2796 5576 3065 5637 Ecclesiae,
3097 5586 3205 5631 tam
3230 5578 3592 5649 praesentibus
3614 5590 3763 5648 quam

2191 5683 2246 5729 et
2278 5673 2493 5736 futuris,
2523 5671 2756 5742 qualiter
2788 5670 3101 5725 Willermus
3129 5670 3350 5739 quidam
3392 5669 3540 5725 dedit
3576 5671 3761 5733 nobis.

2195 5771 2260 5826 ad
2286 5776 2492 5841 partem
2517 5762 2758 5821 ecclesiae
2796 5763 2967 5818 sancti
3000 5762 3145 5819 Petri
3183 5777 3278 5819 seu
3310 5763 3483 5818 sancti
3517 5761 3760 5836 Gorgonii
