3848 5546
141 385 251 446 533

1663 395 2042 458 EPISTOLE.

3311 406 3418 464 554

141 501 454 558 Gorziensis
475 502 810 570 monasterii,
828 491 1088 576 qu'asdam
1115 519 1206 564 res
1227 521 1336 564 sua:
1358 507 1732 580 proprietatis,
1760 513 1808 574 Α
1837 515 2022 582 nandi,
2054 515 2152 572 sed
2179 517 2440 590 quidquid
2465 515 2664 576 ibidem
2695 519 2916 588 addere,
2943 528 3290 592 augmentare
3333 511 3420 576 vel

147 593 252 650 hoc
280 605 367 650 est
391 595 444 650 in
469 611 608 668 pago
639 596 1013 668 Scarponense
1041 599 1094 654 in
1125 599 1508 668 Alnaldovilla,
1545 603 1732 660 vineas

147 687 284 742 duas
313 681 403 742 ubi
449 697 678 760 possunt
719 689 896 760 colligi
937 690 1002 746 de
1045 690 1172 746 vino
1201 692 1366 750 modii
1412 709 1542 758 xxx,
1571 703 1629 750 et
1677 693 1734 749 in

147 777 254 834 alio
283 775 422 844 loco,
457 777 510 836 in
559 779 750 836 eodem
779 797 942 854 pago,
979 783 1032 840 in
1059 783 1318 841 Adsaloni
1361 803 1552 846 manso
1603 799 1741 844 nun-

149 882 347 942 cupatu
389 871 526 939 loco,
573 889 790 930 mansos
835 885 890 930 et
937 885 1113 934 sortes
1141 893 1262 944 vni,
1315 890 1470 952 prata
1511 895 1642 938 vero
1669 879 1738 936 ad

149 959 508 1032 colligendum
549 961 732 1019 fenum
789 965 1036 1024 karratas
1087 985 1342 1038 Lxxxvu,
1387 972 1452 1028 de
1497 973 1630 1028 silva
1667 971 1738 1028 ad

151 1055 508 1138 saginandum
535 1072 728 1128 porcos
752 1073 902 1124 ecca,
933 1069 990 1116 et
1031 1063 1296 1134 mancipia
1325 1073 1472 1132 octo,
1505 1079 1738 1138 quorum

151 1151 269 1208 hanc
301 1162 429 1208 sunt
458 1152 678 1232 nomina
707 1171 721 1208 :
759 1153 1106 1226 Lampertus,
1157 1157 1516 1224 Adbelradus,
1547 1157 1742 1214 Ansal-

151 1243 274 1308 dus,
321 1243 658 1318 Aginaldus,
707 1245 1062 1320 Agnitrudis,
1109 1249 1432 1318 Amalrada,
1481 1251 1738 1322 Eugenia,

147 1331 452 1392 Leudrada.
485 1333 680 1394 Postea
703 1353 830 1394 vero
861 1355 956 1396 sua
977 1339 1080 1396 fuit
1103 1342 1314 1413 petitio,
1359 1351 1416 1398 et
1441 1353 1624 1400 nostra
1651 1343 1740 1398 de-

151 1425 326 1482 crevit
371 1427 638 1495 voluntas,
685 1437 744 1484 ut
787 1431 834 1486 ei
894 1441 949 1486 et
1005 1432 1222 1504 coniugi
1275 1434 1476 1504 ipsius,
1521 1434 1742 1490 nomine

151 1513 327 1582 Datin,
354 1529 406 1572 et
437 1518 527 1574 lilii
552 1533 740 1576 eorum
773 1519 1009 1586 Acbildi,
1038 1533 1144 1578 tam
1173 1523 1318 1593 ipsas
1341 1537 1428 1580 res
1449 1539 1584 1593 quas
1597 1522 1744 1578 dedit

155 1624 320 1679 quam
339 1619 404 1696 _et
433 1609 586 1676 alias,
611 1611 678 1692 de
709 1611 922 1668 ratione
958 1614 1128 1669 sancti
1153 1613 1302 1670 Petri
1323 1625 1380 1670 et
1407 1613 1586 1672 sancti
1605 1613 1744 1670 Gor-

147 1702 326 1772 gonii,
357 1703 607 1760 videlicet
637 1705 690 1760 in
736 1721 872 1778 pago
903 1707 1249 1774 Virdunensi,
1285 1709 1338 1763 in
1367 1709 1492 1764 villa
1517 1722 1637 1778 qua:
1665 1705 1747 1761 di-

1839 609 2162 668 ameliorare
2189 615 2497 682 potuerint,
2523 615 2790 686 perﬁcere
2821 617 3092 681 studeant,
3121 627 3175 672 et
3196 629 3421 672 censum

1839 701 2067 770 proinde
2095 703 2256 760 annis
2277 705 2508 776 singulis
2534 707 2586 762 in
2617 707 2912 764 festivitate
2935 709 3110 765 sancti
3139 705 3422 780 Gargonii,

1840 807 1960 864 quae
1983 803 2068 850 est
2087 810 2120 848 v
2139 795 2264 850 ldus
2295 795 2648 867 Septembris,
2679 799 2732 854 in
2761 810 2986 870 argento
3013 800 3262 856 videlicet
3289 796 3425 856 soli-

1843 885 1940 942 dos
1967 901 2006 942 ll
2035 888 2102 942 ad
2140 897 2350 958 partem
2382 889 2554 944 sancti
2591 889 2735 945 Petri
2767 891 3072 961 persolvere
3115 907 3220 947 non
3261 891 3424 946 omit-

1845 987 2002 1047 tant;
2041 995 2166 1036 nam
2195 989 2250 1036 et
2277 981 2322 1036 si
2355 981 2422 1036 de
2455 980 2573 1052 ipso
2605 995 2772 1038 censu
2803 983 2942 1037 tardi
2969 989 3064 1038 aut
3089 981 3428 1054 negligentes

1847 1073 2233 1144 apparuerint,
2281 1087 2404 1128 eum
2443 1072 2580 1145 legis
2611 1074 2894 1129 sanctione
2917 1073 3066 1129 illum
3099 1073 3384 1130 restituant
3409 1113 3428 1138 ,

1843 1167 1940 1222 sed
1967 1166 2140 1237 ipsam
2171 1166 2476 1237 precariam
2527 1179 2638 1221 non
2681 1167 2926 1237 perdant.
2977 1167 3102 1222 Post
3149 1167 3434 1220 decessum

1845 1273 2064 1330 quoque
2085 1257 2323 1326 illorum,
2347 1259 2566 1330 quando
2593 1259 2810 1330 quidem
2844 1257 2987 1314 Deus
3005 1259 3254 1322 voluerit,
3289 1257 3436 1326 ipsas

1849 1365 1939 1408 res
1973 1367 2184 1419 omnes,
2214 1353 2354 1409 data
2383 1361 2438 1408 et
2468 1362 2723 1423 acceptae,
2757 1351 3111 1414 ameliora‘tze,
3141 1365 3262 1406 cum
3285 1345 3432 1402 omni

1849 1447 2212 1514 superposito,
2239 1445 2444 1516 absque
2471 1445 2630 1500 ullius
2653 1441 3106 1506 contradictione,
3127 1439 3208 1494 vel
3238 1435 3436 1506 judicis

1851 1537 2242 1606 assignatione,
2293 1537 2360 1592 ad
2411 1547 2618 1608 partem
2687 1533 2968 1591 memorati
3015 1531 3206 1586 altaris
3263 1525 3437 1584 sancti

1849 1629 1996 1688 Petri
2041 1631 2124 1688 vel
2163 1633 2336 1687 sancti
2385 1629 2640 1702 Gargonii
2689 1627 3014 1684 omnimodis
3070 1633 3436 1680 revertantur.

1853 1725 2046 1778 Actum
2097 1723 2147 1776 in
2193 1721 2390 1776 Gorzia
2447 1719 2678 1791 publice.
2735 1719 2890 1772 Anno
2937 1717 3004 1771 ab
3061 1713 3440 1769 lm-arnatione

155 1797 304 1852 citur
323 1796 690 1867 Gouderlisia,
719 1801 1008 1856 ecclesiam
1057 1819 1216 1858 unam
1263 1803 1316 1858 in
1341 1803 1548 1860 honore
1575 1801 1747 1856 sancti
1777 1811 1792 1872 ]

1862 1815 2065 1871 Domini
2087 1813 2212 1878 905,
2243 1813 2531 1868 indictione
2545 1828 2640 1873 vn,
2677 1821 2868 1880 epacta
2899 1825 2990 1872 xx,
3011 1813 3435 1866 concurrentev,

149 1885 404 1956 Martini,
459 1891 528 1945 ad
580 1908 742 1962 quam
789 1893 984 1963 aspicit
1025 1911 1246 1950 mansus
1289 1901 1346 1949 et
1375 1910 1495 1952 sors
1531 1909 1572 1959 ι,
1605 1903 1660 1948 et
1691 1893 1746 1948 in

153 1982 276 2053 ipsa
309 1983 438 2040 villa
486 2000 706 2042 mansos
743 1993 798 2040 et
833 1997 1010 2042 sortes
1043 1987 1180 2044 alias
1217 2003 1336 2056 xm,
1384 1995 1440 2044 et
1487 1987 1552 2042 de
1585 1987 1750 2042 terris

151 2075 458 2134 arabilibus
489 2076 890 2134 indoininicatis
904 2080 970 2134 ad
995 2080 1370 2136 seminandum
1395 2081 1539 2136 inter
1571 2087 1750 2134 utras-

151 2181 266 2238 que
277 2167 532 2235 sationes,
557 2169 766 2226 modios
792 2185 880 2236 cc,
902 2169 968 2225 de
983 2171 1152 2242 pratis
1166 2186 1294 2226 vero
1307 2171 1374 2226 ad
1394 2169 1751 2240 colligendum

153 2257 344 2314 fenum
381 2269 626 2316 carratas
651 2277 850 2328 exerit,
879 2261 1070 2316 silvam
1101 2263 1168 2316 ad
1219 2262 1578 2332 saginandum
1621 2275 1751 2328 por-

151 2367 258 2408 cos
289 2369 341 2418 o,
381 2361 436 2408 et
465 2353 733 2422 mancipia
764 2368 864 2420 ιιι,
905 2352 1194 2408 Audall‘um
1231 2351 1442 2406 scilicet
1467 2391 1482 2417 ,
1511 2360 1564 2406 et
1593 2351 1752 2404 Ram-

161 2443 407 2511 liertum,
439 2441 768 2500 Hormarum
810 2451 865 2498 et
889 2442 1216 2510 Bernerum,
1245 2440 1646 2512 Tangelrudum
1701 2447 1758 2495 et

157 2527 529 2598 Teutardum,
567 2531 904 2598 Bodl-udum,
933 2531 1357 2596 Adholsirtnam,
1391 2531 1672 2588 Wiredum
1700 2537 1760 2586 et

163 2625 494 2692 llairedum,
523 2623 852 2682 Rotboidam
883 2635 938 2682 et
961 2625 1273 2693 Acbildcm,
1311 2623 1637 2682 beneficiare
1665 2624 1760 2679 de-

159 2717 451 2784 beremus,
506 2717 650 2788 quod
699 2718 772 2774 ita
821 2717 1068 2786 fecimus,
1123 2733 1188 2774 ea
1239 2733 1368 2772 vero
1419 2717 1625 2772 ratione
1677 2723 1756 2780 ut,

159 2809 407 2880 quandiu
439 2808 586 2880 ipsas
619 2826 706 2868 res
734 2825 926 2868 omnes
975 2825 1126 2866 more
1161 2809 1430 2881 precario,
1463 2823 1560 2880 per
1593 2807 1757 2862 bene-

155 2901 354 2958 ﬁcium
401 2914 642 2960 nostrum
695 2917 1184 2980 successoremque
1242 2910 1592 2964 nostrorum.
1651 2897 1756 2954 sub

157 3011 272 3052 usu
317 2993 633 3061 fructuario,
681 2997 866 3068 quieto
914 2995 1106 3052 ordine
1159 2995 1378 3050 valeant
1441 2993 1644 3050 habere
1691 3001 1748 3048 et

157 3087 445 3152 excolere,
480 3105 545 3148 ac
573 3089 782 3146 fructus
807 3099 966 3146 terra:
997 3089 1264 3160 recipere,
1293 3098 1349 3146 et
1401 3087 1602 3144 nullam
1649 3088 1750 3144 ba-

157 3181 336 3238 beant
367 3191 688 3254 potestatem
711 3183 971 3256 quidquid
997 3183 1190 3238 exinde
1213 3181 1490 3238 minuendi
1511 3189 1604 3234 aut
1627 3179 1756 3234 alie—
1783 3165 1833 3230 C

1853 1921 1994 1961 anno
2013 1921 2072 1960 ιιι
2113 1905 2262 1974 regni
2287 1903 2542 1958 Ludovici
2581 1901 2676 1956 lilii
2697 1899 2960 1968 Arnulplti
2985 1898 3142 1968 regis.
3167 1897 3440 1950 Rolterlus

1851 2003 2052 2052 sanctze
2081 1993 2338 2048 Metensis
2383 1989 2638 2045 Ecclesiae
2683 1989 2984 2059 episcopus,
3023 1983 3362 2054 subscripsit.
3395 1981 3438 2054 -ι-

1855 2087 2168 2157 Rodolphus
2219 2085 2423 2147 abbas,
2467 2082 2736 2154 chuinus
2789 2081 3065 2144 (lucanus,
3125 2075 3440 2144 Furnull‘us,

1855 2178 2143 2248 Soiperus,
2171 2175 2570 2238 Farvavardus,
2595 2175 2862 2244 Ercngus,
2905 2171 3090 2226 llarno
3109 2211 3122 2234 ,
3167 2167 3443 2223 Gisleber-

1857 2277 1962 2330 tas,
1993 2266 2195 2330 Teudo,
2231 2265 2590 2328 Ancedolius,
2627 2263 2893 2332 Agredus,
2927 2261 3229 2324 Barncrus,
3273 2259 3443 2328 Sege-

1861 2373 2086 2420 rannus,
2119 2356 2386 2421 Audinus,
2409 2355 2756 2414 Adelmadus,
2785 2353 3119 2417 Ardovucns,
3149 2349 3444 2414 Iohannes,

1859 2447 2042 2510 Becio,
2079 2445 2336 2516 Astagius
2358 2483 2373 2510 ,
2411 2443 2686 2508 Gisaldus,
2725 2441 3175 2504 Vuandelmarus,
3207 2437 3444 2494 Teudai-

1859 2541 1984 2604 dus,
2025 2537 2434 2600 Godderannus,
2486 2536 2771 2599 Amincus,
2815 2533 3022 2606 Agilus,
3081 2529 3442 2602 Angelradus,

1861 2629 2134 2693 Erloimts,
2169 2627 2515 2692 Adelbertus,
2549 2626 2867 2691 Giroardus,
2900 2623 3185 2686 Girardus,
3219 2621 3448 2692 Aginar-

1861 2723 1980 2789 dus,
2021 2722 2361 2784 Adovardus,
2391 2718 2746 2791 Segeboldus,
2775 2717 3064 2781 Rudricus,
3115 2711 3452 2777 Anoualdus,

1863 2819 2159 2880 Barnerus,
2187 2811 2626 2876 lleldouvardus,
2659 2811 2786 2866 item
2809 2810 3092 2870 Girardus,
3123 2805 3452 2869 Rotcberus.

1861 2908 2180 2972 Aribardus,
2213 2903 2438 2970 Britius,
2469 2901 2790 2967 Rotlandus,
2815 2899 3230 2972 Ragembertus,
3265 2893 3453 2950 Giroi-

1867 3017 1986 3066 nus,
2033 2997 2424 3054 Yscmbardus.
2504 2995 2618 3067 Ego
2661 2994 2956 3066 Seguinus,
3005 2991 3116 3048 acsi
3197 2987 3452 3060 indignus

1865 3092 2166 3148 monachus
2195 3089 2334 3144 banc
2355 3088 2658 3158 precariam
2691 3085 2910 3156 scripsi.

165 3280 3424 3318 Μ

1751 3445 1880 3547 ΙΙ.

1543 3665 2095 3748 EPISTOLIE.

1075 3867 1241 3936 (Apud
1273 3867 1514 3932 Goldast.,
1549 3865 1730 3919 Rerum
1761 3865 2014 3920 Alamanni.
2052 3867 2252 3931 Script.,
2286 3869 2405 3920 tom.
2439 3861 2530 3930 ll.)

955 4173 998 4230 Ῑ.

255 4267 576 4330 Parentibus
621 4267 732 4326 suis
782 4267 847 4324 Δ.
903 4281 1075 4340 agnus
1127 4265 1432 4324 ablactatus
1477 4264 1628 4338 pium
1676 4264 1774 4322 ba-

169 4363 378 4421 latum.

257 4451 578 4526 Nuperrime
602 4449 632 4508 a
671 4449 824 4509 vobis
845 4443 1010 4509 sanus
1039 4449 1230 4508 abiens
1260 4450 1438 4508 adhuc
1464 4464 1553 4506 me
1597 4447 1777 4506 valere

1851 4170 2026 4236 'quod
2073 4164 2476 4233 munusculum,
2513 4177 2622 4236 quo
2663 4159 2870 4235 possim
2917 4167 3154 4216 vestram
3211 4151 3464 4214 venerari

1905 4241 2095 4297 'aciem.

2635 4329 2723 4386 Ill.

1956 4429 2022 4484 Β.
2077 4427 2317 4502 Spiritali
2359 4426 2479 4484 cibo
2523 4431 2768 4484 saturata
2814 4418 3192 4480 certitudinem
3235 4410 3466 4472 tantula-

171 4511 467 4621 pmﬁteor.
493 4543 628 4600 Peto
647 4559 776 4618 ergo
819 4552 879 4599 ut
907 4541 1193 4616 promissio
1221 4549 1402 4598 vestra
1427 4539 1494 4598 de
1523 4553 1776 4596 remune-
1803 4511 1858 4576 D
1883 4524 2062 4621 ῐηῖξιξε-

177 4635 378 4696 randis
409 4633 698 4692 sudoribus
745 4633 1126 4706 magistrorum
1155 4648 1396 4690 meorum
1425 4631 1493 4688 ad
1524 4630 1777 4690 effectum

181 4725 392 4785 veniat.
445 4725 574 4783 Mihi
629 4725 794 4782 etiam
840 4725 1005 4783 veluti
1051 4741 1280 4798 peregre
1330 4724 1626 4782 constituto
1665 4737 1782 4778 om-

181 4817 345 4877 nium
385 4819 605 4894 indigno
665 4817 971 4876 necessaria
1005 4859 1021 4886 ,
1052 4833 1172 4892 qua:
1201 4817 1364 4876 locuti
1411 4817 1541 4874 estis
1567 4816 1781 4888 impen-

1955 4614 2148 4672 Pietati
2205 4622 2400 4670 vestra:
2451 4610 2665 4668 dolores
2732 4608 2992 4666 nuditatis
3071 4619 3206 4662 mete
3264 4601 3462 4660 erube-

1887 4723 2097 4768 scerem
2133 4709 2332 4770 dicere,
2385 4705 2429 4762 si
2473 4705 2747 4762 miseriam
2783 4717 2947 4772 quam
2981 4699 3158 4772 patior
3204 4695 3460 4751 nesciret.

1888 4807 1962 4862 Ea
1991 4806 2200 4862 ratione
2239 4813 2461 4860 coactus
2499 4799 2726 4872 imploro
2773 4797 3180 4854 miserationem
3211 4795 3470 4850 vestram.

1887 4897 2020 4956 mihi
2065 4883 2312 4968 praestari
2361 4891 2635 4950 licentiam
2682 4888 2832 4946 exire
2873 4887 2942 4944 ad
2991 4890 3222 4942 matrem
3275 4886 3472 4968 meam,

946 4999 1010 5058 Π·
1889 5006 2032 5064 quae,
2062 4963 2122 5044 ut
2151 5000 2332 5060 spero,
2365 5001 2476 5043 non
2505 4981 2884 5054 dedignabitur
2931 4977 3062 5036 mihi
3103 4967 3388 5030 subvenire
3418 4963 3476 5018 in

263 5093 338 5216 1.1.
387 5095 607 5155 Celesti
660 5111 784 5154 rore
841 5095 1052 5154 imbuto
1102 5093 1166 5152 Τ.
1213 5096 1473 5170 quidquid
1507 5094 1638 5156 boni
1685 5107 1784 5166 po-
1893 5077 2217 5142 necessariis
2251 5075 2438 5134 rebus.
2645 5159 2713 5216 Ν

193 5193 326 5246 test.
2645 5193 2666 5214 ι
2686 5193 2705 5216 π
2723 5198 2736 5212 .

267 5231 350 5336 lix
389 5296 496 5352 quo
553 5277 878 5338 subditionis
917 5279 1104 5353 jugum
1151 5280 1418 5340 adductus
1463 5298 1608 5346 sum,
1662 5275 1786 5334 edu-
1967 5259 2290 5324 Parentibus
2341 5256 2462 5314 suis
2507 5253 2576 5312 ﬂ.
2615 5255 2918 5353 coronatus
2974 5243 3162 5304 habit“
3203 5231 3492 5290 οιθτίθθιιιε

197 5373 368 5431 castis
413 5389 499 5430 me
548 5371 750 5442 absque
815 5371 962 5428 omni
1011 5374 1440 5432 remuneratione
1485 5373 1788 5432 amicarum
1897 5357 2110 5420 ﬁdelem
2149 5353 2200 5408 in
2234 5344 2816 5442 Gbristoorationetn:
3083 5417 3302 5442 hum:

193 5478 444 5520 meorum
494 5477 598 5518 non
639 5414 836 5518 minori
883 5461 1168 5520 dilectione
1197 5478 1354 5534 (luam
1401 5465 1445 5522 si
1487 5481 1556 5524 ex
1605 5471 1789 5520 vestro
1970 5447 2239 5498 οηιιιηιιιη
2298 5439 2554 5478 invenio“
2611 5431 2898 5478 ent-cilium
2956 5445 3044 5480 ηιμ
3079 5414 3498 5472 intuemini:an

185 4910 328 4968 dite.
