3920 6432
487 419 592 476 555

1430 417 1726 476 ROBERTI
1765 412 2102 473 METENSIS
2141 413 2444 474 EPISCOPI
2482 381 2858 471 Ertsroma.

3630 398 3727 454 5'50

487 532 654 587 tionis
683 538 871 586 vestra:
894 528 1292 594 munusculum,
1333 530 1387 585 id
1413 539 1498 586 est
1538 531 1673 585 duas
1709 529 2068 593 eamisias,‘et
2092 536 2144 594 Α
2170 529 2518 593 Subauditur,
2579 525 2847 597 ubizéigin
2887 523 2952 589 si,
2989 520 3106 577 alde
3155 517 3396 591 gemeine
3467 524 3548 572 ter
3603 518 3722 571 sub-

485 623 683 678 lineam
713 623 964 688 tunicam,
997 622 1192 690 quibus
1231 621 1480 698 incedere
1500 622 1700 692 possim
1726 637 1849 677 cum
1872 624 2094 677 "censos?

487 717 698 773 dalibus
739 715 885 786 .meis
922 714 1247 782 honorifice,
1297 730 1407 772 non
1449 730 1573 770 cum
1620 713 1879 771 dedecore
1909 713 2067 770 nudi:

484 805 636 861 tatis.
1099 823 1103 827 ·
1375 851 1380 858 ,

1185 895 1303 959 :V.
1641 961 1644 964 .

552 992 762 1048 Domno
788 992 853 1047 R.
880 992 944 1048 Τ.
973 991 1192 1048 ultimus
1213 991 1404 1063 ;vester
1443 991 1672 1057 amicus,
1721 989 1898 1045 fidelia
1940 1002 2066 1046 ora-

484 1083 650 1138 tionis
677 1091 732 1138 et
763 1083 1076 1140 famulatus.

554 1173 689 1228 Dum
719 1176 957 1244 occurrit
978 1175 1161 1230 animo
1186 1183 1386 1244 quanta
1419 1191 1449 1229 a
1482 1173 1634 1230 vobis
1675 1170 1964 1244 dilectione
2007 1165 2092 1226 etV

481 1264 1016 1336 beneﬁciis'dignor,
1049 1251 1276 1334 magnus
1304 1264 1476 1336 pudor
1505 1273 1610 1329 est,
1663 1261 1794 1316 nihil
1839 1259 2061 1330 congrui

481 1352 666 1413 forsan
697 1369 856 1424 posse
879 1355 1191 1425 rependere.
1224 1354 1329 1410 Sed
1361 1369 1505 1425 rogo,
1523 1369 1588 1408 ne
1615 1353 1734 1406 ideo
1764 1366 1859 1406 vos
1885 1351 2064 1421 pigeat

482 1452 781 1514 ceptorum,
799 1445 922 1514 quia
940 1447 1095 1501 nobis
1114 1446 1262 1500 deest
1291 1445 1445 1515 copia
1468 1442 1904 1499 redhibitionuni.
1927 1439 2061 1493 Nam

377 1605 380 1608 Q
480 1542 756 1602 perpetem
821 1536 1069 1590 restituet
1129 1536 1335 1598 vicem,
1392 1535 1483 1604 qui
1534 1533 1802 1588 neminem
1853 1529 2060 1600 praemii

479 1626 717 1693 patietur
758 1634 1048 1682 extorrem.
1077 1626 1229 1693 Quod
1276 1633 1454 1679 autem
1493 1623 1558 1679 de
1607 1623 1847 1694 docendo
1895 1633 2070 1690 puero

480 1729 580 1784 per
611 1726 855 1772 nostrum
879 1717 1222 1773 Vodalricum
1245 1715 1635 1779 demandastis,
1666 1712 1793 1768 licet
1818 1711 1931 1782 ipsa
1954 1726 2062 1766 vox

481 1815 537 1858 et
566 1807 824 1860 memoria
857 1804 970 1874 jam
1011 1812 1383 1882 senescentem
1424 1804 1594 1876 fugiat
1622 1803 1850 1868 Moerim,
1891 1801 2060 1856 liben-

383 2331 386 2333 λ
550 2267 616 2322 li.
653 2268 994 2340 Chai-issimae
1021 2269 1167 2339 nepti
1198 2268 1436 2340 Ruodep.
1480 2267 1764 2341 plurimam
1807 2265 2055 2333 salutem,

384 2433 388 2438 .
481 2359 876 2417 servituteutet
903 2361 1221 2415 orationem.

554 2450 707 2506 Mitto
735 2453 852 2518 tibi,
889 2453 1260 2518 dilectissima,
1285 2453 1420 2508 duos
1445 2451 1712 2529 homines,
1744 2459 1799 2522 et
1842 2463 1970 2519 rogo
1999 2455 2082 2502 ut.’

481 2553 539 2600 tu
580 2544 665 2599 his
695 2546 911 2600 tertium
957 2546 1024 2601 de
1064 2546 1395 2611 tuisaddas,
1448 2555 1507 2600 ut
1547 2561 1611 2599 eo
1649 2543 1877 2599 ducente
1919 2550 1974 2597 et
2005 2548 2057 2595 te

479 2639 774 2694 auxiliante
816 2640 1008 2695 saltum
1053 2641 1403 2706 circumeant,
1448 2648 1508 2694 ut
1537 2638 1752 2708 aliquod
1780 2633 2075 2691 vasculum-

383 2795 386 2802 ι
481 2730 761 2785 inveniant.
786 2740 841 2786 et
875 2732 1010 2788 meis
1038 2731 1226 2787 usibus
1275 2732 1538 2787 deferant.
1586 2730 1852 2784 Memento
1894 2727 2056 2797 igitur

483 2819 612 2875 fidei
645 2831 699 2877 et
721 2824 1087 2895 servitutis,;et
1109 2825 1249 2890 hanc
1269 2839 1476 2879 mecum
1495 2821 1577 2877 fac
1607 2819 2052 2883 misericordiam,

478 2919 539 2964 ut
565 2926 660 2966 eos
686 2913 756 2967 ibi
788 2914 1028 2984 adjuves,
1054 2923 1110 2971 et
1141 2914 1208 2969 ad
1239 2929 1325 2969 me
1355 2913 1700 2970 redeuntibus
1728 2920 1874 2967 tuum
1900 2908 2054 2979 adju-
2079 2933 2084 2938 -

389 3059 394 3064 _
478 3002 674 3058 torium
713 3004 1008 3074 impendas.

553 3094 706 3163 Vale,
736 3097 1074 3170 charissima.

1209 3194 1320 3251 VII.

545 3279 608 3335 P.
638 3281 842 3339 Dilecto
867 3299 966 3341 suo
999 3285 1225 3341 salutem
1252 3295 1306 3341 et
1353 3284 1651 3354 profectum
1695 3283 1749 3339 in
1781 3281 2043 3339 doctrina.
2074 3259 2120 3324 ε

547 3372 723 3428 Verba
767 3391 886 3445 qua:
939 3377 1006 3432 ad
1045 3392 1132 3432 me
1181 3377 1398 3443 misisti,
1429 3385 1488 3432 ut
1527 3376 1620 3431 tibi
1669 3389 1956 3445 exponam,
1997 3373 2050 3428 in

477 3463 820 3525 Theodisiam
883 3469 1118 3543 linguam
1182 3470 1449 3528 transtuli.
1515 3470 1609 3526 Sic
1664 3470 1806 3526 enim
1857 3458 2074 3524 sonare

474 3559 691 3616 debent.

545 3656 680 3724 Quia
707 3657 881 3713 virtus
923 3659 1336 3716 constillatiouis
1383 3658 1434 3712 in
1482 3657 1589 3712 ictu
1634 3654 1920 3727 pungentis
1943 3661 2048 3710 est.

475 3745 703 3799 Yuando
729 3746 823 3801 des
843 3745 1096 3802 kestirnis
1125 3747 1302 3802 chral‘t
1325 3747 1498 3817 fergdt
1523 3745 1662 3800 unde
1687 3745 1771 3798 vir
1807 3742 1958 3800 loulit
1996 3742 2051 3796 in

476 3835 536 3886 so
559 3831 776 3902 langero
795 3835 982 3891 viriste
1005 3837 1065 3891 so
1084 3853 1207 3890 man
1237 3836 1389 3905 stupf
1403 3835 1598 3892 Itett‘lon
1626 3833 1767 3906 mag.

547 3921 798 3978 Informis
853 3926 1099 3979 materia.
1155 3923 1263 3979 Taz
1312 3924 1454 3991 chit,
1495 3921 1777 3980 skaﬂ‘eltisa
1822 3923 2048 3980 zimber.

476 4014 841 4086 Intemperies.
884 4016 1204 4072 lntrerteda.
1779 4080 1790 4089 ,
1912 4005 1914 4007 b

543 4107 703 4164 Fides
727 4119 808 4166 est
821 4110 1209 4180 sperandarum
1231 4110 1524 4166 substantia
1539 4125 1743 4175 rerum,
1761 4125 2044 4182 argumen-

474 4209 586 4254 tum
618 4217 726 4256 non
749 4204 1145 4274 apparentium.
1172 4199 1282 4257 Taz
1323 4203 1457 4270 chit,
1507 4200 1742 4257 ltuishéit
1784 4201 1897 4258 tere
1940 4199 2048 4256 n6h

473 4294 738 4364 urdugdn.
1166 4365 1168 4370 γ

547 4384 716 4450 Quem
747 4385 887 4440 Deus
908 4383 1102 4457 diligit,
1133 4387 1274 4442 hunc
1302 4385 1539 4443 exaudit.
1570 4385 1667 4442 Cui
1700 4386 1840 4440 Deus
1869 4382 2050 4456 placa-

473 4472 613 4535 bilis.
666 4474 791 4530 huic
829 4477 1141 4532 exorabilis.
1195 4478 1363 4534 Temo
1407 4478 1493 4535 die
1522 4475 1753 4547 héiligen
1777 4474 2044 4541 beltsint,

473 4563 572 4620 dér
593 4565 713 4636 mag
736 4565 933 4621 horslto
959 4569 1211 4637 gebett'm.

544 4654 601 4709 lu
655 4628 1250 4724 humilitatevjudicium
1296 4657 1411 4728 ejus
1458 4659 1724 4714 sublatum
1786 4665 1887 4713 est.
1939 4628 2126 4710 TazD

474 4745 529 4801 in
558 4745 778 4802 nitiman
809 4763 870 4804 ze
905 4747 1057 4804 réthe
1102 4764 1169 4806 ne
1195 4749 1296 4807 Iiéz
1329 4749 1410 4807 téz
1439 4750 1579 4807 wart
1603 4765 1665 4805 ze
1692 4748 1828 4805 Iéibe
1862 4745 2049 4802 umbo-

472 4837 590 4893 sina
635 4837 928 4895 dedmudti.

541 4927 598 4982 In
636 4926 844 4984 Pascha
870 4930 1147 4987 annotino.
1176 4929 1235 4987 Id
1261 4942 1346 4987 est
1381 4930 1628 4988 Paschali
1667 4929 1804 4988 festo
1851 4927 2048 5000 prioris

474 5021 623 5087 anni,
654 5021 706 5076 id
733 5031 834 5086 est,
863 5022 944 5078 ter
969 5013 1236 5094 feruet-iga
1263 5013 1415 5080 bster
1457 5026 1565 5093 tAg.
1954 5022 1956 5024 ’

553 5111 834 5181 Ypapauti.
885 5113 942 5167 Id
975 5123 1058 5169 est
1098 5123 1394 5170 conventus
1420 5113 1659 5169 omnium
1709 5119 1944 5167 relatum.

540 5200 770 5270 Nomen,
802 5217 982 5258 namo.
1023 5203 1353 5270 Pronomen,
1381 5203 1499 5259 fure
1519 5203 1618 5259 doz
1645 5217 1862 5258 nomen.
1911 5198 2048 5255 Ver-

470 5294 620 5360 bum,
671 5297 862 5353 Vudrt.
913 5287 1267 5363 Adverbium,
1293 5299 1464 5352 zftoze
1490 5296 1648 5352 démo
1674 5281 1862 5352 verbo.
1913 5291 2050 5347 Par-

471 5385 752 5454 ticipium,
852 5387 1229 5459 teilnémunga.
1313 5387 1632 5458 Conjunctio
1673 5427 1690 5453 ,
1743 5383 2043 5456 geuﬁgeda.

472 5476 804 5546 Pragpositio,
854 5479 1126 5536 furezeda.
1178 5481 1482 5550 Interjectio
1508 5477 1852 5536 undérvuerl.

541 5564 753 5621 Nomini
801 5579 932 5638 quot
967 5571 1254 5625 accidunt?
1299 5570 1400 5625 Vui
1442 5571 1689 5642 manegiu
1717 5567 2042 5638 velgentte-

469 5670 562 5713 tuo
603 5659 847 5716 nomini?
875 5659 959 5719 Vl.
986 5663 1159 5730 Quae?
1197 5662 1456 5732 Qualitas.
1501 5662 1580 5720 Te
1611 5659 1832 5718 wilicbi.
1885 5655 2044 5730 Ωιιᾳῖ

2057 886 2064 932 θ
2159 894 2367 967 Cujus?
2415 895 2511 952 Sin
2557 895 2697 952 alde.
2787 933 2826 955 .,
2879 933 2892 947 .

2162 622 2375 677 stantia:
2398 619 2420 687 ,'
2459 621 2579 676 alde
2639 611 2740 675 des
2776 615 3085 673 accidentis.
3122 611 3482 682 Comparatio.
3517 610 3592 664 De
3634 611 3724 664 wi-

2162 703 2580 787 dermezitnga."
2610 703 2812 781 Cujus?
2874 709 2968 766 Tis
3033 706 3419 778 comparativi,
3476 703 3595 760 alde
3646 704 3722 759 dis

2054 823 2062 829 ·
2140 807 2472 876 ἐυρεει-ιειιίνί
2517 807 2618 860 auo
2647 795 2804 860 demo
2830 801 3080 874 positivo.
3127 797 3326 855 Genus.
3380 793 3476 850 Tiz
3512 795 3718 850 cluime.

2876 983 3008 1040 VIII.

2231 1076 2437 1144 Quaeris
2455 1092 2484 1130 a
2514 1091 2600 1132 me
2626 1074 2754 1145 quid
2770 1075 2839 1130 sit
2867 1073 3072 1152 Pascha
3101 1071 3407 1140 annotinum
3429 1069 3455 1122 2
3477 1069 3573 1124 Est
3600 1083 3720 1123 con-

2159 1156 2410 1224 venttnus
2438 1155 2894 1237 compatrinorum
2925 1165 3191 1239 admissus
3223 1162 3482 1231 ejusmodi
3504 1175 3600 1231 per
3620 1175 3720 1214 om-

2161 1275 2257 1314 nes
2283 1271 2504 1316 octavas
2543 1258 2747 1314 sabbati
2777 1256 2979 1322 sancti,
3017 1257 3069 1311 id
3100 1266 3184 1311 est
3223 1252 3472 1324 baptismi
3519 1267 3612 1321 per
3640 1267 3722 1302 au-

2160 1367 2310 1417 num,
2339 1349 2400 1406 et"
2418 1366 2517 1421 per
2540 1340 2782 1405 ordinem
2813 1347 3196 1425 cujuscunque,
3228 1362 3347 1401 cum
3375 1344 3586 1426 caneris
3603 1358 3719 1396 eon-

2159 1443 2378 1497 vivium.
2433 1441 2586 1509 Quod
2643 1441 2903 1507 vidimus,
2956 1428 3068 1496 hoc.
3117 1446 3392 1495 testamur.
3447 1436 3720 1504 Presbyter

2159 1533 2459 1605 symbolum
2491 1545 2654 1602 super
2687 1531 2945 1588 infantem
2975 1532 3124 1599 dicit,
3175 1540 3231 1587 et
3268 1544 3467 1586 mensa:
3513 1527 3720 1599 partici-

2159 1615 2252 1697 pat
2297 1613 2814 1697 aquam-sapientiae.
2893 1664 2910 1682 .
2987 1664 3002 1680 .
3264 1659 3282 1679 .
3357 1661 3374 1678 .
3451 1659 3468 1678 .
3544 1658 3562 1675 .
3636 1656 3650 1673 .

2905 1715 2997 1772 IX.
3121 1734 3124 1736 ‘
3487 1725 3490 1728 ’

2163 1851 2165 1853 .
2231 1802 2462 1864 Domino
2487 1802 2542 1864 et
2583 1807 2760 1862 abbati
2798 1818 2983 1864 nostro
3009 1801 3344 1874 Purkhardo,
3396 1819 3496 1860 nos
3530 1803 3714 1859 fratrm

381 1885 384 1893 ’
480 1894 692 1950 tissime
720 1897 891 1964 gratia
934 1896 1099 1951 vestri
1147 1905 1385 1951 nostram
1432 1894 1788 1964 impendimus
1816 1899 2135 1963 operam..B
2162 1902 2328 1956 vestri
2373 1901 2616 1970 discipuli
2657 1901 2865 1956 debitas
2910 1901 3202 1956 orationes,

381 2043 384 2046 .
480 1989 689 2044 Valete.
724 1989 802 2046 Ne
823 1991 1215 2047 obliviscantur
1239 2004 1328 2046 me
1366 1988 1750 2045 sacratissima:
1783 1985 2060 2041 orationes

479 2089 696 2138 vestrae.

2230 1998 2307 2052 De
2345 1997 2428 2051 his
2454 2012 2574 2066 quae
2609 2013 2732 2076 erga
2761 2012 2856 2051 vos
2882 2006 3028 2072 sunt,
3069 1993 3350 2068 laetificasti
3372 1991 3715 2060 uos‘scripto,

2158 2088 2298 2160 quia-
2320 2080 2491 2158 gratia
2522 2078 2613 2142 Dei
2653 2097 2796 2143 recte
2848 2097 3099 2161 aguntur.
3149 2085 3384 2156 Contigit
3428 2084 3589 2140 etiam
3635 2097 3724 2137 ve-

2072 2192 2077 2202 '
2156 2181 2287 2237 stris
2335 2181 2668 2236 orationibus
2717 2179 2856 2250 apud
2905 2195 3037 2246 nos,
3095 2179 3236 2250 quod
3283 2177 3351 2233 ad
3401 2176 3723 2232 communio-

2157 2289 2271 2330 rem
2313 2273 2554 2328 laetitiam
2601 2274 2853 2342 pertinet,
2892 2274 2957 2328 de
2985 2273 3354 2329 ecclesiastico
3401 2287 3590 2335 censu,
3635 2271 3721 2340 qui

2155 2368 2301 2424 furto
2330 2377 2513 2438 raptus
2540 2370 2655 2432 est,
2709 2376 2914 2437 partem
2955 2361 3053 2422 nos
3102 2383 3206 2422 non
3253 2366 3534 2438 minimam
3581 2380 3720 2419 rece-

2156 2447 2338 2531 pisse,
2391 2469 2444 2514 et
2492 2460 2663 2530 ipsum
2713 2459 2882 2514 furem
2933 2467 3147 2530 captum
3178 2459 3229 2512 iu
3258 2457 3487 2513 vinculis
3517 2472 3614 2511 nos
3644 2465 3720 2511 te-

2156 2567 2307 2608 uere.
2366 2552 2460 2606 I'Zst
2504 2551 2646 2606 enim
2679 2565 2862 2605 servus
2905 2549 3112 2618 Kerotti
3145 2550 3210 2605 de
3238 2548 3606 2606 Pettenhusen
3634 2548 3721 2600 lilii

2154 2643 2386 2699 Alberici
2416 2684 2428 2708 ,
2479 2653 2532 2698 et
2581 2656 2777 2697 nomen
2825 2640 2940 2711 ejus
2977 2639 3184 2704 Gunzo,
3217 2647 3272 2696 et
3314 2654 3511 2695 nomen
3558 2637 3724 2708 patris

2154 2736 2271 2805 ejus
2303 2731 2546 2798 Richolf,
2587 2733 2677 2803 qui
2729 2748 2870 2787 nunc
2911 2733 2963 2787 in
3009 2732 3267 2788 comitatu
3307 2730 3592 2786 militantis
3646 2730 3722 2784 sui

2097 2823 2104 2829 ’
2153 2825 2366 2880 Domini
2396 2833 2496 2879 est.
2539 2823 2948 2894 Reddiditergo
2985 2839 3260 2890 coronam,
3288 2831 3344 2879 et
3376 2835 3602 2878 auream
3635 2836 3720 2875 ea-

2151 2914 2359 2986 psulam
2391 2916 2592 2984 absque
2635 2912 2904 2984 cperculo.
2938 2921 2992 2967 et
3025 2928 3200 2970 aureae
3223 2915 3402 2968 crucis
3433 2911 3591 2981 quasi
3621 2921 3724 2965 ter-
3803 2939 3808 2941 -

2151 3007 2280 3062 tiam
2313 3016 2542 3077 partem.
2573 3005 2790 3076 Majoris
2839 3021 3051 3076 quoque
3099 3021 3276 3076 capsae
3316 3004 3566 3074 qutedam
3618 3002 3724 3057 fra-

2091 3126 2094 3130 ί
2150 3109 2385 3172 gmenta,
2411 3099 2655 3170 quamvis
2675 3100 2742 3154 de
2765 3099 2988 3170 gemmis
3017 3114 3202 3170 pauca:
3224 3099 3514 3155 admodum
3543 3095 3721 3153 reddi-

2151 3201 2217 3248 ta:
2264 3201 2410 3249 sunt.
2470 3191 2605 3263 Spes
2640 3201 2819 3247 autem
2873 3193 2939 3247 de
2965 3191 3194 3247 residuis
3227 3199 3428 3257 manet,
3461 3189 3588 3261 quia
3633 3204 3723 3245 ve-

2150 3285 2385 3338 nundata
2427 3293 2549 3339 sunt
2594 3284 2644 3337 in
2691 3299 2907 3338 manum
2943 3281 3221 3353 cujusdam
3275 3282 3598 3337 mercatoris
3655 3281 3722 3336 de

2151 3375 2457 3441 Buehouva,
2508 3375 2598 3446 qui
2629 3373 2767 3430 Pero
2795 3374 3014 3438 dicitur,
3052 3383 3108 3429 et
3134 3373 3402 3444 quondam
3435 3373 3510 3427 ibi
3541 3385 3723 3427 moue-

2152 3468 2321 3523 tarius
2353 3477 2491 3533 erat,
2550 3467 2718 3521 multa
2758 3481 2970 3538 quoque
3019 3465 3072 3520 in
3102 3479 3291 3519 manus
3335 3463 3721 3520 Constantiea—

2150 3560 2290 3616 sium
2311 3569 2688 3625 mercatorum,
2717 3575 2942 3629 quorum
2970 3557 3185 3614 nomina
3205 3565 3331 3613 sunt
3353 3556 3555 3620 Eccho,
3585 3555 3725 3611 Cho-

2152 3652 2302 3718 tuuli,
2336 3651 2574 3718 Vuoveli,
2601 3651 2788 3714 Albeli,
2817 3651 3046 3722 Engezo,
3071 3648 3395 3722 Tegenhart.
3427 3648 3569 3703 Deus
3597 3662 3724 3703 vero

2151 3744 2437 3815 quemdam
2469 3753 2784 3799 extraneum
2826 3743 3097 3798 hominem
3125 3741 3194 3797 ad
3243 3756 3341 3796 nos
3373 3741 3592 3796 mittere
3641 3739 3724 3793 di-

2151 3845 2344 3909 gnatus
2367 3846 2468 3901 est,
2503 3836 2591 3906 qui
2616 3835 2826 3892 occulte
2871 3834 2972 3891 sibi
3009 3843 3226 3905 pactum
3279 3833 3397 3888 ﬁeri
3451 3833 3613 3904 petiit
3664 3831 3726 3888 de

2149 3934 2323 4004 pretio
2371 3932 2593 3988 duarum
2623 3932 2877 3987 librarum
2929 3947 3026 4002 pro
3079 3931 3340 3994 delatura,
3391 3940 3452 3985 ut
3485 3932 3604 3986 haec
3634 3947 3719 4001 pa-

2149 4023 2424 4078 tefaceret.
2451 4022 2571 4093 Ipse
2592 4037 2719 4078 vero
2743 4032 2963 4092 accepto
2996 4031 3151 4093 pacto
3179 4023 3296 4078 sine
3325 4037 3474 4076 mora
3498 4021 3722 4077 fratrem

2147 4115 2429 4170 Annonem
2463 4114 2528 4169 ad
2557 4115 2923 4170 Constantiam
2957 4115 3129 4178 duxit,
3163 4115 3252 4170 ubi
3284 4113 3582 4184 particulas
3608 4114 3724 4168 auri

2149 4206 2496 4273 fabrefactas,
2533 4222 2666 4276 quas
2691 4204 2962 4278 cognovit,
3001 4222 3032 4261 a
3058 4205 3409 4278 Tegenhardo
3437 4203 3566 4260 fecit
3593 4219 3728 4275 prae-

2150 4299 2350 4355 sentari
2379 4298 2500 4354 sibi.
2539 4299 2644 4355 Sed
2680 4297 2768 4354 ille
2816 4315 2846 4354 a
2895 4293 3104 4354 Perone
3165 4299 3232 4354 de
3296 4297 3631 4352 Puoehouva
3671 4313 3728 4352 se

2148 4392 2343 4448 emisse
2367 4406 2462 4447 eos
2491 4399 2713 4446 testatus
2734 4398 2836 4446 est.
2860 4389 2986 4446 Inde
3007 4390 3174 4446 frater
3197 4389 3337 4445 idem
3365 4389 3432 4444 ad
3455 4388 3725 4444 Peronem

2147 4483 2372 4538 veniens
2400 4497 2498 4553 per
2524 4481 2798 4552 Hugonem
2835 4489 3074 4538 vestrum
3121 4481 3344 4537 militem
3380 4480 3558 4536 furem
3625 4481 3726 4535 sibi

2149 4574 2203 4630 in
2261 4577 2420 4630 domo
2465 4589 2560 4630 sua
2589 4573 2889 4630 latitantem
2920 4574 3206 4652 monstrari
3261 4572 3420 4637 fecit;
3466 4571 3560 4643 qui
3617 4580 3728 4626 sta-

2153 4668 2247 4722 tim
2279 4676 2465 4738 captus
2501 4667 2602 4722 sub
2628 4675 2769 4723 terra
2815 4667 3135 4723 occultatum
3167 4668 3503 4730 thesaurum,
3555 4680 3729 4734 quan-

2152 4767 2264 4816 tum
2310 4760 2413 4815 sibi
2472 4760 2754 4826 remansit,
2795 4760 3042 4816 reddidit.
3088 4749 3242 4814 Nune
3277 4759 3422 4813 vobis
3450 4758 3725 4828 agendum

2151 4859 2238 4906 est
2273 4865 2394 4906 cum
2425 4865 2569 4922 rege,
2618 4860 2678 4906 ut
2707 4849 2951 4906 advoCati
2980 4851 3259 4921 utriusque
3283 4850 3526 4906 ecclesiae
3552 4859 3728 4906 tanta:

2153 4943 2230 4998 rei
2271 4952 2554 4999 exactores
2601 4943 2768 5009 fiant,
2807 4951 2862 4998 et
2903 4943 2958 4998 in
3005 4959 3164 5000 suum
3189 4943 3366 4998 locum
3405 4944 3724 4998 restituant.

2151 5030 2263 5088 Nec
2292 5033 2422 5088 illud
2461 5034 2638 5090 minus
2685 5034 3040 5089 intimandum
3090 5044 3173 5091 est
3201 5035 3370 5101 vobis,
3396 5034 3520 5104 quia
3563 5033 3729 5107 longe

2150 5123 2361 5180 minora
2407 5133 2462 5180 et
2491 5125 2740 5195 pauciora
2771 5133 2916 5191 sunt,
2944 5139 3103 5195 quam
3143 5126 3390 5195 putastis,
3420 5140 3540 5195 qua:
3568 5141 3606 5180 a
3633 5142 3727 5181 ve.

2151 5218 2280 5272 stris
2311 5217 2702 5273 ministralibus
2742 5217 2797 5272 in
2826 5233 2979 5273 usum
3008 5225 3252 5273 nostrum
3285 5217 3527 5272 exhiberi
3552 5215 3730 5286 jussi-

2147 5307 2267 5372 stis,
2313 5316 2367 5362 et
2394 5317 2592 5377 quanta
2621 5317 2898 5378 grassatur
2931 5308 2985 5362 in
3021 5317 3204 5363 nostra
3245 5317 3382 5364 terra
3411 5309 3577 5363 boum
3605 5326 3727 5365 om-

2146 5398 2405 5468 niumque
2432 5397 2695 5469 pecudum
2746 5397 3064 5462 mortalitas,
3089 5408 3150 5453 ut
3175 5415 3268 5453 rex
3311 5415 3405 5468 per
3436 5415 3533 5454 nos
3572 5402 3724 5456 redi-

2147 5497 2261 5543 tum
2309 5491 2512 5561 ceperit
2557 5482 2853 5545 decernere
2896 5490 2995 5560 ipsi
3029 5490 3271 5545 habeatis
3297 5491 3362 5544 de
3404 5491 3526 5554 hac,
3568 5495 3730 5562 quasi

2151 5577 2363 5650 [Egypti
2411 5579 2584 5652 plaga,
2617 5595 2923 5652 suggerere.
2970 5581 3070 5649 Qui
3100 5592 3183 5637 est
3215 5593 3391 5638 autem
3421 5584 3734 5646 altissimus

2149 5673 2300 5730 vobis
2330 5673 2554 5730 Domino
2581 5684 2766 5732 nostro
2795 5689 3053 5747 prospera
3097 5685 3300 5734 cuncta
3327 5678 3620 5735 concedat.
