3920 6466
47 305 122 358 μί

48 410 294 465 aturis
351 419 416 464 et
462 408 611 463 canis
651 413 768 464 erat
811 405 1088 470 moribus,
1149 403 1432 460 illecebras
1481 417 1670 457 omnes

47 515 338 570 spuens
389 497 604 568 solique
659 496 770 552 Deo
817 494 1032 567 placere
1081 494 1433 550 contendens.
1503 487 1672 545 Nocte

47 613 70 648 :
139 593 252 648 die
313 590 666 662 spiritalibus
697 588 928 644 vacabat
967 571 1160 658 epulis,
1204 595 1260 639 et
1290 583 1404 654 jam
1445 591 1556 638 tum
1591 579 1670 635 af-

51 693 194 739 ctu
266 665 459 750 atque
505 681 777 737 desiderio
833 681 1248 736 consectabatur
1291 675 1434 748 quod
1484 681 1670 746 postea

48 789 223 830 vere
271 771 570 844 prazstitit.

95 865 172 920 5.
227 863 499 919 Radbodt’
523 863 718 934 patria.
761 860 1036 933 Hugonem
1063 861 1300 916 abbatem
1325 859 1577 930 sequitur.
1599 885 1672 895 —

53 973 154 1011 ec
210 971 364 1012 vero
415 971 600 1026 regem
641 956 758 1027 ejus
803 955 1007 1009 latebat
1045 954 1236 1008 virtus.
1292 951 1426 1006 Nam
1467 955 1670 1018 quanto

47 1047 130 1102 le
185 1047 516 1102 studiosius
556 1046 830 1101 occultare
867 1059 926 1100 se
959 1041 1352 1107 counitebatur,
1382 1045 1528 1094 tan-to
1555 1037 1670 1108 ejus

48 1153 204 1193 ima
233 1177 252 1204 ,
307 1138 406 1193 vel
451 1138 686 1192 maxime
739 1137 908 1192 invito
961 1135 1088 1200 illo,
1149 1135 1306 1188 latius
1353 1129 1532 1202 populi
1577 1143 1672 1184 ore

49 1229 508 1285 “fundebatur.
553 1228 646 1284 Fit
683 1230 881 1284 charus
921 1228 1032 1299 regi
1079 1235 1300 1298 propter
1339 1237 1548 1280 morum
1587 1221 1670 1274 in-

48 1323 424 1392 egritatem,
465 1323 787 1393 proceribus
831 1322 982 1390 regni
1023 1319 1367 1385 venerabilis,
1417 1325 1670 1385 acceptus

55 1424 88 1467 ι
129 1415 464 1485 probabilis
491 1415 709 1485 populo,
737 1427 794 1468 ut
821 1416 910 1486 qui
949 1431 1052 1469 non
1089 1416 1320 1469 obscure
1351 1413 1458 1467 Deo
1488 1419 1672 1478 gratus

48 1517 96 1559 τι
129 1507 416 1562 amabilis
441 1507 733 1561 videretur.
769 1506 1060 1576 Postquam
1089 1515 1266 1559 autem
1293 1503 1538 1564 Carolus,
1571 1501 1670 1555 sub

47 1613 168 1668 luo
219 1598 613 1652 adolescentia:
668 1613 840 1652 annos
897 1597 1115 1667 exegit,
1171 1612 1204 1650 e
1243 1597 1352 1649 vita
1395 1591 1666 1654 decessit,

47 1708 197 1748 .uos
243 1693 444 1748 volens
491 1691 726 1747 invisere
763 1690 1149 1759 Lomaganinm
1193 1689 1295 1758 (sic
1331 1688 1474 1741 enim
1511 1685 1671 1754 vulgo

1621 293 1794 349 VITA.

3241 287 3346 344 542

1700 407 1746 466 Α
1777 405 1936 468 dam,
1981 403 2236 475 episcopo
2278 401 2559 462 familiaris
2605 413 2660 460 et
2703 403 2896 460 crebro
2940 419 3061 460 eum
3089 404 3344 471 invisens,

1775 496 2007 566 experiri
2049 497 2208 551 vellet
2257 497 2544 568 aliquando
2601 499 2652 552 ei
2709 497 2775 551 ad
2821 511 3060 552 mensam
3105 497 3349 552 assidens

1773 597 1828 643 et
1869 601 2016 642 more
2059 589 2256 642 usitato
2295 603 2415 642 cum
2457 603 2522 644 eo
2563 586 2907 657 colloquens,
2953 587 3168 641 tandem
3217 586 3350 657 petit

1773 677 1872 732 sibi
1901 677 2108 747 copiam
2157 675 2270 732 ﬁeri
2319 677 2534 732 bibendi
2577 693 2644 732 ex
2685 678 2878 746 poculo
2921 677 3062 746 quod
3101 687 3222 732 erat
3251 691 3348 748 pro

1769 769 2160 826 consuetudine
2196 768 2270 823 illi
2308 769 2610 838 appositum
2641 787 2654 823 :
2705 771 2846 839 quod
2888 770 3104 840 quidem
3135 779 3253 824 erat
3281 785 3345 824 ex

1772 863 1982 933 onycbe
2027 861 2226 930 factum
2273 867 2736 931 congruenterque
2776 871 3024 916 ornatum
3067 875 3222 924 auro,
3253 861 3346 916 scd

1773 969 1910 1022 aqua
1937 953 2175 1023 plemun.
2227 952 2352 1019 Ubi,
2382 953 2508 1023 quid
2537 961 2648 1007 tum
2677 953 2794 1007 miri
2823 969 2920 1024 per
2947 969 3162 1008 servum
3193 967 3346 1008 Suum

1773 1045 2014 1100 enecet-it
2055 1045 2193 1099 Deus
2239 1043 2504 1098 mirabilis
2553 1044 2608 1098 in
2655 1043 2858 1098 sanctis
2899 1044 3048 1108 suis,
3099 1059 3187 1098 res
3233 1043 3347 1112 ipsa

1773 1137 1918 1192 sileri
1959 1151 2064 1190 non
2107 1135 2332 1206 patitur.
2381 1131 2495 1188 Non
2543 1133 2672 1188 sinit
2712 1134 2998 1203 episcopus
3039 1143 3096 1188 ut
3145 1133 3232 1186 ille
3283 1147 3346 1186 ex

1771 1229 1965 1300 poculo
2007 1228 2194 1294 bibat,
2261 1225 2478 1281 nolebat
2527 1226 2670 1280 enim
2721 1225 2774 1280 in
2829 1226 3053 1280 aliorum
3103 1227 3347 1281 notitiam

1773 1322 1960 1377 deduci
2003 1321 2132 1390 quid
2171 1320 2222 1373 in
2251 1319 2342 1372 illo
2367 1325 2536 1380 esset;
2586 1317 2678 1372 sed
2708 1325 2880 1371 tamen
2911 1316 3088 1370 oblata
3117 1316 3346 1386 quadam

1771 1413 2176 1484 opportunitate
2199 1412 2336 1466 alter
2363 1411 2500 1465 clam
2527 1410 2718 1480 arripit
2759 1409 3027 1480 poculum,
3061 1410 3349 1479 episcopus

1772 1521 1902 1560 vero
1947 1507 1996 1559 id
2043 1505 2308 1568 advertit,
2357 1504 2481 1567 sed,
2529 1519 2649 1558 cum
2689 1504 2978 1572 prohibere
3021 1517 3125 1557 non
3173 1513 3352 1573 posset

1772 1597 1902 1665 quin
1931 1598 2158 1662 biberet,
2207 1599 2443 1668 suspirat
2485 1599 2550 1652 ad
2599 1599 2766 1652 Deum
2809 1605 2864 1650 et
2907 1593 3229 1668 ingemiscit.
3285 1595 3350 1650 Et

1773 1705 1900 1746 ecce
1943 1692 2164 1760 antiquo
2213 1701 2470 1746 renovato
2515 1689 2776 1746 miraculo
2825 1705 2962 1761 aqua
3009 1697 3248 1744 mutatur
3297 1689 3348 1744 in

48 1787 86 1854 ξ]
103 1801 182 1841 us
229 1787 416 1857 patria
453 1783 752 1854 dicebatur)
795 1783 945 1838 adiit.
1005 1781 1176 1835 Porro
1211 1779 1374 1834 etiam
1417 1776 1664 1845 Hugoni,
1693 1773 1742 1834 Β
1769 1783 1954 1836 vimnn
2005 1784 2290 1853 optimum.
2357 1783 2412 1838 Id
2467 1783 2706 1840 sentiens
2751 1783 3061 1856 explorator
3105 1783 3228 1848 ille,
3283 1784 3351 1840 ad

47 1893 308 1934 aminneae
355 1877 634 1949 dignitatis
685 1875 861 1930 abbati
926 1881 980 1928 et
1039 1887 1100 1927 ea
1166 1877 1484 1940 tempestate
1529 1867 1670 1920 inter

48 1971 307 2028 abbates
347 1971 644 2042 priecipuo,
673 1983 792 2024 sese
827 1967 1122 2038 adjnngens
1149 1963 1408 2019 doctrinae
1437 1959 1668 2030 palmam

47 2082 182 2135 pne
207 2065 429 2118 caeteris
451 2061 591 2126 tulit,
615 2061 774 2117 simul
799 2059 960 2114 etiam
986 2059 1243 2112 virtutum
1271 2055 1434 2110 scalis
1456 2067 1671 2123 semper

48 2157 130 2210 ad
163 2155 371 2210 altiora
392 2153 678 2218 scandens,
703 2163 762 2206 ut
785 2150 992 2220 lampas
1014 2147 1252 2204 cmlestis
1275 2145 1468 2218 prazcla
1479 2160 1535 2200 re
1559 2143 1671 2197 ubi-

47 2263 182 2318 que
211 2247 446 2304 refulsit.

137 2340 202 2394 4.
249 2339 546 2410 Episcopus
574 2347 798 2394 creatur.
833 2336 1182 2392 Monasticum
1213 2335 1380 2389 induit
1409 2333 1665 2386 habitam.

48 2431 100 2482 Α
115 2430 414 2484 bstinentia
440 2431 577 2500 ejus.
608 2431 808 2498 Aquam
839 2430 894 2482 in
925 2429 1097 2482 vinum
1127 2435 1432 2480 commutat.
1461 2453 1534 2462 —-—
1579 2422 1665 2476 In-

55 2533 228 2577 terea
259 2520 727 2593 Egilbertus(440)
761 2519 1167 2591 Ultrajectcnsis
1193 2517 1448 2574 Ecclesia:
1476 2513 1670 2586 pracsul

57 2615 250 2668 vitam
298 2629 418 2668 cum
465 2619 636 2668 morte
675 2620 989 2666 commutat.
1038 2610 1326 2664 Tractatur
1361 2609 1426 2662 de
1467 2607 1668 2662 substi-

65 2705 288 2760 tuendo
339 2704 530 2760 idoneo
577 2713 834 2774 pastore,
904 2704 1146 2772 miraque
1197 2699 1326 2755 cleri
1380 2710 1434 2755 et
1489 2699 1668 2772 pepuli

63 2797 464 2864 consensione,
515 2811 621 2850 non
649 2795 766 2852 sine
793 2805 918 2850 nutu
961 2795 1077 2862 Dei,
1109 2793 1400 2852 Radbodus
1427 2795 1669 2848 omnium

67 2891 435 2962 dignissimus
483 2898 758 2946 censetur.
823 2889 970 2946 Idem
1023 2899 1106 2946 est
1159 2890 1370 2944 Arnulli
1418 2891 1510 2960 qui
1560 2899 1667 2944 tum

71 2992 240 3058 regni
287 2991 665 3056 moderabatur
706 2991 963 3058 habenas,
1013 2991 1250 3061 itemque
1275 2990 1578 3059 principum
1605 2987 1669 3042 de

73 3099 154 3138 eo
189 3083 476 3150 judicium.
524 3085 710 3154 Itaque
745 3084 900 3148 cleri,
941 3086 1104 3156 regis,
1129 3085 1456 3155 principum,
1487 3081 1665 3153 populi

77 3175 273 3228 studio
309 3185 362 3228 et
397 3174 672 3230 voluntate
697 3177 778 3230 vir
804 3185 1042 3241 sanctus,
1069 3176 1242 3245 primo
1265 3177 1481 3246 quidem
1512 3174 1670 3242 hujus

85 3267 164 3320 rei
213 3267 428 3336 ignarus
456 3307 470 3332 ,
531 3275 716 3338 postea
761 3283 886 3322 vero
933 3269 1020 3323 diu
1069 3268 1340 3324 reluctans
1388 3269 1670 3338 episcopus

83 3367 310 3412 creatur
348 3359 512 3430 (ill).
578 3360 651 3414 Ea
699 3377 757 3415 re
805 3377 908 3416 non
951 3362 1214 3418 mediocri
1260 3363 1440 3416 animo
1489 3361 1672 3416 dolore

83 3449 322 3504 allectus
364 3449 449 3504 diu
500 3451 782 3506 hecsitabat
809 3452 936 3522 quid
966 3451 1183 3508 faceret.
1232 3453 1470 3508 Tandem
1501 3451 1674 3507 hono-

89 3555 210 3596 rem
258 3539 437 3610 I'ugere
485 3541 610 3596 dum
657 3543 788 3608 vult,
820 3543 902 3597 vel
930 3543 1128 3599 invitus
1155 3546 1363 3616 rapitur
1395 3545 1460 3598 ad
1491 3545 1676 3599 cathe-

91 3637 254 3690 dram
295 3637 530 3693 honoris.
575 3637 837 3710 Percepta
869 3639 1030 3709 igitur
1057 3641 1450 3706 benedictione,
1481 3640 1672 3695 aeterni

95 3737 246 3808 regis
289 3737 432 3792 miles
475 3755 825 3809 processurus
869 3741 934 3795 ad
973 3755 1204 3810 pugnam
1249 3739 1415 3793 armis
1456 3737 1673 3809 spirita-

95 3831 242 3884 libus
295 3833 466 3886 animo
507 3833 644 3888 virili
703 3850 760 3900 se
816 3835 1087 3904 accingit,
1155 3842 1327 3888 mutat
1383 3832 1670 3896 habitum,

99 3922 341 3980 moribus
384 3924 530 3980 addit
575 3926 778 3996 majora
805 3927 967 3980 etiam
996 3935 1334 3990 ornamenta,
1364 3923 1674 3996 Christique
1699 3935 1702 3942 '

100 4017 357 4071 doctrinm
390 4017 790 4088 obtemperans,
829 4031 1112 4090 angustam
1136 4017 1289 4072 valde
1331 4016 1676 4087 amplectitur

103 4111 245 4164 \itttll
288 4109 621 4180 perfectoque
656 4111 918 4184 regularis
963 4111 1020 4166 fit
1061 4113 1378 4174 monachus,
1429 4126 1604 4180 neque
1642 4125 1672 4164 a

101 4201 339 4256 Carnium
379 4201 636 4256 duntaxat
675 4219 804 4269 esu,
851 4205 942 4260 sed
989 4203 1057 4258 ab
1097 4205 1242 4258 omni
1289 4203 1529 4259 ciborum
1579 4217 1674 4256 vo—

103 4295 302 4364 luptate
323 4295 608 4360 abstinens,
642 4297 887 4351 biduanis
913 4297 1287 4368 triduanisque
1306 4297 1528 4368 jejuniis
1557 4296 1674 4350 ani-

107 4403 249 4440 IiIlIZIl
293 4387 476 4456 pascit,
501 4389 851 4458 corporisque
877 4385 1317 4454 imbecillitatem,
1347 4391 1430 4444 vix
1461 4389 1674 4444 ossibus

105 4479 342 4545 laci-ens,
388 4491 590 4538 natura:
639 4485 958 4540 necessariis
1005 4485 1176 4554 iisque
1221 4483 1414 4539 vilibus
1457 4493 1668 4538 susten-

109 4573 255 4642 tabat
292 4571 587 4641 alimentis,
648 4575 860 4630 interim
922 4586 1098 4632 tamen
1147 4577 1291 4630 vultu
1337 4575 1665 4630 hilaritatem

107 4678 216 4732 prae
251 4675 308 4716 se
344 4661 540 4729 ferens,
579 4673 634 4720 et
679 4664 752 4718 ita
796 4679 854 4720 se
896 4681 1218 4736 comparans
1259 4665 1396 4719 inter
1436 4680 1559 4719 suos
1603 4679 1666 4720 ac

109 4753 154 4806 si
199 4753 425 4808 delicatis
473 4755 608 4810 cibis
649 4765 975 4810 vcscerctur.
1039 4755 1217 4810 Voluit
1260 4757 1442 4820 enim,
1490 4754 1668 4824 quoad

112 4845 222 4898 ﬁcri
251 4845 428 4915 potuit,
456 4861 644 4902 omnes
677 4847 845 4902 latere
869 4847 1251 4902 abstinentiam
1280 4863 1450 4911 suam,
1483 4848 1668 4916 paucis

113 4947 312 4992 tantum
337 4937 446 5009 ejus
486 4941 736 4996 consciis.
792 4939 962 5009 Quam
1011 4958 1132 4998 cum
1177 4941 1346 4998 laicus
1374 4943 1522 5012 (442)
1550 4943 1668 5014 qui-

181 5069 320 5144 (440)
361 5071 406 5128 Is
432 5072 666 5130 Conradi
697 5073 870 5139 ﬁlius,
903 5074 1151 5143 plurimis
1179 5091 1275 5144 per
1305 5076 1532 5132 Galliam
1561 5091 1672 5134 cce-

114 5142 286 5216 nobiis
307 5151 520 5216 auctus,
566 5145 762 5216 ducatu
804 5142 1018 5216 quoque
1065 5142 1326 5215 insignis,
1379 5164 1520 5202 alino
1569 5149 1672 5204 837

113 5213 398 5282 Aurelianis
438 5215 706 5282 excessit,
755 5213 838 5270 ad'
867 5213 1282 5273 SIGeI-manum
1313 5217 1674 5274 Autissiodori

116 5281 680 5478 soiﬂiljsbgilboldum
703 5366 860 5412 vocat
884 5355 1120 5411 Joannes
1145 5358 1210 5410 de
1235 5357 1372 5412 Beka
1401 5373 1522 5412 cum
1541 5357 1674 5412 Wil-

116 5426 270 5478 lelmo
290 5441 350 5478 te
369 5419 508 5478 Hetla
533 5437 582 5478 el
611 5427 730 5478 aliis
752 5428 949 5478 passim
977 5428 1286 5478 auctoribus
1309 5444 1323 5478 :
1352 5427 1668 5478 Evlboldum

113 5426 272 5516 lelmlo
290 5419 350 5516 de
369 5419 582 5516 liedalet
604 5427 730 5516 filiis
752 5428 949 5498 passim
977 5428 1286 5516 auctoribus
1309 5444 1323 5482 :
1343 5427 1668 5516 ‘Izljflboldum

119 5497 295 5580 scribit
315 5497 686 5552 Zuentiboldus
715 5497 765 5553 in
793 5514 889 5553 suo
912 5497 1049 5566 apud
1072 5499 1316 5554 eumdem
1343 5497 1666 5553 Willclmnm

120 5567 704 5709 tl“21:13:;tiiiommarum
734 5640 920 5694 dicunt
947 5638 1088 5694 Beka
1116 5649 1170 5694 et
1195 5639 1374 5706 Heda;
1412 5653 1520 5709 quo
1547 5637 1666 5695 fulti

123 5719 326 5780 auctore
353 5711 590 5780 nuspiam
620 5710 944 5780 signiﬁcant.

192 5777 324 5852 (M3)
349 5777 850 5852 Qui'episcoporum
888 5779 1316 5850 'l‘t-ajectinorum
1359 5799 1446 5840 res
1483 5793 1664 5858 gestas

1768 1879 1931 1948 pedes
1957 1879 2283 1933 sanctissimi
2325 1875 2582 1932 antistitis
2607 1875 2927 1942 advolvitur,
2955 1875 3090 1946 petit
3115 1875 3346 1939 veniam,

1770 1973 1996 2040 spondet
2019 1987 2076 2026 se
2099 1971 2352 2042 deinceps
2379 1971 2510 2026 nihil
2539 1971 2641 2026 tale
2665 1979 3072 2026 attentaturum.
3117 1967 3228 2025 Etsi
3257 1983 3352 2048 au-

1771 2071 1876 2117 tem
1905 2063 2098 2131 praesul
2126 2063 2502 2118 sanctissimus
2529 2064 2582 2119 id
2617 2063 2792 2119 celare
2817 2061 3004 2128 voluit,
3035 2077 3140 2116 non
3173 2071 3348 2116 tamen

1769 2171 1870 2226 par
1893 2163 2011 2209 crat
2036 2157 2196 2210 celari
2223 2171 2358 2226 opus
2387 2157 2506 2222 Dei,
2533 2157 2917 2212 convenienter
2955 2154 3029 2210 illi
3069 2153 3353 2209 sententiae

1773 2247 2060 2314 Raphaclis
2095 2247 2266 2316 angeli
2295 2247 2524 2304 dicentis
2557 2249 2624 2303 ad
2653 2247 2876 2304 Tobiam
2903 2265 2918 2301 :
2951 2243 3349 2302 Sacr-amentum

1772 2338 1906 2405 regis
1935 2338 2250 2391 abscondere
2276 2339 2464 2392 bonum
2493 2349 2602 2394 est:
2626 2357 2782 2410 opera
2808 2349 2982 2393 autem
3007 2335 3102 2392 Dei
3128 2333 3354 2391 revelare

1771 2439 1818 2483 et
1850 2429 2087 2498 conﬁteri
2115 2429 2480 2498 honorificum.

1842 2541 1892 2596 5.
1936 2540 2180 2596 Charitas
2209 2541 2321 2612 ejus
2352 2543 2406 2598 in
2437 2557 2709 2612 pauperes.
2741 2539 3092 2596 Continentia.
3116 2571 3185 2581 —
3209 2539 3354 2608 Quo-

1774 2635 1975 2690 tidiana
2027 2633 2143 2704 ejus
2187 2633 2543 2698 conversatio,
2590 2633 2766 2704 quoad
2811 2633 2865 2689 in
2908 2647 3134 2704 corpore
3175 2632 3352 2699 vixit,

1773 2743 1932 2796 quam
1964 2733 2112 2798 grata
2143 2725 2271 2791 Deo,
2301 2741 2461 2796 quam
2503 2733 2682 2796 optata
2729 2733 2783 2780 et
2825 2726 3006 2782 suavis
3045 2723 3353 2780 hominibus

1773 2817 1970 2881 fuerit,
2026 2817 2338 2886 quotidiana
2389 2815 2478 2871 illo
2525 2815 2779 2870 virtutum
2828 2823 3113 2886 augmenta
3162 2829 3349 2882 capes-

1773 2917 1944 2974 scntc,
1993 2907 2208 2962 tametsi
2253 2907 2520 2977 explicare
2563 2921 2660 2962 nos
2704 2922 2803 2977 pro
2847 2905 3104 2977 dignitate
3130 2921 3234 2960 non
3261 2917 3350 2958 va-

1773 3001 1964 3066 lemus,
2015 3011 2192 3055 tamen
2223 3001 2302 3056 vel
2331 3017 2498 3071 pauca
2545 2999 3088 3055 commentor-abimus
3132 3003 3350 3066 accepta

1774 3093 1841 3148 ab
1885 3091 1987 3147 illis
2013 3091 2102 3163 qui
2135 3093 2294 3146 rebus
2317 3089 2483 3162 gestis
2513 3087 2826 3154 interfuere,
2853 3095 2914 3142 ut
2941 3085 3152 3142 facilius
3186 3085 3354 3140 lector

1697 3151 1742 3212 Ο
1777 3183 1934 3237 [Idem
1983 3151 2139 3237 nobis
2187 3151 2460 3237 adhibeat.
2527 3151 2906 3250 Quidquidrex
2957 3178 3120 3234 rebus
3167 3177 3350 3233 mundi

1773 3273 1934 3344 hujus
1979 3275 2179 3329 habere
2217 3275 2390 3343 potuit
2417 3281 2670 3329 accurate
2705 3273 2758 3327 in
2793 3287 3057 3345 pauperes
3086 3269 3350 3342 erogavit,

1775 3381 2006 3436 cumque
2047 3366 2286 3420 omnium
2329 3365 2590 3421 bonorum
2633 3379 2855 3436 operum
2899 3365 3121 3422 ﬂoreret
3150 3363 3352 3421 excrci-

1775 3458 1904 3523 tiis,
1963 3465 2200 3512 attamen
2247 3457 2300 3510 in
2346 3455 2680 3528 benignitate
2729 3473 2854 3528 erga
2905 3473 3171 3529 pauperes
3221 3455 3352 3512 nulli

1774 3549 2043 3603 secundus
2091 3547 2209 3602 fuit.
2261 3545 2546 3614 Quotidie,
2595 3547 2825 3618 demptis
2865 3549 3052 3618 paucis
3091 3545 3350 3604 solemni-

1777 3639 2010 3705 tatibus,
2071 3639 2182 3694 suis
2227 3639 2478 3694 manibus
2531 3637 2750 3694 lavabat
2795 3655 3092 3711 pauperum
3151 3641 3351 3710 pedes,

1773 3729 2048 3801 praebebat
2089 3731 2428 3797 eisvictum,
2461 3729 2632 3786 nudos
2671 3731 2958 3797 vestiebat,
3003 3731 3246 3786 infirmos
3274 3729 3350 3784 vi-

1775 3825 1994 3888 sitabat,
2039 3823 2244 3879 claudis
2283 3831 2336 3878 et
2368 3821 2585 3894 pupillis
2617 3837 2801 3878 curam
2841 3821 3148 3880 adhibebat.
3203 3822 3354 3891 Ejus—

1775 3917 1918 3972 modi
1959 3915 2154 3971 studiis
2185 3924 2238 3970 et
2273 3913 2462 3970 olliciis
2495 3915 2847 3970 humnitatis
2883 3923 2939 3970 et
2969 3913 3354 3970 misericordiae

1777 4009 1866 4063 diu
1913 4017 2184 4077 noctuque
2233 4005 2530 4063 incredibili
2571 4006 2848 4078 vigilantia
2899 4015 2955 4062 et
2995 4005 3353 4062 sollicitudine

1777 4097 2078 4154 indefessus
2123 4097 2370 4161 vacabat,
2418 4111 2518 4152 nec
2555 4111 2792 4168 unquam
2839 4097 2890 4152 id
2935 4109 3104 4168 genus
3141 4089 3354 4167 frange-

1777 4191 1938 4244 batur
1979 4191 2286 4254 laboribus,
2333 4191 2384 4244 id
2431 4191 2588 4259 plane
2635 4191 2688 4244 in
2735 4191 2897 4244 lucris
2943 4203 3148 4258 ponens
3189 4189 3348 4259 quid-

1777 4283 1908 4352 quid
1955 4281 2008 4336 in
2053 4283 2372 4337 miserorum
2409 4281 2597 4335 solatia
2639 4281 2970 4336 contulisset.
3021 4279 3172 4334 Nulla
3211 4279 3350 4350 apud

1775 4389 1898 4428 cum
1927 4371 2234 4427 visebantur
2259 4381 2576 4426 ornamenta
2603 4381 2696 4426 aut
2720 4371 2894 4426 inanis
2921 4371 3102 4426 mundi
3133 4385 3345 4441 pompa,

1778 4479 1882 4518 non
1921 4463 1992 4517 illi
2029 4464 2200 4517 inerat
2225 4464 2340 4517 auri
2367 4479 2520 4518 sacra
2545 4463 2732 4518 fames.
2781 4461 2940 4517 Nefas
2964 4464 3186 4533 putabat
3210 4461 3352 4530 ejus-

1776 4555 1916 4610 modi
1939 4555 2216 4609 oblectari.
2245 4555 2448 4624 Itaque,
2468 4563 2779 4625 contempto
2802 4555 2999 4608 mundo
3017 4563 3071 4609 et
3093 4553 3352 4623 quidquid

1777 4649 1822 4703 is
1849 4657 2106 4719 praestare
2137 4657 2312 4719 potest
2336 4647 2522 4702 amicis
2550 4647 2680 4712 suis,
2709 4647 3008 4702 cmlestium
3037 4661 3221 4701 altiore
3247 4645 3349 4700 fer-

1776 4743 1933 4797 vebat
1961 4743 2075 4796 solo
2101 4755 2326 4810 corpore
2353 4741 2552 4811 degens
2583 4739 2634 4794 in
2665 4741 2842 4795 terris.

1845 4845 1896 4900 6.
1925 4845 2146 4900 Sancto:
2159 4843 2565 4899 Willebrordnm
2582 4853 2628 4897 et
2649 4843 2977 4913 Bonifacium
2995 4843 3344 4898 colit.—-—Cum

1777 4945 1954 4994 autem
1971 4937 2366 5004 'I‘rajectentcm
2389 4935 2684 4990 Ecclesiam
2703 4935 2834 4990 Dani
2853 4941 3154 4990 vastassent
3170 4931 3342 5004 (445),

1776 5073 2044 5144 persecuti
2077 5081 2207 5144 sunt
2229 5071 2562 5144 recentiores
2600 5071 2842 5144 historici
2869 5085 2990 5144 epis
3019 5069 3344 5144 ιιι-[ηερωε-

1778 5137 1921 5199 dium
1952 5149 2138 5212 aptant
2171 5139 2428 5212 Egilholdi
2469 5143 2818 5210 tetnporibus.
2866 5139 3048 5212 Potior
3089 5137 3224 5212 mihi
3269 5139 3314 5191 vi

1779 5215 1936 5266 detur
1975 5209 2131 5280 liujus
2157 5209 2278 5265 vitm
2319 5209 2600 5281 scriptoris
2629 5212 2922 5266 auctoritas
2953 5209 3044 5280 qui
3073 5209 3340 5281 Adamnm

1777 5279 2122 5338 Bretnensem
2155 5284 2206 5352 in
2251 5279 2582 5352 Hist.,_cap.
2621 5284 2712 5348 5i,
2753 5279 3133 5351 suﬂ'ragantem
3185 5279 3343 5352 habet

1777 5355 1862 5409 bis
1890 5355 2085 5407 verbis.
2123 5351 2297 5422 Frisia
2345 5349 2656 5422 dt'poptilata
2695 5363 2786 5407 est.
2825 5349 3120 5422 Traiectum
3161 5349 3344 5406 civitas

1777 5425 1970 5494 excisa.
2005 5423 2232 5494 Sanctus
2263 5419 2541 5476 liadbod‘us
2571 5425 2837 5494 episcopus
2858 5419 3000 5494 uritis
3025 5419 3208 5494 cedens
3227 5435 3345 5490 per-

1776 5493 2027 5549 secutiom’
2053 5493 2347 5548 Darentrim
2370 5495 2539 5547 sedem
2561 5491 2842 5553 constituit,
2871 5491 3041 5562 ibique
3060 5491 3343 5562 consistens

1775 5566 2124 5620 anathemati:
2158 5565 2330 5633 gladio
2354 5580 2582 5632 paganos
2615 5564 2753 5616 ultus
2774 5573 2866 5615 est.
2897 5561 3059 5616 Paulo
3091 5571 3216 5633 ξριῑο
3243 5561 3344 5616 Da-

1774 5637 1983 5691 ventria
2029 5631 2266 5689 cesserat
2295 5631 2654 5702 'I‘rajectensis
2685 5633 2938 5687 Ecclesia)
2967 5633 3074 5702 juri
3107 5631 3340 5686 Zuente-

1773 5707 1917 5762 boldi
1967 5717 2020 5759 ct
2051 5705 2225 5758 Caroli
2261 5703 2529 5770 Simplicis
2577 5719 2760 5772 regum
2808 5703 3155 5758 concessione
3183 5715 3344 5772 quam

1775 5779 1916 5836 inter
1943 5776 2076 5832 alias
2105 5775 2245 5830 llcda
2275 5784 2679 5828 commemorat.
