3920 6398
699 310 803 371 553

700 428 898 499 saepius
927 428 1226 487 Daventriae
1256 430 1587 499 morabatur,
1630 435 1813 492 animo
1850 446 2028 492 tamen
2057 450 2275 506 semper
2299 431 2357 492 Δ
2453 442 2503 495 8.
2540 442 2717 500 Danos
2747 443 2983 502 Frisium
3006 450 3309 519 infestantes
3338 456 3636 517 anathemate
3653 474 3803 535 pirata.

668 564 675 571 .
704 519 938 592 Trajecti
969 522 1307 591 inhabitans;
1342 540 1449 595 quo
1470 528 1571 583 etsi
1601 529 1808 585 reddita
1834 546 1967 601 pace
1996 533 2189 608 crebro
2217 548 2275 588 se

700 609 994 677 conferret,
1036 628 1142 668 non
1183 630 1375 686 parum
1406 617 1623 675 dolebat
1646 628 1703 676 et
1747 621 1850 691 ipsi
1888 630 1946 678 et
1970 622 2089 678 aliis
2131 624 2276 693 quod

698 717 789 758 res
820 712 875 760 et
898 712 1108 777 tempus
1147 723 1253 762 non
1279 709 1520 767 sinerent
1550 727 1673 769 eum
1710 713 1817 770 illic
1846 725 2107 786 perpetuo
2140 715 2276 772 resi-

699 791 845 849 dere.
872 794 1211 867 Proponebat
1243 799 1347 854 sibi
1373 800 1424 854 in
1448 802 1630 860 animo
1655 804 2056 861 adimitandum
2076 807 2275 863 multos

695 895 914 942 sanctos
941 886 1150 955 Patres,
1182 904 1276 946 eos
1304 894 1606 960 praesertim
1631 896 1722 966 qui
1751 897 1994 969 ejusdem
2020 899 2275 965 Ecclesiae

695 973 1050 1034 fundamenta
1081 980 1134 1035 in
1182 982 1340 1038 firma
1383 993 1541 1055 petra
1580 985 1800 1044 Christo
1830 991 2005 1061 primo
2045 992 2275 1051 colloca-

694 1075 845 1131 runt,
873 1080 1000 1138 puta
1026 1070 1439 1147 Willibrordum
1481 1086 1537 1134 et
1567 1077 1902 1138 Bonifacium
1928 1124 1943 1149 ,
1983 1085 2191 1141 meritis
2218 1092 2274 1141 et

694 1160 983 1217 sanctitate
1027 1165 1346 1237 praecipuos,
1391 1183 1527 1239 quos
1579 1172 1735 1228 ardui
1779 1174 1993 1231 itineris
2039 1184 2161 1248 quo‘
2195 1177 2273 1234 illi

690 1263 1091 1320 praecesserant
1113 1257 1277 1314 duces
1317 1260 1422 1316 sibi
1450 1260 1612 1333 elegit
1650 1263 2051 1339 imitandosque
2080 1284 2269 1326 susce-

690 1341 792 1410 pit,
825 1356 960 1411 quos
981 1345 1144 1401 etiam
1168 1348 1221 1403 in
1250 1350 1755 1420 superliminarlbus
1780 1360 2016 1429 pectoris
2050 1362 2135 1417 sui
2172 1362 2270 1418 de-

689 1432 866 1503 pinxit
903 1435 1216 1509 intentaque
1253 1443 1421 1499 animi
1456 1448 1910 1519 contemplatione
1939 1467 2153 1523 semper
2187 1456 2273 1512 itt-

690 1527 960 1581 tuebatur.
989 1526 1091 1596 Qui
1121 1547 1334 1587 morum
1358 1538 1663 1605 sanctitate,
1693 1548 1748 1596 et
1768 1543 1989 1613 optimis
2010 1548 2272 1618 exemplis

686 1615 1113 1689 meritorumque
1158 1624 1476 1693 patrociniis
1526 1629 1820 1688 etiamnum
1879 1637 2077 1692 summi
2127 1615 2273 1712 regis

685 1703 947 1763 familiam
969 1711 1254 1770 sublevant
1270 1756 1287 1783 ,
1311 1719 1476 1788 quod,
1504 1719 1643 1777 alter
1667 1723 1721 1778 in
1741 1739 1877 1795 pace
1898 1703 2275 1799 confessione,

684 1796 827 1855 alter
875 1804 1156 1874 sanguinis
1206 1807 1469 1866 eil‘usione
1500 1812 1709 1880 clarus,
1767 1819 1927 1875 ambo
1974 1835 2043 1877 ex
2103 1796 2264 1882 hoste

682 1887 1082 1962 triumphantes
1105 1898 1342 1958 caelestis
1366 1903 1570 1963 militia:
1591 1911 2260 1983 consortio'perfruuntur.

681 1985 742 2042 In
794 1989 987 2073 horum
1049 1994 1214 2067 igitur
1279 2000 1521 2073 vestigiis
1572 2003 1833 2063 insistens
1882 2010 2090 2067 semina
2138 2012 2258 2069 ﬁdet

683 2081 972 2151 spargebat
1006 2089 1295 2146 commisso
1320 2093 1493 2163 gregi,
1525 2095 1763 2166 seipsum
1803 2099 2045 2169 quotidie
2081 2103 2261 2161 vivam
2444 2142 2500 2200 9.
2529 2143 2845 2200 Baldﬁcum
2891 2161 3244 2203 “amarem
3279 2149 3514 2219 “maca
3547 2165 3714 2221 um
3730 2150 3801 2205 ω,

684 2169 918 2221 hostiam
960 2173 1271 2221 immnlnlml
1306 2181 1417 2221 nm
1485 2192 1596 2221 mm
1627 2197 1849 2221 nam“...
1879 2191 2154 2221 -....:....t....
2192 2196 2259 2221 ...ι
2332 2202 2336 2206 -

684 2169 918 2227 hostiam
958 2173 1278 2236 immolabat
1306 2181 1447 2249 Deo,
1485 2192 1596 2241 toto
1626 2197 1849 2258 pectore
1878 2191 2158 2262 aspirabat
2192 2196 2261 2251 ad

682 2260 956 2320 caelestem
1012 2269 1284 2337 patriam,
1362 2274 1699 2334 moriebatur
1750 2283 1954 2339 mundo
1980 2324 1995 2351 ,
2046 2286 2263 2343 vivebat

679 2349 917 2418 Christo,
983 2366 1127 2415 totus
1176 2364 1496 2421 versabatur
1547 2367 1600 2422 in
1648 2369 1806 2426 cmlo.
1858 2349 1989 2430 Erat
2040 2375 2262 2434 lucerna

677 2440 879 2528 Christi
904 2463 1066 2518 super
1091 2453 1472 2511 candelabrum
1498 2459 1671 2528 posita
1687 2459 1872 2517 lucens
1892 2467 2144 2523 omnibus
2168 2469 2261 2537 qui

677 2531 734 2589 in
750 2535 907 2593 domo
924 2536 1017 2595 Dei
1036 2553 1215 2611 erant,
1232 2544 1450 2602 interim
1471 2550 1610 2620 apud
1623 2566 1681 2606 se
1694 2568 1875 2609 coram
1894 2555 2004 2612 Deo
2018 2558 2257 2615 humilis.
2332 2604 2335 2607 Α

750 2628 801 2682 7.
844 2628 1053 2688 Futura
1082 2637 1344 2704 prwdicit.
1386 2638 1652 2697 Virtutum
1676 2645 1791 2715 ejus
1814 2649 1993 2705 series.
2022 2644 2260 2722 Hymnbs

675 2728 724 2775 et
752 2716 809 2775 S.
836 2720 1055 2779 Martini
1077 2732 1338 2801 componit
1361 2732 1808 2802 ofﬁcium—Nec
1827 2742 2013 2797 deerat
2035 2716 2107 2799 illi
2131 2762 2259 2816 pro-

677 2812 877 2884 phetiae
936 2818 1176 2888 spiritus.
1230 2821 1392 2880 Multa
1436 2826 1601 2892 enim,
1648 2838 1707 2884 ut
1753 2834 2101 2902 pt'zedixerat,
2131 2812 2259 2894 vcito

680 2920 996 2974 evenerunt,
1023 2912 1188 2968 multa
1213 2931 1316 2970 non
1347 2916 1501 2989 longe
1528 2931 1649 2990 post
1669 2923 2006 2982 acciderunt.
2033 2927 2260 3001 Semper
2358 2958 2361 2961 ν

678 2999 861 3056 animo
897 3001 1106 3059 Domini
1138 3005 1310 3077 legem
1335 3010 1716 3080 meditabatur,
1751 3031 1852 3074 nec
1880 3032 1946 3073 eo
1975 2999 2259 3078 conten—tus

678 3092 844 3148 etiam
890 3112 1050 3165 opere
1081 3101 1482 3171 exsequebatur
1518 3119 1661 3173 eam,
1703 3106 1882 3165 factus
1916 3109 2030 3179 jam
2083 3113 2260 3170 victor

680 3187 870 3253 animi,
899 3190 1088 3247 doctor
1112 3194 1621 3264 charitatis,‘cultor
1639 3206 1931 3275 castitatis,
1963 3225 2260 3280 pauperum

678 3290 1034 3348 sustentator.
1082 3292 1425 3347 maerentium
1457 3296 1805 3365 consolator,
1840 3301 1987 3357 clero
2012 3320 2137 3375 spes
2175 3306 2262 3362 in-

680 3372 821 3428 victa
843 3375 1044 3444 solatii,
1068 3380 1268 3451 populo
1310 3384 1638 3444 indefessum
1663 3390 1927 3462 levamen,
1950 3398 2063 3453 suis
2086 3402 2261 3457 omni-

679 3463 783 3522 bus
819 3484 849 3523 a
899 3468 1037 3527 facie
1092 3474 1296 3532 inituici
1348 3479 1514 3536 turris
1558 3482 1909 3552 fortitudinis,
1947 3486 2083 3558 justi
2124 3493 2262 3550 adeo

681 3565 844 3613 tenax
874 3570 931 3615 ut
957 3577 1055 3618 nec
1081 3568 1355 3638 prosperis
1381 3587 1481 3627 nec
1510 3573 1755 3631 adversis
1778 3579 1968 3635 adduci
1993 3594 2179 3654 posset
2203 3596 2264 3644 ut

677 3650 747 3706 ab
785 3668 850 3708 eo
894 3655 1221 3718 deﬂecteret.
1275 3661 1559 3735 Nunquam
1610 3669 1679 3724 ab
1712 3686 1807 3726 ore
1849 3670 1966 3742 ejus
1993 3650 2264 3737 Christus
2318 3736 2321 3739 .

672 3744 870 3815 abfuit,
898 3765 1057 3820 quem
1085 3757 1249 3812 etiam
1280 3760 1463 3817 animo
1486 3766 1751 3834 perpetim
1782 3768 2047 3840 quidquid
2076 3786 2263 3845 ageret

675 3838 897 3898 afﬁxam
929 3847 1137 3904 habuit.
1162 3851 1446 3924 Nunquam
1469 3856 1553 3913 vel
1581 3857 1848 3927 lectionis,
1881 3838 1967 3919 vel
1995 3838 2260 3928 orationis

676 3936 858 3994 studio
885 3940 1235 4015 fatigabatur,
1258 3958 1537 4021 nunquam
1565 3952 1956 4014 misericordiae
1980 3959 2176 4017 officiis
2204 3973 2261 4020 et

677 4031 935 4101 operibus
1006 4039 1328 4107 satiabatur,
1385 4039 1605 4111 jejuniis
1678 4054 1733 4101 et
1798 4048 1996 4120 vigiliis
2043 4066 2260 4125 semper

673 4123 939 4184 addictus.
979 4128 1108 4200 Ejus
1146 4132 1287 4190 labia
1331 4150 1545 4207 semper
1569 4118 2255 4216 stillabant'dulcedine-m,

672 4216 929 4274 serebant
949 4236 1134 4291 pacem
1163 4234 1221 4280 et
1240 4225 1429 4284 salutis
1457 4231 1714 4297 remedia,
1739 4248 1955 4306 semper
1977 4235 2255 4297 Christum

673 4306 793 4375 ejus
835 4308 1048 4382 eloquia
1092 4317 1376 4374 sonabant.
1421 4319 1853 4381 Praecedeutium
1899 4326 2148 4396 Patrum,
2196 4339 2258 4387 ut

671 4396 941 4468 diximus,
982 4407 1227 4477 exempla
1279 4410 1641 4481 cupidissime
1669 4414 2003 4485 sectabatur,
2058 4436 2247 4477 eorum

1615 314 1676 378 s.
1713 317 2080 378 nannonUs
2117 306 2628 379 TRAJECTENSIS
2660 320 3060 387 EPISCOPUS.
3748 356 3802 415 δη

2288 3140 2336 3205 C
2367 3153 2638 3223 praedixit.
2672 3154 2810 3210 Vera
2852 3162 3034 3210 autem
3062 3155 3266 3213 dixisse
3293 3172 3442 3219 eum.
3487 3167 3583 3215 toto
3603 3158 3795 3220 urbem

2313 3841 2319 3849 ’
2361 3846 2506 3901 enim
2532 3855 2654 3918 post
2686 3864 2857 3905 annos
2884 3857 2997 3907 tres
3023 3858 3079 3906 et
3122 3866 3343 3909 menses
3378 3869 3471 3909 sex
3500 3852 3577 3907 hic
3604 3864 3630 3904 e
3659 3846 3730 3900 vita
3750 3840 3797 3895 ιδ·

2381 533 2519 590 Hinc
2540 536 2620 591 illi
2641 547 2782 608 peste
2796 539 3025 595 multati.
3037 573 3103 584 —
3121 544 3357 602 Visitans
3374 547 3633 622 aliquando
3648 533 3804 621 credin:

2378 627 2479 682 sibi
2511 643 2733 701 gregem
2757 631 2812 687 in
2843 631 3078 702 Frisiam
3108 635 3383 707 profectus
3415 652 3511 708 est,
3533 652 3602 711 ut,
3625 648 3661 703 si
3680 654 3804 720 quiilh

2375 717 2588 786 pristini
2643 722 2848 777 erroris
2893 736 3236 796 emergerent
3285 729 3520 799 frutices,
3568 751 3645 794 eos

2374 823 2595 866 vomere
2639 812 2969 885 exstirparet
3003 817 3355 892 doctrinaque
3413 823 3530 880 ﬁdei
3595 812 3805 895 cudentiu

2375 901 2587 959 animos
2635 903 2909 976 irrigaret.
2961 906 3271 966 Occurrunt
3328 921 3505 970 autem
3539 915 3649 975 Ι)πηί
3679 923 3805 999 ejuqu

2376 1004 2602 1052 conatus
2644 998 2961 1067 impediunt.
2993 1000 3101 1057 Sed
3149 1002 3237 1059 ille
3263 1014 3442 1063 tamen
3481 998 3806 1090 nihilnonnp.

2375 1088 2547 1146 riculo
2565 1090 2889 1148 absterritus
2909 1093 3175 1151 salutares
3185 1096 3267 1153 eis
3286 1098 3655 1161 adhortationes

2373 1189 2435 1236 ut
2501 1182 2797 1252 repudiatis
2868 1186 3147 1244 erroribus
3216 1190 3619 1260 complectantur
3664 1201 3806 1261 verine

2373 1270 2545 1327 viam.
2588 1273 2684 1341 At,
2731 1274 2841 1331 illis
2868 1275 3151 1334 obduratis
3184 1279 3383 1337 animis
3419 1281 3473 1339 in
3509 1283 3674 1342 malitia
3694 1294 3806 1361 penis.

2374 1364 2616 1422 tentibus
2642 1375 2986 1439 mortemque
3013 1369 3116 1439 ipsi
3161 1369 3551 1441 minitantibus,
3573 1379 3805 1441 ammenti

2374 1456 2430 1512 in
2475 1473 2571 1514 eos
2607 1459 2934 1515 sententiam
2969 1461 3224 1517 vibravit.
3266 1462 3407 1519 Tum
3436 1480 3556 1522 vero
3585 1469 3805 1532 divinabit

2373 1549 2659 1607 confestim
2700 1566 2795 1609 eos
2841 1562 3128 1623 persecuta
3172 1564 3275 1611 est.
3305 1557 3441 1614 Nam
3482 1568 3612 1630 peste
3646 1562 3804 1622 horrent

2376 1649 2631 1715 tanquam
2662 1642 2907 1702 fulminis
2939 1645 3048 1703 ictu
3076 1648 3320 1719 percussi
3345 1665 3527 1709 omnes
3548 1651 3803 1713 fereemint'

2374 1744 2523 1801 sunt,
2554 1750 2658 1792 nec
2678 1752 2924 1809 unquam
2960 1737 3185 1811 impune
3206 1740 3449 1799 tulerunt
3467 1745 3649 1816 quoties
3668 1745 3801 1817 Tnjed

2373 1827 2623 1885 molestia
2644 1843 2771 1886 eum
2809 1829 3062 1888 atl‘ecere.
3095 1831 3140 1888 E
3175 1833 3412 1907 vestigio
3446 1836 3576 1893 enim

2372 1920 2786 1990 plectebantur,
2829 1930 2892 1979 ut
2928 1937 3169 1995 persaepe
3208 1926 3393 1982 testati
3432 1937 3550 1984 sunt
3573 1944 3630 1985 es
3657 1929 3801 2002 illisi»

2374 2010 2581 2067 cissimi
2601 2012 2696 2084 qui
2726 2027 2786 2070 se
2814 2012 2969 2070 vivos
2992 2013 3238 2072 evasisse
3260 2015 3593 2073 lzetabantur.

2372 2245 2521 2306 gnat.
2551 2234 2775 2307 Tempus
2803 2237 2926 2291 item
2949 2238 3155 2321 mortis.
3181 2269 3252 2279 —
3280 2238 3385 2296 Per
3404 2241 3455 2297 id
3485 2251 3671 2312 tempus,
3688 2240 3800 2296 nus

2372 2339 2491 2392 cus,
2545 2325 2692 2398 (444)
2751 2328 3003 2400 egregius
3058 2329 3419 2399 adolescens,
3450 2331 3644 2387 Riclridi
3682 2334 3799 2388 comitis

2373 2415 2537 2483 ﬁlius,
2559 2417 2838 2480 interdum
2881 2419 2946 2474 ad
2985 2421 3203 2476 beatum
3250 2423 3432 2478 virum
3477 2423 3637 2480 venire
3669 2424 3794 2478 solebat.

2371 2506 2558 2578 Itaque
2609 2510 2932 2580 quandoque
2961 2522 3230 2583 przesente
3273 2514 3369 2569 illo
3397 2517 3590 2571 vocavit
3617 2516 3667 2571 ad
3687 2532 3723 2571 se
3743 2514 3797 2568 iiii-

2371 2616 2559 2669 gerum
2590 2602 2967 2674 presbyterum
3002 2613 3058 2660 et
3101 2605 3434 2663 Richardum
3464 2609 3676 2673 militem,
3703 2609 3796 2676 ait]!

2370 2694 2438 2749 ad
2474 2692 2594 2749 illos
2646 2695 2841 2765 spiritu
2870 2692 3233 2766 prophetico:
3271 2697 3585 2756 Adolescens
3616 2700 3691 2762 hic.
3713 2712 3795 2767 quea

2370 2786 2616 2850 cernitis,
2666 2787 2797 2841 mihi
2837 2787 2890 2852 in
2919 2788 3233 2858 episcopatu
3277 2791 3545 2858 succedet,
3578 2800 3624 2846 et
3659 2802 3795 2860 perun

2370 2877 2514 2932 Deus
2536 2878 2717 2933 sedem
2749 2878 2890 2933 hanc
2931 2874 3282 2947 instaurabit,
3316 2882 3558 2939 Ecclesia:
3580 2897 3650 2937 res
3672 2878 3795 2934 nlullan

2371 2968 2611 3039 augebit,
2640 2969 2915 3025 destructa
2945 2981 3000 3026 et
3025 2971 3207 3027 diruta
3235 2975 3523 3044 reparabit.
3551 2972 3797 3044 Neqncide

2371 3060 2474 3116 mel
2507 3071 2669 3132 atque
2734 3063 2954 3129 iterum,
2996 3063 3092 3118 sed
3140 3065 3338 3122 crebro
3372 3066 3439 3123 de
3476 3067 3559 3122 illo
3588 3064 3797 3121 adolescet!

2364 3257 2455 3299 res
2488 3242 2604 3315 ipsa
2629 3242 2945 3300 declaravit.

2437 3378 2522 3435 10.
2568 3378 2873 3453 Aliquando
2901 3384 3127 3443 missam
3157 3385 3356 3445 beatus
3382 3388 3464 3445 vir
3491 3387 3794 3447 celebratam

2362 3468 2654 3541 Apostolus
2697 3474 3043 3544 recitaretur,
3079 3479 3272 3536 accitis
3314 3481 3383 3537 ad
3417 3496 3478 3536 se
3504 3477 3662 3535 Eliolfo
3676 3473 3796 3531 clita-

2363 3563 2513 3636 guito
2558 3568 2889 3641 presbyteris
2938 3572 3169 3628 cmuobii
3221 3571 3606 3637 Embrieensis,
3654 3569 3705 3623 ita
3731 3563 3794 3617 ait:

2361 3659 2622 3730 Equidem
2645 3678 2753 3719 non
2800 3663 2891 3719 diu
2933 3667 3157 3736 posthac
3188 3668 3434 3724 victurus
3468 3683 3589 3723 sum.
3623 3664 3797 3733 Diligenltf

2359 3755 2781 3825 ergolionorem
2824 3757 3081 3814 habetote
3116 3758 3242 3816 huic
3272 3760 3457 3830 juveni
3500 3756 3709 3814 Baldrico.
3739 3748 3796 3819 Εεθ

2363 3937 2537 3993 iturus
2560 3953 2702 4006 sum,
2730 3948 2786 3995 et
2808 3940 2896 3995 hic
2916 3942 3034 3997 sine
3056 3942 3220 3999 dubio
3239 3944 3503 4000 obtinebit
3528 3941 3671 3996 sedem
3687 3944 3794 3989 mw

2359 4026 2439 4083 Illi
2466 4028 2551 4086 his
2579 4031 2777 4087 auditis
2805 4040 2954 4088 stant
2979 4035 3221 4103 attoniti,
3256 4053 3367 4093 non
3391 4034 3685 4094 mediocriter
3702 4023 3795 4082 εὐαί·
3840 4066 3841 4079 η

2326 4117 2331 4123 ’
2362 4130 2544 4178 rantes
2572 4125 2689 4192 ejus
2737 4125 3073 4183 vaticinium.
3126 4126 3247 4186 Non
3278 4130 3371 4185 diu
3399 4137 3513 4200 post
3537 4127 3650 4182 idem
3675 4112 3795 4190 Ῑαταιίί
3840 4190 3841 4193 η

2359 4227 2426 4271 eo
2457 4222 2698 4284 tempore
2739 4231 2848 4286 quo
2884 4217 3061 4274 solent
3086 4210 3326 4276 conferri
3366 4220 3501 4277 sacri
3533 4216 3702 4273 ordines
3726 4209 3795 4262 dull
3840 4220 3841 4223 ‘

2359 4319 2471 4360 suae
2521 4304 2745 4363 ditionis
2783 4308 3033 4377 clericos,
3078 4310 3394 4368 Beunonem
3441 4321 3492 4367 et
3521 4294 3793 4397 Saxonum"ti

2357 4397 2535 4454 virum
2566 4397 2660 4454 Dei
2684 4399 2936 4467 adducit,
2977 4416 3141 4458 orans
3167 4411 3227 4457 ut
3262 4418 3449 4460 sacros
3475 4395 3794 4459 ordinesabﬁas
3840 4442 3841 4461 ς

667 4494 987 4550 memoriam
1011 4538 1025 4561 ,
1084 4498 1330 4571 legendo,
1356 4505 1623 4562 audiendo
1647 4548 1661 4573 ,
1718 4509 2077 4583 colloquendo
2100 4555 2116 4579 ,
2167 4514 2251 4570 vel

2328 4491 2607 4551 .manibus
2636 4493 2920 4565 accipiant.
2954 4495 3053 4551 Cui
3085 4496 3167 4551 vir
3204 4507 3443 4564 sanctus,
3469 4505 3523 4551 ut
3559 4487 3794 4583 semper“
3840 4550 3841 4553 η

632 4624 637 4627 .
668 4582 944 4654 quidpiam
982 4588 1049 4643 de
1086 4590 1166 4644 eis
1191 4598 1585 4665 componendo,
1630 4603 1936 4660 incredibili
1986 4607 2246 4667 aviditate

670 4676 986 4745 usurpabat.
1013 4680 1253 4741 Texebat
1276 4686 1343 4742 de
1368 4686 1474 4742 illis
1503 4690 1731 4761 hymnos
1769 4702 1825 4750 et
1855 4698 2100 4754 encomia
2127 4716 2247 4771 quae

661 4764 723 4823 in
747 4782 935 4825 eorum
964 4772 1397 4833 solemnitatibus
1423 4779 1890 4851 depromerentur.
1916 4786 2002 4853 Et,
2032 4764 2247 4862 nequis

665 4868 823 4931 putet
869 4879 968 4920 nos
1019 4881 1049 4921 a
1094 4883 1223 4925 vero
1267 4870 1443 4928 aliena
1489 4874 1691 4944 dicere,
1747 4888 1928 4936 exstat
1972 4882 2244 4955 integrum

666 4950 812 5007 beati
854 4954 1067 5013 Martini
1097 4959 1334 5018 officium
1387 4965 1455 5021 ab
1502 4966 1618 5035 ipso
1665 4972 2045 5042 compositum.
2089 4950 2243 5033 illum

667 5042 813 5098 enim
842 5059 955 5116 prae
987 5051 1199 5109 etetcris
1238 5055 1528 5125 specialem
1576 5060 1677 5114 sibi
1708 5072 1995 5131 patronum
2034 5067 2245 5139 delege-

665 5143 771 5201 rat,
811 5138 945 5194 nihil
986 5141 1240 5201 dubitans
1277 5145 1394 5215 ejus
1424 5164 1483 5204 sc
1510 5153 1826 5220 patrociniis
1867 5156 2108 5226 adjutum
2150 5138 2239 5216 iri.

664 5225 836 5285 Nullis
863 5247 1098 5303 unquam
1142 5235 1493 5309 frangebatur
1534 5243 1776 5302 adversis
1804 5225 2040 5315 casibus,
2082 5251 2243 5307 nullis

664 5318 1070 5383 circumventus
1127 5340 1209 5385 est
1270 5332 1532 5403 rugientis
1588 5337 1760 5394 hostis
1824 5340 2079 5408 insidiis,
2139 5360 2241 5399 un-

665 5411 828 5483 dique
856 5416 1163 5477 lirmissimo
1194 5422 1287 5480 Dei
1320 5427 1568 5496 praesidio
1600 5434 1986 5500 communitus,
2012 5450 2118 5490 non
2146 5452 2242 5491 cu-

659 5499 913 5577 jusquam
962 5512 1179 5569 hostilia
1253 5534 1445 5587 arma,
1503 5537 1608 5577 non
1675 5538 2024 5593 quoscnnoue
2079 5543 2242 5585 casus

667 5608 890 5668 asperos
915 5603 1325 5667 reformidabat.

2309 4654 2312 4658 Α
2345 4588 2586 4660 jucunde
2620 4603 2737 4654 ore,
2787 4587 3109 4645 subridens:
3162 4588 3319 4654 Noli,
3350 4591 3535 4661 inquit,
3572 4584 3644 4646 ﬁli.
3681 4580 3792 4635 fmsm

2355 4697 2441 4738 me
2491 4682 2559 4737 ad
2589 4681 2728 4737 hanc
2779 4697 2892 4737 rem
2937 4682 3189 4737 invitare.
3224 4681 3399 4739 Tuum
3440 4690 3521 4738 est
3555 4678 3599 4735 id
3638 4670 3792 4769 quod“?

2353 4790 2513 4846 rogas
2550 4783 2828 4846 praestare,
2875 4789 2981 4829 non
3014 4774 3157 4830 enim
3194 4776 3349 4840 meis,
3389 4772 3482 4832 sed
3523 4770 3612 4827 tuis
3640 4757 3791 4820 una!!!us

2353 4868 2441 4924 isti
2465 4868 2884 4936 ordinabuntur,
2919 4869 3081 4940 idque
3110 4879 3230 4940 post
3254 4885 3424 4925 annos
3452 4867 3572 4951 duos
3602 4868 3645 4917 et

2353 4977 2465 5019 sex.
2497 4962 2565 5017 At
2590 4961 2874 5019 Baldricus
2905 4938 3142 5034 juvenis,
3175 4963 3358 5018 animo
3383 4938 3789 5017 comici-natus,”

2351 5056 2429 5110 dit
2469 5055 2759 5127 lacrymas,
2793 5054 2973 5111 omnia
3024 5055 3109 5111 vel
3137 5064 3248 5111 tuta
3289 5056 3513 5117 timens,
3552 5035 3785 5104 noema”

2350 5146 2469 5203 fore
2499 5149 2641 5215 quod
2674 5149 2757 5203 vir
2779 5157 3000 5204 sanctus
3030 5147 3229 5203 aiebat.
3259 5144 3493 5202 Cernens
3512 5130 3784 5267 autemle
3840 5194 3841 5201 η

2351 5241 2631 5267 Munna-.."
2667 5255 2771 5267 ...με
2825 5239 3173 5267 ..αηιιζηιηιζιηη
3199 5253 3317 5267 ,ιη-ν...
3351 5236 3643 5267 Aha—unm",

2348 5241 2634 5310 episcopus
2667 5255 2773 5295 non
2823 5239 3173 5295 mediocriter
3197 5253 3319 5294 eum
3349 5227 3646 5292 discrueiari,

2350 5331 2620 5386 consolari
2643 5347 2765 5387 eum
2796 5331 2981 5400 carpit.
3034 5330 3113 5386 Ne
3144 5330 3357 5395 timeas,
3407 5324 3579 5395 inquit,
3610 5310 3777 5400 ΒιΜυξτο

2346 5440 2447 5480 nec
2468 5425 2679 5480 animus
2704 5438 3000 5496 generosus
3029 5421 3239 5494 ignavia
3269 5421 3549 5489 frangatur.
3573 5410 3654 5465 Res

2345 5520 2458 5583 site,
2486 5533 2604 5588 quae
2635 5489 2776 5571 ttnnc
2803 5532 3006 5588 pauper
3028 5525 3081 5571 et
3108 5515 3262 5585 inops
3284 5512 3513 5573 habetur,
3534 5515 3612 5574 per
3634 5489 3773 5588 ledth

2298 5606 2441 5671 3-Dei
2494 5613 2792 5669 innumeris
2822 5610 3258 5682 locupletabitur,
3299 5615 3355 5662 et
3392 5613 3555 5660 rerum
3590 5592 3768 5647 hac“?

727 5711 876 5798 (Mt)
907 5715 1134 5777 Bilitil‘iCi
1162 5740 1247 5780 res
1285 5735 1465 5810 gestas
1524 5728 1639 5786 fuse
1678 5730 1920 5789 referunt
1951 5732 2063 5806 jam
2094 5735 2527 5810 smpiuslaudati
2576 5732 2716 5788 Belia
2768 5743 2823 5789 et
2866 5731 3052 5803 llelda,
3104 5732 3258 5803 eique
3295 5736 3489 5800 patrem
3536 5704 3766 5773 Bitiam:

661 5782 768 5843 Clit
786 5805 964 5847 {noctu
995 5806 1267 5865 comitem,
1285 5782 1594 5873 assignant.
