3920 6410
380 312 436 338 se."
587 303 712 355 ην*
731 295 774 314 “”’
810 303 816 308 “

21 361 108 416 ιξί

1441 361 1622 418 V'lTA.

1737 280 1750 288 ιι
1771 285 1774 288 .
1799 274 1838 288 lﬁ'

3165 368 3269 428 546

14 478 260 548 pinam
289 475 602 532 mutabitur.
655 473 737 530 Tu
787 473 931 530 aedes
977 473 1210 545 episcopi
1255 472 1367 542 jam
1414 472 1597 528 multis
1624 477 1674 536 Α
1701 486 1801 528 nec
1833 483 2007 531 tamen
2041 477 2130 532 diu
2185 487 2367 548 postea
2415 479 2468 533 in
2514 493 2674 533 carne
2703 479 3004 534 victurum:
3045 496 3272 536 securos.

15 571 180 624 nnis
215 567 446 638 Traiecti
475 568 746 622 Danorum
773 566 1077 620 vastatione
1100 579 1319 620 eversas
1361 564 1600 634 pristiam

19 659 286 730 ignitati
317 658 596 714 restitues.
646 655 771 712 Hrec
799 655 1012 726 aliaque
1043 655 1098 710 id
1133 671 1302 725 genus
1328 654 1482 723 plura
1517 655 1601 708 vir

13 761 259 809 auctus
283 759 544 808 eventum
585 748 836 828 praedixit
859 763 980 818 qua:
1013 763 1122 802 non
1151 761 1306 802 secus
1338 755 1500 817 atque
1533 744 1602 800 ab

14 843 90 899 ilo
121 845 294 900 dicta
316 853 465 910 sunt,
492 851 551 898 ut
563 842 678 914 jam
708 841 778 897 ab
801 841 1051 897 omnibus
1071 840 1222 896 cerni
1245 840 1393 905 licet,
1414 847 1602 908 postea

14 933 302 1003 ompleta
337 941 488 994 sunt.
523 933 600 987 ita
623 939 685 986 ut
708 931 889 986 verbis
919 929 1122 986 frustra
1150 929 1310 984 fidem
1331 929 1398 984 iis
1423 927 1602 1000 facere

17 1025 312 1082 ideamur
355 1040 479 1099 quas
536 1024 650 1082 suis
699 1039 928 1096 quisque
971 1023 1140 1080 oculis
1188 1038 1313 1078 vera
1371 1024 1602 1094 probare

13 1125 202 1172 ιοιεεῑ
211 1157 227 1172 ο

63 1209 178 1263 ii.
215 1207 514 1280 Episcopus
551 1225 586 1264 α
623 1206 966 1264 swcularibus
1011 1205 1208 1278 ofﬁciis
1254 1206 1456 1261 alienus
1489 1222 1599 1260 esse

14 1297 188 1353 Fe‘bet.
221 1327 298 1340 —
321 1297 566 1368 Cumque
609 1314 642 1354 a
676 1312 800 1368 rege
827 1297 1150 1353 invitaretur
1188 1306 1250 1352 ut
1299 1296 1501 1366 aliquid
1551 1295 1599 1352 ei

13 1397 312 1446 inustaret
360 1389 572 1457 officii,
647 1390 876 1446 comiter
941 1391 1268 1462 respondere
1353 1388 1596 1444 solebat:

21 1491 235 1537 ustum
267 1489 356 1539 est
391 1481 802 1538 sublimioribus
827 1481 1049 1538 obedire
1073 1481 1428 1552 potestatibus
1448 1519 1464 1547 ,
1503 1478 1599 1535 sed

13 1573 398 1644 'piscoporum
419 1589 526 1629 non
548 1587 670 1629 esse
689 1572 1036 1630 saecularibus
1056 1573 1318 1643 implicari
1341 1571 1596 1644 negotiis,

13 1681 48 1718 n
83 1681 340 1736 quorum
362 1665 558 1722 castris
586 1665 787 1721 milites
820 1665 1024 1721 Christi
1057 1665 1316 1728 militant,
1345 1665 1594 1734 quisnam

13 1757 242 1825 imbigit
263 1757 290 1812 ἲ
315 1757 522 1813 Debent
551 1757 626 1813 illi
666 1757 981 1828 spiritaliter
1025 1758 1198 1812 induti
1229 1757 1398 1812 armis
1422 1757 1596 1812 eccle-

1703 573 1820 620 esto
1845 566 1920 620 tui
1949 584 1962 620 :
1988 567 2209 638 vigilare
2241 577 2296 624 et
2322 569 2534 639 Operari
2565 585 2630 624 ne
2673 585 2870 634 cesses,
2903 570 2994 624 sed
3023 587 3181 642 perge
3209 579 3266 626 ut

1702 658 1935 727 coepisti.
1967 658 2077 714 Sub
2106 661 2190 714 his
2223 661 2402 716 verbis
2435 671 2650 732 repente
2695 661 2945 731 Splendor
2972 661 3057 716 ille
3093 663 3268 731 dispa-

1701 749 1831 815 ruit,
1881 749 1976 806 sed
2021 752 2319 820 permansit
2370 753 2456 806 diu
2481 753 2615 808 odor
2641 753 3000 824 gratissimus,
3048 754 3286 808 morbus-

1701 839 1879 896 omnis
1931 841 2092 910 plane
2133 841 2344 897 ablatus
2371 851 2470 896 est.
2513 841 2636 897 "32c
2670 857 2792 896 cum
2831 841 2918 898 ille
2967 843 3103 897 clam
3141 843 3264 911 qui-

1701 931 1926 988 busdam
1959 949 1989 988 e
2013 934 2125 988 suis
2172 935 2522 1004 exposuisset,
2565 935 2760 1006 (neque
2787 935 2929 990 enim
2970 950 3028 990 se
3051 935 3264 992 vivente

1700 1025 1869 1079 voluit
1899 1027 2148 1096 cuiquam
2173 1041 2234 1080 ea
2259 1028 2617 1092 innotescere)
2646 1026 2803 1080 simul
2825 1028 2986 1082 etiam
3015 1027 3262 1094 formam,

1701 1112 1966 1180 habitum,
2011 1125 2258 1171 ornatum
2300 1118 2651 1172 sanctissima:
2681 1117 2870 1172 matris
2901 1120 2992 1173 Dei
3045 1119 3148 1173 illis
3176 1135 3268 1174 ex-

1701 1204 1936 1274 plicavit,
1966 1206 2166 1260 addens
2211 1206 2662 1277 pulchritudinem
2691 1208 2806 1278 ejus
2846 1209 3110 1262 neminem
3137 1209 3266 1265 satis

1701 1307 1858 1364 posse
1907 1293 2197 1362 admirari;
2252 1305 2466 1351 sanctas
2497 1305 2676 1352 autem
2713 1297 2950 1368 virgines
2973 1297 3186 1354 Teclam
3211 1307 3267 1354 et

1700 1383 1910 1454 Agnem
1957 1393 2064 1438 tam
2109 1401 2178 1441 ex
2201 1387 2346 1442 vultu
2371 1403 2534 1460 quam
2571 1388 2765 1445 vestitu
2793 1388 3029 1459 petuisse
3082 1389 3266 1459 digno-

1701 1478 1802 1532 sci.

1774 1571 1860 1627 14.
1893 1570 2061 1628 Fcbre
2085 1584 2370 1645 correptus,
2419 1577 2644 1632 orationi
2688 1575 3036 1631 indesinenter
3063 1575 3264 1628 incum-

1701 1662 1792 1718 bit.
1827 1662 2057 1718 Moritur
2077 1676 2122 1720 et
2153 1665 2451 1721 Dauentriaz
2476 1667 2740 1738 sepelitur.
2769 1696 2840 1708 -—
2865 1665 3032 1720 Porro
3062 1666 3266 1720 exactis

1700 1754 1919 1810 triennii
1941 1764 1994 1810 et
2023 1771 2114 1808 sex
2149 1758 2410 1812 mensium
2440 1757 2646 1827 spatiis,
2676 1757 2740 1812 de
2768 1756 2960 1826 quibus
2993 1769 3150 1824 supra
3180 1752 3267 1808 di-
3297 1811 3300 1814 .

14 1823 258 1904 .iastieis
296 1865 394 1920 pro
429 1848 570 1921 regis
608 1859 662 1904 et
695 1823 876 1919 populi
907 1849 1099 1911 salute,
1140 1864 1272 1918 pace
1307 1857 1362 1903 et
1395 1849 1596 1904 stabili-
1625 1823 1668 1885 Β
1698 1855 1842 1901 ctum
1869 1855 1970 1912 est,
1997 1847 2050 1902 in
2071 1863 2209 1920 pago
2227 1848 2423 1904 Trente
2450 1823 2596 1920 (“5)
2618 1848 2767 1904 febre
2785 1823 3087 1916 correptus,
3115 1847 3266 1902 ocius

19 1951 116 1995 ate
147 1955 286 1996 eum
313 1942 427 1998 suis
451 1940 734 1996 Dominqu
765 1941 1069 2012 deprecari,
1108 1941 1380 1998 continuis
1417 1943 1594 2010 preci-

14 2047 102 2086 )us
137 2031 458 2088 animarum
485 2031 636 2088 lucra
677 2047 955 2102 quaerere,
1001 2048 1107 2088 non
1135 2033 1332 2088 sectari
1359 2042 1591 2089 terrena.

13 2123 213 2181 ililites
237 2121 444 2180 militiae
467 2125 625 2196 regia:
648 2125 862 2198 cingulo
879 2127 1197 2197 praecinctos
1213 2125 1596 2198 beneficiisque

14 2213 330 2269 :umulatos
361 2214 414 2270 id
457 2224 716 2286 praestare
741 2231 842 2286 par
880 2226 984 2272 est.
1013 2218 1188 2288 Atque
1234 2219 1310 2272 ita
1351 2220 1594 2290 inspecta

13 2307 126 2374 lege
151 2305 420 2377 perfecta:
445 2306 737 2370 libertatis,
771 2323 870 2364 nec
898 2308 1174 2364 blanditiis
1201 2309 1460 2365 dimoveri
1491 2325 1592 2380 po-

13 2395 108 2448 tuit
135 2411 170 2449 a
205 2397 499 2463 sententia,
531 2411 632 2453 nec
663 2397 825 2454 minis
850 2397 970 2454 ullis
994 2399 1038 2454 si
1067 2415 1184 2470 quae
1207 2411 1389 2455 essent
1413 2400 1594 2456 inten-

13 2491 158 2550 tatae,
193 2485 304 2540 soli
333 2485 443 2542 Deo
471 2485 687 2558 placere
723 2487 930 2544 malens
957 2504 1117 2560 quam
1149 2489 1480 2546 hominibus.

77 2575 172 2630 1%.
205 2577 295 2630 Ad
324 2589 540 2634 mortem
567 2595 621 2634 ce
643 2590 927 2652 prwparat.
961 2583 1094 2637 Cum
1123 2581 1202 2638 sic
1223 2591 1402 2638 autem
1433 2581 1594 2656 longe

13 2677 136 2724 ante
169 2671 460 2738 praesciret
484 2672 690 2727 obitum
721 2688 900 2739 suum,
941 2674 1193 2730 dubitare
1229 2691 1388 2732 nemo
1413 2684 1594 2744 potest

13 2760 138 2828 quin
201 2761 418 2815 ardenti
461 2760 678 2818 lucerna
732 2764 1117 2834 prmparaverit
1171 2781 1232 2821 se
1280 2765 1512 2822 Domino
1559 2781 1593 2821 a

13 2850 222 2922 nuptiis
267 2853 532 2908 redeunti.
581 2852 834 2925 Vigilavit
863 2855 1020 2926 plane
1061 2863 1121 2910 ut
1145 2855 1430 2912 confestim
1466 2871 1593 2928 ape-

14 2944 148 2998 riret
191 2943 457 3014 pulsanti,
488 2945 760 3017 tritieique
793 2961 1102 3006 mensuram
1143 2947 1356 3003 Domini
1391 2949 1473 3004 sui
1509 2947 1597 3004 fa-

15 3035 176 3089 milite
255 3043 402 3091 tanto
471 3036 782 3109 diligentius
829 3039 1074 3112 erogavit
1132 3051 1337 3111 quanto
1391 3041 1594 3096 certius

15 3135 251 3181 noverat
288 3142 348 3183 se
371 3128 522 3183 brevi
557 3129 820 3184 rationem
852 3129 930 3184 illi
963 3131 1316 3187 redditurum.
1345 3133 1458 3188 Nec
1483 3131 1594 3188 for-

15 3219 266 3274 midabat
294 3228 546 3286 mortem,
575 3221 662 3276 cui
684 3221 820 3276 mori
841 3220 1050 3278 lucrum
1071 3231 1126 3278 et
1144 3223 1325 3280 vivere
1343 3223 1593 3281 Christus

17 3317 150 3362 erat.
187 3307 276 3363 Ad
322 3309 472 3378 pacis
495 3348 511 3377 ,
539 3310 846 3366 concordia:
871 3312 1263 3384 ebaritatisque
1311 3315 1547 3371 studium
1572 3355 1591 3383 ,

19 3401 88 3456 ita
137 3411 204 3456 ut
245 3402 436 3459 solitus
461 3413 612 3470 erat,
653 3404 977 3462 hortabatur
1001 3421 1154 3474 suos,
1175 3423 1234 3462 se
1266 3407 1436 3477 ipsum
1464 3423 1594 3463 vero

21 3505 322 3562 pauperem
353 3493 546 3564 spiritu
571 3533 587 3560 ,
619 3495 832 3550 meritis
865 3495 1112 3562 divitem,
1145 3511 1176 3550 a
1204 3497 1432 3552 terrenis
1465 3497 1595 3552 alie-

22 3599 164 3649 num,
199 3582 514 3640 cmlestibus
541 3583 886 3652 familiarem,
911 3597 1176 3655 quantum
1207 3588 1444 3642 humana
1467 3587 1596 3643 sinit

23 3675 391 3744 imbecillitas,
423 3677 642 3734 efficere
664 3678 1063 3734 connitebatur.
1087 3677 1332 3751 Jejuniis,
1357 3679 1618 3750 psalmo-.

25 3782 136 3822 rmn
185 3768 420 3834 deliciis,
473 3769 696 3840 vigiliis,
745 3769 1124 3842 eleemosynis,
1185 3787 1376 3842 magna
1423 3771 1594 3828 animi

27 3859 372 3915 contentione
407 3867 636 3915 mortem
665 3874 820 3916 suam
849 3861 1187 3915 communire
1207 3862 1444 3917 curavit.

91 3952 178 4004 l5.
223 3949 398 4006 Beata:
451 3950 678 4022 Virginis
709 3968 770 4006 ac
800 3953 1062 4006 sociarum
1091 3954 1282 4007 uisione
1311 3962 1595 4011 recreatur.

25 4071 91 4082 —
117 4040 242 4098 Non
266 4051 349 4098 est
375 4041 462 4096 hic
483 4041 853 4113 praetereunda
883 4041 1128 4098 sublimis
1153 4043 1242 4096 illa
1278 4043 1412 4098 visio
1432 4058 1596 4114 quam

31 4137 134 4205 ipse
167 4136 278 4192 sibi
305 4136 564 4208 obtigisse
591 4135 910 4206 quibusdam
947 4153 977 4193 e
1005 4136 1118 4193 suis
1146 4135 1422 4191 indicavit.
1462 4136 1594 4192 Cum

29 4226 317 4296 aliquando
351 4228 584 4298 graviter
629 4227 978 4284 decumberet
1022 4229 1096 4283 ita
1122 4237 1180 4282 ut
1211 4226 1420 4282 vivendi
1447 4242 1598 4297 spem

31 4333 240 4374 onmem
265 4316 542 4388 abjiceret,
563 4319 871 4375 beatissima
898 4320 990 4376 Dei
1021 4320 1254 4390 genitrix
1281 4335 1598 4390 semperque

33 4413 172 4484 virgo
199 4411 390 4478 Maria,
413 4413 862 4484 subsequentibus
882 4413 1052 4483 ipsam
1075 4413 1279 4469 sanctis
1303 4411 1598 4484 virginibus

1688 1939 1840 2009 jubet
1884 1955 2011 1994 suos
2045 1941 2170 1996 inde
2220 1955 2402 1997 secum
2439 1941 2728 2011 proficisci,
2778 1956 2844 1996 ne
2891 1939 3040 1996 febre
3065 1940 3268 2000 invale-

1695 2040 1880 2087 scente
1908 2045 2126 2087 manere
2171 2029 2280 2086 illic
2307 2039 2611 2103 cogeretur.
2645 2027 2831 2086 Hieme
2861 2031 3004 2085 enim
3054 2046 3158 2086 non
3191 2031 3265 2086 fa-

1693 2121 1794 2176 cile
1849 2136 1915 2175 ex
1961 2137 2027 2176 eo
2071 2137 2207 2192 pago
2249 2130 2426 2193 potest
2474 2123 2738 2192 quispiam
2767 2111 2934 2177 exire.
2985 2121 3100 2192 Ipse
3139 2137 3268 2177 vero

1693 2213 1900 2268 sciebat
1920 2213 2107 2268 adesse
2127 2213 2240 2284 jam
2269 2222 2478 2283 tempus
2502 2215 2838 2284 migrationis
2865 2229 2994 2270 suae.
3025 2215 3140 2270 Etsi
3167 2230 3266 2270 au-

1694 2311 1801 2356 tem
1825 2302 2014 2356 morbo
2027 2302 2144 2371 ejus
2155 2315 2344 2356 omnes
2355 2301 2739 2374 afﬂigerentur,
2757 2311 2934 2357 tamen
2963 2319 3165 2358 morem
3191 2303 3262 2356 illi

1694 2399 1942 2462 gerentes
1965 2400 2246 2462 coeperunt
2269 2393 2372 2448 iter
2391 2393 2592 2448 habere
2611 2394 2679 2448 ad
2699 2393 3068 2450 (Etamarsem
3094 2393 3263 2465 (446),

1693 2481 1804 2549 ubi,
1846 2483 1891 2537 si
1939 2484 2020 2537 sui
2059 2483 2453 2554 permitterent,
2489 2484 2774 2555 sepulturae,
2814 2485 2988 2539 locum
3031 2485 3133 2540 sibi
3178 2485 3266 2540 ille

1692 2574 1984 2648 delegerat.
2037 2573 2270 2632 Parvum
2322 2585 2449 2631 tunc
2499 2575 2607 2630 illic
2655 2577 2952 2630 oratorium
2995 2585 3134 2641 erat,
3175 2575 3267 2630 ubi

1693 2683 1834 2745 saepe
1871 2667 1961 2723 ille
2009 2681 2226 2723 manere
2276 2665 2504 2732 solebat,
2534 2666 2674 2738 quod
2705 2681 2918 2723 δωσέυο
2955 2667 3068 2724 loco
3098 2667 3261 2722 situm

1690 2768 1858 2815 esset.
1885 2759 1981 2815 ille
2023 2773 2152 2830 ergo
2197 2765 2450 2828 pr0'voto
2478 2758 2638 2814 rebus
2663 2761 2775 2814 suis
2799 2759 3124 2822 constitutis,
3159 2773 3264 2812 non

1691 2852 1788 2907 Dei
1843 2835 2102 2906 famulatu
2144 2849 2410 2916 defessus,
2457 2865 2562 2906 non
2596 2850 2768 2906 morbi
2817 2850 2868 2904 vi
2903 2849 3126 2916 fractus,
3169 2847 3261 2904 sed

1691 2943 1842 2998 vultu
1895 2942 2114 3008 hilaris,
2155 2950 2382 2998 mortem
2433 2941 2566 2996 nihil
2613 2949 2902 3008 metuens,
2952 2941 3146 3012 quippe
3197 2939 3267 2996 ad

1693 3033 1896 3090 Christi
1912 3033 2218 3090 convivium
2239 3033 2522 3098 invitatus,
2537 3047 2768 3105 corpore
2785 3031 2898 3102 jam
2919 3039 3266 3102 praemortuo,

1697 3128 1888 3198 spiritu
1915 3127 2088 3198 magis
2115 3127 2392 3199 magisque
2447 3125 2834 3182 vivificahatur.
2873 3123 2982 3182 Nec
3026 3126 3269 3196 quiesce-

1695 3217 1826 3273 bant
1869 3217 2008 3274 labia
2042 3234 2164 3274 cum
2193 3227 2466 3274 extremas
2508 3219 2726 3274 duceret
2756 3219 2937 3286 horas,
2969 3220 3268 3290 mirumque

1694 3312 1750 3366 in
1779 3313 1996 3368 modum
2025 3312 2100 3367 ita
2121 3312 2358 3382 psalmos
2384 3312 2734 3382 depromebat
2755 3319 2813 3366 ut
2842 3312 2908 3367 iis
2929 3311 3020 3381 qui
3049 3311 3270 3366 aderant

1694 3405 2054 3476 laerymarum
2093 3403 2298 3460 imbres
2337 3407 2681 3476 exprimeret.
2719 3403 2990 3474 Planeque
3017 3405 3268 3476 gaudenti

1695 3499 1907 3564 similis,
1937 3499 2114 3569 quoad
2133 3498 2314 3569 lingua
2339 3498 2542 3554 moveri
2564 3497 2738 3568 potuit
2759 3507 2812 3553 et
2834 3497 3032 3553 halitus
3053 3498 3270 3554 relictus

1694 3599 1836 3656 erat,
1857 3591 2000 3646 inter
2025 3590 2260 3661 psalmos
2287 3589 2580 3646 identidem
2611 3590 2894 3660 repetebat
2922 3589 3269 3660 antiphonam

1693 3679 1863 3746 illam,
1890 3677 2026 3736 Ecce
2046 3679 2176 3746 freti,
2211 3688 2342 3746 etc.,
2371 3694 2492 3750 qua:
2521 3686 2606 3734 est
2627 3679 2800 3749 prima
2831 3679 2887 3734 in
2917 3678 3058 3734 beati
3089 3678 3268 3732 Marti-

1693 3771 1752 3828 ni
1777 3771 2151 3828 confessorum
2182 3771 2441 3842 principis
2467 3771 2535 3826 ab
2571 3772 2687 3843 ipso
2717 3771 3030 3844 compositis
3049 3787 3272 3843 respon-

1695 3865 1874 3920 soriis.
1929 3863 2041 3919 Nec
2088 3863 2308 3919 dubium
2337 3871 2452 3920 erat
2479 3864 2695 3920 interim
2725 3863 2978 3919 vallatum
3017 3865 3269 3920 beatissi-

1695 3957 1800 4011 mis
1823 3955 2078 4026 angelicis
2099 3954 2374 4027 spiritibus
2402 3955 2538 4010 nihil
2568 3959 2909 4014 tenebrarum
2929 3957 3271 4028 pertimuisse

1695 4055 1959 4102 monstra.
1994 4044 2097 4100 Sed
2127 4060 2302 4116 neque
2329 4047 2602 4102 credimus
2630 4048 2782 4118 longe
2807 4048 3043 4103 abfuisse
3083 4047 3266 4100 Marti-

1695 4154 1848 4205 num,
1875 4137 2133 4192 eximium
2175 4139 2482 4208 praesulem,
2525 4139 2812 4207 specialem
2843 4148 3129 4208 patronum
3151 4140 3266 4208 ejus

1696 4243 1854 4298 quem
1879 4228 2038 4284 teties
2061 4243 2260 4283 canora
2284 4243 2414 4284 voce
2432 4230 2668 4284 salutare
2691 4231 2988 4286 videbatur.
3010 4230 3266 4297 Tandem,

1697 4331 1882 4372 mense
1911 4316 2200 4372 Novembri
2228 4318 2294 4372 ad
2340 4327 2582 4374 extrema
2611 4321 2881 4384 tendente,
2913 4321 3028 4392 ipse
3058 4338 3272 4394 quoque

1698 4408 1841 4464 diem
1879 4409 2074 4464 clausit
2117 4420 2444 4476 extremum,
2475 4410 2783 4468 felicissime
2813 4413 3050 4484 migrans
3073 4418 3138 4468 ad
3167 4417 3271 4472 Do-

35 4507 182 4562 chla
221 4515 278 4561 et
331 4507 500 4576 Agne,
527 4521 648 4562 cum
680 4505 848 4560 multa
878 4505 998 4561 luce
1047 4507 1099 4562 ei
1141 4507 1394 4576 apparuit
1426 4513 1594 4560 totum
1623 4537 1674 4598 ο
1701 4500 1929 4554 mittunt.
1969 4500 2226 4556 Sanctum
2253 4511 2430 4556 autem
2457 4517 2654 4572 corpus
2679 4519 2804 4560 mox
2829 4503 3030 4562 feretro
3055 4507 3272 4576 imposi-

35 4597 390 4652 lialiitaculum
419 4595 699 4667 splendore
727 4593 1074 4666 perfundens.
1109 4596 1180 4650 At
1217 4595 1304 4650 ille
1341 4603 1488 4650 tanta
1519 4595 1601 4648 vi-

37 4693 176 4745 sione
231 4688 386 4744 valde
435 4688 758 4758 perterritus
785 4687 928 4757 loqui
981 4703 1090 4758 pra:
1114 4689 1306 4742 timore
1343 4685 1474 4742 nihil
1503 4700 1599 4756 po-

39 4781 149 4844 tttit,
197 4789 254 4834 et
311 4779 692 4850 propemodum
745 4780 1082 4834 exal‘iimatus
1135 4787 1237 4833 est.
1296 4776 1430 4832 Tum
1469 4792 1599 4834 vero

39 4871 188 4926 Porta
217 4869 430 4936 salutis,
462 4870 689 4926 Domina
719 4871 932 4936 mundi,
965 4870 1344 4926 consolationis
1377 4869 1600 4924 medici-

41 4979 152 5020 nam
177 4964 228 5019 ei
250 4963 532 5029 adhibens,
552 4978 876 5032 omnemque
898 4978 1006 5018 non
1028 4963 1185 5017 modo
1211 4963 1482 5038 timorem,
1505 4961 1602 5018 sed

43 5057 192 5108 etiam
223 5054 532 5123 languorem
555 5053 828 5123 depellens
853 5073 865 5108 :
894 5052 969 5108 Ne
998 5054 1212 5120 timeas,
1241 5053 1428 5122 inquit,
1459 5049 1605 5107 Rad-

45 5148 190 5210 bode.
219 5155 402 5202 certus
426 5163 552 5211 eam.
569 5156 620 5202 te
651 5148 868 5213 intueri,
895 5147 982 5202 cui
1009 5150 1198 5212 crebro
1229 5148 1496 5218 supplices
1522 5147 1603 5202 of-

45 5235 144 5294 fers
185 5253 396 5308 preces.
445 5236 560 5294 Non
616 5253 742 5308 ergo
794 5247 846 5292 te
875 5253 992 5293 mea
1039 5238 1297 5309 dedignor
1335 5237 1605 5294 consolari

47 5329 324 5400 praesentia
349 5330 439 5401 qui
467 5331 520 5384 in
543 5329 647 5385 tuis
686 5330 754 5384 ad
791 5329 960 5384 Deum
987 5328 1236 5400 precibus
1257 5329 1362 5384 mei
1391 5343 1606 5400 semper

48 5422 356 5479 memoriam
413 5434 658 5492 usurpas.
717 5419 940 5476 Noveris
997 5429 1173 5476 autem
1213 5420 1348 5476 nihil
1395 5436 1462 5478 ex
1502 5421 1606 5480 hoc

50 5513 230 5568 morbo
275 5509 368 5568 tibi
413 5511 694 5567 imminere
745 5509 993 5582 periculi,
1031 5511 1126 5567 sed
1157 5519 1400 5568 curatum
1434 5519 1486 5568 te
1513 5511 1600 5578 iri,

117 5647 262 5718 (445)
293 5647 624 5722 Drentensis,
667 5663 772 5722 seu
799 5647 1015 5715 Trenta,
1063 5663 1232 5720 pagus
1271 5647 1602 5722 Groningam

54 5716 186 5774 inter
211 5716 266 5772 et
289 5716 616 5774 Coevordam
635 5720 863 5774 medius.

119 5787 264 5860 (446)
277 5785 428 5845 Nunc
449 5788 776 5854 Otmarsum,
793 5789 1110 5858 Oectnmrth,
1128 5791 1324 5850 dicitur
1345 5791 1430 5848 hic
1454 5790 1603 5851 locus

1703 4599 1816 4646 tum
1843 4592 2021 4646 clerus
2039 4601 2094 4648 et
2123 4592 2349 4662 pepulus
2375 4593 2551 4649 omnis
2573 4609 2696 4648 cum
2727 4595 2939 4664 hymnis
2960 4607 3014 4650 et
3039 4597 3271 4666 psalmo-

1701 4685 1805 4740 diis
1853 4685 1905 4740 in
1947 4684 2136 4755 primis
2178 4698 2490 4742 reverenter
2509 4696 2563 4742 et
2605 4689 2900 4744 honorifice
2929 4690 3269 4746 Daventriam

1701 4776 2083 4844 perduxerunt.
2134 4773 2374 4844 Cumque
2393 4775 2504 4844 jam
2541 4778 2734 4848 Oppido
2763 4781 3269 4852 appropinquarent,

1703 4865 1892 4920 incolae
1923 4865 2039 4935 ejus
2075 4880 2263 4920 omnes
2303 4868 2509 4922 maestis
2537 4869 2731 4922 animis
2763 4871 2973 4924 obviam
2997 4887 3274 4941 processe-

1705 4967 1855 5024 runt,
1889 4968 2070 5028 atque,
2105 4959 2178 5013 ita
2219 4959 2492 5026 permistis
2530 4959 2822 5030 lugentium
2847 4970 2901 5016 et
2929 4961 3266 5030 psallentium

1703 5053 1950 5120 vocibus,
1971 5067 2186 5106 sacrum
2216 5067 2413 5122 corpus
2433 5052 2486 5106 in
2519 5053 2802 5108 ecclesiam
2836 5055 3180 5124 importatum
3207 5069 3268 5108 ea

1703 5155 1891 5215 parte,
1931 5160 2050 5214 qua:
2095 5144 2529 5215 Septentrionem
2577 5155 2818 5215 spectat,
2851 5147 3128 5200 humatum
3166 5156 3268 5214 est,

1705 5237 1900 5306 spiritu
1929 5235 2230 5290 exsultante
2276 5245 2332 5291 et
2371 5235 2679 5306 pel-fruente
2708 5237 2900 5308 gaudio
2931 5237 3139 5291 Domini
3187 5225 3290 5294 sui'

1705 5329 1794 5396 cui
1824 5327 1879 5381 in
1907 5325 2008 5382 hac
2032 5327 2143 5382 vita
2177 5325 2474 5396 servierat;
2503 5327 2586 5382 cui
2619 5339 2696 5382 ρει
2731 5329 2923 5394 honor,
2950 5338 3004 5382 et
3037 5340 3288 5410 pett-stas

1709 5429 1766 5480 et
1793 5421 1959 5496 gloria
1989 5435 2086 5492 per
2113 5420 2321 5476 infinita
2345 5419 2558 5477 saecula.
2583 5420 2772 5474 Amen.

1711 5649 1764 5704 in
1797 5663 1934 5718 pago
1961 5645 2241 5704 Wentensi
2275 5645 2340 5699 ad
2373 5643 2686 5700 Linchelum
2719 5633 2936 5718 amnem
2986 5663 3090 5703 non
3117 5648 3275 5718 longe

1711 5737 1740 5774 a
1773 5717 2105 5774 Beuthemio.
2158 5718 2449 5770 decanatus
2475 5723 2634 5784 caput
2666 5717 2817 5786 apud
2857 5717 3272 5778 Lindcbomimn

1711 5791 1762 5846 in
1797 5789 2042 5846 llistorim
2080 5786 2480 5844 Daventriensis
2507 5783 2625 5857 cap.
2658 5783 2728 5839 8f
2935 5823 2940 5826 -
