3920 6440
641 411 749 473 847

1554 406 1614 465 S.
1648 404 1947 464 RADBODI
1983 403 2489 462 TRAJECTENSIS
2541 403 2848 462 EPISCOPI

1168 557 3752 587 Μ

1198 763 1817 881 BADBODI
1897 763 2363 884 BREVE
2446 762 3341 880 CHRONICUM.

1547 977 1758 1044 (Iablll.
1780 979 1889 1034 Act.
1906 979 1996 1035 SS.
2018 980 2127 1032 0rd.
2150 980 2201 1031 S.
2222 978 2408 1033 Bened.
2437 984 2554 1032 tom.
2574 978 2685 1045 VII,
2711 992 2822 1046 pag.
2844 980 2980 1044 267.)

2064 1155 2463 1169 ﬂ

710 1326 868 1385 Anno
896 1298 964 1381 ab
990 1321 1363 1379 incarnatione
1389 1316 1600 1378 Domini
1625 1318 1733 1377 900
1757 1320 2008 1394 apparuit
2030 1321 2085 1376 in
2107 1335 2224 1377 οω-
2253 1333 2307 1396 Α
2330 1334 2459 1377 num
2506 1320 2771 1377 adversus
2811 1319 2980 1376 new:
3029 1334 3093 1376 Ia
3120 1317 3481 1377 extollendum
3514 1327 3760 1392 inputata

640 1424 696 1482 lo
717 1417 964 1477 mirabile
988 1417 1222 1489 signum.
1257 1414 1440 1472 Stellae
1466 1414 1610 1469 enim
1638 1414 1772 1470 visa:
1817 1422 1945 1470 sunt
1980 1415 2226 1486 undique

644 1523 901 1585 tanquam
931 1524 1001 1567 ex
1027 1509 1137 1566 alto
1164 1507 1220 1563 in
1249 1507 1549 1565 horizontis
1582 1506 1753 1563 imum
1779 1505 2047 1579 proﬂuere
2075 1508 2222 1565 circa

640 1605 748 1678 poli
805 1602 1104 1668 cardinem,
1161 1615 1351 1658 omnes
1406 1597 1520 1655 fere
1554 1598 1700 1656 inter
1732 1614 1795 1656 se
1830 1613 2158 1657 concurrere
2209 1618 2221 1655 :

640 1693 782 1766 quod
810 1690 1115 1764 prodigium
1166 1698 1366 1747 secutae
1404 1694 1531 1745 sunt
1573 1688 1758 1746 tristes
1793 1703 1976 1745 rerum
2007 1689 2228 1746 calami-

640 1793 799 1849 tates,
825 1781 967 1838 aeris
1004 1780 1257 1838 videlicet
1281 1779 1517 1836 maxima
1542 1779 1911 1851 intemperies,
1936 1778 2225 1850 crebrique

639 1887 922 1934 ventorum
954 1874 1218 1942 turbines,
1241 1871 1522 1930 ﬂuminum
1550 1888 1765 1945 quoque
1794 1874 2055 1930 terminos
2094 1889 2222 1930 suos

641 1966 1176 2040 transgredientium,
1214 1965 1471 2021 terribilis
1498 1965 1744 2035 quaedam
1788 1966 1941 2036 quasi
1994 1962 2231 2036 catacly-

639 2058 744 2117 smi
773 2058 986 2132 imago;
1015 2065 1090 2125 et,
1122 2057 1265 2129 quod
1296 2055 1383 2112 bis
1404 2054 1745 2129 pestilentius
1765 2064 1871 2123 est,
1898 2054 2029 2112 dirae
2053 2055 2230 2111 homi-

2329 1413 2445 1468 Hoc
2483 1415 2669 1469 eodem
2715 1428 2878 1478 anno,
2923 1412 3241 1484 priusquam
3267 1418 3438 1465 tamen
3468 1410 3641 1482 Epactz
3661 1423 3760 1467 Illit-

2328 1515 2533 1572 rentur,
2567 1505 2732 1562 Folco
2775 1504 3068 1561 Remorum
3117 1505 3405 1575 episcOptts
3428 1503 3760 1574 metropolitani,

2328 1607 2386 1654 et
2417 1596 2808 1654 Zuentiboldus
2843 1612 2940 1654 rex
2986 1594 3257 1652 interfecti
3302 1602 3425 1651 sunt
3448 1612 3461 1651 :
3483 1610 3539 1651 ac
3560 1609 3641 1649 non
3660 1595 3764 1648 Illlllil

2311 1699 2487 1746 -antea
2542 1691 2736 1748 diebus
2778 1704 2880 1763 ego
2901 1700 3158 1761 peccator
3187 1689 3477 1747 Badbodus
3498 1686 3763 1745 interimis

2329 1793 2531 1843 sanctae
2556 1783 2923 1855 Trajectensis
2950 1782 3205 1839 Ecclesiae
3230 1782 3497 1839 conscribi
3508 1779 3764 1847 meruisse

2327 1893 2362 1935 o
2382 1878 2620 1932 utinam!
2652 1892 2775 1933 cum
2795 1876 3003 1933 eisdem
3039 1884 3257 1932 aeterna:
3278 1875 3400 1932 vita:
3433 1872 3763 1932 consortia-ne-

2327 1986 2451 2028 rear
2473 1970 2715 2041 adipisci.

653 2239 3756 2276 ww

1339 2412 1661 2519 SEBMO
1711 2412 1785 2515 S.
1827 2408 2263 2515 RADBODI
2295 2412 2422 2512 DE
2479 2411 2561 2510 S.
2609 2411 3208 2515 SWITBERTO.

1783 2636 1881 2699 (Ex
1914 2636 2039 2688 Boll.
2065 2636 2172 2687 Act.
2197 2636 2285 2689 SS.
2314 2636 2457 2688 Hart.
2481 2638 2526 2700 1,
2546 2649 2655 2700 pag.
2679 2637 2787 2696 85.)

707 2963 761 3020 l.
777 2960 988 3030 Acturi,
1016 2959 1214 3018 fratres
1235 2960 1566 3028 charissimi,
1592 2960 1952 3018 diem'nostrae
1967 2960 2218 3033 specialis
2246 2946 2295 3007 Β

628 3053 1011 3126 jucunditatis,
1040 3055 1094 3109 in
1122 3069 1227 3125 qua
1259 3055 1468 3125 patroni
1511 3056 1686 3110 nostri
1730 3055 2029 3111 beatissimi
2059 3051 2221 3109 Swit—

634 3145 778 3202 berti
803 3153 991 3201 sancta
1019 3142 1309 3200 admodum
1353 3145 1800 3200 commemoratio
1828 3144 2079 3201 facienda
2112 3152 2213 3207 est,

634 3244 852 3309 oportet
888 3250 987 3292 nos
1035 3247 1259 3309 paratos
1325 3251 1446 3293 esse
1491 3238 1559 3292 ad
1592 3252 1756 3293 omne
1793 3252 1929 3309 opus
1994 3237 2216 3302 bonum,

634 3336 1023 3401 promptosque
1052 3327 1253 3385 habere
1279 3328 1518 3396 animos;
1549 3330 1726 3400 primo
1764 3330 1977 3400 quidem
2029 3330 2095 3384 ad
2125 3343 2221 3383 au-

635 3422 830 3480 dienda
856 3422 991 3494 legis
1042 3421 1239 3479 divinae
1274 3420 1550 3490 mandata,
1589 3422 1933 3493 postmodum
1982 3436 2114 3478 vero
2137 3429 2217 3487 ut,

634 3524 899 3588 quantum
924 3530 1232 3587 possumus,
1259 3530 1324 3571 ea
1353 3514 1516 3572 factis
1553 3517 1773 3587 exsequi
1798 3516 2136 3581 studeamus,
2164 3522 2225 3572 et

634 3608 714 3665 sic
751 3609 967 3664 demum
1001 3608 1135 3664 alios
1180 3609 1376 3665 docere
1412 3610 1698 3680 possimus.
1754 3606 1869 3664 Hoc
1911 3608 2055 3664 enim
2090 3606 2221 3662 fecit

639 3701 896 3757 Dominus
922 3711 1107 3757 uoster
1133 3701 1290 3757 Iesus
1314 3700 1583 3767 Christus,
1613 3701 1680 3756 de
1710 3716 1818 3771 quo
1835 3701 1907 3755 ita
1954 3700 2218 3771 scriptum

635 3799 719 3849 est
744 3809 757 3845 :
788 3790 950 3863 Coepit
979 3792 1133 3847 Jesus
1163 3792 1335 3862 facere
1355 3801 1405 3847 et
1432 3792 1615 3846 docere
1637 3790 1773 3863 (Act.
1801 3807 1839 3855 ι,
1866 3791 1940 3863 1).
1966 3790 2217 3861 Alioquin

636 3885 792 3941 irrita
819 3893 876 3940 et
902 3884 1079 3941 inanis
1117 3893 1300 3942 nostra
1331 3885 1437 3940 erit
1478 3884 1744 3948 doctrina,
1773 3884 1819 3939 si
1845 3899 1908 3939 ea
1936 3899 2056 3954 qua:
2079 3884 2218 3939 dixi-

636 3994 777 4046 tnus,
811 3978 943 4035 nihil
984 3977 1191 4050 agendo
1240 3980 1599 4034 destruamus.
1656 3975 1791 4031 Nam
1831 3978 1957 4047 quid
1998 3977 2220 4047 prodest

635 4069 818 4137 alicui,
852 4071 898 4126 si
942 4069 1081 4127 bene
1118 4070 1322 4136 audiat,
1355 4078 1409 4125 et
1439 4069 1578 4125 male
1607 4070 1774 4140 agat?
1818 4077 1907 4125 aut
1939 4069 2065 4139 quid
2095 4084 2222 4140 pro-

639 4165 754 4222 ﬁcit
793 4165 892 4233 illi,
924 4164 968 4222 si
995 4165 1085 4220 alii
1112 4165 1254 4222 viam
1282 4165 1479 4236 pedum
1509 4164 1778 4229 ostendat,
1818 4164 1930 4233 ipse
1962 4172 2139 4218 autem
2167 4164 2218 4217 in

638 4257 721 4311 via
753 4271 964 4312 morum
991 4270 1175 4313 errare
1223 4273 1330 4312 non
1382 4257 1626 4313 desinat?
1646 4256 1754 4311 Nos
1799 4255 1963 4326 igitur
1988 4255 2218 4326 vestigia

638 4347 1015 4419 Redemptoris
1077 4349 1246 4406 nostri
1292 4360 1602 4419 sequentes,
1656 4348 1909 4419 quaelibet
1968 4350 2109 4405 bona
2163 4348 2224 4403 li«

639 4443 955 4500 bentissime
1001 4443 1315 4510 audiamus;
1367 4443 1550 4497 audita
1609 4457 1738 4498 vero
1789 4443 1964 4514 dignis
2013 4442 2225 4497 actibus

636 4535 1022 4608 complcamus,
1078 4546 1133 4591 et
1175 4536 1253 4592 sic
1309 4550 1403 4606 per
1449 4535 1695 4591 ordinem
1751 4537 1817 4590 ad
1868 4536 2222 4592 iustrueudos

638 4628 917 4702 proximos
962 4630 1305 4697 accedentes,
1355 4629 1702 4685 consulamus
1739 4630 1821 4684 eis
1849 4645 2029 4684 rerum
2062 4633 2223 4686 bona-

647 4738 765 4777 rum
799 4721 1062 4777 doctriuis
1089 4722 1290 4792 pariter
1309 4730 1365 4778 et
1383 4722 1665 4791 exemplis.
1718 4720 1832 4777 Hoc
1856 4738 1985 4793 ergo
2015 4731 2073 4777 ut
2111 4723 2225 4779 sive

2251 4315 2297 4377 C

646 4810 906 4867 dilatione
937 4809 1055 4866 ﬁeri
1095 4812 1289 4883 possit,
1339 4813 1639 4869 revocanda
1668 4821 1793 4867 sunt
1823 4813 1977 4869 nobis
2019 4815 2083 4869 ad
2108 4831 2224 4870 me-

642 4905 871 4961 moriam
895 4903 1074 4961 Patris
1096 4906 1288 4971 nostri,
1315 4907 1380 4961 de
1404 4922 1512 4976 quo
1540 4918 1700 4975 supra
1732 4906 1989 4978 diximus)
2014 4923 2178 4977 opera
2206 4922 2255 4964 :.

636 5000 729 5071 qui
762 4999 814 5055 in
836 4998 1087 5054 oumibus
1117 5013 1235 5070 qua:
1257 4998 1457 5063 docuit,
1493 4998 1642 5068 prius
1672 5014 1700 5052 a
1734 5000 2025 5068 semetipso
2072 5000 2222 5055 audi-

640 5093 847 5149 toribus
886 5091 999 5147 suis
1028 5089 1335 5162 exemplum
1377 5091 1542 5155 dedit,
1568 5105 1742 5160 neque
1768 5102 2001 5160 unquam
2041 5091 2221 5148 quc-

2321 2976 2460 3018 cisse
2490 2971 2610 3033 post
2635 2963 2805 3017 Deum
2832 2963 2945 3018 sola
2974 2973 3125 3021 nom
3150 2963 3475 3034 antiquitas:
3500 2963 3652 3034 quippe
3669 2957 3767 3032 quill

2325 3055 2619 3126 Anglorum
2649 3054 2929 3124 provincia
2981 3055 3035 3111 in
3064 3063 3286 3111 nostros
3322 3055 3452 3113 ﬁnes
3470 3056 3643 3110 venisse
3657 3051 3767 3122 protr

2327 3158 2447 3213 tur,
2476 3149 2679 3216 scripta
2711 3148 3035 3203 venerabilis
3057 3147 3216 3203 Beda}
3244 3150 3390 3219 prcsl
3411 3149 3534 3221 yleri
3553 3145 3769 3217 proferantur

2326 3238 2378 3293 in
2418 3239 2678 3302 medium,
2711 3240 2802 3310 qui
2826 3239 2881 3294 in
2910 3239 3159 3311 Regestis
3195 3238 3519 3312 Anglorum,
3542 3240 3768 3295 interstitit

2324 3331 2405 3385 sic
2426 3329 2492 3384 de
2514 3330 2616 3384 hoc
2637 3330 2980 3386 sanctissimo
3008 3332 3125 3386 viro
3148 3333 3415 3401 scriptum
3445 3330 3665 3400 relinquit.

2394 3423 2449 3477 2.
2488 3422 2755 3493 Tempore
2774 3422 2835 3477 Β.
2872 3422 3181 3481 Willibrodi
3231 3424 3576 3495 Trajectensis
3610 3415 3770 3491 spissis

2324 3512 2554 3581 fratres,
2586 3515 2677 3584 qui
2704 3523 2856 3570 erant
2881 3514 2937 3570 in
2976 3513 3164 3572 Fresia
3191 3515 3348 3571 verbi
3381 3513 3641 3571 mutisterio
3660 3504 3773 3563 mnci-

2324 3606 2474 3676 pati,
2512 3605 2792 3677 elegerunt
2843 3621 2910 3662 ex
2960 3622 3059 3662 suo
3109 3623 3342 3664 numero
3384 3609 3544 3665 virum
3588 3602 3771 3660 statim”!

2327 3697 2568 3754 moribus
2588 3706 2646 3752 et
2673 3707 3012 3753 mansuetum
3037 3700 3200 3754 corde
3224 3742 3237 3765 ,
3287 3699 3635 3760 Switbertuin,
3659 3691 3716 3761 qui
3734 3688 3775 3739 εδ

2327 3790 2670 3847 ordinaretur
2693 3791 2938 3845 antistes.
2973 3789 3145 3859 Quem
3184 3793 3256 3847 ad
3298 3791 3601 3850 Britanniam
3640 3781 3774 3839 «hstiu-

2331 3891 2442 3938 tum
2463 3924 2478 3949 ,
2509 3881 2576 3937 ad
2605 3884 2920 3953 petitionem
2969 3898 3161 3939 eorum
3211 3885 3482 3939 ordinavit
3524 3868 3776 3936 remedii“

2330 3993 2447 4031 mus
2489 3974 2707 4032 Wilfrid
2741 3977 3027 4047 episcopus
3073 3977 3196 4046 qui,
3259 3988 3373 4033 tum
3403 3977 3531 4031 forte
3555 3969 3682 4044 patria
3715 3959 3774 4032 ll“L

2325 4087 2450 4135 sus,
2496 4071 2549 4124 in
2579 4070 2902 4125 Merciorum
2936 4071 3253 4143 regionibus
3278 4073 3563 4129 exsulabat.
3600 4065 3682 4120 Non
3701 4057 3776 4113 alii

2323 4180 2391 4221 eo
2436 4172 2676 4233 tempore
2724 4164 2955 4219 habeth
3002 4152 3319 4234 episcopum
3374 4165 3575 4227 Cantia,
3628 4152 3777 4211 άοίυυαθ

2325 4256 2543 4328 quidem
2582 4255 2905 4322 Theodoro,
2963 4257 3059 4312 sed
3117 4258 3351 4314 necdum
3405 4249 3688 4313 Bertbwaldo
3715 4254 3777 4296 ξω·

2330 4364 2547 4406 cessore
2576 4350 2723 4420 ejus,
2764 4351 2854 4419 qui
2894 4358 3043 4404 trans
3089 4364 3241 4405 mare
3265 4348 3581 4405 ordinandus
3600 4344 3714 4397 ierat.
3743 4327 3776 4382 δέ

2328 4444 2509 4498 sedem
2538 4441 2883 4512 cpiscopatus
2925 4442 3006 4496 sui
3042 4457 3286 4497 reverso.
3325 4442 3427 4510 Qui
3454 4436 3663 4494 videlicet
3692 4424 3776 4481 Μ’

2329 4534 2520 4589 brecht
2540 4574 2554 4596 ,
2591 4542 2814 4603 accepto
2843 4534 3191 4603 episcopatu,
3219 4534 3288 4589 de
3314 4532 3571 4588 Britannia

2328 4642 2435 4682 non
2478 4626 2648 4680 multo
2678 4635 2797 4696 post
2825 4626 2892 4681 ad
2914 4635 3128 4698 gentem
3155 4626 3610 4682 Boructuariorotn
3626 4614 3777 4671 secem

2328 4738 2391 4777 ac
2422 4721 2617 4776 multos
2645 4735 2830 4775 eorum
2864 4721 3206 4791 praedicando
3248 4720 3316 4775 ad
3343 4720 3485 4774 viam
3511 4707 3696 4769 veritatis

2328 4813 2498 4870 duxit.
2533 4811 2639 4868 Sed
2667 4788 2988 4884 eXpugnatis
3016 4827 3121 4867 non
3148 4812 3312 4883 longo
3358 4819 3478 4882 post
3512 4812 3695 4874 ιειιψοη

2326 4903 2651 4969 ructuariis,
2705 4917 2734 4957 a
2790 4911 2948 4974 gente
2987 4903 3336 4972 antiquorum
3370 4902 3619 4956 Saxonum
3645 4888 3776 4981 δίεντᾲ

2326 5009 2453 5057 sunt
2483 4999 2719 5070 quolibet
2748 5000 2802 5054 hi
2828 5000 2915 5071 qui
2946 5000 3169 5055 verbum
3223 5003 3549 5070 receperant.
3587 4990 3674 5062 llise
3699 4984 3776 5071 ³¹³¹¹ξ

2328 5100 2441 5147 stes
2466 5066 2587 5146 cum
2636 5066 2954 5162 quibusdam
3003 5090 3284 5163 Pippinum
3332 5066 3483 5161 petiit
3510 5085 3603 5155 qui,
3632 5066 3779 5139 illiti?"
3820 5066 3821 5117 Ῑ

638 5185 805 5242 clesia
832 5183 976 5241 aliud
1005 5182 1308 5240 faciendum
1329 5182 1465 5239 dixit
1489 5198 1648 5255 quam
1675 5184 1727 5238 in
1751 5200 1856 5254 quo
1880 5184 1994 5253 ipse
2024 5184 2226 5241 facien-
2256 5186 2304 5246 D
2330 5186 2476 5243 lante
2503 5186 2780 5242 Blitltrude
2810 5185 3040 5258 conjuge
3086 5202 3183 5242 sua
3208 5228 3221 5249 ,
3264 5185 3415 5240 dedit
3440 5184 3486 5237 ei
3531 5179 3666 5233 locum
3697 5176 3775 5216 ’ων
3820 5190 3821 5195 ‘

637 5277 707 5336 do
735 5277 1034 5351 prabcessit.
1070 5275 1273 5332 Verum
1330 5284 1387 5331 ut
1426 5292 1485 5331 se
1532 5276 1729 5329 imitari
1777 5277 2085 5332 volentibus
2123 5279 2223 5334 hoc

638 5384 854 5443 quoque
882 5365 1227 5424 manifesuim
1250 5364 1363 5432 (lat,
1397 5364 1539 5422 facta
1578 5367 1694 5438 ejus
1722 5364 1831 5422 Deo
1859 5368 2080 5437 placita,
2108 5384 2223 5425 om-

638 5466 805 5536 nique
842 5462 1084 5520 audienti
1114 5461 1247 5518 satis
1277 5461 1581 5517 necessaria
1636 5461 1688 5515 in
1725 5461 1943 5532 publico
1990 5462 2225 5518 reciten-

639 5564 751 5623 tur,
781 5563 1047 5626 quatenus
1092 5567 1161 5610 ex
1203 5552 1410 5609 eisdem
1459 5552 1611 5623 plebs
1671 5552 1871 5608 Christi
1915 5552 2227 5609 aediﬁcatio-

640 5661 765 5704 nem
819 5645 1073 5718 accipiat,
1117 5659 1184 5701 ac
1216 5645 1286 5701 de
1328 5645 1462 5700 tanti
1508 5643 1610 5699 viri
1651 5642 1902 5714 gloriosis
1966 5645 2220 5714 precibus

641 5752 855 5812 semper
879 5738 1269 5812 gratulabunda
1294 5737 1511 5793 existat.
1537 5793 1573 5826 .

711 5831 822 5891 Sed
848 5832 971 5905 quia
1002 5830 1158 5887 nobis
1181 5831 1423 5902 quaedam
1457 5839 1580 5886 sunt
1604 5829 1813 5888 occulta
1845 5847 1964 5905 qua:
1996 5847 2118 5888 eum
2144 5833 2220 5889 l‘e-

2327 5278 2498 5333 sionis
2525 5277 2578 5331 in
2624 5277 2791 5331 insula
2834 5276 3041 5342 Rheni,
3075 5292 3197 5348 quae
3245 5276 3424 5347 lingua
3452 5271 3631 5327 illorum
3650 5260 3775 5348 νοωίίξ

2326 5370 2383 5424 in
2409 5369 2601 5423 littore.
2651 5369 2709 5423 lu
2740 5385 2844 5439 qua
2894 5370 3011 5439 ipse
3039 5334 3357 5424 constructo
3384 5334 3774 5436 monasteriodl“?d

2327 5463 2592 5519 hactenus
2635 5464 2878 5518 haeredes
2911 5463 3185 5533 possident
3206 5460 3324 5529 eius
3348 5501 3362 5524 ν
3384 5450 3648 5525 anillam

2326 5556 2702 5613 nentissimam
2718 5556 2880 5626 gessit
2896 5556 3265 5626 vitam,ibiquc
3280 5552 3467 5610 clausit
3478 5533 3772 5631 ultimuan

2396 5648 2450 5703 5.
2491 5647 2617 5703 Haec
2647 5648 2814 5718 igitur
2834 5689 2850 5715 ,
2905 5664 3023 5719 qua:
3049 5648 3295 5720 superius
3319 5647 3389 5703 de
3423 5647 3517 5700 hoc
3551 5629 3772 5728 εᾶηειίεέῗῗ

2327 5741 2444 5795 viro
2475 5741 2679 5811 digesta
2724 5750 2880 5806 sunt,
2928 5740 3128 5796 Bedam
3151 5747 3581 5796 commemorasse

2328 5832 2599 5904 ambigere
2650 5833 2956 5899 credimus,
3009 5832 3112 5886 nisi
3163 5831 3298 5886 forte
3352 5825 3618 5900 quempiam
3664 5806 3768 5865 ""m'
