3920 6418
19 378 104 436 i9
1171 375 1174 380 ’
1263 383 1629 442 SERMONES
1669 385 1756 444 ET
1797 387 2116 445 HOMlLl/E.

3201 393 3306 450 550

19 501 78 554 ιὶ
119 500 276 558 aliis
297 515 500 556 vacans
520 499 757 605 negotiis
775 499 972 605 librum
1005 501 1178 605 illum,
1208 503 1296 605 ubi
1333 519 1396 560 ea
1419 505 1620 605 scrip-ta
1649 511 1698 570 Α
1725 527 1884 584 dens
1911 544 2032 598 qua,
2074 529 2272 584 fuerim
2303 530 2474 586 ηοεηῆ
2507 531 2664 602 huius
2685 533 2837 590 ducis
2877 535 2932 590 in
2977 535 3308 605 quam“

31 603 134 646 nl.
177 634 194 660 ,
248 601 344 648 aut
393 608 502 648 non
547 593 696 664 legit,
749 601 842 648 aut
892 603 1040 648 certe
1091 593 1316 665 legendo
1367 595 1620 666 neglexit.

19 691 302 738 (iterum
353 697 451 738 nos
481 697 821 754 nequaquam
854 681 1106 738 dubitare
1141 683 1418 750 debemus,
1451 686 1626 740 virum

19 783 192 826 tum
216 771 270 828 in
301 773 555 830 omnibus
576 771 898 828 Christianae
931 773 1207 844 religionis
1237 775 1427 829 studiis
1461 773 1626 832 fuisse

19 866 428 932 ;crcitatum,
479 873 666 936 utpote
702 865 794 936 qui
833 866 976 922 inter
1003 875 1110 922 tam
1142 867 1408 938 pretiosas
1434 868 1623 926 Eccle-

19 977 80 1012 ae
135 959 250 1014 Dei
275 949 560 1026 lucernas,
599 973 721 1030 qua:
753 957 836 1016 his
865 959 1053 1016 diebus
1079 961 1192 1016 sive
1215 962 1266 1032 in
1291 961 1620 1034 Anglorum,

19 1066 108 1104 ve
153 1051 218 1106 in
249 1049 551 1108 Galliarum
577 1059 738 1124 gente
761 1051 987 1108 mirifice
1019 1053 1377 1108 coruscabant
1403 1095 1418 1120 ,
1441 1056 1622 1110 ovium

19 1144 229 1202 {tristi
261 1155 452 1214 pastor
483 1159 514 1198 a
542 1144 932 1200 sacratissimis
976 1145 1106 1218 ipsis
1136 1147 1372 1201 ordinari
1405 1165 1618 1220 prome-

19 1233 130 1286 tit.
201 1231 344 1288 Nam
374 1233 480 1288 nisi
509 1243 653 1290 esset
693 1235 952 1306 pastorali
982 1239 1243 1294 exercitio
1281 1237 1508 1309 pleniter
1535 1231 1622 1294 in—

21 1333 312 1390 auctns,
360 1323 508 1378 nullo
538 1323 699 1380 modo
747 1325 862 1396 ejus
885 1327 1174 1394 custodiae,
1227 1337 1388 1384 tanta:
1443 1330 1621 1404 gregis

20 1416 220 1470 luisti
271 1415 440 1486 copia:
494 1417 868 1472 crederentur.
916 1417 1083 1472 Porro
1135 1418 1236 1474 nisi
1269 1427 1412 1474 esset
1465 1421 1621 1476 miles

19 1511 434 1568 u...-datnntodo
464 1520 788 1578 veteranus,
822 1521 876 1568 et
909 1512 964 1568 in
996 1529 1166 1584 agone
1190 1513 1431 1586 martyrii
1465 1515 1621 1572 fortis

55 1604 505 1674 insuper-territus
521 1643 536 1668 ,
570 1619 914 1676 nequaquam
937 1604 992 1658 in
1012 1607 1128 1660 acie
1150 1604 1350 1662 Christi
1375 1621 1618 1662 summus

27 1695 310 1760 ibimus,
341 1711 686 1768 nequaquam
719 1697 1025 1770 primipilus
1077 1697 1210 1770 legis
1237 1699 1432 1756 divinae
1485 1715 1615 1754 con-

31 1789 346 1844 itucretur
391 1789 686 1844 exercitus.
743 1789 942 1846 Verum
991 1792 1078 1848 his
1123 1793 1410 1866 allegorice
1438 1793 1618 1868 praeli-

19 1883 148 1936 atis
177 1921 198 1946 ,
267 1881 549 1938 moraliter
593 1897 808 1954 quoque
849 1899 950 1940 nos
993 1887 1206 1957 aperire
1253 1899 1466 1958 oportet
1497 1905 1616 1958 qua:

20 1975 457 2042 intexercitia,
505 1977 703 2045 quibus
751 1977 1220 2050 inexpugnabilem
1251 1981 1414 2038 istum
1476 1982 1616 2038 mili-

20 2083 106 2122 ξω
152 2065 492 2138 praclarum
519 2065 694 2126 fuisse
717 2083 826 2124 non
856 2069 1187 2126 dubitamus.
1214 2069 1368 2138 Quod
1398 2073 1614 2142 quidem

25 2177 42 2212 ι
69 2157 472 2218 Pastoralibus
489 2158 670 2230 primo
690 2169 776 2216 est
809 2160 1290 2218 demonstrandum
1306 2203 1320 2228 ,
1347 2164 1398 2218 in
1420 2163 1616 2234 quibus

19 2251 116 2306 ive
153 2249 252 2306 leo
293 2251 560 2318 saeviens,
591 2251 710 2308 sive
754 2251 912 2324 lupus
939 2253 1238 2320 insidians,
1289 2270 1396 2310 non
1443 2256 1614 2312 modi—

25 2361 132 2398 um
175 2342 390 2402 Christi
427 2343 618 2402 ovibus
641 2344 1025 2402 detrimentum
1055 2347 1350 2418 important
1385 2366 1400 2402 :
1449 2349 1536 2404 ubi
1567 2350 1614 2406 si

27 2443 204 2490 astor
259 2434 486 2506 pervigil
527 2445 622 2490 aut
661 2436 888 2492 insidias
933 2437 1170 2504 caverit,
1227 2447 1318 2492 aut
1367 2439 1612 2510 rapinam

19 2526 236 2582 ortiter
263 2526 566 2584 resistendo
590 2530 922 2595 excusserit,
953 2531 1103 2588 salvo
1133 2547 1294 2604 grege
1335 2533 1402 2588 ad
1428 2533 1613 2588 caulas

20 2623 336 2680 )ominicas
385 2625 670 2682 remeabit.
721 2625 778 2682 Si
813 2634 994 2682 autem
1023 2627 1078 2682 in
1126 2628 1442 2698 quotidiano
1473 2637 1610 2698 pran-

20 2717 198 2772 :inctu
254 2717 464 2786 positus
507 2733 660 2772 arma
705 2735 984 2792 nunquam
1030 2721 1370 2792 deposuerit,
1405 2721 1500 2776 sed
1531 2720 1612 2778 vel

19 2807 68 2864 Ie
101 2807 318 2864 castris
363 2807 574 2866 hostem
625 2811 920 2882 repulerit,
953 2813 1036 2869 vel
1087 2814 1142 2870 in
1187 2829 1378 2884 campo
1425 2825 1614 2884 aperte

20 2897 292 2954 limicans
335 2899 438 2956 rite
472 2901 920 2971 triumphaverit,
969 2903 1106 2960 intra
1137 2915 1336 2960 sanctae
1377 2905 1610 2960 civitatis

23 2991 222 3046 naenia
251 3001 370 3060 post
396 2993 512 3048 haec
539 2993 806 3050 tutissime
837 2993 1145 3065 imperabit.

77 3082 134 3138 4.
183 3083 324 3150 Quae
367 3083 624 3140 nimirum
667 3095 900 3156 utroque
939 3086 1310 3144 beatissimum
1348 3086 1610 3144 Switber-

20 3191 124 3232 .nm
161 3175 368 3232 fecisse
410 3192 518 3232 non
549 3177 880 3250 ignoramus.
915 3177 1050 3234 Nam
1097 3179 1224 3234 dum
1271 3180 1322 3234 in
1367 3178 1606 3234 Ecclesia

21 3267 348 3336 praesulatus
364 3268 596 3324 cilicium
620 3269 1042 3340 gerens,fra_trcs
1087 3287 1212 3326 suos
1240 3271 1352 3326 sive
1388 3287 1416 3324 a
1448 3271 1608 3326 decc-

21 3362 210 3430 ptoriis
227 3362 670 3430 persuasionibus
685 3365 1132 3430 retraheret,sive
1143 3364 1616 3438 alcontcntionibus

21 3451 260 3520 publicis
289 3462 602 3520 revocaret,
634 3455 792 3526 quasi
837 3453 1048 3512 leonem
1077 3455 1510 3522 ferocissimum,
1559 3466 1614 3511 et

22 3541 170 3608 quasi
199 3540 390 3612 lupum
416 3541 828 3602 callidissimum
847 3586 860 3610 ,
897 3560 926 3600 a
949 3559 1112 3618 grege
1135 3545 1413 3600 Dominico
1433 3545 1613 3602 exclu-

22 3633 198 3686 Jebat.
231 3631 366 3688 Cum
408 3649 534 3690 vero
563 3644 657 3692 aut
681 3651 868 3710 regum
913 3637 1156 3708 potentia
1209 3653 1460 3706 pressos,
1517 3647 1609 3692 aut

21 3723 262 3790 qualibet
291 3725 600 3796 principum
648 3727 966 3784 crudelitate
1011 3737 1234 3784 vexatos
1264 3727 1439 3798 gladio
1462 3727 1610 3782 verbi

21 3811 104 3866 Dei
133 3825 404 3886 scutoque
461 3817 639 3874 ﬁdeia
691 3820 972 3890 tyrannica
1006 3821 1381 3890 persecutione
1429 3820 1611 3874 defen-

21 3903 207 3972 deret,
241 3909 486 3978 profecto
513 3918 768 3982 tanquam
813 3911 920 3966 dux
961 3913 1209 3984 egregius
1251 3913 1448 3966 milites
1485 3927 1611 3968 suos

21 3995 76 4048 al
103 4011 292 4055 castra
323 4001 616 4080 incolumes
641 4004 952 4076 reducebat.
979 4003 1234 4083 Itaquesi
1267 4021 1429 4060 nosse
1462 4003 1607 4058 desi-

1725 620 2110 690 congrcssibus
2145 635 2330 686 arma,
2369 639 2476 676 non
2526 637 2588 678 ea
2639 622 2972 688 fabrefacta,
3005 625 3100 680 sed
3147 625 3307 700 plane

1725 709 2026 780 spiritualia
2063 725 2344 782 cognosce.
2385 712 2568 784 Neque
2596 715 2738 770 enim
2769 727 2888 772 erat
2917 715 3006 784 ille
3050 729 3308 778 oneratus

1725 799 1869 856 ferro
1889 843 1904 868 ,
1943 802 2036 856 sed
2067 804 2245 872 potius
2280 803 2382 858 fide
2401 843 2416 869 ,
2441 821 2538 876 spe
2572 816 2624 859 et
2653 805 2917 864 charitate
2949 809 3304 879 praecinctus;

1725 890 1944 946 fundam
1985 893 2154 948 David
2175 910 2296 948 cum
2339 911 2436 952 suo
2461 897 2636 968 lapide
2667 908 2882 966 tenens,
2926 909 2980 956 et
3011 903 3306 958 terribilem

1723 983 2054 1040 Philistaeum
2085 985 2136 1040 in
2183 985 2357 1040 fronte
2391 987 2724 1058 percutiens,
2755 1007 3080 1063 omnemque
3131 992 3305 1050 Israe-

1723 1075 1826 1130 lem
1880 1091 1912 1132 a
1961 1077 2202 1146 periculo
2261 1081 2452 1134 mortis
2498 1082 2752 1151 eripiens.
2807 1084 2976 1140 Porro
3008 1095 3188 1142 autem
3237 1102 3305 1144 ne

1721 1171 1998 1226 existimes
2044 1171 2192 1224 illum
2231 1170 2534 1240 huiusmodi
2587 1191 2736 1230 arma
2769 1192 3004 1248 unquam
3038 1178 3306 1248 deponere

1720 1275 1842 1316 esse
1875 1262 2118 1326 solitum,
2153 1263 2320 1318 isdem
2348 1274 2466 1320 erat
2507 1266 2560 1320 in
2593 1281 2726 1336 pace
2755 1277 2980 1326 ornatus
3020 1270 3214 1340 quibus
3251 1271 3306 1326 in

1719 1348 1862 1404 bello
1887 1350 2068 1406 stabat
2114 1361 2374 1408 armatus.
2429 1352 2655 1426 Semper
2705 1365 2826 1412 erat
2871 1357 3116 1422 humilis,
3171 1374 3308 1416 sem-

1719 1453 1818 1510 per
1841 1449 2196 1506 mansuetus,
2231 1451 2286 1496 et
2325 1442 2510 1509 mitis,
2558 1445 2768 1514 patiens
2793 1446 2848 1500 in
2894 1446 3158 1512 adversis,
3191 1464 3308 1504 tuo--

1719 1531 1906 1588 destus
1935 1535 1990 1588 in
2013 1535 2307 1604 prosperis.

1789 1621 1842 1678 5.
1879 1623 2010 1678 Erat
2038 1641 2254 1696 quoque
2279 1626 2332 1680 in
2371 1627 2624 1696 pudicitia
2652 1630 2988 1700 splendidus,
3039 1631 3092 1686 in
3133 1631 3304 1688 absti-

1719 1717 1902 1772 nentia
1926 1726 2200 1784 strenuus,
2236 1719 2290 1774 in
2333 1720 2528 1792 vigiliis
2555 1723 2785 1788 sobrius,
2819 1724 2872 1777 in
2917 1725 3160 1780 oratione
3189 1737 3303 1778 sta-

1719 1809 2037 1878 bilissimus.
2074 1809 2130 1866 In
2155 1810 2360 1880 judicio
2395 1814 2686 1882 perorabat
2711 1815 3011 1884 aequaliter,
3050 1832 3154 1870 non
3183 1831 3307 1886 pcr-

1717 1900 2014 1966 sonaliter;
2068 1899 2122 1954 in
2159 1901 2534 1970 compassione
2581 1903 2944 1960 miscrabatur
2975 1905 3302 1972 immaniter,

1717 2007 1826 2048 non
1871 1992 2170 2058 tenaciter;
2227 1993 2524 2048 alienorum
2563 2011 2670 2050 non
2713 2005 2832 2052 erat
2873 1997 3160 2066 appetitor,
3209 1997 3306 2052 sed

1715 2091 2056 2157 propriorum
2083 2086 2421 2158 largissimus
2447 2097 2746 2158 erogatur;
2779 2089 2966 2144 vitium
2999 2089 3052 2144 in
3085 2089 3306 2146 homine

1713 2181 1914 2236 acriter
1961 2181 2412 2250 persequebatur,
2461 2182 2732 2238 hominem
2781 2198 2910 2238 vero
2959 2181 3299 2236 familiariter

1715 2275 2158 2344 amplectebatur.
2193 2273 2386 2330 Sermo
2410 2273 2527 2342 ejus
2553 2283 2612 2328 ut
2634 2275 2740 2328 mel
2769 2275 2964 2341 dulcis,
2993 2274 3305 2346 prmdicatio

1712 2371 1830 2439 ejus
1855 2369 2144 2424 admodum
2171 2367 2526 2434 delectabilis,
2559 2367 2864 2422 convivium
2898 2368 3020 2436 ejus
3047 2368 3304 2437 spiritua-

1713 2461 1852 2516 libus
1877 2460 2098 2516 ferculis
2126 2459 2366 2530 plenum,
2390 2460 2802 2516 contubernium
2827 2457 2944 2528 ejus
2963 2460 3300 2532 angelicum;

1713 2553 1854 2608 mala
1903 2554 2088 2608 omnia
2123 2563 2382 2622 tanquam
2416 2567 2620 2606 venena
2651 2549 2932 2610 mortifera
2973 2551 3298 2620 respuebat;

1713 2645 1852 2700 bona
1901 2645 2080 2700 omnia
2128 2653 2382 2712 tanquam
2435 2641 2668 2712 paradisi
2721 2651 2964 2698 aromata
3015 2641 3296 2712 diligebat.

1711 2737 1991 2792 Postremo
2023 2738 2066 2792 si
2099 2737 2246 2790 velut
2275 2736 2564 2806 quemdam
2591 2734 2860 2808 epilogum
2911 2734 3092 2792 facere
3119 2733 3303 2790 volne-

1714 2829 1788 2884 ris
1813 2845 1826 2892 ;
1875 2839 2018 2884 totus
2045 2827 2131 2882 ille
2157 2835 2274 2882 erat
2303 2825 2596 2896 perfectus,
2633 2831 2691 2880 et
2718 2833 2864 2880 totus
2896 2833 3013 2878 erat
3041 2824 3152 2878 Deo
3181 2823 3298 2892 ple-

1713 2935 1834 2974 nus.
1863 2918 1989 2974 Haec
2031 2927 2212 2982 erant,
2259 2917 2474 2982 fratres,
2521 2914 2732 2986 patroni
2777 2914 2948 2968 nostri
2998 2912 3300 2968 beatissimi

1715 3013 1992 3068 Switbcrti
2037 3013 2090 3066 in
2133 3011 2378 3066 adversis
2423 3019 2476 3062 et
2517 3009 2788 3080 prosperis
2825 3023 2976 3064 arma
3019 3025 3032 3062 :
3065 3023 3188 3062 cum
3218 3007 3304 3062 bis

1715 3104 1766 3158 in
1796 3104 1942 3158 omni
1985 3118 2156 3174 agone
2183 3101 2497 3167 dimicabat,
2525 3117 2588 3156 ac
2619 3115 2831 3169 semper
2858 3109 2914 3154 et
2942 3099 3142 3168 ubique
3173 3099 3291 3154 vitt-

1715 3199 1887 3254 Cebat.
1913 3197 2028 3251 Non
2051 3195 2194 3250 enim
2217 3204 2336 3250 erat
2364 3194 2434 3250 illi
2464 3194 2772 3250 colluctatio
2799 3192 3056 3250 adversus
3083 3209 3298 3248 carnem

1718 3297 1774 3344 et
1801 3288 2138 3358 sanguinem,
2173 3286 2264 3340 sed
2298 3286 2556 3340 adversus
2593 3284 2860 3356 principes
2897 3291 2950 3340 et
2985 3292 3298 3352 potestates,

1717 3382 1980 3438 adversus
2009 3380 2194 3434 mundi
2223 3387 2461 3434 rectores
2495 3379 2838 3434 tenebrarum
2867 3376 3080 3441 harum,
3113 3385 3302 3432 contra

1716 3473 2018 3544 spiritualia
2047 3472 2300 3541 nequitia:
2337 3473 2389 3528 in
2431 3471 2760 3526 caelestibus.

1785 3569 1838 3622 6.
1885 3567 2124 3634 Agamus
2170 3583 2300 3637 ergo
2331 3566 2538 3634 gratias
2571 3563 2926 3635 omnipotenti
2961 3563 3070 3618 Deo
3111 3563 3164 3616 in
3214 3561 3302 3616 die

1713 3661 2074 3716 solemnitatis
2135 3659 2290 3728 hujus
2335 3658 2668 3714 sacrosancti
2731 3655 3022 3720 antistitis,
3081 3662 3300 3708 orantcs

1715 3752 1872 3808 simul
1901 3759 1956 3806 el
1977 3751 2312 3822 postulantes
2339 3758 2418 3814 ut,
2463 3747 2618 3818 cujus
2650 3748 2818 3802 vitam
2845 3745 3134 3816 gloriosam
3161 3760 3296 3814 pra:-

1715 3847 1958 3901 dicamus
1988 3847 2042 3899 in
2069 3846 2250 3910 terris,
2281 3843 2398 3914 ejus
2421 3843 2722 3916 patrocinio
2758 3840 2964 3913 perfrui
2992 3850 3298 3896 mercamur

1715 3937 1772 3992 in
1799 3937 1970 3992 caelis.
2003 3938 2198 3992 Amen.

33 4177 3286 4211 W

1269 4345 1602 4424 SERMO
1641 4343 2108 4428 ,RADBODI

524 4543 650 4644 DE
724 4543 968 4648 Vl'l‘A
1026 4547 1102 4646 S.
1157 4547 1578 4647 VlIiGlN-IS
1635 4545 2019 4648 CHRISTI
2073 4539 2728 4642 AMELBERGJE.

1197 4767 1294 4830 (Ex
1321 4767 1442 4818 Boil.
1477 4768 1584 4820 Act.
1610 4767 1698 4820 SS.
1727 4769 1782 4818 10
1807 4767 1926 4829 Jul.,
1949 4781 2000 4829 p.
2025 4765 2128 4830 88.)

101 4913 612 4992 L'Quoticscunque
631 4961 644 4986 ,
671 4917 1008 4974 dilectissimi
1043 4917 1266 4984 fratres,
1298 4929 1608 4974 sanctorum
1639 4921 1687 4980 D
1715 4918 1904 4990 pulcro
1923 4959 1936 4983 ,
1967 4932 2029 4972 ac
2052 4913 2282 4984 jacendo
2311 4913 2502 4980 fetere,
2545 4913 2648 4968 nisi
2677 4921 3022 4982 peccatorum
3049 4911 3296 4967 sordibus

35 5015 116 5070 Dei
159 5015 478 5072 meritoriam
508 5015 574 5069 ad
607 5013 820 5068 laudem
844 5021 898 5068 et
926 5011 1150 5084 gloriam
1179 5011 1412 5066 nominis
1443 5011 1608 5082 ipsius

36 5109 273 5180 agimus,
324 5109 482 5164 toties
531 5124 558 5162 a
603 5115 946 5176 peccatorum
995 5113 1299 5158 nostrorum
1347 5101 1609 5172 sepulcris

35 5201 379 5275 resurgimus.
404 5197 696 5254 Reviviscit
718 5196 864 5252 enim
893 5205 1019 5250 tunc
1040 5195 1434 5266 quodammodo
1477 5195 1608 5248 fides

39 5301 210 5346 nostra
232 5333 248 5350 .
279 5301 332 5346 et
362 5289 598 5345 rediviva
638 5289 924 5344 innovatur
953 5286 1234 5342 dulcedine
1273 5303 1372 5340 vox
1425 5297 1606 5340 nostra

39 5397 124 5453 per
149 5383 327 5440 ofﬁcia
375 5381 642 5438 labiorum
691 5389 1000 5436 nostrorum
1045 5377 1227 5450 (447),
1266 5395 1328 5432 ac
1377 5393 1471 5446 per
1507 5377 1610 5432 hoc

41 5479 102 5536 sit
131 5483 186 5538 in
213 5482 372 5538 nobis
411 5479 556 5553 quod
604 5478 734 5536 dicit
771 5477 1060 5549 Apostolus
1094 5493 1105 5530 :
1145 5473 1484 5530 Renovamiui
1509 5475 1610 5540 spi-

41 5575 134 5630 ritu
161 5577 346 5632 mentis
367 5583 547 5630 vestrae
565 5613 580 5640 ,
603 5581 650 5628 et
671 5571 874 5627 induite
897 5586 1086 5624 novum
1113 5567 1370 5622 honriuem
1393 5565 1606 5636 (Ephes.

43 5677 107 5734 tv,
134 5665 261 5740 23).
308 5665 446 5736 Quid
491 5677 725 5734 namque
764 5671 846 5717 est
873 5659 1016 5714 aliud
1049 5658 1188 5715 male
1229 5657 1398 5722 mori,
1437 5657 1486 5710 in
1522 5673 1606 5710 sc-

103 5785 252 5871 (μή)
293 5799 419 5867 Qua:
447 5807 744 5868 sequuntur
784 5795 1082 5871 usquead
1107 5794 1334 5871 prosinti
1395 5793 1608 5871 n_u_.r._e_i_-i

57 5867 160 5930 lucc
179 5864 373 5938 verba,
417 5864 540 5928 ecce'
577 5879 746 5928 autem
784 5864 1044 5938 occurrit,
1071 5864 1125 5924 in
1163 5867 1398 5926 editione
1427 5864 1609 5922 Mabil-

1716 5009 2020 5080 inquinari?
2067 5009 2130 5062 Et
2157 5008 2286 5078 quid
2332 5007 2474 5061 aliud
2506 5015 2590 5062 est
2617 5005 2684 5060 ab
2731 5007 2833 5061 hoc
2863 5003 3068 5059 tumulo
3115 5019 3296 5058 resur-

1715 5119 1876 5176 gere,
1932 5102 2030 5156 nisi
2065 5117 2160 5172 per
2189 5099 2586 5156 confessionem
2618 5109 2671 5154 et
2711 5097 3083 5168 paenitentiam
3117 5097 3180 5148 ad
3213 5099 3297 5150 vi-

1714 5205 1856 5258 tam,
1885 5195 1976 5264 qui
2000 5191 2246 5248 Christus
2267 5201 2350 5248 est
2370 5234 2384 5256 ,
2415 5191 2628 5247 redire?
2655 5189 2924 5244 Habemus
2949 5203 3077 5242 sane
3113 5187 3298 5256 hujus—

1713 5287 1856 5340 modi
1906 5285 2096 5340 mortis
2138 5283 2366 5354 plurima
2403 5282 2454 5338 in
2507 5281 2800 5352 Scripturis
2848 5277 3124 5348 exempla,
3178 5293 3296 5345 qtae

1713 5377 1832 5432 illos
1863 5376 2000 5431 solet
2029 5383 2270 5430 mortuos
2298 5373 2567 5446 appellare
2588 5415 2602 5440 ,
2627 5373 2716 5442 qui
2751 5384 3026 5441 nunquam
3058 5367 3242 5423 volunt
3265 5383 3294 5421 a

1713 5470 1954 5542 peccatis
1983 5469 2336 5538 resipiscere;
2369 5467 2509 5524 sicut
2549 5473 2632 5522 est
2675 5464 2808 5520 illud
2851 5465 2904 5518 in
2957 5461 3245 5530 Evangelio
3279 5479 3291 5515 :

1716 5563 1886 5620 Sinite
1923 5573 2154 5620 mortuos
2195 5562 2410 5634 sepelire
2453 5570 2686 5615 mortuos
2721 5573 2846 5614 suos
2886 5555 3036 5628 (Luc.
3069 5571 3126 5622 Ix
3151 5596 3166 5622 ,
3215 5553 3292 5626 6).

1715 5657 1898 5727 Neque
1927 5657 2069 5712 enim
2117 5655 2154 5710 ii
2203 5655 2291 5726 qui
2323 5665 2550 5724 corpora
2583 5649 2914 5722 sepeliebant
2941 5646 3296 5720 corporaliter

1715 5795 1840 5848 louii
1873 5793 2234 5864 praetermissa
2278 5799 2434 5857 sunt,
2485 5787 2796 5846 substitutis
2825 5781 3096 5858 punctulis
3137 5780 3296 5856 quasi

1719 5868 1782 5926 ad
1815 5883 1927 5924 rem
1951 5881 2056 5922 non
2087 5871 2348 5940 spectent.
