3920 6396
648 314 751 372 εει

3188 275 3269 291 νῆ,
3292 264 3345 276 ..μ
3360 262 3382 271 ρ.

1630 317 1687 373 s.
1726 317 2023 376 nassum
2063 314 2565 376 rnarsersnsrs
2602 319 2910 381 EPISCOPI
3188 275 3269 291 ﬂ
3292 269 3314 276 ’Ἴ
3376 269 3381 271 ἒ
3458 269 3465 274 ’
3728 334 3794 392 sa

636 438 836 491 mOI'llll
857 436 1047 496 erant;
1085 429 1178 485 sed
1214 412 1337 486 cum
1362 438 1544 487 essent
1570 431 1849 496 scelerati,
1880 448 1945 488 ac
1973 439 2215 503 prapter-
2243 437 2290 493 Α
2319 431 2496 503 niiset
2516 434 3110 493 orationibus‘serviens
3125 435 3211 491 die
3231 450 3292 493 ac
3305 444 3475 502 nocte,
3497 436 3793 514 elemosynas.

638 541 702 582 ea
719 524 950 589 mortui,
974 522 1305 592 sepeliebant
1337 538 1432 580 eos
1453 539 1589 595 quos
1617 541 1763 580 mors
1787 526 2029 595 corporis
2052 542 2083 579 a
2108 527 2220 579 vita
2256 540 2267 553 ·

638 614 928 674 Subtraxit.
967 614 1233 683 Quocirca
1283 629 1382 671 nos
1426 629 1641 687 quoque
1698 618 1890 672 mortis
1924 616 2082 687 hujus
2129 616 2221 671 de-

636 705 893 762 trimenta
939 706 1536 777 caveamus;'quinimo
1559 708 1643 763 de
1675 707 1942 780 sepulcris
1964 708 2219 763 vitiorum

638 796 749 855 cito
773 811 873 868 per
914 798 1146 869 gratiam
1189 797 1391 854 Christi
1438 812 1722 872 resurgere
1763 799 2115 866 festinemus,
2160 807 2222 855 'ut

636 904 761 945 cum
788 889 906 959 ipso
931 888 985 943 in
1020 897 1223 944 aeterna
1251 889 1583 947 beatitudine
1605 891 1789 947 vivere
1823 906 2148 947 mereamur.

707 982 765 1035 2.
802 979 989 1052 Itaque
1016 979 1297 1036 laudemus
1338 982 1625 1038 Dominum
1672 984 1841 1039 Deum
1873 991 2120 1039 nostrum
2164 982 2219 1038 in

636 1071 842 1129 sanctis
897 1070 1039 1137 suis,
1083 1070 1411 1141 eosdemque
1452 1071 1692 1127 vicissim
1744 1072 2112 1129 collaudemus
2165 1081 2222 1128 et

639 1162 972 1220 houoremus
1002 1161 1056 1215 in
1104 1160 1220 1232 ipso
1241 1201 1256 1228 ,
1285 1160 1502 1233 quando
1530 1162 1746 1233 quidem
1788 1163 1900 1218 Deo
1930 1171 1986 1219 et
2018 1164 2221 1219 sanctis

638 1252 756 1324 ejus
799 1253 1039 1321 servire,
1075 1264 1204 1310 vere
1234 1262 1319 1310 est
1361 1254 1577 1321 vivere,
1625 1264 1786 1327 atque
1824 1255 1880 1311 in
1922 1256 2041 1312 hoc
2074 1255 2221 1312 omni

640 1353 886 1417 tempore
912 1358 1264 1415 permanere,
1312 1344 1609 1417 prudenter
1636 1353 1722 1401 est
1748 1344 1970 1417 laqueos
1991 1343 2219 1402 delicto-

639 1451 762 1493 rum
794 1436 1059 1492 devitare.
1091 1435 1233 1492 Ecce
1262 1446 1443 1492 autem
1472 1430 1731 1492 occurrit
1758 1436 1917 1492 nobis
1964 1436 2221 1493 hodierna

638 1527 729 1585 die
756 1526 915 1598 hujus
943 1529 1023 1584 rei
1067 1528 1408 1601 aptissimum
1438 1536 1679 1599 tempus,
1717 1527 1773 1584 in
1800 1543 1909 1600 quo
1934 1530 2223 1601 paradoxa:

636 1621 867 1693 virginis
888 1621 1227 1694 Amalbergae
1251 1620 1655 1677 memorabilem
1681 1623 1848 1702 vitam
1877 1636 2056 1678 annua
2074 1620 2224 1678 festi-

637 1713 807 1768 vitate
836 1712 1155 1780 recolimus,
1197 1726 1318 1783 quae
1347 1712 1402 1767 in
1436 1712 1540 1768 hac
1565 1713 2143 1786 peregrinatione‘Deo
2168 1722 2233 1768 et'

2323 536 2428 591 que
2478 522 2737 593 plurimas
2789 534 2844 579 et
2882 523 3212 596 largissimas
3254 526 3454 584 faciens
3490 544 3597 585 cum
3633 536 3790 592 maxima

2321 613 2613 680 hilaritate,
2638 615 2844 671 habens
2862 630 3076 687 semper
3101 618 3156 671 in
3176 618 3443 673 memoria
3473 619 3590 676 illud
3621 626 3792 693 apostoﬁ-

2321 723 2442 763 cum
2466 726 2479 763 :
2510 707 2751 764 Hilarem
2785 710 3019 765 datorem
3054 710 3223 782 diligit
3253 710 3391 767 Deus
3418 709 3502 783 (II
3546 712 3649 771 Cor.
3671 732 3723 782 rx,
3745 719 3790 789 7).

2320 796 2564 871 Cumque
2598 808 2741 855 esset
2775 801 3174 871 speciosissima
3218 817 3388 874 usque
3416 804 3542 860 adeo
3561 814 3612 860 ut
3635 804 3791 878 reliquas

2319 905 2512 948 omnes
2553 907 2650 948 sua
2692 893 3089 965 pulchritudine
3128 900 3428 966 superaret,
3454 907 3658 970 propter
3685 901 3791 958 bone-

2322 981 2543 1039 stissimi
2583 984 2828 1053 corporis
2866 987 3279 1058 praerogativam
3323 982 3458 1058 pene
3482 987 3677 1045 incurrit
3694 995 3791 1062 podi-

2322 1075 2464 1131 citiae
2500 1075 2913 1133 detrimentum.
2934 1078 3071 1133 Nam
3108 1086 3230 1135 c‘um
3265 1078 3380 1149 ejus
3405 1080 3574 1151 opinio
3595 1083 3649 1137 ad
3680 1099 3790 1156 regeri

2321 1162 2636 1242 provinciae,
2675 1171 2929 1228 Carolum
2968 1172 3117 1246 (448)
3158 1174 3429 1241 videlicet,
3475 1184 3590 1231 tunc
3622 1180 3791 1248 temporis

2323 1262 2682 1333 pervenisset,
2727 1263 2794 1330 is,
2832 1263 2950 1335 ejus
2984 1268 3169 1320 amore
3199 1266 3456 1322 continuo
3488 1275 3665 1337 captus,
3693 1271 3791 1339 cepit

2325 1367 2447 1408 cum
2501 1352 2591 1409 illa
2637 1354 3006 1411 indesinenter
3054 1356 3121 1411 de
3168 1356 3373 1427 nuptiis
3409 1372 3502 1428 per
3538 1359 3791 1413 internuntios

2325 1457 2504 1514 agere.
2528 1441 2821 1515 Postquam
2843 1459 2971 1501 vero
2994 1445 3506 1502 seusitvoluntatem
3525 1463 3651 1503 suam
3666 1451 3788 1502 abeat:

2323 1526 2557 1597 virgine,
2584 1541 2704 1597 quae
2724 1542 2784 1583 se
2810 1526 3021 1583 meliori
3046 1542 3266 1600 sponso,
3297 1528 3352 1584 id
3374 1537 3455 1584 est
3473 1527 3673 1596 Christo,
3690 1530 3789 1585 dcto-

2324 1624 2501 1683 verat,
2532 1617 2860 1674 omnimodis
2898 1618 3200 1689 reprobari,
3245 1620 3393 1690 quod
3428 1619 3735 1677 blandimentis
3758 1628 3789 1675 et

2324 1711 2777 1784 petestate'regia
2817 1726 2927 1769 non
2960 1710 3129 1767 valuit
3168 1725 3268 1782 per
3307 1712 3524 1769 insidias
3552 1721 3602 1769 et
3631 1714 3786 1784 quadra

636 1802 946 1861 hominibus
969 1803 1278 1876 gratissima
1298 1802 1528 1871 exstitit,
1555 1811 1669 1860 tum
1693 1804 2225 1878 splendore'gemiua:
2250 1813 2301 1876 Β
2331 1801 2620 1859 latrocinia
2642 1802 2886 1859 clanculo
2914 1803 3065 1859 nisus
3090 1808 3175 1858 est
3193 1802 3478 1859 attentare.
3506 1803 3570 1858 At
3594 1802 3662 1857 illa
3676 1813 3787 1858 contu

638 1896 1086 1972 pulchritudinis,
1116 1905 1229 1952 tum
1263 1897 1428 1952 etiam
1460 1896 1657 1953 merito
1684 1896 1966 1978 pudicitiae.
1985 1896 2222 1969 virgina-

638 1988 728 2047 hs.
757 1989 917 2058 llaec,
943 2005 1068 2047 cum
1096 1998 1243 2046 esset
1263 1989 1457 2061 primis
1483 1999 1601 2047 orta
1630 1990 1899 2047 natalibus
1927 1998 1981 2047 et
2004 1992 2235 2061 prepter'

636 2080 867 2138 nimium
897 2081 1141 2153 corporis
1169 2080 1421 2137 decorem
1448 2080 1702 2136 omnibus
1747 2078 2029 2145 amabilis,
2059 2077 2223 2149 elegit

639 2189 701 2232 se
745 2188 942 2231 ornare
990 2173 1273 2230 virtutum;
1301 2174 1529 2246 gemmis
1558 2173 1738 2244 pntius
1770 2187 1933 2244 quam
1981 2170 2222 2227 vestibus

637 2266 921 2341 pretiosis,
950 2265 1221 2336 vilemque
1250 2280 1310 2321 se
1366 2274 1421 2321 et
1464 2264 1847 2336 despicabilem
1894 2262 2086 2319 statuit
2122 2261 2223 2318 hu-

638 2357 815 2415 manis
838 2358 1127 2415 ostendere
1153 2355 1326 2413 oculis
1342 2397 1358 2423 ,
1385 2371 1491 2427 quo
1516 2356 1753 2428 pretiosa
1774 2363 1936 2426 atque
1954 2353 2223 2410 honestis-

638 2450 775 2506 sima
800 2448 1183 2520 conspectibus
1213 2457 1500 2520 appareret
1529 2447 1745 2504 divinis.
1783 2446 1902 2502 Non
1940 2460 2071 2502 auro
2099 2453 2220 2501 ute-

638 2543 803 2601 batur
850 2550 946 2598 aut
991 2542 1300 2613 margaritis
1318 2581 1334 2608 ,
1363 2542 1491 2613 quia
1520 2540 1728 2597 sciebat
1752 2539 2027 2596 Christum
2056 2554 2221 2609 spon-

639 2650 759 2692 sum
791 2650 948 2691 suum
984 2648 1091 2690 non
1121 2633 1187 2689 iis
1217 2631 1384 2689 fuisse
1410 2647 1567 2689 usum
1616 2633 1671 2687 in
1719 2631 1913 2697 terris;
1941 2646 2050 2687 non
2096 2646 2224 2701 pur-

636 2739 828 2798 puram
868 2723 1125 2797 diligebat
1152 2732 1246 2779 aut
1273 2724 1528 2797 hyssum,
1560 2723 1813 2794 quoniam
1860 2739 1966 2779 non
2010 2724 2224 2796 ignora-

638 2817 734 2876 bat
756 2808 980 2891 propter
1008 2814 1319 2886 hujusmodi
1361 2815 1561 2872 multos
1591 2815 1829 2888 demergi
1857 2816 1911 2870 in
1943 2815 2219 2887 abyssum.

639 2908 760 2966 Non
805 2908 1174 2965 delectabatur
1201 2896 1529 2964 rumusculis
1567 2905 1887 2978 frequentiae
1914 2905 2220 2977 popularis,

639 3000 768 3071 quia
796 3006 1067 3055 secretum
1087 2996 1263 3054 locum
1286 3004 1513 3053 noverat
1535 3010 1659 3052 esse
1676 3003 2037 3067 opportunum
2067 2992 2225 3069 [arni-

639 3091 788 3166 cum]
818 3090 1086 3147 maeroris.

2322 1897 2441 1952 haec
2476 1896 2659 1952 omnia
2687 1896 2993 1951 orationum
3021 1895 3240 1975 clypeos
3272 1900 3333 1953 et
3358 1895 3787 1975 caelestis-armum

2321 1985 2559 2043 frameas
2582 1988 2924 2044 ostendebat.
3180 1996 3185 2009 ’
3352 1988 3353 1991 “
3430 1985 3450 1989 ”

2392 2077 2447 2133 5.
2487 2077 2729 2147 Quadam
2758 2094 2890 2136 vero
2911 2079 3019 2146 die,
3051 2094 3177 2135 cum
3212 2079 3525 2136 beatissima
3547 2078 3686 2151 puella
3706 2078 3786 2133 inter

2323 2170 2654 2228 domesticos
2675 2170 2913 2243 parietes
2934 2171 3048 2228 sola
3085 2170 3373 2238 resideret,
3397 2170 3786 2243 ps'alrnos‘quenort

2323 2260 2487 2317 solito
2513 2270 2756 2329 caneret,
2783 2276 2919 2333 puer
2951 2260 3235 2341 familiaris
3265 2266 3486 2333 repente
3504 2276 3591 2333 per
3616 2259 3783 2332 postiam

2322 2352 2514 2420 irruit,
2540 2351 2886 2423 proclamans
2907 2362 2962 2409 et
2984 2352 3315 2410 annuntians
3347 2354 3519 2427 rcgem
3547 2368 3648 2409 cuni
3665 2350 3783 2407 sateli-
3836 2370 3839 2381 ι

2323 2444 2467 2500 tibus
2499 2444 2611 2500 suis
2658 2446 2848 2502 adesse
2885 2460 2998 2517 pne
3030 2445 3257 2503 foribus.
3287 2445 3441 2502 Tunc
3477 2446 3598 2519 ipsa,
3619 2444 3713 2500 nihil
3737 2441 3782 2499 td

2323 2534 2514 2602 oblita,
2562 2536 2857 2591 oratoriqu
2883 2576 2899 2604 ,
2951 2537 3094 2607 quod
3137 2537 3325 2593 domui
3367 2537 3657 2603 adhaerebat,
3688 2534 3780 2591 celeri

2323 2640 2486 2682 cursu
2506 2628 2749 2697 ingressa
2777 2634 2881 2694 est,
2907 2629 2998 2683 ubi
3020 2643 3081 2685 se
3106 2628 3255 2685 illico
3280 2644 3407 2685 cum
3436 2629 3614 2702 gemitu
3630 2626 3774 2685 etlam-

2325 2717 2429 2775 mis
2467 2719 2535 2774 ad
2568 2719 2870 2776 orationem
2896 2721 3210 2792 prostravit,
3246 2721 3412 2778 flebili
3439 2736 3559 2778 voce
3577 2722 3778 2778 obsecrans.

2325 2821 2385 2867 ut
2417 2827 2537 2868 eam
2584 2813 2844 2870 Dominus
2880 2814 2948 2869 de
2986 2804 3295 2870 imminenti
3346 2815 3573 2888 periculo
3605 2814 3776 2868 liberaret

2325 2901 2463 2958 Tum
2509 2918 2639 2959 vero
2695 2919 2809 2969 rex,
2862 2904 3089 2960 nimium
3134 2907 3476 2973 temerarius,
3522 2915 3623 2977 post
3650 2901 3778 2957 canit
3842 2942 3843 2949 η

2325 2997 2623 3053 oratorium
2668 2998 2902 3065 intrans,
2951 3000 3116 3071 coepit
3157 2998 3236 3055 illi
3285 2999 3471 3056 multis
3505 2995 3779 3054 adulationibus

2325 3088 2580 3157 blandiri,
2622 3091 2963 3164 honoresque
3010 3094 3335 3164 promittere
3405 3092 3689 3165 temporales,
3721 3099 3777 3155 (l'0

711 3183 768 3240 3.
818 3182 992 3240 Porro
1043 3190 1262 3251 autem,
1312 3180 1382 3239 iis
1428 3179 1786 3253 contemptis,
1847 3177 2003 3250 longe
2066 3177 2224 3235 aliter
2246 3172 2296 3239 ϐ
2324 3182 2411 3239 vel
2439 3182 2553 3239 suis
2577 3199 2696 3239 eam
2714 3184 3155 3256 persuasionibus
3175 3172 3519 3259 acquiescere
3540 3185 3708 3241 faceret.
3725 3180 3778 3232 Ve-

637 3272 957 3339 factitabat;
990 3287 1115 3328 nam
1137 3313 1152 3340 ,
1183 3285 1283 3344 pro
1310 3272 1557 3345 cognatis
1590 3280 1647 3327 et
1673 3271 1865 3328 amicis
1894 3269 2074 3326 saeculi
2092 3310 2108 3337 ,
2133 3268 2220 3325 di-

639 3366 841 3439 ligebat
860 3380 1129 3438 pauperes
1151 3364 1388 3431 Christi;
1416 3380 1516 3436 pro
1545 3379 1678 3422 auro
1704 3356 1870 3435 atque
1890 3363 2219 3435 margaritis,

640 3458 938 3515 ornabatur
981 3456 1266 3513 sententiis
1293 3456 1554 3514 doctrinae
1600 3456 1931 3529 spiritualis;
1963 3471 2062 3528 pro
2090 3457 2221 3529 bys-

642 3547 779 3606 sinis
805 3548 1203 3620 purpureisque
1225 3548 1466 3605 vestibus
1483 3589 1498 3615 ,
1530 3548 1713 3605 cinere
1742 3556 1798 3604 et
1830 3548 2002 3606 silicio
2027 3548 2220 3604 uteba-

642 3648 761 3704 tur;
788 3653 887 3710 pro
913 3637 1219 3710 frequentia
1255 3639 1535 3711 populari,
1560 3654 1724 3711 quam
1755 3639 1971 3711 penitus
1999 3654 2221 3710 respue-

642 3730 773 3795 bat,
821 3729 877 3783 in
923 3728 1169 3785 excubiis
1217 3730 1541 3801 templorum
1592 3729 1838 3795 Domini,
1887 3730 2029 3786 circa
2069 3744 2225 3786 sacra

643 3819 844 3875 alt’aria
874 3818 1080 3875 orando
1118 3828 1175 3875 et
1205 3820 1479 3893 vigilando
1520 3821 1723 3893 jugiter
1750 3823 2085 3878 morabatur.
2123 3821 2227 3879 Ve-

643 3928 763 3969 rum
789 3912 1061 3982 quomodo
1089 3921 1144 3967 et
1168 3912 1317 3983 quali
1365 3913 1557 3969 ordine
1599 3914 1667 3969 ad
1700 3921 1901 3970 tantam
1931 3914 2226 3985 disciplinae

643 4003 879 4062 caelestis
907 4004 1215 4075 pervenerit
1254 4020 1519 4061 summam
1546 4021 1652 4063 non
1676 4016 1761 4061 est
1797 4006 2011 4062 silentio
2049 4016 2226 4062 trans-

640 4100 876 4157 eundum
920 4108 1145 4171 propter
1178 4098 1483 4171 exemplum
1521 4100 1720 4154 bonum
1742 4141 1756 4166 ,
1787 4109 1842 4155 et
1865 4110 2087 4172 propter
2112 4115 2229 4155 rne-

641 4190 871 4247 ritorum
917 4188 1033 4260 ejus
1069 4190 1288 4262 dignum
1339 4191 1649 4246 narratione
1694 4192 2045 4263 praeconium.
2092 4191 2225 4249 Erat

641 4282 841 4353 quippe
872 4281 988 4337 haec
1012 4281 1361 4352 pudicissima
1391 4281 1564 4352 puella
1589 4282 1642 4336 in
1664 4281 1980 4339 haereditate
2009 4291 2223 4352 patrum

639 4389 859 4430 suorum
914 4373 1247 4444 temporibus
1301 4372 1638 4428 Francorum
1689 4373 2030 4444 principum,
2088 4388 2224 4444 quos

638 4466 856 4539 quidem
904 4479 936 4520 a
980 4465 1174 4523 Carolo
1202 4465 1394 4537 Magno
1418 4465 1699 4524 Carolidas
1723 4484 2010 4540 possumus
2041 4468 2224 4542 appel-

639 4558 781 4625 lare,
809 4558 901 4630 qui
921 4597 935 4623 ,
963 4557 1033 4614 ob
1061 4558 1385 4628 multiplices
1405 4559 1659 4616 victorias
1703 4570 1759 4616 et
1803 4561 2136 4618 admittenda
2162 4565 2220 4619 in
2243 4553 2299 4619 D

643 4652 954 4707 Christiana
985 4652 1246 4722 religione
1291 4651 1503 4719 studia,
1536 4652 1625 4709 hic
1652 4653 1799 4710 solus
1833 4655 1977 4711 inter
2000 4666 2225 4714 caeteros

642 4741 963 4797 vocabulum
988 4742 1321 4813 promeruit,
1354 4751 1412 4798 ut
1436 4744 1631 4799 merito
1658 4760 1882 4815 magnus
1912 4756 1968 4803 et
1990 4749 2226 4818 optimus

638 4837 927 4893 diceretur.

707 4929 761 4984 4.
808 4929 1033 4999 llorum,
1058 4940 1117 4986 ut
1142 4932 1344 4987 dictum
1380 4940 1486 4997 est,
1517 4931 1573 4986 in
1610 4931 1800 4989 diebus
1828 4943 2014 4990 sancta
2040 4944 2094 4991 et
2114 4936 2225 4993 Deo

639 5026 835 5098 placita
876 5027 1027 5100 virgo
1064 5028 1407 5098 Amelherga,
1452 5028 1719 5085 defunctis
1738 5029 1849 5100 jam
1884 5034 2219 5103 parentibus,

638 5119 692 5174 in
731 5119 1092 5190 possessione,
1123 5136 1242 5191 qua:
1268 5119 1321 5177 ei
1349 5136 1506 5177 secus
1542 5121 1788 5179 Scaldam
1816 5122 2034 5182 ﬂuvium
2073 5127 2227 5184 latis-

641 5213 773 5269 sima
812 5228 878 5268 ex
905 5214 1313 5286 progenitorum
1344 5215 1688 5273 successione
1710 5228 2057 5288 provenerat,
2096 5236 2221 5277 cum

638 5304 799 5362 unico
838 5304 1007 5362 fratre
1058 5321 1158 5365 suo
1198 5305 1601 5380 religiosissime
1638 5313 2036 5381 commonebat,
2075 5313 2219 5387 jeju-

711 5458 876 5547 (448).
900 5460 1012 5547 Hic
1056 5462 1224 5547 clare.
1244 5464 1566 5547 exprimitur
1611 5481 1807 5525 nomen
1846 5469 2038 5547 Caroli
2076 5475 2221 5544 quod

638 5530 1073 5618 plaue'aberat‘a
1108 5530 1411 5618 mdicenillo
1439 5553 1546 5607 quo
1571 5553 1701 5596 usus
1734 5549 1817 5596 est
1839 5530 2220 5618 Mabillon'ius;

643 5612 701 5657 at
725 5617 874 5668 vero,
903 5602 1047 5673 quod
1081 5620 1244 5677 supra
1275 5602 1608 5676 dicebamus,
1631 5626 1737 5667 non
1778 5612 1959 5670 minus
1974 5617 2042 5671 ad
2077 5602 2223 5674 Mar?-

642 5671 830 5728 tellum
869 5673 1062 5747 referri
1101 5686 1296 5747 potest,
1342 5694 1506 5747 quam
1543 5681 1610 5737 ad
1653 5681 1907 5738 Carolum
1946 5686 2223 5747 Magnum.

643 5694 830 5728 teruuu
868 5694 1062 5756 rerert't
1101 5694 1296 5747 pOteSI,
1342 5694 1506 5749 quam
1543 5694 1610 5737 ad
1653 5694 1907 5738 Carolum
1946 5694 2223 5758 Magnum,

640 5758 765 5801 nam
786 5752 841 5800 et
865 5744 956 5804 ille
979 5761 1132 5818 asque
1153 5760 1217 5804 ac
1236 5747 1374 5807 alius
1401 5747 1503 5808 fuit
1522 5752 1590 5809 de
1631 5754 1801 5827 stirpe
1823 5754 2224 5829 Carolidarum,

2324 3292 2445 3332 rum
2475 3276 2566 3332 illa
2614 3293 2872 3349 sponsum
2919 3295 3078 3352 quem
3105 3280 3347 3353 elegerat
3388 3280 3526 3338 nullo
3559 3277 3778 3335 mododera-

2324 3368 2571 3441 linquere
2605 3371 2810 3437 volens,
2849 3374 3067 3445 jacebat
3101 3374 3418 3451 immobilis,
3457 3383 3509 3431 et
3540 3375 3602 3429 ita
3633 3371 3710 3426 solo
3730 3369 3777 3421 de

2326 3464 2434 3520 fixa
2464 3481 2529 3522 ac
2561 3465 2607 3522 si
2641 3466 2972 3536 quibuslibet
3000 3466 3276 3525 radicibus
3317 3470 3559 3541 implicita
3591 3473 3773 3522 teneretur-

2325 3557 2620 3631 Postquam
2641 3569 2819 3616 autem
2843 3576 2940 3617 rex
2955 3570 3150 3618 cuncta
3171 3561 3529 3620 blandimenta
3544 3551 3775 3633 (ςαηίιοιιυῐι)

2326 3648 2593 3717 adhibuit,
2620 3650 2863 3722 nihilque
2893 3666 2952 3708 se
2971 3652 3240 3722 proiicere
3264 3654 3426 3719 vidit,
3450 3652 3620 3724 regiam
3636 3642 3773 3703 auctor

2328 3750 2496 3799 tatem
2526 3743 2689 3800 vertit
2722 3744 2775 3799 in
2808 3745 3160 3801 saevissimam
3194 3748 3540 3819 tyrannidem,
3568 3748 3775 3809 amputat

2326 3835 2444 3906 ejus
2480 3851 2641 3891 manu
2685 3835 2947 3893 violenter
2978 3838 3123 3893 illam
3173 3838 3327 3897 foras
3357 3839 3553 3895 trahere
3571 3831 3772 3891 conabatur-

2328 3923 2437 3980 Sed
2474 3941 2594 3981 cum
2627 3927 2789 3981 etiam
2830 3927 2903 3982 ita
2945 3928 3125 3985 nullus
3156 3944 3282 3984 eum
3317 3936 3605 4001 sequeretur
3626 3921 3770 3979 simas.

2328 4017 2544 4073 tandem
2566 4018 2757 4089 puellae
2780 4019 3063 4076 brachium
3088 4020 3309 4078 fortiter
3337 4021 3604 4081 excutiens,
3632 4022 3770 4070 stimulr

2327 4124 2433 4181 que
2461 4110 2514 4165 vi
2543 4114 2821 4185 torquens,
2858 4112 3033 4168 fracto
3060 4113 3345 4187 virginalis
3369 4113 3561 4170 humeri
3580 4120 3670 4164 osse
3688 4098 3769 4172 ςυδί

2325 4202 2419 4274 qui
2457 4218 2516 4259 se
2540 4204 2889 4273 vindicasset,
2910 4205 3194 4263 abscessit.

2395 4295 2451 4351 6.
2481 4295 2631 4353 Tunc
2675 4296 2786 4364 illa,
2830 4306 2891 4353 ut
2924 4306 3044 4354 erat
3086 4299 3410 4366 tenerrima,
3446 4297 3510 4354 ob
3545 4280 3768 4350 vulneriSS'li
3830 4290 3831 4366 γ

2325 4391 2707 4462 gravissimum
2738 4390 2995 4461 dolorem,
3028 4407 3216 4449 coram
3260 4394 3481 4450 Domino
3507 4379 3767 4458 aliquantulam

2326 4483 2544 4552 quidem
2572 4481 2754 4551 ﬂevit;
2790 4485 2973 4541 tandiu
3019 4493 3199 4543 autem
3243 4488 3434 4554 oravit,
3462 4487 3605 4542 donec
3635 4484 3767 4547 sponsi“

2324 4589 2455 4632 suus
2508 4575 2759 4633 Christus
2825 4579 3071 4645 adesset,
3122 4592 3353 4651 eamque
3402 4577 3605 4635 sanitate
3648 4570 3765 4633 inti?"
3826 4650 3827 4653 η

2325 4677 2674 4725 restauraret.
2708 4669 2787 4724 Ex
2836 4669 2927 4726 illa
2973 4679 3156 4728 autem
3202 4672 3291 4729 die
3340 4671 3525 4727 nullum
3569 4659 3765 4745 amb”?

2323 4773 2483 4831 passa
2513 4767 2599 4815 est
2626 4760 2859 4830 amplius
2895 4770 3219 4829 amatorem,
3269 4764 3364 4819 sed
3409 4761 3556 4817 libere
3592 4756 3632 4809 in
3665 4756 3764 4816 ερορὲι

2324 4854 2408 4909 sui
2435 4854 2648 4910 Domini
2682 4856 2851 4911 nostri
2876 4854 3003 4912 Jesu
3033 4856 3237 4914 Christi
3267 4858 3530 4914 dilectione
3563 4837 3761 4922 permansit

2325 4945 2371 5002 Ο
2422 4946 2553 5002 felix
2601 4944 3015 5005 commercium!
3049 4947 3095 5006 Ο
3143 4952 3367 5007 nimium
3414 4947 3609 5021 prudens
3640 4931 3762 4993 dedit

2331 5040 2421 5097 ubi
2445 5055 2539 5096 rex
2566 5024 2834 5114 terraepro
2849 5042 3107 5100 Creatore
3130 5044 3253 5101 cteli
3268 5054 3321 5100 et
3334 5053 3479 5099 terra:
3506 5027 3760 5093 contemnitur.

2330 5132 2422 5187 ubi
2456 5130 2603 5189 Deus
2643 5149 2741 5204 pro
2786 5134 3003 5191 homine
3031 5136 3332 5201 adamatur,
3374 5133 3458 5188 ubi
3486 5143 3567 5200 pro
3604 5123 3681 5176 luto
3706 5114 3761 5166 is”

2329 5224 2584 5281 caelestes
2622 5225 2822 5281 divitiae
2843 5227 3267 5296 conquiruntur!
3295 5224 3338 5284 0
3367 5220 3631 5281 beatissima
3661 5208 3758 5296 τίτέθν

2328 5318 2376 5374 si
2411 5313 2637 5376 multum
2665 5319 2761 5374 tibi
2805 5294 3109 5377 sublimitas
3135 5321 3346 5392 generis
3374 5315 3546 5378 obfuit,
3582 5314 3649 5363 aut
3666 5294 3760 5354 uallo

2329 5443 3757 5573 ςξξιὶεξηιέἐῖὶνρῑξιξ,ρςὲξίηςιξτέιιιςξιηξςε,ξείξριῑῖφὲιῖμῗ

2331 5528 2539 5639 dicaLur
2695 5528 3004 5639 immani,
3038 5528 3165 5639 nam
3204 5560 3266 5636 et
3301 5549 3420 5639 διίρὶ
3460 5528 3753 5639 mastigia“:

2330 5632 2412 5706 est
2452 5622 2677 5705 Carolus
2704 5610 3021 5717 'Mag'tel‘lus.
3052 5623 3332 5717 lleuricius

2332 5695 2385 5749 in
2408 5696 2655 5771 versione
2680 5691 3053 5771 sua'ﬂandrica
3078 5693 3352 5771 exprimit,
3369 5701 3511 5761 quem
3530 5694 3606 5753 ego
3621 5682 3657 5728 in
3672 5682 3694 5722 η

2332 5765 2516 5822 codice
2545 5765 2709 5821 latino
2740 5762 2980 5836 rEperire
3025 5781 3114 5825 me
3141 5762 3373 5825 memini.

3841 3056 3843 3207 Ψ

3839 3272 3841 3411 l

3841 3056 3843 3207 ψ

3839 3272 3841 3411 ψ

3835 3692 3837 3819 φ
