3920 6426
137 405 249 465 553

1291 389 1657 455 SERMONES
1694 392 1780 449 ET
1820 391 2148 450 llOMlLlE.
2548 407 2574 434 ι
3277 359 3406 581 557‘

1306 518 1527 580 propter
1543 506 1712 562 Deum
1739 510 1787 569 Α
1815 505 2018 575 absque
2043 502 2347 567 formidine,
2389 516 2579 573 pacem
2620 502 2825 572 absque
2866 498 3220 563 dissensione,
3270 498 3388 555 dul-

132 519 315 592 magis
335 524 427 572 tua
449 502 743 587 spontanea
764 509 1015 582 dejectio,
1035 518 1090 567 et
1109 524 1288 566 carnis
1306 518 1527 580 propter
1543 506 1712 562 Deum
1739 510 1787 569 Α
1815 505 2018 575 absque
2043 502 2347 567 formidine,
2389 516 2579 573 pacem
2620 502 2830 592 absque
2866 498 3220 592 dissensione,
3270 498 3388 592 dul-

130 609 397 667 contritio
423 596 641 679 posuit?
679 603 738 660 Si
772 603 1027 675 splendor
1052 611 1155 658 tua:
1183 594 1599 672 pulchritudinis
1626 613 1713 667 pe-
1776 645 1790 661 ,

129 702 370 759 riculum
400 696 669 763 incurrit,
720 706 777 751 et
814 703 1153 766 contemptus
1202 693 1363 763 regiae
1414 690 1714 762 maiestatis

126 789 365 863 perenni
394 797 446 843 te
470 788 639 860 glorja
666 786 962 841 coronavit.
992 784 1049 839 Si
1080 783 1145 838 ad
1168 783 1358 837 horam
1385 780 1566 850 passio
1594 794 1715 835 con-

131 879 403 941 tristavit,
451 886 505 931 at
548 875 641 930 tibi
680 874 805 929 inde
871 872 1278 929 contubernium
1326 878 1625 942 martyrum
1663 877 1719 923 et

129 969 357 1039 requies
407 966 733 1035 sempiterna
778 962 1044 1035 provenit.
1100 962 1241 1017 Ecce
1283 974 1424 1015 nunc
1468 958 1716 1013 omnibus

129 1077 263 1131 quae
289 1061 342 1115 in
371 1060 477 1114 hac
501 1057 610 1112 vita
650 1055 966 1111 desiderasti
990 1052 1310 1124 perfrueris,
1337 1049 1591 1121 quoniam
1622 1064 1717 1113 rex

128 1164 329 1222 regum
369 1157 426 1203 et
461 1146 723 1203 Dominus
745 1144 1133 1200 dominantium
1157 1139 1461 1211 concupivit
1482 1139 1714 1209 speciem

124 1247 313 1304 tuam,
344 1246 525 1307 tuque,
548 1251 582 1291 o
600 1233 979 1304 augustissima
1008 1232 1215 1304 regina,
1231 1230 1441 1285 assistis
1462 1246 1493 1284 a
1515 1229 1718 1284 dextris

125 1327 257 1398 ejus
281 1327 333 1381 in
369 1326 565 1381 vestitu
598 1325 856 1380 deaurato
885 1321 1218 1378 circumdata
1262 1320 1519 1375 varietate
1543 1318 1713 1390 (449).

209 1416 265 1469 7.
308 1414 462 1469 Nunc
487 1413 653 1484 igitur
683 1413 815 1467 inte
844 1411 998 1475 ﬁdes,
1035 1424 1176 1481 spes,
1225 1408 1464 1463 charitas
1492 1406 1714 1478 fulgent,

122 1506 418 1563 humilitas
473 1512 680 1576 regnat,
738 1503 996 1573 patientia
1045 1501 1378 1571 triumphat,
1435 1500 1717 1569 virginitas

123 1598 355 1661 candet,
397 1594 653 1664 pudicitia
688 1593 845 1658 nitet,
886 1592 1171 1662 prudentia
1208 1590 1485 1653 discernit,
1515 1598 1717 1659 tempe-

122 1685 314 1739 rantia
366 1684 694 1748 moderatur,
744 1680 1003 1735 fortitudo
1054 1688 1291 1749 superat,
1336 1678 1544 1749 justitia
1572 1677 1716 1748 judi-

119 1783 243 1838 cat,
279 1783 463 1844 atque,
491 1780 551 1827 ut
574 1772 841 1842 epilogum
870 1770 1155 1836 faciamus,
1181 1771 1439 1824 virtutum
1473 1769 1713 1824 omnium

1814 596 2057 651 cedinem
2084 596 2285 663 absque
2306 593 2683 655 amaritudine,
2731 589 3037 646 satietatem
3067 591 3269 660 absque
3291 584 3398 643 (ιθ-⁷

1814 682 2069 739 fectionc.
2108 681 2222 736 Lux
2257 682 2349 736 tibi
2374 681 2488 735 sine
2522 679 2755 734 tenebris
2778 677 2937 738 lucet,
2971 676 3232 731 munditia
3265 676 3383 730 sine

1813 771 2215 841 inquinamento
2269 767 2599 837 resplendet;
2655 775 2821 821 totam
2883 765 3049 819 habes
3115 763 3378 833 requiem,

1815 868 1985 915 totam
2004 858 2248 928 possides
2274 858 2464 922 vitam,
2491 870 2610 927 quae
2638 870 2737 911 nec
2763 853 3132 910 lassitudinem
3159 854 3383 923 pateris,

1815 965 1917 1005 nec
1946 948 2105 1003 morti
2143 946 2469 1003 succumbis.

1885 1038 1938 1094 8.
1971 1038 2109 1106 Quid
2139 1052 2268 1108 ergo
2313 1036 2546 1093 melius?
2572 1036 2700 1106 quid
2733 1035 3069 1105 jucundius?
3101 1034 3242 1108 Opes
3280 1046 3393 1093 ter-

1815 1143 1978 1184 renas
2006 1135 2097 1182 aut
2124 1127 2350 1182 fortume
2379 1137 2494 1181 rota
2542 1129 2827 1193 subtrahit,
2855 1137 2945 1182 aut
2980 1129 3218 1184 conditio
3246 1144 3392 1185 mor-

1816 1220 2040 1275 talitatis
2067 1228 2388 1288 extorquet;
2422 1219 2703 1275 thesauros
2731 1234 2860 1274 vero
2884 1220 3133 1275 caelestes
3162 1220 3276 1289 ipsa
3307 1223 3389 1277 sui

1816 1311 2147 1380 perpetuitas
2189 1311 2383 1380 Oppido
2426 1310 2869 1378 concupiscibiles
2916 1309 3063 1365 facit.
3112 1310 3218 1368 Hos
3253 1321 3332 1382 tu,
3359 1328 3394 1367 ο

1814 1400 2123 1455 beatissima
2149 1400 2319 1469 virgo,
2344 1416 2464 1453 cum
2490 1399 2712 1470 angelis,
2735 1410 2956 1469 propter
2982 1399 3220 1456 caelibem
3244 1410 3393 1456 tuam

1813 1488 2014 1543 vitam:
2041 1495 2161 1543 cum
2177 1487 2450 1557 apostolis,
2476 1498 2696 1557 propter
2716 1487 2873 1543 fidem
2889 1489 3242 1557 catholicam;
3268 1506 3393 1546 cum

1815 1580 2166 1650 martyribus,
2218 1588 2440 1648 propter
2493 1579 2756 1650 passionis
2812 1581 3203 1647 constantiam;
3264 1594 3392 1641 eum

1817 1668 2237 1735 confessoribus,
2280 1678 2499 1739 propter
2528 1670 2898 1723 innocentiam
2953 1678 3194 1725 sanctam
3222 1686 3236 1736 ;
3269 1686 3390 1725 cum

1819 1760 2138 1829 virginibus,
2185 1768 2409 1829 propter
2460 1758 2749 1827 specialem
2786 1759 3045 1828 corporis
3093 1770 3148 1815 et
3195 1761 3394 1815 animae

122 1862 190 1916 in
222 1872 278 1917 te
322 1828 377 1919 e't
430 1878 461 1915 a
520 1870 572 1915 te
607 1828 805 1916 .militia
860 1860 1187 1916 continetur.
1249 1858 1612 1926 Quamobrem
1658 1860 1712 1913 in

1821 1828 2128 1920 pudicitiam
2153 1890 2169 1916 ,
2200 1828 2327 1904 vere
2357 1865 2519 1915 nunc,
2566 1850 2795 1918 patriam
2844 1862 2989 1904 tuam
3020 1859 3142 1922 post
3182 1852 3391 1917 limina,

121 1964 338 2009 aeterna
366 1954 698 2009 be2titudine
722 1953 862 2009 bona
908 1952 1214 2015 ineffabilia,
1247 1966 1353 2006 non
1388 1951 1559 2006 solum
1590 1950 1717 2005 bea-

124 2044 358 2099 tissimis
378 2043 547 2098 oculis
588 2043 760 2109 vides,
805 2050 860 2098 et
896 2041 1224 2097 felicissimis
1266 2042 1515 2097 manibus
1541 2049 1714 2107 tenes,

124 2149 330 2189 verum
360 2134 529 2189 etiam
567 2133 762 2203 reliqui
785 2147 975 2203 sensus
1005 2132 1189 2186 eadem
1230 2130 1483 2187 felicitate
1522 2129 1714 2184 fruun-

126 2231 241 2277 tur.
289 2221 421 2276 Nam
452 2230 505 2278 et
528 2201 701 2277 beatis
728 2201 1214 2276 auribus'caalcste
1247 2234 1508 2289 organum
1539 2219 1714 2285 audis,

124 2321 185 2367 et
204 2311 343 2367 laeto
370 2327 465 2367 ore
510 2328 706 2368 novum
747 2314 1017 2369 canticum
1065 2313 1250 2376 canis,
1301 2319 1356 2367 et
1404 2311 1722 2366 venerandis

122 2403 357 2457 naribus
384 2418 651 2474 perennes
690 2404 850 2459 modo
884 2403 1102 2458 delicias
1128 2403 1342 2458 oderas.
1390 2403 1573 2472 itaque
1614 2418 1719 2458 non

126 2493 244 2547 erit
267 2493 494 2548 ulterius
519 2494 660 2563 quod
687 2495 779 2548 tibi
807 2493 1218 2550 sollicitudinem
1246 2493 1441 2563 pariat,
1466 2493 1550 2548 vel
1577 2494 1722 2563 quod

124 2581 461 2635 anxietatem
488 2583 760 2652 importet.
788 2583 968 2640 Habes
998 2584 1195 2653 quippe
1225 2583 1479 2653 gaudium
1509 2582 1718 2654 absque

122 2672 377 2739 tristitia,
406 2672 815 2729 delectationem
849 2674 1053 2745 absque
1088 2674 1326 2739 fastidio,
1369 2674 1716 2730 securitatem

202 2821 469 2894 (4l9)llic
491 2822 634 2877 sistit
653 2822 1142 2894 Mahilloniieditio,
1166 2825 1472 2894 suppressis
1500 2824 1714 2879 duobus

122 2892 490 2961 sequentibus
518 2894 774 2958 numeris,
801 2892 947 2950 forte
979 2896 1122 2965 quod
1164 2892 1248 2950 ad'
1268 2892 1547 2950 historiam
1583 2895 1716 2950 nihil

140 3093 1169 3118 —-—-—-————_—p

1821 1951 2087 2013 repetens,
2131 1940 2468 1995 haereditario
2523 1942 2645 2011 jure
2686 1942 2996 2011 participas,
3042 1952 3095 1998 et
3140 1944 3393 2015 gloriaris

1818 2033 1873 2088 in
1909 2046 2106 2102 sponso
2151 2040 2244 2086 tuo
2287 2029 2415 2087 Jcsu
2470 2031 2686 2088 Christo
2730 2031 2959 2088 Domino
3004 2044 3191 2090 nostro
3229 2052 3242 2089 :
3295 2052 3393 2106 per

1817 2136 1978 2193 quem
2007 2127 2061 2175 te
2086 2135 2306 2176 oramus
2353 2136 2415 2176 ac
2443 2120 2757 2191 suppliciter
2783 2130 3041 2192 petimus,
3071 2131 3131 2176 ut
3163 2140 3260 2194 pro
3297 2141 3395 2180 no-

1822 2214 1908 2269 bis
1933 2216 2072 2284 apud
2104 2215 2277 2284 ipsum
2324 2215 2659 2272 intercedere
2709 2231 2813 2272 non
2852 2216 3100 2282 desistas,
3129 2218 3221 2287 qui
3250 2226 3305 2274 te
3342 2217 3400 2273 in

1829 2303 1930 2358 hac
1959 2304 2286 2358 mortalitate
2334 2303 2409 2358 ita
2444 2305 2734 2370 roboravit,
2785 2317 2844 2359 ut
2892 2320 3071 2376 regem
3123 2316 3396 2361 terrenum

1829 2392 2096 2447 castitatis
2129 2393 2297 2461 gloria
2332 2393 2592 2458 vinceres,
2621 2403 2675 2448 et
2719 2393 3052 2451 infernarum
3097 2396 3396 2467 principem

1827 2481 2095 2536 diabolum
2126 2483 2412 2537 sanctitate
2440 2485 2708 2555 praecipua
2743 2501 3049 2555 superares,
3095 2487 3391 2543 auxiliante

1827 2573 1964 2643 ipso,
2022 2574 2112 2643 qui
2167 2588 2289 2627 cum
2338 2573 2500 2629 Patre
2553 2584 2607 2630 et
2661 2575 2862 2646 Spiritu
2913 2586 3102 2633 sancto
3141 2579 3402 2651 gloriatur

1825 2666 1987 2733 Deus,
2013 2684 2113 2739 per
2139 2669 2324 2724 omnia
2359 2669 2550 2725 saecula
2579 2669 2919 2726 saaculorum.
2947 2670 3141 2726 Amen.

1822 2822 2057 2904 conferri
2100 2823 2203 2879 visi
2259 2823 2398 2891 sint;
2441 2838 2542 2880 nos
2589 2824 2724 2881 nihil
2765 2822 3191 2881 subtrahendum
3243 2831 3399 2896 puta¢

1822 2909 2016 2949 vimus.

669 3205 1085 3307 HOMILIA
1143 3206 1215 3306 S.
1272 3204 1706 3305 RADBODI
1770 3202 1902 3304 DE
1956 3206 2327 3307 SANCTO
2383 3209 2872 3310 LEBWINO.

1300 3406 1393 3469 (Ex
1428 3405 1534 3457 Sur.
1560 3404 1683 3455 Vita:
1711 3406 1799 3457 SS.
1824 3404 1992 3470 Suppl.
2018 3406 2076 3462 12
2095 3405 2242 3468 Nov.)

207 3683 368 3755 Saepe
388 3680 668 3754 contingit,
695 3681 890 3737 fratres
911 3678 1240 3744 charissimi,
1267 3689 1327 3734 ut
1369 3679 1510 3737 inter
1531 3681 1717 3751 epulas

122 3788 297 3854 grata
320 3779 390 3834 sit
409 3776 815 3833 convivantibus
856 3773 1095 3830 fabulosa
1126 3774 1389 3839 narratio,
1418 3782 1472 3830 et
1499 3790 1717 3845 oppres-

1821 3677 1993 3735 lorum
2015 3694 2079 3734 ex
2110 3696 2226 3751 ipso
2255 3681 2473 3751 pietatis
2497 3696 2608 3737 sme
2642 3680 2874 3752 cophino
2899 3679 3169 3754 prolatum
3200 3702 3401 3758 repra-

1822 3778 2022 3826 sentat.
2067 3769 2219 3837 Quod
2249 3771 2374 3825 dum
2423 3772 2614 3827 devote
2636 3772 2927 3838 vescimur,
2964 3773 3256 3831 salubriter
3278 3793 3405 3832 esu~

127 3887 263 3929 sum
289 3870 426 3927 cibis
450 3867 759 3925 carnalibus
785 3866 1025 3921 animum
1054 3864 1309 3936 quaelibet
1337 3865 1712 3935 figmentorum
1743 3896 1787 3958 Ο
1823 3861 2011 3927 rimus,
2037 3856 2406 3932 copiosissime
2447 3855 2739 3933 pascimur,
2789 3861 3038 3919 hilariter
3075 3864 3405 3922 exultamus.

123 3973 497 4037 persequatur
536 3961 764 4027 esuries,
813 3960 1046 4030 dumque
1094 3959 1177 4015 sui
1226 3960 1390 4015 oblita
1438 3976 1609 4026 mens,
1648 3961 1714 4016 ad

127 4066 355 4125 tempus
381 4052 451 4108 ob
471 4051 821 4123 repletionem
868 4050 1111 4120 corporis
1133 4050 1418 4105 obsonium
1440 4052 1717 4125 spirituale

126 4124 369 4206 fastidit,
412 4140 582 4211 magis
619 4145 840 4210 appetat
878 4138 1086 4208 species
1136 4139 1457 4204 vanitatum,
1519 4124 1717 4209 quibus

126 4243 298 4285 aures
321 4228 501 4287 carnis
530 4228 761 4283 oblectet
786 4242 945 4297 quam
996 4226 1251 4282 doctrinae
1284 4226 1518 4284 caelestis
1538 4228 1719 4284 dulce-

126 4321 339 4384 dinem,
367 4334 473 4389 qua
520 4327 869 4374 nauseantem
912 4318 1145 4373 animam
1208 4334 1333 4373 vera
1360 4328 1415 4373 et
1458 4329 1716 4390 perpetua

126 4410 406 4466 suavitate
433 4409 659 4464 reficiat.
701 4409 898 4466 Verum
926 4408 1080 4465 nobis
1112 4412 1165 4463 in
1212 4411 1463 4480 praesenti
1487 4409 1718 4467 lectione

125 4500 309 4556 multo
354 4500 513 4556 aliter
553 4502 773 4557 evenire
800 4541 817 4567 ,
857 4498 1104 4557 laetamur
1128 4543 1142 4568 ,
1179 4503 1271 4572 qui
1322 4512 1524 4572 quanto
1575 4503 1716 4567 hanc

125 4590 432 4645 solemnius
452 4606 579 4647 aure
599 4591 779 4647 carnis
806 4592 1153 4661 percipimus,
1185 4600 1334 4647 tanto
1362 4606 1480 4646 eam
1509 4592 1718 4648 avidius

124 4682 187 4736 in
228 4696 296 4737 eo
331 4681 571 4748 edamus,
616 4692 776 4752 atque
826 4682 1058 4753 idipsum
1110 4684 1251 4753 quod
1291 4686 1552 4741 sumimus
1597 4696 1718 4756 post

123 4769 501 4824 venerandam
551 4772 786 4826 esuriem
839 4772 1108 4826 satietatis
1169 4772 1496 4842 opulentiam
1526 4815 1541 4841 ,
1597 4784 1721 4845 post

125 4858 351 4913 felicem
402 4858 743 4926 satietatem,
805 4859 1098 4915 redivivam
1152 4864 1384 4918 esuriem
1461 4864 1534 4919 iu'
1563 4864 1720 4921 nobis

124 4964 330 5005 creare
346 4964 449 5003 non
472 4949 798 5005 dubitamus.
822 4949 1030 5021 Itaque,
1050 4961 1109 5005 ut
1131 4950 1468 5007 manifestius
1487 4954 1715 5021 eluceat,

122 5052 258 5108 qua:
289 5037 370 5107 (ut
396 5037 610 5109 dicitur)
647 5039 869 5109 cupedia
916 5039 1285 5108 spiritualibus
1325 5040 1587 5099 famelicis
1617 5046 1719 5102 hoc

123 5125 466 5182 narrationis
484 5142 679 5196 genere
701 5128 1106 5198 promittantur,
1129 5139 1400 5199 ponantur
1420 5130 1532 5200 jam
1559 5149 1720 5204 super

124 5214 414 5272 cmlestem
472 5230 713 5272 mensam
765 5216 969 5273 fercula
1016 5217 1221 5274 deliciis
1257 5219 1507 5277 omnibus
1562 5222 1718 5294 hujus

122 5304 322 5361 saeculi
356 5304 617 5375 gratiora,
644 5321 713 5361 ex
739 5307 934 5377 quibus
955 5307 1305 5363 suavissimas
1325 5310 1447 5365 vitae
1464 5313 1718 5381 perennis

1820 3948 1916 4005 llis
1956 3959 2356 4021 consequenter
2398 3950 2704 4023 adiungitur
2753 3953 3011 4010 habitudo
3042 3958 3241 4011 mentis
3286 3956 3375 4027 pul

1823 4041 2112 4106 cherrima,
2173 4040 2432 4096 fortitudo
2483 4043 2701 4109 invicta,
2747 4043 2894 4098 salus
2938 4030 3213 4112 continua,
3271 4062 3369 4101 con

1823 4142 2055 4203 temptas
2106 4129 2312 4201 mundi,
2372 4135 2639 4205 appetitus
2703 4134 3021 4201 caelestium,
3076 4137 3384 4195 desideriun

1821 4221 2145 4278 futurorum.
2169 4223 2431 4290 Quocirca
2452 4232 2664 4295 oportet
2680 4238 2777 4278 nos
2799 4227 3152 4296 perpendere,
3181 4227 3379 4284 fratres

1820 4324 2035 4385 quanta:
2086 4316 2195 4370 sint
2243 4316 2450 4371 delicia:
2495 4332 2613 4386 quae
2656 4317 3024 4387 porriguntur,
3079 4327 3138 4373 ut
3182 4320 3387 4377 easdem

1822 4421 2037 4461 sumere
2066 4404 2223 4460 avido
2271 4407 2435 4462 corde
2463 4423 2567 4461 non
2593 4404 2900 4463 differamus
2931 4425 2944 4462 :
2995 4408 3190 4480 quibus
3204 4404 3404 4481 repleti

1822 4496 1966 4551 nulla
2023 4495 2372 4552 formidamus
2426 4497 2856 4553 machinamenta
2925 4499 3159 4555 hostium
3191 4542 3206 4567 ,
3256 4503 3404 4558 nullo

1823 4596 2126 4643 terreamur
2147 4589 2405 4659 grandine
2426 4590 2740 4647 saeculorum
2772 4599 3177 4663 tempestatum.
3203 4594 3400 4665 Atque,

1804 4681 2006 4737 .uthoc
2054 4680 2232 4735 divina
2281 4680 2627 4737 miseratione
2670 4683 2883 4752 assequi
2923 4683 3218 4750 valeamus,
3244 4685 3405 4754 hujus

1823 4771 1976 4825 nobis
2005 4770 2330 4827 sanctissimi
2357 4771 2457 4826 viri
2499 4771 2803 4842 exemplum
2835 4771 3079 4829 sullicere
3105 4790 3261 4844 posse
3286 4788 3405 4829 cre-

1822 4861 2017 4925 dimus,
2044 4862 2136 4932 qui
2171 4862 2310 4916 inter
2330 4863 2557 4917 adversa
2586 4862 2770 4917 mundi
2795 4871 2851 4917 et
2870 4878 3148 4934 prospera,
3178 4863 3406 4920 saevien-

1822 4953 1891 5006 tis
1943 4951 2169 5007 fortunze
2222 4950 2502 5021 impetum,
2568 4953 3019 5022 quemadmodum
3056 4954 3218 5009 turris
3248 4952 3400 5017 Sion,

1820 5050 1877 5099 et
1920 5050 2074 5110 porta
2127 5038 2426 5097 Jerusalem
2472 5042 2722 5111 praesidio
2775 5042 3018 5113 angelico
3042 5043 3282 5109 defensa,
3315 5057 3402 5097 re-

1820 5135 2027 5201 cussit,
2064 5134 2400 5203 cassatisque
2450 5134 2648 5190 ictibus
2677 5136 3045 5191 machinarum
3094 5136 3146 5191 in
3198 5137 3399 5204 sempi—

1823 5234 1987 5280 ternae
2031 5224 2150 5279 ﬁdei
2178 5224 2448 5279 soliditate
2483 5224 2775 5296 persistere
2809 5225 3022 5281 meruit.
3071 5225 3148 5279 Ad
3188 5232 3396 5280 tantam

1821 5331 1950 5371 vero
1981 5313 2365 5384 perfectionem
2403 5315 2724 5385 quibusdam
2758 5316 3023 5370 bonorum
3070 5315 3398 5370 naturalium

122 5398 328 5468 epulas
367 5398 664 5469 capientes,
712 5408 821 5455 tam
863 5400 1115 5471 jucunda:
1156 5396 1466 5457 refectionis
1509 5407 1716 5462 auctori
1745 5397 2075 5474 Dgradibus
2130 5405 2410 5472 ascendit,
2465 5418 2659 5475 quibus
2719 5405 2873 5474 quasi
2943 5402 3102 5457 scalis
3149 5413 3398 5466 evectus.

121 5489 247 5544 Deo
268 5489 472 5559 gratias
502 5488 821 5557 referamus,
875 5491 966 5562 qui
992 5506 1091 5560 per
1122 5489 1360 5562 singulos
1397 5506 1566 5548 annos
1595 5494 1715 5549 dul-

120 5579 343 5635 cissimi
368 5580 598 5636 convivii
645 5582 1057 5653 participatione
1106 5597 1204 5638 nos
1234 5581 1529 5639 clementer
1565 5585 1716 5641 exhi-

122 5673 317 5736 larat,
372 5673 498 5728 dum
544 5674 837 5729 beatissimi
888 5672 1045 5730 nobis
1086 5672 1314 5729 Lebuini
1356 5675 1671 5731 memoriam
1698 5717 1714 5744 ,

123 5779 315 5819 annua
355 5763 551 5820 natalis
588 5766 668 5821 sui
701 5766 1008 5830 festivitate,
1049 5774 1302 5836 tanquam
1338 5784 1532 5840 panem
1555 5786 1719 5845 ange-

621 5874 891 5935 I’arnm..
938 5874 1040 5935 CX
1058 5877 1263 5937 XXII.

1824 5505 2038 5551 terrena
2081 5495 2411 5561 transiliens,
2456 5496 2714 5550 ccelorum
2746 5494 2852 5549 alta
2897 5491 3131 5549 feliciter
3153 5505 3403 5565 pcnetra-

1824 5588 1917 5642 vit.
1944 5588 2184 5657 Denique
2214 5588 2266 5641 in
2294 5587 2515 5641 infantia
2540 5602 2635 5641 sua
2659 5586 2770 5641 Deo
2793 5593 2848 5640 et
2874 5584 3178 5640 hominibus
3198 5587 3403 5641 eharus

1821 5677 2068 5743 exstitit;
2097 5692 2326 5748 cumque
2371 5685 2516 5732 esset
2539 5677 2749 5747 ingenio
2784 5676 2990 5742 docilis,
3021 5676 3203 5731 animo
3231 5676 3379 5732 mitis

1823 5786 2029 5843 pauper
2053 5771 2270 5843 spiritu,
2305 5769 2514 5827 meritis
2539 5769 2708 5837 dives,
2733 5768 2868 5825 viris
2891 5766 3132 5840 probatis
3153 5768 3399 5824 certatim

2891 5880 2964 5941 18
