3920 6460
520 384 635 475 s55
728 390 735 399 ’

1632 418 1689 475 8.
1725 420 2023 490 RADBODI
2055 422 2561 480 TRAJECTENSIS
2601 423 2904 482 EPISCOPI

3666 438 3799 495 ‘556

526 518 894 585 adnitentibus
943 529 1182 584 habitum
1230 496 1506 599 religionis
1545 529 1860 601 assumpsit,
1908 531 1962 585 in
1991 546 2098 602 quo
2127 540 2176 596 Α
2202 532 2326 587 huic
2374 546 2589 603 semper
2638 534 2934 591 inhaerente
2972 518 3224 608 opposuit
3256 536 3482 600 adactus
3522 544 3796 609 distantis.

528 628 601 680 ita
623 624 840 679 Christo
852 631 905 676 et
928 622 1183 678 Ecclesiae
1206 638 1317 677 sua:
1335 623 1558 677 devotus
1582 619 1803 679 effectus
1824 631 1883 678 ut
1903 638 2112 679 coaevos

525 730 651 771 suos
696 712 913 767 litterali
944 712 1237 783 sagacitate
1283 712 1633 782 praecederet,
1669 712 1964 782 majoribus
1996 712 2110 769 offi-

522 805 824 860 ciosissime
844 814 1083 875 pareret,
1115 803 1479 875 perfectorum
1529 803 1771 873 imperiis
1793 811 2046 874 tanquam
2077 819 2109 858 a

522 899 629 952 Deo
682 897 820 952 datis
864 884 1013 951 'vcra
1068 897 1373 951 humilitate
1413 896 1668 965 przeditus
1718 897 2105 966 acquiesceret.

520 990 688 1044 Porro
714 988 768 1042 in
789 988 1032 1058 pueritia:
1061 987 1236 1053 annis,
1283 1000 1495 1040 morum
1539 985 1822 1040 honestate
1869 994 2106 1041 sectatus

516 1089 597 1135 est
641 1069 1002 1134 venerandam
1048 1092 1238 1132 senum
1298 1076 1574 1141 canitiem,
1625 1074 1928 1130 innocentis
1981 1076 2105 1130 vitae

515 1170 942 1240 simplicitatem,
991 1167 1252 1223 doctrina:
1285 1167 1520 1222 cmlestis
1547 1166 1856 1220 eruditione
1885 1181 2102 1237 compo-

514 1276 668 1315 nens.
697 1258 1005 1315 Pubertatis
1039 1268 1218 1313 autem
1261 1258 1458 1328 spatia,
1486 1268 1608 1311 non‘
1624 1256 1953 1312 lascivientis
1988 1259 2104 1313 ani-

515 1352 586 1406 mi
623 1350 989 1421 voluptatibus
1032 1348 1377 1413 eli'eminavit,
1424 1348 1515 1403 sed
1570 1348 1748 1417 potius
1778 1349 1957 1418 rigore
1984 1349 2099 1403 fru-

513 1441 788 1513 galitatis,
833 1450 888 1496 et
936 1439 1051 1510 jugi
1104 1439 1345 1495 laborum
1394 1440 1691 1505 exercitio,
1748 1439 2097 1495 rebellionem

502 1531 803 1600 juventutis
848 1530 1106 1603 edomuit,
1166 1530 1437 1600 castigans
1481 1544 1676 1599 corpus
1729 1545 1885 1584 suum
1936 1540 1991 1586 et
2043 1531 2098 1586 in

512 1622 827 1693 servitutem
854 1621 1127 1691 redigens,
1171 1635 1256 1675 ne‘
1276 1618 1433 1685 forte,
1458 1634 1581 1674 cum
1609 1619 1730 1674 aliis
1755 1620 2093 1690 praedicaret,

510 1714 627 1782 ipse
666 1711 925 1782 reprobus
977 1709 1358 1765 ellicereretur.
1402 1708 1573 1780 Hujus
1624 1710 1887 1779 siquidem
1916 1711 2091 1782 philo-

510 1803 712 1873 sophia:
751 1801 1110 1858 nobilissimos
1154 1799 1514 1872 professores,
1567 1798 1767 1854 multos
1820 1800 1874 1854 in
1909 1809 2093 1855 saneta

2214 622 2398 678 nescio
2423 639 2527 693 qua
2566 624 2848 683 dulcedine
2882 626 3152 686 delibutus
3190 632 3317 687 dum
3344 638 3626 705 superiora
3656 656 3800 697 com-

2197 724 2437 781 poneret
2483 713 2809 785 reliquorum
2846 720 3063 790 quidem
3096 721 3313 793 digitis,
3357 725 3572 784 Libuini
3616 740 3799 788 autem

2203 798 2405 872 jugiter
2429 804 2592 859 corde
2618 814 2923 861 conterunt.
2970 807 3114 865 Sane
3143 811 3267 881 quia
3298 813 3363 869 de
3396 814 3490 871 illo
3528 818 3799 888 imprim's

2208 894 2515 963 scriptitare
2572 897 2927 966 decreverat,
2995 901 3123 957 licet
3174 904 3324 961 viros
3372 911 3797 979 pretiosissimas

2212 993 2435 1051 repente
2467 984 2519 1039 in
2552 987 2787 1041 medium
2831 989 3132 1059 proferret,
3168 994 3238 1050 ab
3278 995 3436 1066 hujus
3480 1007 3673 1056 tamen
3716 1003 3796 1057 in-

2209 1072 2346 1125 tuitu
2400 1076 2689 1145 c0gitantis
2749 1078 2979 1136 intentio
3039 1083 3349 1142 submoveri
3414 1104 3523 1145 non
3581 1094 3796 1161 potuit;

2205 1163 2460 1232 quoniam
2508 1165 2647 1220 bona
2700 1182 2822 1237 quae
2863 1172 2929 1227 de
2977 1172 3094 1243 ipso
3136 1175 3241 1230 dici
3294 1186 3499 1246 queant
3546 1179 3704 1236 ultro
3746 1198 3799 1238 se

2204 1253 2467 1321 offerunt,
2488 1271 2607 1325 quae
2629 1258 2673 1313 si
2701 1260 2823 1329 quis
2848 1263 3031 1317 omnia
3057 1268 3375 1334 exponenda
3409 1284 3797 1341 praesumeret,

2204 1343 2481 1433 :I‘ullianae,
2517 1345 2846 1405 Plautinaeve
2892 1351 3213 1424 eloquentia:
3245 1356 3467 1415 ﬂoribus
3501 1362 3795 1433 indigeret.

2199 1431 2400 1489 Beatus
2428 1435 2592 1506 igitur
2617 1436 2889 1496 Lebuinus
2935 1442 3077 1498 inter
3112 1441 3256 1500 feros
3298 1456 3354 1502 et
3388 1431 3797 1512 semibarbaros

2201 1524 2478 1580 hominum
2510 1542 2690 1583 mores
2716 1533 3066 1599 constitutus,
3096 1536 3217 1606 agni
3254 1536 3631 1601 innocentiam
3674 1544 3795 1597 reti-

2199 1616 2384 1683 nebat,
2414 1633 2624 1674 mcmor
2647 1621 2940 1680 Dominicze
2969 1628 3117 1682 vocis
3148 1626 3270 1699 qua:
3315 1631 3526 1688 dixerat
3558 1650 3633 1691 se
3672 1651 3795 1706 apo-

2198 1705 2363 1762 stolos
2403 1707 2543 1763 sicut
2578 1724 2748 1780 agnos
2791 1712 2934 1767 inter
2977 1714 3132 1785 lupos
3160 1719 3472 1775 missurum.
3516 1721 3647 1778 Nec
3680 1705 3793 1781 viro

2197 1807 2388 1851 sancto
2415 1798 2588 1853 defuit
2629 1803 2939 1871 serpentina
2968 1805 3275 1875 prudentia,
3306 1809 3429 1864 dum
3456 1811 3503 1866 si
3529 1814 3673 1882 quis
3710 1831 3793 1871 ca-

512 1895 751 1951 Ecclesia
798 1908 918 1949 esse
966 1894 1209 1958 sciebat;
1258 1892 1399 1947 inter
1448 1907 1583 1962 quos
1625 1890 1799 1947 felicis
1820 1893 2093 1947 memoriae
2124 1896 2167 1954 B
2197 1886 2293 1954 pili
2322 1902 2440 1954 SUO,
2468 1888 2521 1944 id
2548 1899 2632 1946 est
2659 1890 2898 1961 Christo,
2929 1894 3182 1965 injuriam
3218 1898 3395 1956 facere
3418 1913 3789 1974 ρει-ιεηιειινει,

509 1984 890 2039 Willihrodum
941 1992 1105 2052 atque
1151 1979 1486 2037 Bonifacium
1522 1980 1805 2051 pontilices
1832 1982 1888 2035 in
1922 1981 2093 2037 vineae

510 2076 720 2132 cultura
754 2073 1047 2130 Dominicze
1075 2073 1318 2144 apprime
1350 2070 1624 2127 laborasse
1648 2070 1909 2136 audierat,
1943 2071 2091 2127 ideo-

507 2185 612 2241 que
656 2169 893 2225 animum
937 2166 1047 2222 Deo
1095 2166 1306 2236 placitis
1353 2166 1605 2235 operibus
1655 2164 1974 2229 exercebat,
2034 2173 2092 2219 ut

505 2276 638 2330 quos
662 2260 923 2314 habuerat
945 2258 998 2312 in
1018 2255 1441 2312 Christianitatis
1466 2255 1811 2325 provectibus
1833 2254 2093 2311 sociasset

504 2351 723 2415 Patres,
769 2349 987 2405 eosdem
1034 2348 1258 2403 haberet
1307 2347 1359 2401 in
1408 2356 1608 2402 aeterna
1656 2346 1911 2402 felicitate
1964 2362 2091 2402 con-

503 2451 693 2499 sortes.
758 2442 1046 2497 Enimvero
1097 2426 1224 2511 quia
1287 2448 1556 2494 tantorum
1625 2439 1841 2496 familiae
1886 2441 2090 2507 Christi

501 2535 845 2611 luminarium
884 2549 1036 2589 sacra
1074 2533 1274 2588 mentio
1313 2533 1512 2588 nostris
1545 2532 1918 2599 relationibus,
1949 2548 2013 2589 ac
2041 2532 2087 2590 si

501 2625 718 2693 quidam
762 2625 1083 2681 venerandae
1134 2625 1267 2679 lucis
1315 2624 1517 2692 radius,
1562 2624 1750 2695 illapsa
1793 2634 1877 2681 est
1922 2627 2089 2680 inter-

501 2716 668 2771 misso
718 2714 991 2786 paululum
1050 2715 1326 2785 superiore
1377 2715 1553 2787 stylo,
1608 2716 1754 2772 viros
1809 2731 1916 2771 non
1970 2717 2087 2772 sine

500 2807 705 2862 mentis
740 2805 1018 2861 alacritate
1050 2806 1453 2872 memorandos,
1496 2805 1670 2876 dignis
1698 2805 1916 2860 laudum
1943 2821 2083 2877 prac-

501 2897 673 2951 coniis
697 2896 763 2950 ad
793 2896 1050 2950 honorem
1075 2896 1191 2961 Dei,
1216 2904 1373 2965 prout
1396 2910 1699 2966 possumus,
1728 2896 2079 2965 extollamus;

502 2997 561 3042 ut
591 2987 837 3042 Lebuino
864 2997 1050 3042 nostro
1076 2996 1224 3042 tanto
1246 2998 1456 3043 crescat
1481 2988 1639 3043 altior
1659 2989 1846 3059 gloria,
1880 2998 2084 3060 quanto

498 3093 558 3133 se
612 3078 1029 3148 praecedentium
1087 3077 1413 3147 probabilior
1465 3078 1630 3135 fuisse
1677 3080 1874 3135 dicitur
1923 3081 2077 3135 vita:

498 3168 714 3239 quando
739 3168 952 3238 quidem
984 3167 1145 3223 nullis
1172 3167 1506 3225 diverticulis
1540 3170 1608 3225 ab
1644 3183 1833 3226 eorum
1868 3170 2081 3226 tramite

2196 1974 2286 2031 ille
2306 1992 2407 2048 pro
2429 1993 2494 2034 eo
2520 1989 2689 2035 totum
2718 1996 2916 2054 corpus
2941 1985 3307 2044 indubitanter
3319 1987 3612 2057 obiiceret.
3643 1994 3792 2053 Unde

2194 2064 2397 2121 factum
2428 2077 2513 2125 est
2538 2080 2596 2124 ut
2624 2071 2679 2126 in
2707 2073 2906 2129 virtute
2937 2074 3225 2147 Altissimi,
3254 2082 3318 2136 ad
3349 2081 3604 2138 divinum
3634 2098 3792 2158 caput

2194 2158 2435 2214 membra
2482 2173 2849 2232 connecteret,
2893 2175 3081 2237 utpote
3134 2178 3196 2225 ut
3246 2172 3336 2242 qui
3378 2188 3437 2229 se
3482 2175 3647 2232 inter
3698 2180 3790 2234 ista

2193 2250 2429 2305 medium
2463 2255 2615 2323 quasi
2660 2256 2941 2314 charitatis
2970 2259 3261 2316 viscarium
3306 2263 3618 2333 inserebat,
3678 2269 3791 2324 inﬂa

2193 2358 2390 2413 moque
2439 2348 2664 2402 summis
2709 2350 3007 2419 copulans,
3058 2353 3424 2411 inﬁrmitatem
3474 2357 3787 2415 humanam

2192 2436 2442 2506 dignitati
2470 2441 2725 2511 angelica:
2754 2458 3036 2513 coaequare
3064 2446 3329 2502 studebat.
3362 2447 3609 2519 Sapiens
3636 2453 3787 2523 plane

2191 2528 2542 2595 architectus,
2575 2531 2666 2601 qui
2696 2532 2972 2588 caelestem
2992 2534 3268 2591 aadificans
3289 2537 3534 2606 domum,
3573 2552 3786 2610 petram

2190 2616 2244 2670 in
2292 2616 2643 2677 fundamento
2683 2622 2983 2691 locaverat,
3023 2641 3092 2681 ne
3132 2625 3431 2685 furentibus
3456 2633 3697 2701 ventis,
3730 2651 3786 2690 ne

2186 2710 2436 2778 procellis
2463 2714 2832 2781 aestuantibus,
2859 2726 3137 2785 postremo
3167 2733 3233 2773 ne
3267 2718 3591 2790 impugnata
3629 2727 3785 2780 totius

2187 2800 2529 2858 adversitatis
2544 2805 2808 2861 machinis
2819 2807 3080 2863 virtutum
3101 2809 3436 2880 consignatio
3455 2811 3781 2871 laederetur.

2185 2887 2348 2945 Petra
2370 2900 2552 2945 autem
2594 2902 2713 2947 erat
2740 2888 3014 2951 Christus.
3057 2896 3175 2968 Age
3214 2913 3341 2969 ergo
3378 2899 3656 2970 quisquis
3682 2905 3783 2960 hac

2186 2979 2375 3035 audire
2425 2980 2722 3049 desideras,
2771 2999 2900 3038 num
2943 2986 3044 3041 tibi
3081 2984 3351 3057 quidpiam
3409 2989 3653 3046 videtur
3705 3007 3785 3048 aut

2186 3070 2276 3124 illa
2298 3073 2635 3129 connexione
2657 3074 2947 3143 salubrius,
2984 3085 3079 3133 aut
3103 3077 3205 3134 ista
3234 3078 3491 3135 firmitate
3520 3084 3781 3147 solidius,

2183 3161 2311 3217 dum
2365 3164 2509 3234 quod
2558 3165 2632 3220 ibi
2683 3166 2995 3237 copulatum
3058 3176 3163 3235 est,
3220 3169 3365 3224 nulla
3432 3172 3783 3231 resolutione

498 3258 823 3323 declinavit,
876 3257 966 3326 qui
1017 3266 1289 3312 tantorum
1342 3259 1564 3330 vestigia
1619 3258 1813 3314 ducum
1861 3261 2086 3316 summis
2114 3255 2158 3316 C
2190 3253 2450 3309 laxam“
2492 3242 2637 3324 ([υοίί
2669 3256 2758 3312 hic
2799 3257 3080 3315 fundam!"
3121 3270 3223 3326 εει»
3263 3260 3405 3315 unua
3444 3271 3782 3335 lcmpeslzte

499 3348 708 3402 nisibus
748 3345 911 3400 fuerit
953 3356 1255 3427 exsecutus.
1301 3347 1658 3419 Quapropter,
1707 3364 1827 3403 cum
1869 3349 2078 3406 illorum

500 3439 818 3510 religiositas
865 3438 1205 3509 exprimitur,
1256 3439 1356 3494 iste
1395 3438 1678 3506 laudatur;
1734 3457 1855 3495 cum
1886 3443 2078 3497 horum

497 3530 671 3584 studia
693 3540 1076 3599 praenotantur,
1119 3530 1221 3584 iste
1249 3538 1391 3585 totus
1429 3531 1767 3600 depingitur;
1807 3547 1930 3586 cum
1963 3533 2077 3588 illo-

496 3635 614 3678 rum
644 3619 919 3691 prteliandi
951 3621 1211 3675 adversus
1238 3628 1534 3690 potestates
1558 3635 1747 3675 aereas
1776 3622 2072 3677 certamina

496 3722 759 3787 referunt,
784 3720 939 3789 hujus
963 3722 1266 3791 triumphus
1286 3721 1564 3777 evidenter
1575 3723 1880 3791 exponitur.
1898 3723 2077 3794 Atque

496 3827 563 3865 ex
590 3810 897 3881 hujusmodi
941 3811 1266 3881 conjecturis
1304 3810 1461 3867 facile
1500 3811 1770 3883 colligitur
1814 3815 2074 3868 memoria

494 3903 736 3971 priorum
763 3903 929 3957 vitam
956 3902 1214 3957 illustrari
1243 3903 1583 3973 sequentium
1616 3920 1629 3956 :
1656 3912 1709 3957 et
1738 3904 1935 3974 augeri.
1951 3904 2075 3961 filiis

493 3994 856 4059 honestatem,
887 4010 1007 4048 cum
1033 3994 1249 4048 eosdem
1280 3992 1500 4047 Patrum
1525 3993 1754 4064 gloriose
1779 3995 2074 4050 viventium

491 4083 649 4138 fulcit
690 4096 1003 4139 auctoritas.
1057 4084 1214 4140 Viros
1265 4084 1444 4156 igitur,
1495 4100 1631 4155 quos
1674 4086 2071 4155 praemisimus,

492 4186 713 4232 sanctos
756 4177 1041 4230 admodum
1094 4176 1259 4231 fuisse
1304 4191 1410 4231 non
1454 4176 1791 4241 dubitamus,
1844 4192 2072 4247 quorum

491 4268 628 4323 alter
652 4267 1009 4335 confessione,
1046 4267 1182 4335 alter
1216 4269 1473 4339 martyrio
1512 4269 1566 4322 in
1596 4267 1909 4323 comitatum
1935 4269 2072 4340 Agni

491 4361 691 4430 suscipi
739 4359 957 4425 meruit,
996 4359 1301 4429 habentque
1345 4374 1488 4415 nunc
1533 4359 1903 4414 haareditatem
1948 4374 2071 4414 cum

2185 3346 2540 3401 subvertitur.
2575 3346 2727 3414 Quod
2762 3349 2804 3404 si
2839 3350 2981 3407 forte
3014 3350 3237 3407 cuilibet
3276 3357 3666 3414 monstruosis
3704 3358 3781 3412 ίειο

2182 3436 2326 3491 bulis
2352 3452 2537 3492 aurem
2564 3442 2971 3498 accommodare
2996 3453 3154 3499 vacat
3191 3452 3284 3499 aut
3302 3443 3499 3515 placet,
3528 3447 3776 3505 invisum

2184 3545 2243 3585 se
2288 3530 2433 3586 veris
2492 3531 2843 3589 relationibus
2892 3533 3198 3605 hujusmodi
3246 3536 3482 3591 vanitate
3549 3539 3782 3594 demon-

2182 3631 2389 3687 strans,
2442 3631 2723 3693 poetarum
2767 3624 3135 3681 deliramentis
3182 3626 3490 3681 incumbere
3551 3631 3775 3698 poterit,

2183 3714 2275 3782 qui
2295 3728 2466 3783 usque
2489 3715 2623 3769 adeo
2646 3716 2995 3787 praestigiosis
3019 3716 3395 3788 figmentorum
3417 3718 3780 3790 imaginatio-

2180 3808 2338 3861 nibus
2378 3808 2671 3861 dementati
2712 3816 2857 3874 sunt,
2897 3817 2957 3862 ut
2991 3823 3059 3863 ne
3094 3809 3207 3879 ipsa
3236 3808 3472 3879 quidem,
3527 3827 3669 3881 quae
3705 3812 3780 3866 in-

2179 3896 2389 3950 terdum
2419 3910 2541 3951 esse
2562 3895 2850 3952 falsissima
2876 3897 3211 3964 asserebant,
3244 3898 3377 3954 falsa
3399 3915 3531 3955 esse
3574 3918 3776 3975 cogno-

2177 3998 2410 4043 scerent.
2443 3988 2553 4043 Nos
2587 3988 2655 4044 de
2683 3999 2873 4044 sancto
2904 3989 2999 4044 Dei
3038 3989 3280 4046 Lebuino
3318 3990 3452 4045 nihil
3498 3996 3773 4050 mentitos

2175 4094 2294 4133 esse
2325 4086 2516 4134 testem
2562 4072 2825 4136 habemus
2853 4080 3173 4147 Ecclesiam,
3218 4096 3338 4150 qua:
3363 4080 3535 4150 hujus
3567 4084 3774 4141 beneﬁ-

2174 4171 2274 4225 ciis
2317 4171 2590 4225 cumulata
2628 4187 2788 4241 quam
2821 4171 3040 4243 grandis
3072 4172 3213 4243 apud
3250 4172 3620 4229 Divinitatem
3667 4191 3781 4232 me-

2175 4262 2263 4317 riti
2304 4260 2497 4328 fuerit,
2546 4263 2752 4318 crebris
2792 4264 3155 4318 remediorum
3200 4263 3572 4334 proventibus
3605 4267 3774 4323 eonﬁ.

2175 4360 2335 4407 tetur.
2366 4352 2462 4407 Cui
2484 4353 2697 4422 quidem
2726 4369 2787 4408 ea
2816 4368 2935 4424 quae
2959 4354 3026 4408 de
3063 4352 3155 4408 illo
3180 4354 3411 4409 dicimus
3440 4365 3613 4426 grata
3648 4359 3765 4412 fore

490 4453 728 4517 Christo,
755 4452 845 4520 qui
874 4452 927 4506 in
952 4452 1053 4507 hac
1075 4452 1180 4506 vita
1205 4467 1476 4521 nunquam
1501 4452 1645 4520 passi
1676 4459 1803 4505 sunt
1829 4451 2069 4520 separari
2166 4441 2370 4511 ,Ῑυάἰεῐο
2421 4453 2525 4509 est,
2580 4446 2721 4514 quod
2766 4445 2964 4526 legenti
3013 4455 3196 4503 tantus
3245 4449 3474 4503 assistat
3534 4452 3773 4522 populus

489 4561 523 4602 a
547 4546 786 4601 Christo.
831 4543 938 4599 llos
967 4552 1112 4598 certe
1151 4544 1304 4598 nobis
1342 4543 1628 4598 imitabiles
1671 4536 1857 4597 divina
1894 4543 2068 4611 pietas

488 4636 839 4700 eondonavit,
883 4644 941 4689 ut
979 4649 1136 4703 quem
1173 4634 1408 4688 deterret
1442 4651 1469 4688 a
1513 4634 1690 4703 gladio
1730 4649 1920 4688 manus
1951 4634 2067 4687 vio-

487 4729 647 4784 lenta:
664 4726 955 4789 carniﬁcis,
974 4742 1222 4796 magnum
1238 4724 1611 4799 Willihrudujn
1636 4725 1688 4777 in
1706 4724 1898 4778 divinae
1921 4724 2069 4794 pacis

487 4820 801 4892 quietudine
815 4818 1040 4873 Domino
1069 4816 1403 4871 laudabiliter
1426 4816 1773 4879 servientem,
1803 4815 1845 4868 si
1875 4817 2064 4883 possit,

488 4931 546 4970 se
570 4912 895 4983 mquiparet;
923 4909 1014 4979 qui
1044 4919 1222 4962 autem
1248 4924 1306 4962 se
1345 4908 1602 4977 agonistis
1649 4906 2063 4977 comparabilem

487 5004 796 5065 existimat,
838 5009 1098 5070 sanctum
1157 4996 1489 5051 Bouifacium
1548 4997 1666 5052 fuso
1715 5012 1813 5066 pro
1865 4996 2065 5050 Christi

488 5118 676 5158 amore
731 5098 987 5170 sanguine
1043 5092 1293 5161 subsequi
1349 5105 1454 5144 non
1508 5088 1778 5164 formidet.
1829 5085 1980 5152 Quod
2022 5087 2065 5139 si

486 5194 719 5251 defuerit
766 5186 1125 5262 peremptoris
1172 5183 1465 5247 atrocitas,
1524 5180 1639 5250 ipse
1691 5178 1793 5234 sibi
1847 5192 2068 5232 manum

485 5289 666 5345 divina
708 5285 983 5355 rumphzea
1014 5287 1304 5352 perarmet,
1332 5276 1449 5344 ipse
1483 5274 1583 5330 sibi
1613 5270 1982 5344 spiritualiter,
2015 5277 2071 5324 ct

484 5385 807 5450 persecutor
828 5374 1109 5437 elliciatur,
1140 5377 1193 5425 et
1215 5376 1439 5437 martyr,
1473 5364 1760 5420 dummodo
1789 5371 1881 5417 aut
1909 5363 2069 5416 unius

489 5484 523 5521 n
559 5481 699 5535 pace
727 5463 1065 5526 munditiam,
1094 5469 1186 5514 aut
1206 5456 1425 5512 alterius
1454 5455 1505 5508 in
1532 5454 1808 5516 carnificio
1840 5450 2063 5523 adipisci

488 5572 596 5610 non
650 5554 884 5624 negligat
924 5552 1179 5622 palmam.
1219 5546 1326 5602 Sed
1360 5546 1443 5600 his
1462 5552 1837 5598 summotenus
1866 5556 2066 5595 memo-

487 5644 641 5711 ratis,
671 5642 960 5712 repetenda
993 5647 1074 5694 est
1097 5637 1253 5693 nobis
1283 5633 1530 5709 historia,
1559 5646 1720 5702 quam
1754 5628 1910 5699 paulo
1940 5636 2064 5683 ante

481 5749 588 5797 nos
637 5731 884 5789 omisisse
928 5728 1339 5800 perscripsimus
1382 5744 1395 5779 :
1458 5739 1579 5796 quae
1625 5730 1802 5776 tamen
1850 5722 2063 5792 penitus

488 5825 684 5879 omissa
721 5838 824 5877 non
856 5830 958 5887 est,
991 5822 1114 5889 quia
1146 5818 1372 5873 subinde
1399 5832 1455 5872 se
1488 5817 1627 5870 inter
1656 5822 1849 5869 caetera
1882 5814 2062 5868 animo

2174 4535 2498 4600 auditorum,
2543 4543 2603 4589 ut
2655 4550 3021 4604 compressum
3078 4536 3442 4594 multitudinis
3486 4541 3675 4595 etiam
3721 4540 3773 4594 bi

2175 4627 2580 4694 pertimescant,
2615 4626 2705 4695 qui
2745 4626 2797 4680 in
2829 4635 2944 4682 tuto
2981 4627 3101 4682 loco
3144 4636 3291 4683 stare
3324 4628 3619 4696 videntur,
3656 4631 3772 4685 vix-

2175 4731 2283 4785 que
2324 4715 2377 4769 in
2420 4715 2663 4784 digressu
2710 4715 2905 4784 aliquis
2952 4716 3292 4780 inveniatur,
3339 4718 3435 4786 qui
3483 4734 3602 4773 non
3663 4720 3774 4774 Dee

2182 4806 2386 4877 gratias
2417 4805 2617 4861 referat
2640 4820 2739 4875 pro
2765 4820 2829 4861 eo
2868 4805 3010 4874 quod
3045 4821 3104 4861 se
3138 4805 3507 4876 patrocinium
3537 4806 3771 4862 Lebuini

2168 4880 2392 4952 audisse
2426 4897 2634 4968 pariter
2674 4906 2730 4950 et
2760 4896 2995 4951 sensisse
3027 4905 3439 4951 commemorat.
3477 4896 3648 4952 Unde
3675 4912 3774 4953 no-

2175 4990 2259 5043 bis
2284 4989 2459 5044 adhuc
2488 4988 2573 5043 vel
2608 5004 2779 5058 pauca
2811 4988 3072 5044 locuturis
3120 4988 3454 5044 arbitramur
3484 4992 3769 5046 neminem

2175 5093 2593 5142 succensurum,
2645 5076 2843 5149 quippe
2889 5092 3011 5132 cum
3069 5076 3329 5147 Spiritum
3381 5076 3479 5130 Dei
3533 5078 3587 5132 in
3654 5080 3769 5147 ipso

2178 5169 2433 5241 templum
2457 5168 2776 5235 aedificasse,
2809 5178 2971 5239 atque
3002 5168 3053 5223 id
3086 5168 3191 5223 sibi
3229 5167 3536 5223 habitabile
3563 5168 3769 5224 fecisse

2177 5258 2480 5332 procedens
2500 5275 2679 5316 sermo
2715 5260 2998 5315 declamet.
3027 5259 3264 5330 Idipsum
3292 5272 3425 5314 vero
3452 5259 3608 5312 inter
3643 5273 3767 5314 ma-

2176 5351 2377 5407 tutinas
2404 5349 2590 5405 laudes
2614 5350 2695 5419 (ut
2734 5349 2917 5420 credo)
2945 5348 3269 5412 cantabitur,
3310 5349 3407 5402 sed
3434 5349 3492 5401 in
3526 5347 3767 5403 lectione

2170 5442 2344 5497 omitti
2385 5457 2489 5496 non
2533 5440 2738 5506 debuit,
2777 5456 2883 5510 quo
2928 5440 3211 5509 utriusque
3253 5438 3408 5494 vocis
3446 5439 3766 5493 ministerio

2169 5528 2356 5605 quanti
2396 5531 2534 5604 apud
2574 5546 2700 5588 suos
2742 5533 3005 5587 habeatur
3034 5530 3120 5587 vir
3156 5532 3209 5586 in
3242 5530 3459 5586 Christo
3506 5530 3766 5585 amabilis

2169 5625 2398 5696 accipiat
2441 5624 2896 5679 commendatum.
2953 5623 3105 5690 Quod
3141 5614 3345 5688 autem
3399 5621 3766 5691 prazmittiurr

2170 5718 2271 5771 tale
2302 5726 2405 5772 est.
2435 5716 2673 5786 Spiritus
2696 5715 2928 5770 Sanctus
2954 5714 3037 5783 (ut
3058 5714 3134 5768 ait
3169 5711 3476 5782 Scriptum)
3504 5711 3554 5764 in
3582 5710 3763 5765 unde

2166 5809 2265 5864 viri
2290 5808 2419 5878 justi
2456 5807 2682 5863 habitat.
2709 5805 2843 5861 Nam
2871 5805 3127 5876 templum
3157 5804 3324 5875 ipsius
3348 5815 3429 5857 ρει
3462 5801 3653 5855 anima
3690 5799 3761 5850 ab
