3920 6432
142 436 248 492 55⁵1

141 550 295 607 omni
332 548 615 618 iniquitate
650 547 842 611 aliena,
877 547 930 600 in
969 559 1074 615 quo
1113 560 1217 599 non
1250 543 1480 598 carnalis
1502 543 1720 598 victima

145 641 391 705 creditur,
430 638 528 694 sed
566 637 872 710 spirituales
911 636 1102 690 hostia
1131 633 1434 689 offeruntur
1469 651 1482 687 :
1528 647 1631 688 nec
1662 631 1722 685 tit

147 732 222 786 ibi
265 729 378 786 sola
415 729 728 784 emundatio
768 725 1032 797 corporis,
1072 725 1167 780 sed
1209 732 1264 778 et
1308 723 1554 779 remissio
1594 737 1723 776 vera

145 823 358 894 peccati
387 832 441 878 et
469 821 694 878 abolitio
736 829 1011 892 perpetua:
1060 817 1271 872 mortis.
1315 815 1428 870 lloc
1467 814 1724 884 templum

1566 429 1888 485 CARMINA.

3300 421 3402 475 558

1827 538 1933 593 dici
1982 546 2034 592 et
2064 554 2186 593 esse
2216 541 2411 594 meruit
2431 541 2621 594 beatus
2642 537 2930 600 Lebuinus,
2957 551 3078 590 cum
3111 541 3406 605 praestante

1831 630 2058 684 Domino
2099 645 2130 684 a
2175 630 2462 685 criminum
2520 631 2671 684 fieret
2718 628 2966 696 contagio
3015 625 3266 688 mundus,
3311 638 3408 704 per

1830 736 1953 776 eum
1999 723 2090 792 qui
2155 723 2287 776 vivit
2342 731 2397 777 et
2453 729 2640 793 regnat
2692 722 2746 776 in
2805 718 3000 775 satcula
3063 707 3406 772 sarculorum.

1831 811 2026 866 Amen.

152 1011 3404 1050 ___________________________________________

1148 1200 1767 1314 RADBODI
1851 1129 2535 1310 CARMINA.

937 1597 976 1652 I.

435 1703 743 1744 EPIGRAMMA
781 1705 848 1742 AD
887 1703 1128 1744 SANCTUI
1167 1702 1462 1742 IABTINUI.

565 1778 826 1850 [Batavia
865 1769 1037 1844 sacra,
1077 1795 1132 1847 ρ.
1171 1777 1328 1849 121.]

146 1869 252 1924 Sis
273 1867 391 1937 pius
415 1881 509 1922 ore
539 1867 693 1934 mihi,
730 1866 961 1922 Martine
986 1868 1255 1921 habitator
1277 1865 1512 1936 Olympi,

231 1957 482 2012 Solamen
515 1957 714 2012 misero
738 1958 813 2012 sis
833 1957 953 2026 pius
978 1972 1071 2012 ore
1103 1956 1234 2010 mihi
1522 1954 1671 2027 [dum

151 2047 408 2118 Porrige,
434 2063 639 2118 quaeso,
680 2062 898 2102 manum
937 2063 1006 2102 ne
1037 2062 1123 2102 me
1160 2047 1338 2100 trahat
1373 2061 1500 2101 ecce
1524 2045 1745 2116 profun-

232 2139 430 2194 Portus
457 2138 830 2209 naufragium,
859 2138 1095 2209 porrige,
1121 2151 1324 2208 qumso,
1363 2152 1602 2192 manum.

150 2230 414 2285 Imminet
443 2232 632 2284 umbra
657 2229 824 2294 necis,
850 2245 994 2284 nunc
1022 2229 1153 2283 mihi
1183 2229 1460 2298 proximus
1486 2227 1653 2293 adsis,

235 2318 346 2374 Res
372 2319 531 2374 nimis
570 2319 764 2385 tristis,
786 2320 1033 2375 imminet
1059 2319 1250 2375 umbra
1280 2319 1449 2373 necis.

154 2411 330 2480 Eripe
359 2426 444 2466 me
471 2411 725 2477 tenebris,
755 2419 810 2465 et
831 2411 963 2466 diris
990 2411 1248 2466 subtrahe
1276 2409 1531 2477 ﬂammis,

243 2501 480 2556 Dilector
502 2501 659 2567 lucis,
683 2503 833 2572 eripe
855 2518 940 2557 me
962 2502 1219 2558 tenebris.

159 2589 255 2644 Me
279 2604 492 2660 quoque
528 2590 689 2644 redde
710 2590 853 2661 polo,
876 2607 1101 2662 regnum
1134 2606 1244 2661 quo
1270 2597 1553 2661 permanet
1590 2606 1752 2662 agno,

241 2679 349 2747 Qui
374 2673 538 2735 fuerit
565 2680 724 2744 caelo,
754 2698 838 2737 me
867 2697 1080 2752 quoque
1110 2682 1271 2737 redde
1299 2681 1438 2752 polo.

305 2778 307 2780 ’
936 2773 1000 2827 ll.

242 2875 586 2928 EPITAPHIUII,
627 2878 745 2917 δινεῖ
783 2878 1055 2918 ΕΝΕΟΜΙυδι
1093 2879 1158 2917 DE
1196 2877 1414 2918 \‘IA’I‘ICO
1451 2879 1684 2918 CHRISTI.

322 2951 580 3023 [Mabill.,
614 2953 730 3006 Act.
760 2951 864 3008 SS.
906 2953 1022 3007 0rd.
1057 2953 1116 3007 S.
1147 2951 1344 3006 Bened.
1379 2962 1420 3006 t.
1466 2951 1613 3024 γη]

163 3043 414 3108 Esuries,
440 3050 511 3108 te,
541 3043 756 3097 Christe
783 3043 948 3108 Deus,
983 3042 1102 3096 sitis
1123 3050 1288 3110 atque
1322 3041 1535 3097 videndi

243 3131 364 3209 Iam
395 3132 554 3186 modo
577 3131 824 3186 carnales
854 3147 939 3186 me
962 3139 1105 3186 vetat
1133 3145 1254 3185 esse
1290 3131 1470 3200 dapes.

165 3227 254 3280 Da
284 3224 421 3278 mihi
455 3235 506 3278 te
531 3224 696 3290 vesci,
728 3233 778 3278 te
802 3233 986 3295 potum
1017 3223 1236 3277 haurire
1263 3221 1470 3286 salutis,

253 3315 457 3370 Unicus
477 3317 670 3387 ignota:
695 3325 749 3370 tu
771 3318 924 3372 cibus
952 3327 1074 3372 esto
1108 3316 1227 3370 viae.

170 3406 244 3459 Et
267 3417 428 3474 quem
451 3404 606 3475 longa
637 3405 808 3460 fames
832 3412 1108 3460 errantem
1137 3404 1367 3459 ambesit
1392 3403 1445 3458 in
1476 3405 1627 3472 orbe,

252 3495 411 3550 llunc
433 3496 572 3551 satia
601 3496 772 3564 vultu,
801 3497 971 3568 patris
997 3497 1197 3567 imago,
1229 3504 1338 3550 tuo.

942 3587 1028 3640 Ill.

410 3692 619 3731 GABIEN
649 3692 1018 3733 ALLEGORICUI
1049 3691 1146 3732 PRO
1175 3691 1220 3730 S.
1247 3691 1541 3731 SWIBERTO.

558 3767 739 3840 [Apud
772 3769 906 3824 Boll.
939 3769 1095 3824 Mart.
1127 3786 1166 3836 ι,
1195 3786 1250 3839 p.
1281 3768 1395 3841 86.]

176 3863 301 3916 Lux
330 3875 467 3915 nova
496 3859 818 3920 Switbertus
847 3859 1088 3915 Francos
1114 3859 1361 3915 lustravit
1390 3868 1443 3914 et
1469 3858 1691 3930 Anglos,

255 3951 376 4018 Quo
403 3951 608 4005 clarum
636 3950 758 4005 fidei
795 3949 973 4004 lumen
1005 3951 1247 4020 utrisque
1276 3951 1447 4006 daret.

178 4040 486 4096 Saxonicos
513 4040 646 4095 adiit
678 4039 854 4095 cultor
879 4040 1245 4095 memorabilis
1270 4056 1453 4110 agros,

262 4130 335 4186 Ut
362 4138 568 4185 sereret
593 4127 793 4184 Christi
823 4144 1006 4184 semen
1035 4129 1236 4183 amoris
1265 4129 1356 4183 ibi.

179 4221 299 4276 Nec
327 4218 495 4274 sterili
531 4233 596 4272 ac
619 4233 788 4273 vacuo
820 4218 1118 4274 Fresonum
1144 4218 1314 4273 defuit
1339 4233 1488 4284 arvo,

260 4311 427 4379 quue
453 4309 576 4363 novi
604 4309 731 4364 fecit
760 4309 1018 4380 germinis
1053 4323 1177 4364 esse
1205 4307 1375 4363 ferax.

179 4402 309 4457 Iam
341 4401 466 4472 quia
495 4401 781 4455 transierat
811 4409 1053 4456 veterum
1093 4413 1198 4455 nox
1227 4415 1368 4454 caeca
1409 4409 1696 4463 matortun,

261 4495 516 4564 Casperat
545 4501 600 4548 et
623 4492 736 4546 veri
768 4491 896 4547 solis
923 4493 1112 4546 adesse
1146 4492 1292 4556 dics;

184 4586 293 4653 Qui
328 4594 500 4638 totum
527 4583 696 4638 radiis
721 4581 993 4652 perfundit
1024 4584 1242 4638 mitibus
1268 4581 1474 4648 orbem,

266 4676 341 4732 Ut
377 4673 518 4729 mala
547 4687 887 4737 consumens,
917 4672 996 4726 sic
1021 4670 1159 4726 bona
1189 4672 1525 4736 clarificans;

181 4769 233 4825 Ο
263 4775 525 4839 quantus,
554 4765 834 4836 qualisque
861 4763 994 4818 nitet
1021 4763 1100 4817 sol
1127 4763 1226 4817 iste
1257 4779 1354 4832 per
1381 4763 1540 4817 horas

262 4860 540 4922 Bissenas,
571 4869 737 4911 sacrae
765 4855 934 4924 plebis
959 4853 1294 4924 apostolicae!

186 4950 442 5021 Qualiter
468 4949 552 5004 his
580 4948 774 5002 nimios
801 4961 921 5000 sese
947 4944 1207 5015 ﬂagrante
1234 4939 1443 4998 colores

266 5043 472 5107 Intulit,
515 5051 572 5096 ut
603 5040 695 5112 qui
727 5039 832 5094 illis
868 5037 1113 5092 ﬂammea
1150 5036 1312 5092 corda
1341 5035 1488 5089 dedit
1521 5052 1533 5086 ε

190 5137 333 5193 Inde
357 5143 441 5191 est
469 5152 481 5187 :
510 5133 650 5202 quod
679 5131 886 5202 gladios
915 5130 993 5184 sic
1018 5140 1392 5195 contempsere
1421 5125 1675 5188 minaces,

271 5227 472 5282 Essent
498 5241 590 5279 seu
623 5224 753 5278 lethi
785 5221 958 5277 dulcia
980 5219 1101 5287 jura
1135 5218 1256 5272 sibi.

193 5319 350 5392 Ignis
373 5317 514 5371 enim
545 5314 753 5368 validus
779 5311 956 5366 cordis
984 5308 1224 5362 fervebat
1253 5307 1320 5360 ab
1357 5321 1472 5369 ara,

273 5409 442 5463 Artus
466 5406 556 5474 qui
597 5412 750 5458 testae
777 5402 980 5456 fecerat
1006 5413 1124 5454 esse
1149 5410 1328 5466 pares.

195 5502 416 5568 Corpus
442 5499 507 5550 ad
534 5495 666 5549 illati
690 5494 798 5548 vim
825 5489 1062 5544 vulneris
1088 5501 1249 5544 omne
1282 5484 1505 5556 rigebat,

278 5589 477 5656 Sicque
508 5585 802 5639 resultabat
839 5579 1096 5639 uestibus
1125 5578 1232 5632 icta
1268 5576 1428 5639 cutis,

203 5682 280 5736 Ut
307 5679 527 5734 robusta
556 5677 686 5732 silex
725 5675 870 5743 ligno
893 5685 1146 5743 percusso
1179 5668 1390 5730 tenello,

279 5769 410 5826 Sive
444 5769 668 5824 adamas
693 5766 899 5821 modica
936 5780 1055 5819 cum
1091 5769 1384 5818 temeratur
1410 5775 1528 5813 acu.

1763 1593 1816 1654 Α
1843 1588 2070 1644 Stabant
2098 1587 2311 1641 attoniti
2339 1603 2437 1642 sua
2465 1601 2561 1656 per
2591 1586 2822 1641 tentoria
2849 1601 3005 1657 reges

1909 1678 2164 1731 Mirantes
2191 1675 2342 1747 galea
2375 1676 2559 1736 durius
2597 1690 2717 1730 esse
2743 1685 2903 1746 caput
2931 1693 2945 1729 :

1840 1771 1906 1826 Et
1929 1767 2296 1824 catafractatis
2333 1766 2654 1822 contradere
2686 1774 2874 1834 pectus
2900 1766 3137 1821 inermes

1911 1857 1995 1911 Nil
2023 1856 2223 1913 veritos
2263 1857 2453 1910 stricto
2477 1855 2686 1910 scilicet
2709 1869 2840 1910 ense
2863 1854 3058 1927 premi.

1843 1951 2082 2019 Cumque
2101 1964 2199 2018 per
2219 1947 2472 2018 ambages
2494 1949 2838 2002 traherentur
2863 1945 3038 2011 bella;
3067 1946 3212 2016 quis,
3263 1947 3438 2016 inquit

1917 2039 2016 2093 Hic
2043 2039 2189 2106 rigor
2213 2048 2309 2091 aut
2333 2037 2481 2092 dura:
2512 2045 2660 2092 tanta
2688 2035 2884 2108 cupido
2917 2035 3098 2090 necis?

1847 2129 1986 2184 Audi
2018 2136 2169 2182 torva
2200 2127 2371 2197 tigris,
2415 2127 2498 2182 leo
2527 2128 2782 2182 frendens
2814 2126 3042 2181 rictibus
3068 2127 3215 2190 audi,

1917 2219 2113 2275 Iuncta
2141 2217 2270 2289 quid
2301 2219 2384 2273 his
2416 2219 2615 2274 referat
2643 2233 2765 2272 cum
2798 2216 3006 2271 ratione
3037 2216 3170 2274 fides
3203 2234 3215 2245 ο

1851 2311 1966 2377 Sol,
1995 2295 2148 2378 cujus
2192 2311 2356 2365 radiis
2389 2319 2557 2364 totum
2600 2308 2940 2378 perfunditur
2967 2308 3151 2385 orbem

1921 2405 2189 2474 Diximus,
2224 2407 2369 2461 hunc
2411 2401 2689 2472 Christum
2736 2399 2950 2454 noveris
2992 2413 3114 2452 esse
3145 2399 3312 2453 Deum
3345 2417 3358 2452 :

1853 2498 2142 2554 Lucentem
2171 2503 2236 2554 de
2267 2497 2388 2552 luce
2413 2494 2614 2558 Patris,
2645 2492 2713 2548 de
2736 2491 2898 2546 Patre
2931 2491 3196 2547 calentem

1921 2589 2098 2662 Eque
2124 2591 2478 2660 flagrantem,
2512 2588 2703 2657 vique,
2743 2584 3010 2654 modoque
3038 2584 3176 2656 pari.

1854 2679 2058 2734 Horum
2096 2681 2141 2736 is
2169 2689 2429 2752 perpetuo
2458 2687 2666 2734 mentes
2693 2675 3018 2731 accenderat
3044 2674 3178 2745 igni,

1926 2771 2096 2827 Noxia
2127 2789 2352 2844 qumque
2383 2785 2650 2835 cremans,
2693 2769 2836 2825 seria
2865 2776 3058 2824 cuncta
3090 2766 3295 2823 fovens.

1834 2863 1974 2931 Quo
2005 2864 2149 2918 velut
2180 2863 2432 2928 ambusti,
2466 2871 2616 2916 testa:
2649 2861 2782 2915 nihil
2815 2859 3011 2916 ﬂexiiis
3041 2859 3212 2914 instar

1784 2966 1830 3024 Β
1930 2957 2253 3026 Duruerant,
2281 2955 2465 3009 hostes
2490 2953 2659 3006 instar
2687 2958 2745 3005 et
2773 2964 2925 3003 arma
2949 2949 3150 3003 virum.

1860 3045 2013 3102 Unde
2042 3061 2141 3101 nec
2170 3045 2411 3100 adversis
2433 3044 2574 3100 ﬂecti
2602 3051 2825 3113 potuere
2855 3055 2956 3096 nec
2984 3039 3090 3094 illis

1927 3138 2143 3194 Terreri
2170 3131 2354 3192 effusis
2382 3137 2614 3192 barbaro
2651 3135 2720 3188 ab
2749 3148 2846 3189 ore
2874 3133 3055 3188 minis.

1859 3228 2013 3282 Nunc
2043 3228 2227 3297 requie
2254 3227 2507 3298 gaudent,
2544 3225 2797 3294 celsaque
2837 3238 2903 3278 ex
2943 3237 3068 3278 arce
3095 3231 3375 3291 potentum

1930 3319 2211 3381 Calcantes
2238 3327 2466 3374 curvant
2504 3318 2640 3374 colla
2667 3316 2900 3387 superba
2933 3315 3055 3370 sibi.

1861 3412 1956 3466 Est
1985 3414 2150 3483 igitur
2176 3413 2325 3468 calor
2355 3413 2455 3468 iste
2485 3412 2676 3474 bonus,
2712 3425 2871 3479 quem
2905 3419 2983 3464 tot
3013 3410 3340 3464 comitantur

1935 3503 2162 3569 Divitiae,
2194 3505 2390 3568 virtus,
2416 3501 2620 3572 palma,
2647 3514 2876 3575 corona,
2908 3497 3085 3567 polus.

1863 3593 1976 3648 Hoc
2004 3601 2153 3648 certe
2178 3603 2390 3648 nostras
2413 3593 2638 3647 veniens
2669 3589 2993 3645 Switbertus
3021 3589 3088 3641 ad
3114 3603 3259 3651 oras.

1941 3683 2186 3752 Undique
2222 3681 2470 3753 perfusus
2496 3680 2776 3736 flammeus
2805 3679 2950 3733 intus
2979 3685 3116 3732 erat.

1868 3771 2021 3828 Unde
2052 3786 2153 3826 nec
2183 3772 2499 3834 horrendos,
2532 3770 2758 3824 aderant
2785 3769 2829 3823 si
2857 3767 3011 3831 forte,
3046 3766 3328 3838 Cyclopes,

1940 3861 2251 3931 Ilarpyasvc
2279 3870 2479 3925 truces,
2511 3870 2750 3914 monstra
2785 3873 2886 3914 nec
2909 3857 3016 3912 ulla
3042 3873 3274 3927 pavens;

1870 3950 2105 4020 Signifer
2130 3951 2352 4022 insignis
2376 3966 2599 4006 securus
2633 3950 2871 4020 quolibet
2901 3951 3030 4015 ibat,

1939 4042 2068 4097 Jure
2095 4041 2402 4110 triumphali
2430 4041 2614 4095 laurea
2643 4052 2792 4100 serta
2820 4053 3034 4108 gerens.

1869 4133 1914 4187 Ο
1942 4131 2067 4186 felix
2096 4130 2270 4195 miles,
2301 4130 2493 4185 solitus
2519 4130 2610 4199 qui
2639 4128 2861 4182 credere
2897 4141 3168 4195 nunquam

1943 4221 2119 4285 Marti,
2151 4222 2243 4275 sed
2276 4220 2499 4274 Martem
2529 4220 2742 4273 vincere
2772 4229 2984 4284 seraper
3006 4216 3164 4270 eras!

1794 4326 1839 4389 ρ
1870 4313 2000 4380 Quae
2029 4313 2120 4367 tibi
2145 4327 2242 4382 pro
2265 4313 2470 4367 meritis
2497 4311 2781 4365 reddemus
2806 4309 3045 4363 carmina
3075 4311 3276 4365 tantis?

1947 4404 2158 4470 Quasve
2187 4403 2282 4457 tibi
2314 4402 2499 4458 laudes
2533 4402 2658 4456 tibia
2691 4412 2874 4455 nostra
2904 4403 3097 4458 canet?

1874 4493 2062 4548 Nonne
2096 4501 2215 4548 tuas
2241 4493 2469 4547 modulis
2497 4491 2734 4546 oblectat
2771 4492 3016 4548 dulcibus
3045 4505 3205 4548 aures

1946 4583 2179 4640 Orbibus
2203 4585 2424 4655 aplanes
2453 4583 2647 4638 obvius
2676 4585 2980 4654 empyreis;

1877 4675 2103 4730 Mundus
2132 4675 2218 4730 ubi
2247 4676 2504 4730 adversos
2528 4691 2650 4730 eum
2679 4677 3049 4746 prazcipitatur
3081 4679 3134 4732 in
3165 4695 3315 4743 axes,

1945 4757 2122 4836 Atque
2151 4767 2421 4837 parallelis
2451 4767 2697 4824 cursibus
2725 4778 2872 4824 astra
2914 4769 3174 4833 fremunt,

1878 4858 2016 4914 Vera
2041 4859 2180 4929 apud
2208 4859 2474 4914 aethereos
2504 4860 2692 4914 reboat
2725 4868 2836 4914 tum
2868 4861 3074 4918 musica
3103 4859 3282 4929 cyclos

1948 4951 2104 5027 Omni
2138 4967 2362 5015 canens,
2393 4952 2632 5006 numeris
2661 4963 2714 5006 et
2751 4954 3004 5008 comitata
3041 4953 3176 5015 suis,

1881 5043 2060 5112 Usque
2089 5043 2224 5098 adeo
2251 5059 2498 5099 crescens
2529 5052 2588 5097 ut
2618 5044 2901 5113 plusquam
2934 5042 3311 5098 nete-resultet

1951 5133 2056 5187 Ter
2085 5149 2321 5203 quoque,
2353 5135 2467 5189 sive
2495 5144 2709 5204 quater,
2741 5136 2824 5191 bis
2857 5135 3112 5204 diapason
3140 5141 3286 5203 agat,

1879 5223 1978 5290 Qui
2009 5239 2173 5278 sonus
2203 5225 2467 5279 humanos
2510 5226 2668 5294 longo
2697 5226 3031 5297 dyastemate
3057 5238 3250 5278 sensus

1953 5318 2217 5382 Przeterit,
2249 5333 2311 5373 ac
2335 5319 2544 5388 superis
2571 5319 2746 5373 nobile
2775 5320 2994 5373 chroma
3025 5316 3202 5370 canit?

1883 5408 1980 5462 llic
2026 5409 2118 5461 tibi
2165 5409 2508 5463 suavisonum
2557 5409 2760 5479 pangit,
2800 5408 2883 5461 vir
2924 5415 3131 5468 sancte.
3163 5405 3452 5468 melodum,

1952 5497 2103 5563 Quod
2131 5497 2237 5551 duo
2270 5509 2483 5567 tresque
2514 5507 2736 5556 canunt,
2771 5503 3022 5564 quatuor,
3069 5502 3213 5558 octo,
3240 5509 3452 5549 novem.

1881 5587 2035 5641 Addo
2061 5585 2225 5650 aliud,
2256 5588 2396 5656 quod
2425 5602 2584 5642 nemo
2612 5587 2752 5641 valet
2782 5587 2882 5640 sub
2907 5585 3020 5640 sole
3053 5587 3244 5641 mereri

1957 5675 2005 5730 ls
2031 5676 2132 5730 nisi
2163 5674 2299 5729 forte
2329 5675 2422 5728 tibi
2453 5690 2549 5743 par
2576 5675 2645 5729 sit
2677 5675 2726 5727 in
2759 5684 2877 5728 arte
2906 5676 3051 5729 boni.

1814 5775 1862 5834 ι)
1892 5764 2128 5832 Angelici
2159 5771 2328 5818 cmtus
2357 5763 2532 5818 decies
2563 5771 2784 5818 centena
2816 5763 3101 5817 chororum
