3848 5268
510 489 626 554 ’559
1353 497 1410 556 S.
1453 497 1753 559 RADBODI
1793 495 2299 557 TRAJECTENSIS
2338 498 2642 556 EPISCOPI
2680 494 2980 554 CARMINA
3605 500 3672 559 εεο

588 611 754 664 Millia
781 611 1115 681 symphoniis
1141 614 1586 668 commodulanda
1617 615 1815 678 sacris;
2122 615 2172 673 Α
2201 610 2331 664 Esse
2359 611 2502 664 dedit
2532 617 2850 679 castumque
2874 608 2984 664 Deo
3014 609 3285 663 subtexuit
3309 623 3499 680 agmen.

515 702 752 758 Auribus
782 704 832 756 in
862 706 999 760 cmlo
1030 720 1242 775 semper
1273 705 1514 764 felicibus
1545 711 1721 774 audis,
2199 702 2366 757 Porro
2392 712 2568 758 autem
2595 703 2848 756 arboreas
2873 701 3075 756 studuit
3100 701 3340 771 plantare
3365 704 3585 770 novellas,

585 793 821 861 Quorum
853 811 957 850 mi
987 812 1219 851 smnus
1246 797 1351 852 ﬁne
1381 800 1498 854 sine
1531 817 1623 854 om
1651 813 1864 857 sonam,
2202 790 2415 845 Robora
2447 805 2568 844 cum
2597 791 2718 844 fidei
2745 791 2957 853 statuit,
2985 805 3106 843 cum
3136 791 3281 858 pacis
3309 790 3486 844 olivam

514 881 628 937 Hoc
656 881 871 947 frueris,
902 887 1094 954 praesul
1122 885 1245 941 felix
1263 927 1278 951 ,
1319 887 1552 944 feliciter
1581 892 1780 962 hymno
1811 910 1823 946 :
2202 877 2484 942 Crescere:
2512 893 2634 933 Cum
2661 877 2870 932 ἶνυοῑυε
2897 877 3024 932 (θεῖε
3051 878 3250 948 Ροίίθτθ
3277 893 3534 948 Perenna-

586 971 741 1026 Hunc
767 988 981 1042 quoque
1014 990 1137 1029 cum
1173 977 1395 1047 reliquis
1427 989 1588 1034 nocte
1620 981 1814 1049 dieque
1839 997 1988 1039 canis
2015 1003 2029 1037 :
2267 968 2396 1024 ³11³⁸6
2425 969 2586 1039 igitur
2619 985 2830 1024 Summo
2858 985 2888 1023 a
2918 971 3070 1024 "Obis
3102 978 3365 1024 lfaclalur
3388 985 3562 1034 amore.

509 1061 686 1132 Atque
716 1063 837 1120 ideo
865 1074 1053 1121 nostro
1091 1075 1178 1120 tua
1207 1067 1325 1123 laus
1361 1084 1468 1124 non
1507 1069 1708 1140 indiget
1736 1086 1853 1138 ore,
2199 1062 2328 1118 lure
2352 1063 2427 1117 illi
2453 1061 2787 1117 venerandus
2813 1062 2984 1117 honos
3010 1061 3356 1132 impenditur,
3379 1061 3503 1116 altor

582 1153 895 1210 Horrendus
933 1155 1198 1210 scelerum
1229 1168 1488 1226 personat
1513 1161 1655 1214 unde
1684 1159 1887 1231 fragor.
2200 1155 2298 1221 Qui
2329 1154 2612 1224 probitatis
2640 1163 2780 1220 erat,
2819 1155 3041 1224 verique
3069 1165 3305 1210 assertor
3329 1155 3538 1224 opimus,

508 1241 713 1314 Nempe
743 1259 837 1314 per
863 1245 1127 1301 immanes
1165 1249 1373 1315 rapitur
1399 1264 1551 1304 meus
1579 1265 1717 1304 saeva
1749 1260 1951 1318 reatus,
2198 1245 2456 1301 Errorum
2484 1247 2740 1311 domitor,
2769 1247 2884 1300 vitii
2915 1246 3153 1301 calcator
3177 1247 3351 1312 avari,

578 1335 723 1390 Proh
750 1336 933 1391 dolor!
965 1345 1021 1392 et
1050 1337 1237 1408 Stygio
1265 1355 1323 1393 se
1360 1341 1598 1409 implicat
1626 1342 1738 1410 ipsa
1771 1342 1908 1398 chao
1943 1361 1955 1396 :
2195 1337 2307 1391 Ara
2335 1339 2625 1408 pudicitiae,
2658 1339 2798 1409 frugi
2835 1355 3049 1413 quoque
3077 1342 3302 1416 virginis
3329 1345 3467 1407 aula,

508 1422 776 1490 Quocirca
808 1425 956 1480 diros
990 1427 1222 1481 blaterat
1249 1445 1352 1483 vox
1379 1445 1544 1486 rauca
1573 1431 1790 1498 boatus,
2197 1426 2467 1484 Virtutum
2497 1431 2681 1494 turris,
2706 1430 2857 1500 pacis
2881 1444 2972 1484 seu
2999 1429 3134 1483 lucis
3155 1429 3318 1484 oliva.

576 1513 773 1585 Rugitu
803 1530 866 1568 ac
893 1516 1098 1586 plangit
1127 1518 1342 1572 tristitia
1376 1519 1486 1573 fata
1527 1523 1679 1591 gravi
1717 1537 1734 1575 :
2197 1517 2477 1574 Postremo
2505 1520 2695 1590 ipsius,
2721 1535 2882 1590 quam
2910 1520 3151 1575 carmina
3179 1527 3376 1574 cuncta
3401 1527 3623 1585 verentur,

508 1605 616 1661 Sed
644 1613 712 1669 te,
743 1607 834 1676 qui
864 1608 1041 1678 typico
1066 1609 1250 1678 psallis
1275 1611 1641 1666 modulamine
1670 1612 1911 1680 Christo,
2195 1609 2260 1663 Et
2291 1625 2410 1679 Quae
2439 1619 2657 1664 terreno
2681 1610 2876 1681 spoliat
2903 1623 2962 1664 86
2985 1610 3206 1680 dapSiliS
3237 1625 3392 1672 ³111·ον

575 1695 914 1767 Ac-superas
952 1700 1115 1755 tantis
1148 1715 1351 1769 organa
1389 1712 1583 1757 cuncta
1617 1703 1812 1768 modis,
2195 1698 2429 1768 Quaeque
2465 1699 2576 1754 Deo
2607 1709 2855 1770 cognata,
2892 1700 3029 1754 mori
3061 1715 3158 1770 pro
3185 1699 3444 1756 fratribus
3464 1709 3598 1770 optat,

507 1783 804 1842 Submissis
830 1788 1044 1852 animis,
1073 1790 1310 1845 contrito
1335 1793 1499 1846 corde
1531 1808 1804 1864 rogamus,
2195 1786 2444 1853 Virlulis,
2476 1804 2600 1843 cum
2628 1805 2723 1859 Spe
2747 1798 2964 1844 interna”:
2991 1790 3232 1844 custodia
3271 1790 3417 1844 Vit-‘8.

576 1874 979 1942 Cohdescende,
1014 1879 1202 1933 humili
1230 1881 1377 1936 mitis
1405 1884 1593 1937 adesto
1625 1885 1769 1954 preci
1815 1902 1830 1938 :
2265 1884 2404 1954 Ergo
2434 1884 2554 1951 tibi,
2585 1884 2822 1953 prudens
2850 1883 3036 1948 lector,
3067 1883 3162 1937 tibi
3197 1881 3437 1946 consule,
3466 1894 3622 1951 quaso,

500 1965 578 2021 δυσ
610 1966 736 2036 quia
768 1975 818 2022 te
846 1968 899 2021 in
931 1976 1137 2022 tantum
1161 1969 1286 2024 vitae
1314 1972 1562 2039 provexit
1591 1974 1871 2040 honestas,
2118 1959 2167 2020 Β
2197 1977 2260 2032 Ει
2294 1993 2527 2042 mecum,
2557 1987 2744 2031 sancto
2770 1976 2980 2030 Domini
3012 1975 3272 2030 solemnia
3302 1983 3454 2038 vota,

573 2055 777 2111 Audire
801 2057 1076 2127 angelicos
1099 2073 1206 2127 quo
1235 2073 1479 2115 mereare
1514 2069 1701 2127 tonos;
2192 2065 2272 2121 Ne
2300 2067 2482 2121 tardes
2511 2063 2729 2130 oﬂ'erre,
2759 2066 2932 2119 virum
2969 2065 3114 2120 hunc
3139 2064 3264 2133 quia
3299 2063 3472 2132 diligit
3495 2061 3624 2117 omnis

506 2149 615 2205 Hos
639 2165 852 2220 quoque
876 2149 1064 2217 ﬂagitii
1093 2160 1347 2222 purgatos
1374 2153 1644 2217 sordibus,
1675 2164 1855 2222 aptum
2192 2155 2433 2211 Dilectus
2461 2154 2701 2210 Christo.
2731 2154 3005 2208 Christum
3034 2169 3157 2207 nam
3189 2153 3368 2223 diligit
3397 2153 3519 2222 ipse,

574 2240 792 2309 Sancte,
821 2242 920 2297 tibi
948 2241 1117 2298 facias
1149 2242 1324 2298 laudis
1354 2244 1491 2299 inire
1521 2244 1707 2300 melos.
1739 2244 1931 2300 Amen.
2101 2307 2105 2310 ,
2191 2247 2368 2314 Atque
2395 2245 2569 2313 ipsum
2597 2243 2867 2308 Christus,
2888 2243 3122 2310 ﬂagrans
3143 2257 3296 2296 amor
3321 2243 3472 2295 ardet
3495 2239 3684 2307 utrinque,

1260 2331 1350 2388 ιν.
2195 2336 2302 2392 Sed
2327 2336 2530 2391 Christi
2559 2337 2624 2389 de
2648 2345 2802 2406 parte
2832 2335 3002 2404 magis
3023 2374 3037 2398 ,
3067 2332 3242 2387 minus
3272 2341 3360 2386 est
3387 2331 3503 2399 quia
3529 2339 3646 2384 totum

939 2440 1143 2482 ECLOGA
1167 2440 1272 2481 ruo
1301 2441 1347 2482 s.
1371 2441 1634 2483 LEBWINO.
2193 2425 2348 2493 Quod
2378 2423 2621 2479 mortalis
2651 2423 2783 2493 agit,
2823 2430 3081 2492 superant
3107 2421 3284 2474 divina
3315 2421 3576 2474 caducum.

717 2520 818 2592 [Ex
848 2520 1030 2576 Surio.
1061 2521 1167 2576 Vit.
1213 2521 1313 2576 SS.
1346 2531 1476 2578 tom.
1511 2523 1602 2588 Vl,
1631 2539 1682 2593 p.
1715 2521 1896 2592 1070.]
2193 2518 2303 2573 Nos
2330 2532 2562 2586 quoque,
2589 2530 2724 2584 quos
2747 2528 2964 2583 semper
2987 2511 3215 2566 famulos
3247 2510 3513 2565 Lebuinus
3530 2507 3684 2563 habebit.

577 2608 813 2680 lnclytus
836 2611 1133 2682 Anglorum
1171 2613 1394 2667 veniens
1424 2612 1696 2668 Lebuinus
1723 2613 1790 2668 ab
1818 2613 1950 2676 oris,
2194 2609 2302 2664 Nos
2325 2610 2450 2679 quia
2474 2623 2687 2676 semper
2708 2616 2875 2670 amat,
2899 2605 3092 2660 devote
3116 2606 3260 2659 hunc
3281 2617 3493 2671 semper
3509 2613 3686 2658 amatum,

504 2702 689 2758 Sacris
722 2703 979 2757 virtutum
1012 2703 1176 2758 remis
1206 2713 1262 2759 ct
1287 2705 1490 2774 remige
1519 2703 1760 2768 Christo,
2195 2701 2464 2755 Suavibus
2492 2708 2546 2753 et
2575 2698 2805 2752 modulis
2835 2697 3036 2752 Christi
3068 2705 3352 2751 cantemus
3385 2694 3603 2756 amicum,

505 2792 658 2847 Saeva
692 2792 971 2861 procellosi
1005 2795 1322 2863 compressit
1359 2795 1578 2848 ﬂumina
1614 2794 1812 2860 Rheni,
2192 2790 2367 2861 Ipsius
2393 2799 2446 2844 et
2478 2803 2672 2844 nomen
2708 2787 2860 2842 Latio
2888 2802 3136 2842 sermone
3165 2796 3417 2849 canatur,

504 2882 666 2951 Cujus
693 2882 832 2937 forte
855 2883 1006 2953 gravi
1038 2885 1323 2953 turgebant
1349 2885 1488 2938 ostia
1516 2883 1669 2949 ﬂatu,
1991 2921 1994 2924 .
2194 2879 2363 2948 Quale
2396 2889 2571 2943 sonat,
2606 2887 2718 2932 toto
2749 2877 2954 2932 divisus
2991 2878 3058 2932 ab
3093 2877 3243 2940 orbe,
3277 2875 3568 2928 Britannus.

510 2973 795 3043 Exagitata
823 2971 956 3028 feris
982 2987 1224 3043 persaepe
1251 2973 1594 3043 aquilonibus
1621 2983 1745 3030 ante
1775 2993 1789 3029 ;
2196 2969 2440 3038 Namque
2471 2968 2581 3023 illic
2608 2983 2838 3037 puerum
2873 2967 3059 3021 dixere
3085 2966 3383 3036 crepundia
3419 2977 3609 3035 parvum

501 3065 682 3132 Atque
710 3079 775 3118 ea
799 3064 994 3119 divina:
1023 3063 1238 3119 fuerant
1271 3065 1350 3120 sic
1379 3065 1524 3120 invia
1553 3067 1696 3121 navi.
2194 3061 2484 3126 Liafuvim,
2522 3061 2664 3130 quod
2690 3076 2904 3115 sacrum
2929 3069 3049 3130 post
3071 3061 3186 3114 haac
3211 3059 3485 3128 baptisma
3509 3053 3692 3126 probati!»

506 3154 615 3208 Sed
663 3164 948 3225 postquam
989 3165 1216 3212 sanctus
1261 3158 1480 3213 rabidas
1524 3158 1852 3227 perﬂavcrat
1900 3160 2091 3226 undas,
2198 3153 2552 3221 Decrevitque
2577 3152 2684 3206 Deo
2713 3153 2867 3206 dulce
2887 3162 2942 3207 et
2968 3151 3318 3207 memorabile
3343 3165 3549 3206 nomen.

505 3242 732 3298 Coalitus
761 3243 960 3300 emisso
989 3245 1157 3299 semel
1185 3245 1496 3314 impetravit
1529 3247 1597 3302 ab
1635 3256 1841 3311 austro,
2134 3305 2167 3314 Α
2202 3244 2336 3299 Nam
2366 3245 2412 3299 si
2448 3253 2693 3298 vertatur
2723 3242 3009 3308 Liafuvim,
3037 3243 3178 3314 quod
3207 3259 3343 3296 cuna
3380 3241 3598 3303 sonabat,

503 3331 722 3388 Corruit
749 3335 972 3390 immitis
998 3335 1221 3402 Boreas,
1254 3352 1485 3406 moxque
1513 3353 1729 3408 :equore
1760 3347 1876 3393 tuto
2125 3305 2169 3367 Ο
2201 3337 2374 3392 Carus
2394 3337 2598 3390 amicus
2624 3335 2748 3399 erit,
2781 3335 2874 3388 sed
2903 3336 3127 3388 verbum
3153 3348 3354 3404 augere
3379 3346 3584 3408 pecesse
3601 3336 3672 3391 est.

513 3426 763 3496 Suscepit
789 3425 1032 3495 placidus
1053 3427 1204 3496 pacis
1231 3428 1443 3498 navigia
1475 3427 1715 3483 Rhenus.
2201 3430 2384 3500 Cujus,
2416 3427 2528 3482 sive
2549 3426 2657 3482 cui.
2691 3425 2878 3479 Melius
2906 3425 3033 3494 quid
3060 3426 3311 3479 convenit
3342 3425 3482 3490 istic,

511 3517 637 3572 Haec
664 3515 752 3571 ubi
781 3529 1033 3572 successu
1056 3525 1268 3587 portum
1291 3519 1503 3587 petiere
1531 3519 1787 3582 secundo,
2199 3521 2372 3586 Quam
2399 3519 2444 3571 si
2470 3516 2586 3587 lege
2613 3516 2769 3570 metri
2801 3515 3035 3580 Christo,
3063 3513 3334 3568 Christive
3363 3509 3624 3568 subaudis?

511 3607 676 3664 Urbis
703 3607 755 3662 in
783 3608 1252 3678 antiquae-perfixa
1281 3619 1366 3664 est
1397 3611 1628 3665 anchora
1656 3610 1844 3681 glebis,
2201 3608 2326 3662 Haec
2353 3609 2457 3662 duo
2479 3607 2523 3660 si
2551 3605 2789 3675 copules,
2822 3605 2993 3659 sancti
3020 3607 3320 3660 vocitamen
3360 3602 3615 3674 adimples.

506 3698 575 3752 Et
604 3697 795 3767 lapidis
822 3695 1034 3752 firmata
1066 3700 1192 3764 situ,
1221 3716 1291 3756 ne
1318 3701 1456 3754 forte
1481 3701 1686 3756 solutas
2199 3701 2377 3769 Atque
2416 3699 2469 3752 in
2501 3709 2730 3766 utroque
2764 3697 2965 3766 places,
2993 3713 3116 3751 cum
3170 3696 3447 3751 Romanus
3488 3704 3539 3749 et
3566 3693 3701 3760 Anglus

511 3787 752 3843 Turbine
777 3799 1063 3858 quassaret
1089 3805 1278 3844 rursus
1305 3791 1389 3846 vis
1420 3792 1639 3847 horrida
1669 3807 1895 3864 puppes.
2200 3791 2397 3848 Audiat
2420 3789 2730 3855 exsultans,
2756 3789 2939 3843 laudat
2964 3790 3161 3843 idioma
3185 3789 3470 3842 docentem

513 3877 652 3932 Tum
677 3892 809 3932 vero
835 3877 1101 3947 insignem
1126 3879 1321 3934 mirata
1351 3890 1436 3936 est
1467 3892 1609 3939 terra
1637 3885 1882 3942 colonum
2203 3883 2358 3952 Quod
2393 3883 2626 3953 patrium
2678 3889 2936 3945 armatos,
2970 3881 3284 3934 translatum
3321 3879 3502 3934 laudat
3523 3879 3701 3932 inermes-

515 3967 895 4023 Condemnare
922 3983 1050 4024 suas
1075 3968 1282 4024 caalesti
1308 3969 1496 4028 fomite
1525 3987 1750 4037 messes,
2202 3975 2344 4030 Ecce
2369 3983 2548 4028 autem
2578 3971 2832 4027 cohibere
2854 3981 3072 4026 monent
3100 3970 3317 4025 fastidia
3345 3984 3574 4034 carmen,

510 4057 590 4113 Ac
619 4057 761 4113 male
794 4068 923 4114 nata
956 4059 1071 4115 solo
1095 4059 1297 4116 divinis
1320 4076 1481 4118 urere
1508 4060 1758 4118 ﬂammis.
2204 4065 2282 4121 Ne
2311 4067 2480 4119 musis
2503 4065 2690 4120 doctas
2719 4065 2905 4118 Iredam
2937 4063 3206 4128 ruralibus
3235 4077 3437 4116 aures:

515 4148 627 4204 llos
652 4149 954 4221 allegoricis
982 4152 1278 4209 decernere
1308 4153 1519 4210 vicibus
1541 4169 1724 4228 agros,
2204 4157 2356 4223 Quod
2386 4155 2562 4220 facile,
2599 4155 2810 4225 stipulis
2835 4171 2956 4210 cum
2992 4155 3208 4223 quidem
3240 4153 3422 4224 garrio
3449 4149 3622 4206 nosuis

513 4238 640 4296 Illos
669 4241 868 4296 sinceri
898 4241 1062 4296 sulcis
1087 4243 1337 4299 addicere
1367 4245 1546 4311 ferris,
2202 4247 2438 4312 Accidit,
2467 4247 2719 4302 Arcadici
2745 4263 2864 4316 qua:
2889 4247 3085 4301 rudunt
3112 4261 3260 4300 more
3290 4243 3485 4314 peculi,

510 4332 810 4388 Arboribus
837 4333 1098 4401 quosdam
1116 4333 1250 4388 fidei
1279 4349 1535 4391 exercere
1560 4337 1820 4405 locandis,
2204 4341 2419 4410 Vixque
2449 4339 2649 4410 aliquis
2673 4349 2825 4394 curet
2843 4339 3044 4394 calcem
3067 4346 3379 4406 exspectare
3406 4332 3620 4392 canoris,

517 4424 620 4490 Qui
649 4439 745 4479 sua
775 4424 953 4480 vicino
983 4424 1300 4482 collustrent
1321 4429 1560 4497 germina
1589 4430 1746 4485 ccelo.
2205 4431 2301 4486 Cui
2335 4445 2510 4501 neque
2543 4430 2733 4486 saltem
2763 4430 2922 4485 obolo
2949 4428 3244 4500 primordia
3271 4427 3431 4497 digna
3458 4424 3680 4478 videntur.

516 4513 755 4570 Cernere
784 4523 904 4570 erat
937 4515 1150 4571 steriles
1194 4516 1572 4587 splendescere
1619 4519 1840 4578 ﬂoribus
1888 4523 2100 4591 herbas,
2208 4522 2315 4578 Sed
2342 4523 2528 4587 refert,
2559 4523 2687 4592 quid
2716 4522 2944 4592 quisque
2969 4529 3126 4574 canat
3153 4538 3168 4573 :
3211 4533 3310 4572 nos
3334 4517 3446 4572 otia
3470 4514 3600 4569 foeda

513 4604 939 4676 Fecundumque
969 4622 1160 4662 nemus
1188 4607 1371 4678 fruges
1401 4611 1609 4665 nutrire
1633 4613 1844 4680 salutis,
2128 4651 2183 4711 Β
2206 4614 2263 4668 lu
2288 4614 2481 4667 melius
2514 4621 2751 4665 mutasse
2774 4611 2898 4674 rati,
2929 4608 3184 4678 spirantis
3210 4607 3426 4670 amomi,

516 4695 604 4750 Nil
630 4710 735 4750 non
770 4695 1072 4766 proficuum
1101 4712 1320 4767 compos
1348 4699 1592 4755 redolere
1620 4718 1716 4772 per
1745 4720 1954 4772 omnes,
2083 4715 2092 4718 "
2128 4694 2181 4711 ⁵’
2209 4704 2625 4771 Palmarumque
2662 4702 2847 4769 inopes
2873 4699 3079 4754 silvano
3105 4699 3430 4751 extorsimus
3459 4694 3630 4764 algam.

515 4785 811 4856 Postquam
842 4785 965 4842 divo
993 4801 1146 4856 seges
1171 4787 1415 4844 felicibus
1443 4790 1671 4845 haeserat
1702 4795 1864 4847 arvis.
2210 4794 2404 4862 Quam,
2437 4793 2698 4855 Lebuine,
2720 4791 2842 4844 vide
2871 4804 3026 4844 sacer
3051 4805 3114 4844 ac
3137 4786 3480 4842 memorande
3508 4777 3715 4837 sacerdos

591 4877 719 4932 Haec
749 4878 926 4949 typice
961 4886 1146 4933 noster
1172 4880 1338 4950 gessit
1366 4879 1662 4948 Lebuinus,
1690 4884 1884 4949 amice,
2209 4884 2359 4938 Hanc
2378 4898 2588 4954 precor,
2607 4891 2666 4934 ut
2683 4881 2958 4936 Christum
2982 4879 3243 4943 recolens,
3268 4875 3576 4930 nilfortibus
3592 4879 3718 4924 usum.

518 4967 580 5022 Si
606 4967 744 5022 bene
773 4969 1079 5037 perpendis,
1120 4970 1248 5040 quid
1281 4971 1502 5040 spiritus
1533 4971 1722 5026 innuat
1749 4975 1886 5028 odis.
2206 4975 2464 5030 Pallentis
2501 4973 2674 5027 vidua:
2707 4973 2883 5041 potius
2914 4971 3140 5026 cessisse
3170 4968 3412 5028 minutis,

519 5056 655 5112 Nam
687 5059 890 5129 pepigit
915 5059 1073 5124 vites,
1101 5075 1226 5116 cum
1254 5061 1454 5116 multos
1492 5061 1694 5116 codicis
1727 5061 1851 5117 almi
2208 5065 2426 5120 Gratam
2457 5061 2678 5124 habeas,
2701 5061 3057 5129 precibusque
3080 5058 3186 5111 tuis
3204 5073 3319 5110 mea
3343 5051 3552 5108 vincula
3574 5045 3718 5104 solm

2211 5155 2272 5182 17⁸
2303 5168 2426 5194 vorax
2457 5152 2647 5204 facias.
2674 5158 2794 5204 post
2821 5149 3112 5201 diversoria
3147 5147 3356 5206 carnis.
