3920 6432
155 361 261 418 5M

1203 368 1546 426 SALOMON.
1583 401 1652 410 —
1689 368 1959 426 NOTITIA
1999 371 2379 429 HISTORICA.

3311 375 3438 429 563‘

159 472 3422 532 Ἦ

1394 661 1560 704 ANNO
1604 660 1831 705 DOMINI
1878 664 2190 708 DCCCCXX.

1266 843 2383 1007 SALOMON

721 1125 1948 1245 CONSTANTIENSIS
2017 1132 2852 1308 EPISGOPUS.

1233 1505 1670 1585 NOTITIA
1732 1503 2312 1584 HISTORICA.

1191 1677 1352 1739 (Apud
1378 1678 1637 1742 Canismm,
1662 1678 1910 1742 Spicilegii
1931 1686 2044 1729 tom.
2074 1675 2137 1739 ll,
2168 1690 2276 1741 pars
2314 1683 2386 1736 ιι.)

239 1980 496 2036 Salomon
522 1978 952 2050 Constantiensis
979 1979 1265 2050 episcopus
1285 1979 1477 2034 illustri
1498 1979 1745 2049 prosapia
1774 1987 1823 2046 Α
1851 1979 2186 2050 Sangallensi
2231 1980 2445 2036 abbatia
2484 1995 2608 2040 sese
2648 1978 2971 2050 abdicasset,
3013 1977 3271 2050 Salomon
3297 1977 3424 2050 'ejus

159 2061 331 2107 natus
364 2058 523 2120 erat;
568 2065 598 2103 a
637 2049 950 2120 parentibus
992 2049 1430 2120 Sangallensibus
1469 2051 1748 2106 monachis

158 2119 555 2188 Grlmaldoque
601 2119 728 2172 tunc
779 2119 1034 2188 temporis
1083 2119 1261 2174 abbati
1317 2120 1746 2183 commendatus,

160 2192 264 2246 ubi
319 2205 350 2242 a
397 2189 598 2243 teneris
621 2188 778 2242 annis
831 2189 1024 2242 studiis
1079 2189 1352 2253 incubuit;
1402 2203 1523 2242 cum
1569 2198 1750 2242 autem

161 2259 388 2315 caeteris
433 2257 810 2327 condiscipulis
861 2259 1227 2312 doctrinarum
1279 2259 1606 2326 profectibus
1653 2258 1754 2312 sub

161 2330 329 2384 lsone
378 2339 706 2398 praeceptore
753 2327 907 2395 longe
940 2329 1175 2396 prmiret,
1221 2329 1418 2382 invidia
1468 2329 1597 2382 moti
1628 2335 1755 2382 sunt

163 2399 446 2468 monachi,
499 2397 762 2451 Nutkerus
790 2398 1006 2464 aliique,
1040 2399 1321 2468 ipsumque
1368 2397 1468 2468 sibi
1510 2398 1754 2467 prml‘erri

162 2484 319 2550 aegre
365 2467 600 2522 ferentes
630 2482 848 2550 summa
873 2467 1152 2550 odiunsUnt
1191 2467 1492 2550 prosecuti;
1525 2483 1755 2550 cumque

164 2535 336 2592 vellet
382 2539 766 2591 monasterium
817 2535 1165 2606 Sangallense
1192 2535 1362 2593 noctu
1404 2539 1596 2607 dieque
1639 2535 1755 2592 sine

165 2607 384 2662 cuculla
419 2607 642 2676 ingredi,
675 2607 840 2674 ipsius
863 2608 1039 2660 mutuli
1075 2625 1092 2657 ι
1125 2619 1372 2663 sanctam
1391 2607 1634 2662 fraudem
1664 2609 1758 2661 de-

171 2687 470 2746 tegentes»
527 2679 595 2730 ab
654 2677 897 2746 ingressu
953 2679 1237 2746 prohibere
1307 2686 1646 2732 tentaverunt
1693 2691 1760 2733 ea

167 2745 389 2801 raiione
429 2747 570 2815 quod
607 2745 841 2800 insolens
881 2745 1018 2817 foret
1053 2748 1284 2817 aliquem
1335 2749 1536 2801 intrare
1569 2747 1756 2800 intima

169 2818 513 2879 monasterii,
553 2823 710 2869 noctu
741 2816 1028 2885 praecipue,
1065 2816 1268 2886 alisque
1315 2817 1616 2875 monachali
1658 2817 1758 2870 ha-

168 2887 314 2940 bitu.
367 2885 663 2957 Postulavit
704 2886 954 2940 Salomon
1014 2897 1070 2941 ut
1117 2885 1341 2957 cappam
1383 2887 1758 2942 monachalem

170 2957 425 3028 indueret
458 2955 769 3028 dumintra
815 2957 1048 3011 claustra
1098 2955 1496 3028 ingrederetur,
1540 2967 1760 3011 exueret

170 3041 310 3098 vero
337 3027 459 3098 dum
505 3025 717 3098 abiret:
745 3028 1041 3081 renuebant
1091 3025 1370 3090 monachi,
1401 3027 1502 3098 ipsi
1549 3041 1761 3098 semper

174 3094 574 3166 inlensissﬁimi‘,
607 3095 788 3164 lupum
832 3099 992 3151 ovino
1035 3098 1234 3151 vellere
1274 3094 1436 3151 indui'
1469 3094 1759 3166 reprehen-

171 3164 677 3247 dentesaDivinam
721 3166 876 3247 plane
901 3164 1552 3247 sententiamnamplexus
1595 3165 1760 3220 abbas

170 3235 451 3304 postulata
493 3235 758 3307 concessit
786 3245 842 3307 ut
871 3239 915 3292 si
946 3238 1215 3307 quondam
1249 3235 1502 3307 Salomon
1542 3251 1758 3307 creare-

175 3315 272 3357 tur
298 3307 464 3358 abbas
503 3305 894 3374 Sangalleusis,
922 3305 1026 3360 nim
1049 3307 1340 3373 canonico,
1376 3306 1472 3360 sed
1499 3305 1759 3360 monacho

171 3383 237 3428 et
290 3374 442 3426 fratri
505 3373 892 3441 subderentur;
951 3386 1077 3431 tunc
1138 3377 1282 3430 enim
1345 3375 1670 3430 monasteria
1729 3390 1760 3428 a

175 3444 462 3498 canonicis
494 3444 602 3513 regi
630 3444 815 3510 solita;
845 3448 922 3501 sic
943 3446 1281 3511 Grimaldus,
1307 3446 1385 3501 sic
1417 3447 1580 3500 etiam
1604 3444 1760 3498 Hart-

178 3523 374 3586 mutusﬁ
421 3514 648 3586 fuerunt
699 3515 1076 3586 Sangallenses
1143 3517 1398 3586 abbates,
1453 3529 1762 3586 quanquam

176 3585 452 3654 canonici.
505 3583 595 3638 Sic
636 3582 835 3653 legitur
871 3587 920 3640 in
958 3587 1076 3641 Vita
1125 3585 1431 3641 Wirobadze
1456 3582 1488 3640 ε’
1511 3582 1634 3654 post
1667 3582 1763 3638 Sa-

1850 2047 1996 2122 vices
2046 2050 2228 2116 subiit,
2281 2051 2588 2122 impellente
2629 2050 2862 2122 Hattone
2898 2047 3233 2122 Moguntina,
3274 2047 3430 2122 cuius

1852 2121 2036 2175 laudes
2086 2119 2418 2176 carminibus
2474 2123 2588 2177 suis
2647 2121 2898 2177 inseruit.
2957 2119 3055 2173 Vix
3126 2120 3445 2174 octodecim.

1852 2193 2438 2260 mensesmonasterio
2465 2191 2782 2260 praefuerat,
2815 2205 2935 2245 cum
2967 2189 3034 2260 ad
3050 2189 3431 2260 episcopalem

1853 2260 2037 2315 sedem
2066 2259 2394 2316 Constantia:
2433 2258 2533 2315 fuit
2576 2271 2826 2326 evectus,
2859 2276 2948 2314 an.
2977 2258 3101 2315 893.
3134 2259 3432 2328 Episcopus

1855 2330 2135 2384 duodecim
2174 2331 2417 2385 abbatias
2453 2331 2802 2384 nihilominus
2848 2330 3095 2396 regebat,
3138 2343 3238 2398 pro
3280 2341 3431 2382 more

1856 2400 1939 2454 his
1965 2401 2291 2469 temporibus
2317 2400 2505 2464 solito;
2540 2402 2653 2469 pari
2673 2401 2816 2454 enim
2840 2398 3183 2469 abbatiaru_m_
3197 2411 3431 2469 numero

1857 2465 2121 2542 gaudebat
2175 2465 2752 2542 Hattotbioguntinus
2802 2468 3022 2542 praesul.
3056 2537 3066 2542 _
3096 2465 3434 2542 Triburiensi

1855 2539 2085 2594 concilio
2128 2554 2268 2594 anno
2311 2540 2415 2596 895
2467 2535 2637 2595 adfuit
2681 2549 2736 2594 et
2779 2535 3097 2606 subscripsit
3143 2535 3429 2601 Salomon;

1857 2609 2051 2666 deinde
2078 2608 2304 2665 Romam
2353 2610 2506 2680 petiit
2555 2611 2784 2678 indeque
2821 2607 3092 2680 Pelagium
3140 2615 3434 2678 martyrem

1856 2680 2230 2750 Constantium
2277 2678 2585 2750 episcopum
2616 2678 3188 2750 insavcophago‘auro
3205 2686 3260 2731 et
3284 2690 3434 2747 gem-

1858 2751 1960 2805 mis
1989 2749 2240 2804 decorate
2276 2746 2612 2805 transtulisse
2645 2750 2826 2805 ferunt
2852 2746 2982 2803 919;
3007 2746 3259 2801 Carmina
3287 2746 3434 2814 quae-

1859 2822 1980 2896 dam
2007 2819 2173 2874 edidit
2213 2820 2608 2896 adADadonenr
2630 2821 2892 2896 amicum;
2915 2817 3070 2896 quin.
3105 2816 3215 2871 sint
3267 2815 3438 2887 ipsius

1857 2891 2106 2946 dubitare
2135 2905 2240 2944 non
2268 2889 2392 2945 licet
2415 2890 2567 2945 lectis
2596 2891 2679 2945 his
2701 2888 2978 2944 versiculis
3006 2903 3020 2942 :

2013 2999 2206 3064 Eximie
2242 3003 2460 3064 antistes,
2488 3002 2573 3052 has
2595 3001 2780 3063 accipe,
2807 2999 2962 3062 Dado,
2989 2997 3174 3049 salutes

2072 3063 2376 3126 Conscriptas
2395 3065 2570 3114 tristia
2593 3064 2852 3112 Salomone
2877 3068 3004 3110 tuas.

1931 3165 2183 3222 Tristitia:
2203 3182 2364 3224 causa
2387 3166 2488 3223 fuit
2514 3182 2660 3225 mors
2678 3165 3054 3238 intempestiva
3068 3163 3253 3220 fratris
3273 3177 3441 3236 quem

1863 3238 2019 3292 unice
2049 3238 2335 3292 adamavit.

1987 3348 2080 3398 Hic
2111 3347 2317 3397 baculus
2335 3347 2479 3406 lasso,
2503 3347 2590 3398 fuit
2613 3348 2694 3400 hic
2717 3347 3021 3397 medicamen
3046 3353 3098 3397 et
3120 3352 3267 3408 egro,
3293 3355 3307 3391 :

2081 3408 2198 3458 Istic
2217 3410 2330 3458 dum
2354 3412 2508 3472 viguit
2529 3410 2594 3459 nil
2614 3410 2730 3458 mihi
2755 3410 2894 3459 triste
2915 3408 3020 3458 fuit.

1939 3499 2062 3567 Fuit
2092 3513 2180 3568 ille
2229 3513 2388 3582 hujus
2430 3514 2664 3569 nominis
2711 3515 2904 3570 tertius
2933 3509 3098 3566 abbas
3129 3507 3445 3582 Sangallen-

1869 3583 1963 3646 sis,
1997 3592 2052 3638 ut
2099 3581 2330 3651 probant
2361 3599 2551 3639 versus
2591 3584 2772 3639 forsan
2803 3599 2832 3637 a
2867 3581 3119 3637 Tutilone
3166 3581 3280 3651 ipso
3308 3593 3442 3651 con-

177 3635 454 3707 maenaa.
515 3635 1114 3711 astaéa"*isiies"ﬁe
1145 3635 1495 3710 {amissa
1511 3635 1764 3707 sane“
1796 3635 1841 3692 Β
1870 3635 2053 3724 scripti
2081 3635 2153 3708 ίῖί
2171 3635 2551 3724 semesa;
2586 3635 2833 3710 suam
2861 3635 3198 3724 amplissima
3216 3647 3446 3720 Sangal-

182 3724 560 3793 tradereutur;
605 3725 822 3793 regendi
860 3726 1066 3780 scilicet
1115 3725 1184 3780 ab
1225 3724 1507 3780 abbatibus
1543 3723 1765 3778 saecula-

184 3792 358 3853 ribus,
416 3792 862 3864 quemadmodum
915 3795 1400 3852 fuerat.Salomon.
1447 3793 1762 3864 Quanquam

183 3871 373 3915 autem
417 3861 647 3917 ferveret
707 3863 758 3916 in
806 3881 929 3920 eum
975 3866 1286 3921 :emulorum
1334 3864 1584 3929 Notltcri,
1621 3861 1763 3917 Rut-

181 3932 352 4056 terti.
382 3931 644 3987 Tutilonis
672 3933 852 3989 odium
878 3977 891 3998 ,
923 3936 1270 3990 nihilominus
1299 3933 1765 4005 archicapellanus

240 4002 449 4055 udovici
499 4000 577 4056 Pii
618 4003 818 4056 electus
846 4015 964 4056 est:
1019 4007 1210 4056 deinde
1256 4021 1382 4056 vero
1428 4005 1553 4056 dum
1593 4002 1763 4056 eratis

240 4002 449 4074 udovici
499 4000 577 4074 Pii
618 4003 818 4059 electus
846 4015 964 4060 est:
1019 4007 1210 4060 deinde
1256 4021 1382 4060 vero
1428 4000 1553 4059 dum
1593 4002 1763 4074 gratia

183 4070 415 4144 polleret
444 4073 582 4139 apud
615 4073 991 4140 imperatorem
1011 4115 1026 4140 ,
1062 4075 1361 4143 Elewangis
1396 4083 1452 4128 et
1480 4070 1768 4144 Canipido-

185 4141 458 4196 nensibus
505 4144 798 4200 canonicus
838 4144 1123 4217 praefectus
1164 4153 1264 4200 est.
1286 4141 1426 4200 Cum
1465 4141 1770 4198 Bernardus

1868 3723 2104 3780 [ensibus
2129 3723 2346 3780 collata.

1989 3837 2189 3888 Tertius
2211 3838 2288 3888 hic
2307 3839 2461 3900 bagiaa
2487 3836 2816 3900 Salomondat
2834 3835 2957 3884 dona
2983 3831 3170 3900 Magia},

1991 3900 2190 3951 Tertius
2208 3900 2287 3950 hic
2304 3895 2429 3949 almo
2453 3899 2678 3949 Salomon
2701 3899 2783 3946 dat
2805 3907 3008 3947 munera
3037 3895 3192 3944 Gallo.

1942 4001 2086 4058 Obiit
2127 4016 2267 4055 anno
2295 4001 2419 4056 9l9.
2467 3997 2778 4053 [labebatur
2813 4006 2990 4049 autem
3042 4012 3060 4044 ι
3093 3992 3176 4045 vir
3207 3989 3452 4044 fortuna-

1873 4082 1978 4135 tus,
2022 4072 2258 4140 prudens
2291 4069 2516 4140 consilio
2563 4068 2822 4124 eloeuens
2850 4076 2903 4122 et
2931 4063 3084 4118 valde
3123 4059 3378 4117 liberalis.
3422 4075 3442 4109 ι

1874 4139 2229 4212 (Vita’Notkq
2261 4155 2310 4195 c.
2341 4139 2450 4209 l5.)

199 4282 3453 4320 _____________________________________________...__

1236 4448 2502 4572 SALOMONIS

1424 4683 1947 4732 CONSTANTIENSIS
1988 4680 2265 4725 EPISCOPI

574 4852 1116 4971 VERSUS
1198 4851 1386 4966 AD
1472 4847 2154 4963 DADONEM
2239 4840 3084 4960 EPISCOPUM.

1458 5067 1622 5134 (Apud
1644 5067 1887 5120 Canlsium
1911 5065 1992 5116 ubi
2017 5063 2209 5128 supra.)

397 5354 637 5433 Incipit
664 5350 972 5432 prologus
1001 5345 1310 5427 sequentis
1341 5360 1572 5422 opem.

193 5455 441 5526 Simplex
471 5455 611 5509 trine
638 5453 798 5518 Deus,
828 5451 1057 5521 genitor,
1087 5455 1223 5511 sate,
1251 5445 1482 5516 Lspiritus
1511 5442 1681 5514 alme,

194 5551 370 5619 Quem
396 5550 595 5604 trinum
623 5546 832 5617 simple,
859 5561 1016 5617 quem
1050 5542 1298 5613 simplum
1329 5540 1511 5613 regula
1539 5541 1676 5596 trine

193 5643 542 5700 Credendum
566 5650 848 5706 monstrat,
874 5640 1100 5710 fideique
1129 5636 1431 5708 expostulat
1451 5635 1610 5700 ordo;

197 5733 258 5789 In
289 5749 395 5816 quo
421 5749 665 5821 persona.-
691 5733 933 5804 triplant,
956 5731 1255 5790 substantia
1281 5728 1516 5801 simplat,

1888 5347 1963 5404 Da
1993 5359 2172 5404 votum
2203 5348 2375 5415 cordi,
2398 5347 2740 5404 sermonibus
2761 5354 2968 5401 instrue
2993 5342 3224 5412 linguam
3243 5381 3256 5399 .

1885 5440 2142 5508 Cymbala
2173 5441 2447 5497 labrorum
2477 5438 2710 5496 concede
2737 5444 2796 5491 ut
2822 5443 2968 5490 recta
2995 5433 3318 5503 loquantur;

1807 5556 1852 5618 ς
1886 5536 1996 5590 Fac
2022 5549 2108 5589 me
2130 5533 2266 5591 velle
2294 5533 2490 5590 bonum
2513 5531 2764 5600 justeque
2793 5527 3014 5598 implere
3043 5524 3318 5594 cupitum;

1884 5626 2068 5682 lmbue
2102 5625 2263 5680 corda
2297 5625 2419 5688 fide,
2450 5637 2599 5693 spem
2627 5621 2786 5684 dona,
2813 5616 2998 5674 confer
3023 5630 3297 5678 amorem;

1885 5721 2014 5789 Qua:
2041 5720 2140 5774 tria
2171 5719 2255 5775 cui
2290 5717 2520 5782 dederis,
2546 5713 2618 5770 nil
2652 5713 2809 5769 habet
2840 5711 2928 5767 hic
2955 5724 3059 5766 non
3084 5703 3384 5764 nrobitatis.
