3920 6406
519 342 645 398 563'
1404 337 1788 395 SALOMONlS
1822 336 2408 394 CONSTANTIENSIS
2449 335 2758 395 EPISCOPI‘
3616 341 3691 397 56$

518 433 628 488 Seu
652 431 794 501 quod
823 439 1149 502 postremum
1177 431 1329 502 ponit
1347 430 1622 502 catalogus
1645 430 1857 493 borum,
2119 438 2164 494 Α
2192 430 2353 485 Libra
2379 445 2483 499 qua
2510 430 2763 501 pendam,
2785 429 3008 487 veniant
3033 430 3080 485 si
3109 443 3361 501 prospera
3384 430 3567 487 forsan.

518 521 635 577 Hoc
664 521 837 589 majus
878 520 1097 591 reliquis
1127 529 1354 575 testatur
1378 520 1664 590 Apostolus
1705 534 1825 573 esse
1864 518 1936 589 (l.
1966 516 2089 572 Cor.
2198 520 2452 589 Quisquis
2480 529 2618 575 tecta
2652 521 2735 576 sui
2759 516 2998 577 concivis
3027 520 3221 576 viderit
3249 522 3353 585 uri,

522 611 721 682 Utpote
740 626 843 681 qua
881 626 1067 666 cassus
1096 627 1198 666 non
1227 610 1630 681 participaverit
1656 609 1795 677 ullus
1914 607 2089 680 [xtn);
2194 610 2315 681 Ipse
2334 610 2495 667 modo
2521 612 2684 667 simili
2707 613 2895 668 credat
2923 626 3019 667 sua
3044 626 3203 682 posse
3227 612 3467 666 cremari.

521 699 759 763 Cinnam,
786 710 945 769 quam
970 709 1097 756 nato
1119 702 1226 772 regi
1251 716 1347 756 rex
1373 700 1500 755 fecit
1522 700 1755 769 Opimam
1813 698 1964 771 (Luc.
1982 699 2091 768 tv);
2198 701 2292 756 Est
2313 718 2466 772 opus,
2495 709 2598 767 est,
2624 703 2864 771 inquam,
2887 711 3045 759 caute
3061 703 3390 773 perpendere
3413 717 3606 759 causam

520 790 587 844 Et
607 805 711 859 qua
734 791 1032 846 multimodi
1054 791 1271 846 sceleris
1293 792 1579 846 commissa
1600 798 1853 860 teguntur
1872 790 1925 859 (Ι
1950 790 2091 844 Petr.
2197 791 2254 849 Si
2284 792 2496 848 Domini
2521 793 2727 865 depicta
2749 792 2930 859 domo,
2954 784 3248 864 primordia
3273 794 3509 865 sumpsit,

521 878 637 946 Qua
666 880 781 935 sine
804 875 1136 951 velvlargitor
1163 897 1344 951 opum,
1369 881 1453 936 vel
1470 881 1650 956 passio
1672 880 1715 936 si
1737 895 1897 949 quem
1962 878 2091 952 [IV),;
2195 883 2401 939 Littera
2431 883 2543 939 'l‘au
2584 883 2799 956 (Ezeclt.
2842 884 2938 953 ix),
2984 884 3140 940 nobis
3177 884 3465 955 impingens
3489 882 3615 956 signa
3641 899 3703 940 sa-

519 967 787 1038 lnsignem
802 969 1303 1035 reddit,frustratus
1323 986 1501 1026 merce
1522 958 1788 1041 carebitu
1808 970 1929 1026 Cor.
1951 969 2092 1042 xui).
2195 972 2308 1029 Nec
2320 975 2457 1029 desit
2477 973 2639 1028 fronti
2662 975 2801 1044 quod
2821 989 2940 1039 nos,
2966 988 3022 1039 ο,
3048 973 3331 1029 subtrahat
3348 972 3484 1028 hosti
3507 992 3519 1027 :
3563 972 3698 1045 [lutis;

519 1057 855 1128 Astipulatur
887 1060 1013 1114 huic
1041 1060 1239 1115 Christi
1273 1062 1536 1116 sententia
1563 1062 1744 1123 verbo,
2178 1063 2366 1120 ,Linea
2391 1079 2547 1134 quem
2578 1064 2824 1136 cingunt,
2857 1064 3088 1121 medium
3117 1065 3428 1135 pertransiit
3454 1063 3586 1119 urbis

520 1146 635 1214 Qua
663 1149 729 1203 de
756 1148 1011 1204 mandato
1033 1151 1225 1207 scriba:
1254 1151 1388 1209 dans
1415 1151 1661 1221 dogmata
1701 1150 1898 1221 primo,
2195 1152 2553 1224 Hierusalem,
2577 1155 2714 1211 dans
2737 1156 2887 1226 signa
2909 1155 3167 1227 gementi,
3196 1154 3312 1210 sive
3339 1153 3546 1218 dolenti,

520 1237 577 1294 Si
606 1240 875 1310 praecepti,
906 1240 1098 1310 inquit,
1131 1243 1309 1309 magni
1332 1244 1410 1296 vis
1437 1244 1672 1311 pondera
1705 1260 1882 1308 nosse,
2197 1244 2297 1311 Qui
2323 1245 2487 1316 gemit
2508 1255 2671 1316 atque
2701 1246 2845 1301 dolet
2867 1245 3094 1300 Domino
3129 1244 3371 1314 signatus
3397 1243 3623 1298 adhaeret.

518 1325 725 1382 Aﬂ‘ectu
748 1334 861 1383 toto
882 1328 1163 1383 Dominum
1185 1332 1409 1386 devotus
1434 1340 1631 1395 amato,
2198 1332 2288 1388 Sic
2319 1333 2370 1387 in
2395 1342 2575 1389 monte
2597 1334 2793 1389 sedens
2817 1333 3068 1389 Salvator
3092 1333 3307 1387 dixerat
3333 1332 3446 1402 ipse
3471 1346 3486 1385 :

519 1416 736 1472 Viribus
758 1426 823 1471 ex
846 1420 1075 1480 cunctis,
1098 1420 1384 1490 animaque
1404 1420 1547 1475 hunc
1565 1419 1726 1490 dilige
1749 1428 1878 1474 tota.
2197 1419 2405 1478 Felices
2430 1422 2523 1493 qui
2550 1438 2693 1479 nunc
2722 1422 2921 1495 lugent,
2949 1422 3074 1493 quia
3107 1422 3299 1492 gaudia
3325 1421 3517 1476 luctum

518 1506 690 1578 Dilige
717 1518 1000 1578 cegnatum
1033 1524 1329 1578 procurans
1368 1518 1531 1565 temet
1564 1518 1623 1564 ut
1655 1510 1830 1579 ipsum
1875 1508 2095 1581 (Matt/tr
2196 1513 2470 1581 Quicitius
2489 1515 2698 1581 transit,
2713 1511 3704 1585 posthaecattcrnasequenturUlauIm).

521 1593 701 1651 Jussio
725 1611 845 1666 qua:
867 1612 1087 1667 compar
1110 1600 1450 1669 cognoscitur
1477 1614 1597 1653 esse
1624 1599 1810 1668 priori.
1904 1595 2089 1666 {xxii}.
2174 1606 2256 1661 ,εί
2287 1606 2430 1663 risus
2454 1605 2581 1661 ﬂetu
2606 1608 2930 1677 mercanda;
2955 1605 3197 1660 creditur
3218 1618 3361 1666 esse,

520 1690 618 1745 His
638 1690 692 1744 in
720 1690 985 1744 mandatis
1012 1692 1208 1759 pendet
1233 1692 1338 1754 lex,
1367 1700 1527 1761 atque
1555 1690 1846 1760 prophetae.
2195 1696 2294 1751 Est
2314 1695 2469 1751 nobis
2493 1693 2653 1749 ﬂendi
2679 1694 2902 1749 nimium
2930 1706 3190 1751 concessa
3213 1690 3461 1747 facultas.

520 1776 600 1835 Eu
622 1782 831 1836 ratione
854 1782 945 1836 Dei
975 1783 1106 1837 nihil
1140 1790 1223 1837 est
1250 1784 1390 1852 quod
1417 1784 1486 1837 sit
1511 1798 1609 1853 par
1638 1781 1830 1845 amori,
2123 1777 2171 1834 B
2198 1783 2336 1839 Hine
2360 1792 2524 1853 atque
2551 1783 2676 1838 inde
2702 1782 2836 1855 satis
2860 1781 3157 1853 subrepunt
3184 1795 3377 1850 aspera
3404 1780 3562 1836 nobis.

521 1872 585 1926 Et
615 1873 701 1942 pia
735 1873 959 1929 virtutes
985 1874 1199 1928 dilectio
1228 1875 1465 1945 possidet
1496 1889 1704 1929 omnes.
2193 1872 2305 1929 Nec
2336 1872 2564 1943 simplex
2593 1872 2783 1927 mortis
2810 1872 2998 1954 facies,
3026 1885 3126 1926 nec
3149 1870 3361 1941 singula
3391 1870 3585 1933 damna,

523 1959 835 2033 Quid‘plus?
855 1960 1091 2033 possidet
1116 1961 1496 2020 omne’bonnm
1530 1978 1810 2034 possessor
1835 1962 2055 2019 amoris.
2194 1965 2301 2022 Sed
2324 1965 2466 2022 sicut
2492 1964 2740 2044 Sapiens,
2768 1952 2995 2043 seseque
3022 1952 3307 2033 sequentia
3327 1976 3561 2025 cernens,

520 2053 630 2110 Nec
659 2054 811 2109 locus
839 2063 921 2110 est
949 2044 1150 2122 meriti,
1181 2056 1224 2111 si
1258 2056 1407 2111 deest
1432 2056 1648 2111 dilectio
1670 2056 1840 2111 cordi.
1923 2050 1930 2057 ’
2194 2054 2397 2112 Contra
2426 2055 2733 2110 insensatos
2770 2055 2955 2109 orbem
2988 2067 3229 2124 pugnare
3256 2051 3411 2125 (Sap.
3430 2051 3483 2123 v)
3503 2051 3677 2112 fatetur,

518 2144 709 2201 Dicere
723 2143 946 2216 jamque
967 2146 1121 2202 decet
1150 2148 1291 2218 quod
1320 2147 1572 2218 prologus
1595 2148 1696 2202 ista
1720 2146 1931 2219 ﬁguret,
2193 2148 2396 2204 Doctor
2432 2146 2726 2218 Gregorius
2755 2146 2899 2216 quod
2926 2146 3097 2214 tangit
3117 2144 3300 2199 taliter
3316 2158 3467 2199 orsus
3486 2160 3504 2196 ς

521 2237 625 2305 Qui
650 2253 794 2293 nunc
818 2232 1122 2304 claudatur,
1152 2238 1277 2309 quia
1311 2239 1464 2308 plura
1485 2239 1748 2311 loquenda
1772 2247 2091 2309 sequuntur.
2195 2238 2370 2296 Corda
2400 2240 2551 2309 prius
2576 2238 2853 2293 hominum
2881 2237 3188 2301 turbantur,
3212 2243 3355 2304 post,
3384 2233 3637 2288 elementa.
3716 2246 3724 2251 ·

721 2354 1021 2433 VERSUS
1064 2370 1519 2433 SALOMONIS
1561 2368 1935 2431 EPISCOPL
2192 2330 2323 2387 Iure
2350 2331 2514 2402 igitur
2548 2338 2718 2412 restat
2743 2343 2840 2429 nos
2867 2336 2927 2383 ut
2950 2327 3108 2427 simul
3132 2326 3316 2426 omnia
3342 2325 3575 2409 exedant,

728 2482 731 2485 ν
2195 2418 2326 2485 Quae.
2356 2417 2497 2473 male
2528 2425 2659 2477 sunt.
2681 2417 2828 2472 vittis
2864 2425 3065 2472 nostris
3091 2430 3301 2471 semre
3328 2422 3525 2470 coacta.

522 2483 688 2579 Dado,
711 2482 871 2555 Pater
900 2488 1145 2557 celebris,
1170 2489 1465 2559 speculum,
1497 2488 1607 2566 via,
1630 2489 1809 2553 lumen
1839 2496 1891 2544 et
1925 2488 2094 2554 orbis,
2194 2482 2345 2566 fuste
2363 2516 2463 2579 pro
2489 2508 2721 2563 Domino
2740 2507 2961 2561 νίιίεωε
2986 2505 3207 2560 dimica.
3224 2504 3399 2569 orbis,

522 2573 767 2637 Discrcte
785 2581 1031 2644 antistes,
1058 2581 1362 2660 vgnerande
1382 2580 1582 2653 ricam
1606 2579 1828 2654 Christi,
1956 2626 1961 2631 ,

2196 2601 2268 2657 llt
2292 2573 2565 2671 peccando
2596 2599 2840 2653 homines
2859 2598 2983 2667 quia
3005 2612 3063 2652 se
3090 2596 3280 2652 laesere
3301 2596 3519 2666 priores,

523 2670 718 2765 133"”,
749 2671 1096 2744 Βυδθτηθῑοτθ
1126 2672 1443 2765 ΡοΡίυῙΨιηθ
1464 2671 1663 2741 Ρθείίον
1682 2679 1886 2765 Pas”)
1930 2761 1941 2765 Α
2196 2670 2477 2761 Ulciscens
2501 2698 2671 2745 semet
2692 2697 2881 2746 contra
2908 2688 3028 2765 illos
3056 2688 3170 2758 ipse
3200 2686 3419 2742 duellet.

525 2763 626 2831 Qui
658 2765 787 2819 mihi
817 2779 982 2819 causa
1011 2779 1195 2818 manes
1224 2763 1489 2834 bujusque
1518 2762 1731 2817 occasio
1759 2761 1946 2831 scripti
1976 2781 1989 2815 :
2197 2781 2431 2847 ρωιιιηι,
2461 2779 2698 2852 lympha,
2726 2778 2922 2846 solum,
2946 2761 3155 2834 {menon
3184 2786 3240 2832 ει
3271 2787 3465 2831 canem
3489 2787 3636 2828 rerum

525 2854 629 2909 Per
652 2870 812 2924 quem
839 2854 1001 2923 coepit
1028 2869 1185 2924 opus,
1214 2853 1366 2922 cujus
1386 2853 1673 2908 dulcedine
1695 2853 1889 2913 ductus
2196 2871 2399 2928 Ordine
2425 2851 2548 2926 cum
2575 2869 2797 2940 proprio
2826 2851 3087 2925 temerata
3115 2867 3234 2938 lege
3262 2866 3533 2929 recedunt,

526 2940 798 3001 Virtutum
826 2943 1057 3015 species,
1083 2952 1138 2997 et
1164 2943 1381 2999 nomina
1416 2942 1557 2998 trina
1584 2941 1797 3009 notavi;
1960 3004 1965 3009 κ
2197 2963 2305 3018 ι)το
2324 2960 2553 3018 Domino
2576 2968 2837 3031 pugnam,
2862 2958 2955 3030 qui
2981 2972 3081 3013 nos
3107 2956 3211 3013 hoc
3241 2970 3395 3011 more
3420 2951 3635 3025 ﬂagellat.

525 3039 689 3109 Cujus
719 3051 903 3092 amore
933 3037 1146 3106 quidem
1175 3034 1417 3107 praefatio
1444 3034 1609 3091 lactat
1631 3047 1900 3100 amorem;
2199 3052 2282 3107 Αη
2312 3067 2417 3107 non
2441 3050 2702 3120 peccatis,
2735 3064 2957 3121 pagana,
2984 3049 3132 3104 nam,
3158 3047 3363 3120 genus,

523 3130 656 3185 Bina
686 3145 874 3201 parum
906 3138 1148 3199 tangens,
1177 3129 1307 3200 plus,
1331 3128 1692 3186 eoneionabar
1713 3140 1917 3180 amore.
2122 3127 2168 3192 C
2198 3142 2329 3211 Ome
2355 3141 2586 3197 mundus
2613 3140 2762 3205 fecit,
2796 3147 3016 3195 vastans
3044 3136 3317 3200 mortalia,
3346 3133 3538 3190 vincit?

525 3220 637 3274 Nec
669 3229 953 3277 contentus
979 3235 1125 3275 eram
1150 3219 1316 3275 semel
1339 3220 1439 3275 boe
1463 3219 1667 3274 iterare
1681 3229 1971 3281 vocamen;
2116 3230 2119 3233 ·
2198 3232 2476 3298 Hostibus,
2503 3246 2649 3298 ecce,
2677 3230 2774 3285 Dei
2802 3230 2895 3301 qui
2925 3228 3284 3296 censebam“,-
3313 3224 3488 3295 amici,

525 3311 782 3367 Crebrius
809 3312 867 3367 id
885 3311 1041 3378 libuit
1065 3311 1240 3366 vinclo
1267 3310 1846 3381 constringere’versus
2199 3321 2488 3385 Tradimur
2515 3320 2569 3374 in
2597 3319 2839 3391 pandam
2865 3336 2880 3374 ς
2908 3315 3107 3386 Ioseph
3132 3315 3248 3370 rem
3281 3313 3508 3385 pessima
3536 3305 3708 3368 mandit,

527 3401 599 3457 Ut
620 3403 762 3470 quod
794 3401 1044 3457 mortales
1066 3408 1239 3472 aptat,
1261 3401 1543 3472 jungitque
1563 3397 1815 3464 Tenenti,

2197 3408 2363 3466 Israel
2387 3407 2721 3478 Allophylos,
2748 3404 2977 3461 Jacobos
3002 3418 3135 3475 gens
3156 3402 3372 3458 ethnica
3402 3405 3597 3460 mactat,

523 3496 858 3551 Alterutrum
886 3494 1055 3551 societ
1078 3495 1290 3551 sincero
1318 3493 1521 3550 foedere
1548 3499 1782 3549 nosmet.
2198 3498 2463 3569 Ingenuos
2490 3494 2773 3550 maledicta
2802 3493 2999 3548 cohors
3025 3490 3332 3546 Cbananma
3362 3484 3640 3555 triumphat.

524 3583 698 3655 Jttnge
725 3592 872 3638 tuum
898 3598 1010 3647 cor,
1040 3592 1247 3650 sancte,
1271 3583 1421 3646 mihi,
1454 3590 1795 3649 mentemque
1823 3581 2072 3635 sacerdos

2198 3587 2446 3643 Libertos
2472 3585 2601 3641 olim
2630 3582 2841 3640 servilis
2869 3580 3032 3637 factio
3062 3578 3238 3635 caedit.
3502 3570 3706 3646 [refutat:

527 3678 679 3745 Quod
703 3677 931 3747 cupiam,
960 3693 1169 3746 precor,
1202 3678 1315 3747 ipse
1342 3676 1493 3741 velis,
1519 3688 1636 3729 mea
1662 3672 1885 3742 concipe
1907 3678 2060 3729 vota:

2198 3677 2365 3733 Ferre
2393 3675 2545 3731 canis
2572 3673 2805 3745 pretium
2834 3671 3014 3743 (Deut.
3044 3664 3205 3737 nm)
3241 3664 3445 3736 templo,
3473 3662 3550 3717 lex
3582 3659 3707 3729 prisci

528 3768 768 3838 Corpore
793 3769 836 3822 si
867 3769 1121 3835 nondum,
1151 3784 1313 3823 sensu
1341 3780 1593 3821 coeamus
1620 3764 1673 3817 in
1704 3777 1889 3816 unum.
2198 3768 2352 3823 Nunc
2379 3766 2531 3822 canis
2557 3764 2672 3833 ipse
2693 3764 2911 3819 domum
2934 3758 3136 3816 Christi
3166 3755 3540 3827 spurcissimus
3564 3749 3708 3809 intrat;

530 3854 849 3925 Quanquam
869 3857 913 3912 si
940 3839 1111 3922 fieret,
1133 3857 1179 3911 si
1207 3872 1377 3912 se.....
1405 3855 1537 3911 hora
1560 3861 1821 3924 potestas,

2199 3860 2303 3914 Dat
2331 3857 2554 3913 necihus
2582 3853 2811 3924 plebem,
2836 3850 2995 3921 vulgo
3029 3864 3136 3915 res,
3165 3844 3381 3919 ignibus
3405 3845 3581 3904 :edem;

533 3948 713 4019 thue
737 3964 767 4003 a
794 3964 876 4004 tne
895 3946 1060 4003 facies
1086 3947 1307 4003 nebulas
1330 3957 1532 4001 tua.....

2198 3950 2269 4006 At
2292 3964 2532 4017 mensam
2556 3946 2768 4002 Domini
2793 3958 3004 4001 sacram
3030 3955 3225 3997 manus
3249 3939 3414 4009 impia
3442 3931 3636 3992 scindit;

526 4038 699 4093 Credo
731 4038 973 4108 quidem,
994 4052 1255 4094 necvana
1286 4036 1439 4103 fides,
1471 4050 1593 4092 cum
1614 4033 1874 4104 complice
1898 4042 2042 4088 vultu
2202 4041 2423 4095 Tractat
2450 4038 2683 4110 pollutus
2704 4043 3019 4092 sanctorum
3049 4032 3278 4103 pignora
3310 4035 3512 4089 tactus;

528 4126 635 4183 Dios
660 4127 1110 4198 contemplemur,
1139 4142 1261 4182 cum
1293 4135 1477 4179 mutua
1508 4123 1705 4178 famina
1734 4122 1929 4188 famur,

2201 4129 2562 4198 Ecclesiaeque
2586 4140 2750 4196 pecus
2772 4137 2998 4195 peregre
3025 4118 3330 4176 transducit
3354 4117 3608 4173 abactum;

531 4221 767 4283 lllnritna
790 4233 917 4288 pars
943 4226 1127 4283 (estus,
1155 4231 1275 4287 qua:
1297 4231 1392 4272 cor
1412 4214 1691 4270 obnubilat
1717 4213 1881 4275 intus,

2204 4220 2323 4275 Non
2354 4219 2574 4274 miseret
2597 4216 2787 4286 patris,
2818 4212 2959 4268 nulla
2991 4220 3077 4268 est
3103 4208 3389 4265 miseratio
3414 4202 3598 4261 matris.

533 4311 831 4364 Exturbata
855 4307 1012 4378 fugit,
1042 4308 1313 4376 mentique
1341 4322 1534 4361 aurora
1564 4304 1818 4374 resurgit,

2205 4309 2497 4379 Transtigit
2525 4315 2713 4363 natum
2742 4305 2931 4362 feritas
2959 4311 3085 4358 ante
3110 4315 3206 4356 ora
3233 4304 3534 4370 parentum.

536 4399 881 4454 Parenthesis
908 4407 966 4451 nt
993 4399 1105 4452 haec
1126 4398 1303 4452 subito
1335 4395 1667 4465 subrepserit
1685 4407 1827 4450 orsa.
2204 4400 2316 4457 Nec
2344 4408 2524 4454 natam
2552 4397 2790 4461 redimit,
2824 4395 2967 4465 quod
2993 4400 3170 4448 mater
3197 4388 3389 4445 funera
3415 4381 3612 4456 plangit.

528 4487 700 4542 Crede
734 4486 1023 4541 meis.......
1051 4499 1156 4540 non
1184 4486 1287 4540 hoc
1323 4485 1527 4540 incuria
1555 4483 1741 4555 gessit,

2123 4469 2179 4533 Ῐ)
2202 4491 2410 4554 Junior,
2439 4498 2602 4559 atque
2626 4502 2811 4549 senex,
2843 4484 3048 4539 lactens
3074 4496 3230 4552 puer,
3255 4487 3419 4548 atque
3441 4469 3611 4545 puella.

532 4581 638 4636 Sed
664 4581 833 4636 divisa
863 4580 938 4634 tui
972 4595 1133 4635 causa
1158 4589 1243 4635 est
1268 4578 1552 4643 sententia,
1579 4577 1765 4632 frater.

2202 4583 2354 4639 Alter
2378 4582 2433 4636 in
2455 4580 2676 4634 alterius
2706 4574 3009 4632 moribundi
3038 4572 3183 4629 caede
3206 4570 3466 4626 volutant.

528 4674 771 4743 Namque
798 4673 986 4742 pedem
1016 4670 1225 4736 refero;
1255 4685 1373 4741 qum
1396 4670 1532 4739 coepi
1563 4669 1763 4732 dicere.
1793 4666 1930 4721 dico.
2203 4672 2409 4727 Instant
2448 4668 2663 4725 Italides
2694 4664 2937 4735 spoliatae
2975 4662 3187 4719 civibus
3216 4660 3398 4722 urbes,

529 4764 587 4820 Si
615 4780 714 4819 nos
733 4762 1083 4833 Omnipotens
1104 4760 1391 4832 aliquando
1415 4760 1615 4815 acciret
1643 4758 1695 4812 in
1722 4771 1907 4810 unum.
2033 4796 2056 4830 ,
2204 4766 2283 4839 At;
2311 4762 2539 4819 desolati
2566 4760 2797 4829 demptis
2828 4756 3125 4812 cultoribus
3155 4753 3290 4825 agri,

528 4855 680 4925 Saepe
703 4854 846 4925 quod
884 4847 1062 4923 optavi
1090 4867 1233 4907 nunc
1257 4859 1403 4921 opto,
1422 4858 1689 4920 .optavero
1718 4854 1886 4910 certe,

2207 4853 2393 4924 Campi
2424 4866 2683 4908 cursorum
2714 4847 2931 4905 siccatis
2957 4845 3171 4901 ossibus
3201 4843 3405 4916 albent.
3635 4917 3642 4927 Ι

524 4948 744 5004 Dulcius
768 4948 871 5003 hoe
899 4945 1106 5002 cunctis
1132 4944 1335 5014 argenti
1363 4942 1588 5011 aurique
1617 4936 1853 5000 talentis,

2206 4941 2348 5010 1am,
2372 4952 2524 5014 puto,
2554 4948 2633 4996 tot
2656 4939 2762 4994 vivi
2791 4952 2895 4993 non
2922 4944 3048 4993 sunt
3071 4941 3205 5003 quot
3228 4940 3403 4987 morte
3423 4928 3659 5014 peremti!-

884 5000 1115 5109 έθηπηθο
1138 5000 1342 5099 διξίιῖεν
1379 5000 1637 5102 θῢοιίίίιιιθ
1666 5028 1886 5092 MSS“;
2205 5000 2583 5091 illorumvatis
2604 5029 2848 5085 dicamus
2868 5000 3109 5097 congrua
3132 5022 3313 5078 verbis
3336 5018 3506 5109 (Vino.
3522 5028 3556 5068 ιι
3573 5000 3691 5070 lim)

526 5131 599 5188 Ut
626 5107 907 5197 solareris,
928 5132 1078 5185 varia
1104 5137 1185 5184 est
1207 5127 1292 5184 cui
1316 5140 1482 5182 causa
1509 5122 1729 5179 doloris.
2206 5126 2348 5181 Ante
2375 5121 2592 5193 quidem
2614 5132 2823 5176 summa
2856 5116 2923 5170 de
2948 5128 3006 5169 re
3033 5112 3287 5169 statuisse
3310 5107 3517 5205 Latinos

525 5226 595 5280 Et
615 5240 734 5295 qum
763 5194 1012 5278 litterulis
1042 5222 1297 5276 virtutum
1323 5218 1539 5273 nomina
1565 5215 1694 5270 fluxi
2210 5216 2268 5271 Si
2291 5213 2509 5277 vellent,
2545 5211 2722 5265 fuerat
2758 5205 2974 5269 melius,
2998 5217 3104 5259 non
3140 5194 3510 5295 tgntlpore-tali.

525 5286 760 5371 Edoctus
781 5316 848 5371 de
878 5322 929 5369 te
956 5327 1167 5382 possem
1194 5322 1519 5382 cognoscere
1544 5306 1723 5377 plane,
2210 5304 2416 5373 Cogere
2441 5298 2749 5361 concilium,
2777 5309 2897 5349 cum
2926 5306 3111 5348 muros
3141 5289 3350 5382 obsidet
3381 5286 3537 5382 hostis
3562 5290 3574 5327 :

539 5405 781 5472 Qualiter
807 5405 914 5459 alta
944 5377 1074 5460 fides
1096 5377 1550 5459 valeat'divellere
1572 5404 1802 5460 montes,
2208 5394 2287 5450 En
2312 5408 2420 5465 quo
2441 5389 2694 5463 perduxit
2712 5387 2939 5453 miseros
2961 5382 3228 5440 discordia
3252 5377 3436 5473 cives!‘
3468 5461 3479 5473 I

529 5462 705 5566 A‘tque
734 5495 899 5550 maris
926 5495 1101 5549 medio
1128 5492 1408 5563 pelagique
1436 5488 1726 5544 immittere
1753 5483 1919 5540 fundo
1947 5502 1958 5537 :
2209 5462 2363 5555 Smpe
2385 5462 2585 5555 malum
2609 5482 2711 5535 hoc
2738 5477 2865 5542 illis,
2890 5475 2935 5532 si
2957 5489 3109 5530 mens
3126 5487 3238 5566 non
3261 5470 3385 5524 hera
3412 5462 3600 5566 fuisset;

519 5562 667 5655 Quid
698 5586 876 5640 divina
903 5584 1049 5649 velit,
1074 5562 1161 5638 vel
1186 5562 1330 5653 quod
1354 5580 1567 5637 dilectio
1597 5577 1804 5642 fratris,
2207 5578 2467 5633 Intestina
2496 5571 2635 5642 loqui
2665 5568 2982 5640 populorum
3010 5563 3203 5647 praelia
3222 5562 3449 5655 possent-
3494 5606 3495 5609 γ

529 5650 771 5743 Quaspe
809 5689 1100 5742 suspensus
1125 5650 1341 5743 semper
1363 5670 1603 5727 caelestia
1626 5681 1857 5737 sperem,
2213 5667 2407 5721 Dicunt
2430 5664 2626 5733 quippe
2654 5675 2780 5716 sues
2803 5673 2923 5714 sese
2947 5650 3461 5743 morderersolentes.

529 5742 754 5821 (lusibus
778 5766 828 5819 in
856 5766 1037 5820 mundi
1073 5779 1192 5834 quae
1221 5778 1305 5819 mc
1328 5762 1587 5834 patientia
1612 5761 1785 5816 ﬁrmet
1812 5773 1824 5811 :
2210 5754 2291 5810 Ad
2319 5770 2375 5810 se
2404 5746 2756 5808 mordendum
2786 5750 2973 5804 dentes
2996 5745 3177 5800 excire
3204 5742 3455 5812 luporum.
3549 5745 3553 5749 '
