3920 6428
163 319 276 376 565

157 429 374 484 Pascua
401 440 541 480 nunc
570 426 820 496 gregibus
843 425 932 478 vix
961 424 1190 496 porrigit
1216 425 1414 496 inclyta
1445 425 1624 491 tellus,

157 519 442 575 Lascivire
461 519 612 588 prius
635 517 702 572 de
725 517 877 586 cujus
901 525 952 570 et
982 518 1145 571 ubere
1169 531 1366 586 pauper

155 609 478 674 Consuevit,
507 593 638 664 sano
665 609 792 662 dum
825 623 911 662 res
935 607 1084 662 stetit
1111 607 1318 678 integra
1348 623 1532 678 regno.

153 699 422 755 Novimus
449 699 678 754 electum
706 713 804 752 vas
833 697 1036 752 Christi
1063 698 1302 752 scribere
1325 696 1570 762 Paulum,

151 786 417 843 Mandere
445 786 698 852 delectat,
725 786 806 842 vel
833 787 876 840 si
907 787 1156 842 mordere
1180 787 1440 854 vicissim,

151 857 494 932 Alterutrum
523 873 666 948 (Gal.
691 875 746 946 v)
771 877 923 932 vobis
949 891 1015 932 ne
1040 875 1151 930 fors
1176 877 1516 946 consumptio
1540 877 1676 932 sitis.

152 965 422 1038 Corporis
447 967 662 1033 intuitu,
695 975 823 1022 tunc
849 968 1044 1023 mentis
1065 968 1273 1022 cernite
1297 967 1433 1022 visu.

149 1057 344 1113 Claret
368 1059 694 1128 apostolicus
719 1059 1049 1114 Laurentum
1078 1074 1256 1114 sermo
1283 1059 1454 1114 ruinis
1481 1078 1492 1112 :

151 1149 313 1205 Inter
338 1163 398 1204 se
425 1150 656 1220 primum
685 1150 830 1206 civili
861 1151 954 1206 lite
983 1149 1240 1205 furentes.

145 1239 451 1295 Barbarieo
477 1241 670 1311 objecti
697 1243 912 1298 solvunt
935 1242 1223 1306 commissa
1249 1241 1441 1297 furori.

145 1329 332 1386 Omne
356 1331 572 1400 quidem
600 1347 822 1402 regnum
850 1341 1038 1408 contra
1067 1348 1125 1387 se
1156 1333 1445 1388 schismate
1471 1333 1698 1387 scissum

147 1419 486 1488 Destruitur,
517 1422 807 1493 domuique
837 1425 1029 1478 domus
1060 1423 1484 1564 ειιρρνίιηῦτῖηῧξι
1499 1423 1642 1562 uitri);

1376 1511 1404 1544 a
1494 1532 1506 1546 .
1537 1509 1610 1546 xu

1376 1509 1506 1546 αιεη.
1537 1509 1659 1546 XIII.

145 1579 387 1648 Ctelum,
414 1590 558 1638 terra
581 1591 784 1650 meant,
810 1585 902 1640 sed
933 1585 1086 1638 firma
1109 1585 1224 1638 luce
1246 1583 1446 1638 famiua
1467 1593 1728 1654 perstant.

147 1671 274 1737 Dic,
308 1670 495 1738 frater,
530 1673 638 1740 die,
664 1675 909 1738 antistes,
938 1675 1044 1740 dic,
1075 1683 1260 1730 sancte
1281 1675 1556 1739 sacerdos,

145 1758 208 1814 Si
251 1770 502 1818 constare
530 1765 718 1834 nequit
747 1781 967 1835 regnum
991 1781 1089 1835 per
1116 1763 1331 1821 dissona
1366 1781 1423 1820 sc
1451 1769 1564 1836 par,

145 1847 288 1914 Quae
315 1849 420 1904 sint
449 1850 636 1906 divisis
663 1853 948 1908 metuenda
973 1853 1210 1926 pericula
1239 1856 1428 1910 nobis?

145 1941 450 2000 Uuanimes
477 1945 722 2002 habitare
753 1947 925 2020 (Paul.
958 1951 1164 2020 cxxxu)
1197 1951 1412 2006 domum
1449 1953 1730 2010 Psalmista

147 2031 262 2086 Sed
289 2043 361 2098 te,
391 2032 585 2104 Sulpiti
610 2035 700 2108 (ne
728 2037 913 2094 Gallus
941 2039 996 2094 id
1027 2039 1232 2110 audiat)
1259 2041 1430 2096 afl‘or:
1478 2043 1729 2116 [notavit,

145 2121 286 2176 Rari
311 2133 439 2180 sunt
461 2135 724 2196 nostrum,
759 2144 988 2200 quorum
1017 2145 1170 2186 mens
1200 2133 1380 2188 tendat
1405 2133 1456 2188 in
1487 2150 1674 2190 unum.

145 2211 480 2270 Diseordant
508 2231 714 2286 omnes,
743 2221 961 2290 praesul,
992 2237 1196 2286 comes,
1223 2231 1386 2293 atque
1415 2225 1728 2298 phalanges,

143 2302 402 2375 Pugnant
428 2307 566 2362 inter
591 2325 649 2364 se
671 2307 942 2378 ceneives,
966 2299 1402 2384 contribulesque
1433 2327 1448 2369 τ

144 2394 354 2450 Urbica
377 2397 531 2452 turba
553 2401 761 2478 strepit,
797 2403 1177 2459 machinantur
1205 2412 1259 2460 et
1291 2407 1484 2478 oppida
1507 2407 1724 2464 bellum.

143 2485 326 2551 Quid?
355 2501 460 2541 non
489 2475 747 2560 cognatus
772 2493 938 2547 etiam
968 2493 1234 2550 discordia
1261 2475 1488 2567 pungit?

143 2575 418 2631 Provocat
444 2577 498 2631 in
527 2577 749 2635 Martem
776 2581 968 2650 frater,
997 2599 1323 2640 concurrere
1347 2584 1570 2641 fratrem

141 2665 474 2734 lnl‘remitat,
504 2671 761 2742 saevitque
787 2673 982 2729 animis
1012 2675 1246 2743 ignobile
1269 2676 1478 2747 vulgus.

141 2754 346 2811 Omnia
379 2757 638 2830 legirupis
665 2771 876 2817 certant
907 2763 1152 2819 mortalia
1177 2767 1408 2838 pugnis:

145 2844 386 2913 MajOres
415 2845 532 2904 aliis
561 2849 762 2907 faciunt
791 2854 867 2908 nil
891 2853 1093 2911 rectius
1123 2855 1248 2921 illis,

143 2933 255 2999 Qui
283 2935 594 2996 defensores
621 2943 811 3012 patriae
835 2945 1124 3015 populique
1151 2945 1316 3002 fuisse

145 3024 450 3090 Debebant,
475 3029 593 3086 aliis
619 3041 865 3088 constant
888 3037 1104 3092 occasio
1128 3036 1259 3092 litis.

143 3112 288 3168 Nam
321 3131 552 3194 quorum
573 3127 754 3190 patres
779 3123 1040 3180 sedabant
1059 3125 1371 3194 seditiones,

141 3192 674 3275 II-srum'posteritas
702 3226 901 3270 acuens
926 3223 1216 3287 exaggerat
1245 3217 1376 3285 iras,

145 3293 326 3350 Unius
351 3297 529 3367 populi
558 3313 682 3353 cum
711 3301 782 3356 sit
807 3302 1061 3358 dissectio
1085 3305 1229 3370 talis,
1329 3323 1332 3326 ‘

144 3385 308 3440 Nunc
339 3388 416 3442 sic
442 3389 672 3445 divisum
704 3393 880 3449 credis
909 3396 1208 3452 consistere
1234 3405 1491 3470 regnum?

145 3477 446 3534 Reddimus
471 3489 720 3549 aaternas,
749 3484 1213 3556 indulgentissime
1240 3498 1443 3556 rector,

148 3567 372 3634 Grates,
394 3567 628 3638 Christe,
661 3572 777 3638 tibi,
807 3575 1133 3646 meritosque
1164 3593 1443 3635 sacramus
1469 3581 1726 3648 honores,

144 3659 308 3725 Quod
333 3674 460 3726 nou,
481 3669 540 3715 ut
563 3664 781 3729 meruit,
805 3665 1022 3721 voluisti
1050 3668 1276 3737 perdere
1305 3671 1583 3727 mundum.

144 3745 294 3801 Olim
325 3747 520 3818 quippe
547 3751 654 3806 reis
676 3753 901 3810 deberes
927 3769 1140 3810 sumere
1165 3773 1406 3828 poenam,

145 3838 262 3893 Sed
288 3853 387 3893 nos
414 3841 702 3909 portando,
731 3843 813 3899 vis
833 3845 900 3899 ad
929 3847 1152 3901 meliora
1174 3853 1393 3915 reverti,

145 3925 331 3993 Atque
357 3933 414 3980 ut
443 3928 721 3997 poeniteat,
754 3947 873 4001 qua:
899 3934 1020 4002 quis
1043 3947 1264 4005 peccata
1289 3947 1548 4007 patrarat.

141 4014 398 4084 Namque
422 4017 533 4084 diu,
557 4033 646 4074 res
672 4021 717 4074 si
739 4037 847 4091 qua
875 4023 964 4078 diu
991 4025 1305 4082 mortalibus
1333 4028 1436 4082 ulla
1459 4039 1560 4096 est,

145 4105 416 4170 Viximus,
444 4117 602 4178 atque
631 4110 814 4166 datum
843 4113 978 4168 mire
1007 4117 1364 4187 transegimus
1388 4135 1580 4174 aevum.

145 4195 390 4266 Contigit
415 4212 554 4253 anne
578 4215 831 4269 unquam,
861 4203 944 4258 vel
969 4203 1072 4258 hoc
1098 4207 1412 4278 contingere
1440 4211 1725 4281 quisquam

143 4283 449 4340 Audierat?
480 4302 605 4341 num
639 4289 746 4343 tale
773 4291 976 4360 aliquid
1008 4301 1102 4346 aut
1131 4293 1274 4350 fama
1307 4301 1590 4353 susurrat?

149 4373 226 4428 Ut
257 4373 478 4429 totidem
506 4377 708 4445 populi,
742 4387 848 4433 tam
881 4381 1060 4436 multae
1089 4383 1318 4454 denique
1347 4397 1551 4456 gentes,

143 4461 468 4516 Lustrorum
499 4466 677 4520 multis
706 4475 780 4521 tot
807 4469 1233 4527 discurrentibus
1265 4475 1439 4540 annis,

223 4614 372 4698 (AI-50)
409 4615 573 4698 Inoeo_
584 4617 694 4686 jam
720 4635 837 4698 sum
865 4629 930 4698 ut
953 4623 1084 4698 mihi
1123 4624 1328 4698 liquere
1351 4631 1720 4698 pronuntiem,

145 4686 296 4770 quod
337 4687 656 4770 suspicabar
685 4692 848 4770 ,nhos
899 4686 1200 4770 salomonis
1259 4686 1448 4770 versus
1473 4739 1487 4766 ,
1531 4686 1726 4770 quibus

145 4755 480 4834 orbitatem;
498 4758 646 4828 regni
699 4759 1028 4834 Germanici
1052 4765 1296 4834 deplorat
1320 4806 1335 4832 ,
1391 4755 1722 4825 Ludoi'icum

143 4824 358 4878 Aruolﬁ
411 4824 904 4906 aliunrrespicere.
935 4831 1080 4906 omn
1120 4824 1376 4892 'Aruollus
1415 4853 1555 4894 anno
1597 4824 1722 4906 900,

152 4912 176 4945 ι
222 4909 324 4976 pro
353 4909 458 4976 quo
494 4895 796 4976 Ludovicus
847 4914 979 4970 puer
1024 4903 1078 4956 in
1136 4919 1358 4976 regnum
1401 4895 1724 4964 constitutus

145 4973 258 5047 est,
307 4983 326 5014 ι
373 4965 656 5047 ίξὶιλιοξιει·
683 4965 962 5047 normam,
1009 4981 1062 5026 et
1087 4965 1308 5047 quidem
1336 4981 1627 5047 septennis,
1667 4990 1725 5034 ut

147 5043 236 5086 est
272 5035 410 5102 apud
439 5033 776 5116 bIarianum,
817 5033 958 5116 regis
983 5033 1166 5116 verius
1202 5033 1555 5116 umbrailNce
1579 5033 1722 5102 enim

149 5117 378 5184 regnum
425 5105 684 5184 ejusmodi
730 5109 798 5184 ab
841 5105 1486 5184 interregnorquidquam
1523 5117 1720 5184 distat;

149 5173 296 5252 quod
345 5173 462 5252 haec
505 5175 677 5252 verba
717 5178 898 5252 volunt
931 5219 944 5242 ,
997 5173 1240 5252 Principis
1291 5173 1522 5240 destituit
1549 5227 1562 5252 ,
1617 5173 1722 5243 ete'.

145 5243 328 5296 Antea
351 5243 576 5312 dixerat,
598 5247 700 5302 col.
725 5247 848 5314 SOI,
871 5265 1012 5304 vers.
1036 5251 1124 5304 52.

275 5358 508 5430 gostibus
538 5372 674 5430 ecce,
709 5361 800 5430 Dei
825 5365 906 5425 qui
929 5363 1248 5415 censebamur
1265 5368 1428 5430 amici,

277 5419 534 5470 Tradimur
557 5423 606 5471 in
639 5419 864 5486 prtedaut',
895 5433 988 5475 etc.

149 5507 528 5598 IIun'garorum
555 5523 893 5598 irruptiones
909 5525 1170 5598 designat,
1201 5541 1335 5596 quas
1367 5528 1440 5583 illi
1467 5530 1724 5584 crudelis-

150 5589 323 5668 simas
343 5604 630 5668 exercuere
659 5589 957 5668 annis_i_)0l,
981 5589 1105 5662 955,
1143 5589 1245 5653 901
1271 5608 1324 5652 et
1353 5601 1718 5668 sequentibus,

153 5668 216 5712 ut
249 5667 332 5714 est
375 5674 406 5714 a
439 5659 712 5729 Reginonc
739 5705 753 5729 ,
803 5659 1100 5734 Sigeberto,
1149 5669 1266 5723 aliis
1319 5659 1607 5738 proditum.
1657 5659 1722 5724 Et

1154 315 1423 372 vsnsus
1461 317 1552 369 an
1591 313 1914 370 pauones-1
1943 316 2350 398 priscorum.
2561 279 2570 290 ’

1761 432 1806 489 Α
1835 428 2104 484 Immunes
2137 432 2276 496 regis
2305 430 2619 486 habuissent
2649 439 2886 499 tempora
2913 434 3080 500 pacis.

1836 517 1996 572 Israel
2025 534 2126 572 una
2158 519 2352 583 tribus,
2383 535 2542 588 quam
2574 521 2724 574 trivit
2757 513 2906 576 fusca
2934 523 3206 592 Canopus,

1836 605 1967 658 Cum
1995 621 2088 674 pes
2113 607 2253 661 lacte
2283 607 2453 661 solum
2490 624 2734 676 manans,
2763 619 2816 663 et
2845 612 3264 678 melle.tcncrct,

1837 692 2083 764 Undique
2105 711 2202 766 per
2224 711 2409 767 gyrum
2439 697 2639 754 ducens
2671 713 2736 754 ex
2761 701 2916 755 hoste
2944 701 3263 771 trophtcum,

1839 786 1957 840 Illos
1978 781 2253 852 occidens,
2286 796 2368 841 ast
2395 787 2513 842 illos
2537 789 2788 846 censibus
2813 807 3034 862 urgens,

1838 877 2124 946 Postquam
2151 877 2344 931 divinae
2367 881 2690 948 contempsit
2713 879 2914 936 fcedera
2943 883 3096 953 legis,

1832 967 2124 1038 Irritatque
2148 969 2336 1032 Deum,
2370 983 2626 1022 manuum
2656 985 2756 1040 per
2780 971 2917 1028 facta
2943 989 3184 1042 suarum,

1833 1056 2044 1112 Accidit
2067 1057 2362 1122 interdum,
2388 1057 2616 1114 Domino
2639 1061 2906 1129 plectentc
2937 1073 3164 1132 reatum,

1835 1147 1905 1204 Ut
1935 1163 2028 1202 rex
2057 1149 2306 1218 defuerit,
2332 1153 2438 1208 dux
2467 1153 2542 1208 illi
2569 1168 2724 1208 nemo
2752 1151 2960 1208 fuisset.
3097 1155 3370 1227 [tribunis,

1833 1237 1943 1293 Nec
1959 1255 2127 1306 mora;
2148 1257 2281 1311 quos
2295 1245 2514 1301 vincens
2531 1243 2832 1313 subiecerat
2846 1247 2968 1300 ante
2991 1245 3228 1318 [tributis
3247 1247 3404 1320 forte]

1833 1325 2080 1383 Vincitur
2103 1344 2168 1383 ex
2193 1325 2319 1398 illis,
2351 1335 2572 1388 servivit
2598 1343 2652 1390 et
2679 1335 2793 1404 ipsa
2823 1334 3056 1390 tributis.

1835 1420 1986 1478 Tune
2015 1425 2268 1490 Ammon,
2295 1427 2529 1496 ll-Iadian,
2562 1428 2736 1494 Moab,
2767 1423 3086 1495 Amaleeita,
3116 1429 3402 1492 Philistim,

1833 1513 1978 1570 Illius
2008 1517 2239 1572 audaces
2265 1519 2442 1590 culpa,
2467 1521 2552 1576 vel
2579 1521 2804 1576 crimine
2835 1521 3020 1587 fortes,

1833 1603 2112 1661 Caedentes
2146 1611 2376 1674 euadunt,
2409 1609 2702 1679 spoliantes
2731 1610 3120 1680 cx5poliaruut.

1833 1693 2058 1766 Insuper
2078 1705 2134 1750 et
2162 1697 2475 1754 dextra"...
2505 1700 2668 1769 stirps
2695 1699 2913 1754 vulnere
2934 1697 3128 1754 Iudam

1763 1764 1806 1820 ’ἶ
1833 1764 2106 1839 Fulminat
2137 1785 2266 1842 hinc
2296 1786 2460 1843 Judas
2489 1807 2502 1843 :
2534 1764 2810 1857 Beniamin
2841 1788 3052 1844 fertiter
3077 1791 3304 1855 instans,

1832 1873 2112 1932 Fratribus
2139 1878 2360 1944 excisis,
2385 1879 2508 1934 dum
2536 1879 2700 1933 trudit
2725 1877 2942 1933 ﬂumina
2969 1881 3205 1950 sanguis.

1832 1964 1948 2020 Non
1977 1968 2194 2036 mirere,
2223 1969 2406 2036 Pater,
2443 1970 2486 2024 si
2516 1971 2882 2027 conviciamur
2914 1973 3123 2025 acerbis

1832 2055 2039 2112 Litihus
2062 2067 2116 2111 et
2140 2061 2354 2130 pugnis,
2383 2061 2428 2115 si
2459 2071 2636 2116 motus
2661 2061 2863 2116 ferveat
2887 2061 3053 2124 orbis,

1832 2144 1938 2202 Sed
1967 2163 2120 2218 mage
2149 2149 2284 2203 mira
2309 2157 2486 2219 putes,
2509 2152 2648 2220 quod
2676 2166 2780 2206 non
2805 2152 2910 2206 sint
2931 2150 3170 2206 funditus
3193 2167 3404 2216 omnes,
3429 2179 3432 2181 >

1833 2235 1899 2290 Ει
1927 2237 2098 2292 tribus
2127 2247 2182 2292 et
2207 2239 2387 2308 populi
2419 2239 2636 2294 funesto
2663 2240 2830 2295 Marte
2862 2242 3140 2311 perempti,
3423 2239 3426 2242 ’

1828 2326 1944 2380 Ah!
1974 2341 2094 2381 cum
2121 2341 2226 2381 non
2253 2329 2504 2394 habeant,
2531 2330 2619 2398 qui
2648 2331 2751 2398 fac,
2779 2330 2861 2384 vel
2885 2331 3082 2396 desme,
3114 2331 3276 2386 dicat.
3366 2353 3373 2360 -

1829 2417 1996 2489 Regia
2021 2418 2066 2473 si
2097 2419 2288 2474 turmis
2311 2427 2452 2474 esset
2479 2419 2698 2490 prazlata
2725 2429 2986 2500 potestas,

1828 2507 1943 2562 Non
1976 2509 2109 2562 adeo
2137 2517 2340 2564 temere
2367 2507 2601 2564 fluitaret
2631 2509 2844 2565 mobilis
2872 2512 3030 2576 ordo,

1828 2596 2040 2652 Discola
2067 2611 2166 2652 nec
2191 2606 2398 2652 tantum
2429 2599 2719 2654 struxisset
2749 2598 2911 2654 factio
2933 2600 3126 2667 cladis,

1827 2684 1940 2741 Nec
1961 2686 2100 2741 mala
2129 2695 2386 2742 conantes
2407 2689 2615 2756 eadem,
2645 2689 2906 2759 factisque
2935 2689 3228 2759 replentes,

1827 2775 2056 2830 Praemia
2085 2777 2200 2831 sive
2231 2778 2482 2834 thronum
2512 2780 2822 2836 sinerentur
2843 2781 2992 2835 adire
3015 2781 3328 2851 proborum.

1826 2864 1988 2920 Plura
2011 2865 2140 2934 quid
2168 2866 2254 2922 his
2277 2867 2484 2922 dicam?
2515 2868 2718 2924 Desunt
2739 2867 3045 2938 ubicunque
3071 2879 3344 2940 regentes,

1827 2953 2117 3025 Disciplina
2141 2956 2286 3010 cadit
2311 2974 2323 3009 :
2354 2957 2478 3013 huic
2495 2966 2550 3012 et
2571 2961 2839 3014 contraria
2869 2961 3061 3030 surgit,

1827 3043 2046 3114 Absque
2067 3044 2258 3101 timore
2281 3047 2496 3116 quidem
2519 3049 2649 3103 nihil
2667 3064 2786 3104 esse
2805 3049 3099 3120 loquuntur
3120 3053 3398 3108 honorem.

1752 3105 1800 3174 (ἶ
1827 3105 2112 3189 Barbaries
2135 3105 2358 3204 quaesi-ta
2381 3137 2546 3202 domi,
2580 3150 2850 3208 censuque
2879 3149 3066 3194 coacta

1829 3221 2206 3282 Christicolum
2235 3228 2464 3298 populis,
2494 3244 2616 3284 cum
2647 3245 2744 3286 rex
2773 3247 2878 3286 non
2911 3232 3092 3304 dirigit
3123 3234 3288 3303 ipsos,

1828 3311 1971 3366 Infra
2002 3322 2144 3369 tecta
2177 3317 2320 3386 capit
2346 3321 2674 3387 censumque
2701 3325 2894 3375 cruore
2933 3322 3187 3390 reposcit.

1828 3401 2076 3474 Principe
2103 3405 2350 3462 destituit
2377 3407 2546 3463 multo
2577 3423 2678 3464 nos
2709 3418 2946 3480 tempore
2975 3411 3200 3482 languor

1829 3495 1976 3568 (450)
2013 3496 2280 3554 Infautilis
2308 3500 2480 3555 adhuc
2507 3500 2834 3572 perfungens
2857 3505 3075 3558 nomine
3106 3505 3267 3574 regis.

1828 3585 1986 3642 Etas
2013 3603 2112 3642 nec
2144 3603 2334 3658 pugnae
2360 3599 2443 3646 est
2471 3590 2682 3660 habilis,
2713 3607 2816 3648 nee
2843 3593 3048 3664 legibus
3073 3605 3220 3664 apta,

1829 3679 1924 3736 Cui
1951 3680 2091 3736 Deus
2115 3681 2353 3752 indulget
2381 3683 2580 3755 regnis,
2609 3693 2928 3756 sceptroque
2956 3687 3146 3756 potiri;

1829 3769 1936 3826 Sed
1967 3779 2206 3826 tenerqu
2237 3787 2454 3844 corpus,
2483 3790 2724 3848 seraeque
2749 3780 2820 3832 ad
2851 3777 3010 3832 fortia
3041 3781 3184 3836 vires

1831 3859 2146 3930 Despectum
2170 3865 2403 3934 propriis
2429 3874 2691 3936 generant
2719 3865 2907 3939 (Eccli.
2941 3871 3019 3942 χ),
3047 3879 3208 3940 atque
3236 3871 3402 3925 hosti.—

1828 3949 1998 4016 Quam
2027 3965 2240 4020 vereor,
2264 3969 2424 4024 quam
2459 3971 2599 4026 saepe
2628 3958 2960 4014 revolvo.....
3004 3959 3128 4031 [bus
3153 3976 3362 4016 ausum.

1827 4038 1972 4095 Illius
1996 4041 2286 4112 culogium,
2311 4046 2424 4113 qui,
2452 4047 2558 4100 νωε
2589 4050 2910 4117 portendere
2935 4052 3102 4119 genti,

1828 4127 2002 4198 Supra
2029 4146 2190 4200 quam
2207 4133 2424 4201 juvenis
2457 4143 2630 4190 staret
2657 4138 2951 4194 dominatio
2987 4141 3150 4210 regis,

1827 4216 2108 4272 Asseruit:
2140 4221 2284 4289 quod
2309 4237 2520 4277 summa
2550 4223 2706 4280 Salus
2729 4235 2938 4281 avertat
2965 4229 3033 4284 ab
3063 4228 3150 4282 illa

1827 4307 2020 4377 Gente,
2051 4311 2272 4367 salutari
2300 4329 2418 4384 qua:
2443 4313 2592 4370 fonte
2621 4318 2924 4374 renascitur
2947 4319 3042 4387 illi,

1829 4399 1930 4466 Qui
1959 4400 2092 4468 Rex,
2121 4411 2174 4456 et
2195 4402 2474 4472 Dominus,
2502 4407 2594 4476 qui
2619 4407 2788 4462 scitur
2816 4417 2870 4463 et
2896 4425 3018 4465 esse
3048 4409 3349 4477 Sacerdos,

1757 4464 1803 4522 θ
1828 4464 1930 4558 Qui
1961 4508 2060 4548 uec
2079 4464 2425 4565 principium,
2460 4464 2567 4554 nec
2596 4499 2756 4556 finem
2795 4503 3040 4572 percepit
3061 4464 3252 4570 ullum,

1827 4653 2008 4732 nescio
2036 4663 2256 4732 annnon
2300 4652 2532 4708 fabulam
2577 4655 2643 4710 de
2695 4653 2936 4724 Hunnis,
2978 4674 3114 4730 quos
3157 4661 3400 4732 plerique

1826 4723 2039 4800 eosdem
2105 4721 2384 4792 Ilungaros
2448 4732 2708 4794 putavere
2739 4767 2754 4792 ,
2806 4721 3053 4798 spectent
3117 4721 3396 4800 sequentia

1826 4791 1954 4852 Πήώ
1985 4809 1997 4842 ;

1888 4879 2041 4948 Eerre
2065 4861 2196 4948 cauis
2219 4885 2427 4945 pretium
2458 4884 2640 4946 templo
2663 4885 2742 4935 lex
2765 4887 2920 4948 prisca
2947 4887 3149 4948 refutat,

1887 4944 2024 4994 Nune
2042 4946 2175 4992 cauis
2201 4944 2304 5006 ipse
2328 4948 2521 4996 domum
2543 4944 2722 4998 Christi
2745 4944 3081 5010 spurcissimus
3108 4944 3270 5008 intrat,
3297 4957 3424 5002 etc.-

1825 5047 2032 5100 Disertc
2062 5056 2238 5101 autem
2269 5047 2432 5102 Italiae
2457 5049 2796 5106 calamitates
2822 5051 3066 5120 deplorat
3087 5051 3220 5106 ibid.
3265 5071 3278 5106 :

1977 5137 2160 5188 Instant
2177 5137 2376 5191 Italides
2395 5142 2610 5203 spoliata
2632 5143 2819 5194 civibus
2843 5144 3008 5194 urbes.

1827 5220 1925 5296 lilii
1969 5221 2570 5296 qua_m_inercdi_biliter
2612 5228 2926 5283 dehacehati
2983 5227 3244 5296 Hnngari,
3274 5230 3396 5285 vide

1831 5291 2016 5346 Annal.
2064 5289 2314 5347 Fuldens.
2365 5293 2424 5348 F.
2479 5312 2566 5350 an.
2615 5297 2738 5351 900.
2791 5298 2958 5352 Simul
3013 5289 3193 5353 civilia
3233 5289 3398 5354 Lam-

1824 5359 1980 5482 bertil,
2027 5359 2356 5432 Berengarii,
2403 5373 2458 5420 et
2505 5365 2760 5422 Ludovici
2814 5366 3040 5424 Bosouis
3084 5369 3199 5432 filii,
3257 5370 3396 5425 bella

1824 5445 1948 5482 una
2016 5447 2028 5482 :

1823 5445 1973 5482 IlOlill.
2016 5447 2028 5482 Ξ

1950 5519 2182 5571 Intestina
2207 5522 2336 5587 loqui
2362 5526 2644 5588 papulorum
2669 5527 2836 5589 praelia
2855 5539 3074 5592 possent,
3101 5539 3198 5582 etc.

1825 5603 1947 5685 Ilaec
1975 5607 2160 5685 omnia
2195 5609 2356 5685 aetati
2385 5608 2686 5685 Salomonis
2709 5653 2722 5674 ,
2771 5615 2940 5685 tertii,
2965 5616 3124 5685 hujus
3169 5615 3398 5673 nominis

1822 5674 2246 5734 Coustanticusis
2273 5680 2528 5748 episcopi,
2557 5684 2894 5740 convenient.
2914 5674 3042 5741 Cas:
