3920 6468
533 329 639 388 567

530 466 696 537 Cujus
728 487 897 544 regna
922 475 1080 542 chao,
1102 476 1416 546 prtecellunt
1437 477 1561 548 jura
1589 480 1796 536 diebus.

528 557 586 613 Si
613 575 719 615 non
744 564 1035 618 absurdum
1058 568 1335 636 cuiquam,
1361 569 1449 624 vel
1478 569 1616 625 forte
1647 571 1933 627 molestum

464 636 475 647 ί
527 650 699 717 Esset,
730 654 783 708 in
808 655 911 710 hoc
938 658 1131 727 sapido.
1152 658 1343 714 vellem
1385 676 1635 717 sermone
1664 664 1893 728 morari,

522 742 589 797 Et
618 760 788 801 novus
825 748 1099 819 interpres.
1119 752 1372 820 quiddam
1397 756 1632 809 maerore
1652 754 1899 821 levando,

518 831 671 900 Quod
698 852 962 905 nusquam
987 839 1088 911 legi
1117 842 1183 895 de
1207 857 1292 897 me
1318 842 1561 912 proferre
1590 844 1813 915 legenti.

519 921 707 980 Omnis
738 927 788 980 in
817 929 1107 998 antiquum.
1128 933 1219 1000 qui
1246 933 1533 989 credit..."
1557 935 1794 989 dierum.

517 1012 785 1071 Subditur‘
808 1019 948 1075 baud
965 1022 1148 1087 juveni
1181 1024 1302 1079 talis
1330 1026 1545 1083 devotio
1566 1028 1680 1098 regi

510 1102 581 1157 At
607 1120 741 1161 vero
756 1118 944 1177 gentes
969 1113 1133 1167 stulte
1162 1114 1449 1171 simulacra
1477 1117 1747 1185 colentes,

512 1192 651 1249 Cum
670 1197 778 1252 sibi
793 1201 1130 1257 constituunt
1160 1204 1385 1275 alicujus
1408 1207 1662 1277 imaginis
1684 1211 1830 1278 icon,

510 1281 760 1340 Subdunt
781 1302 840 1343 se
861 1288 1047 1357 juveni
1078 1308 1175 1363 per
1199 1294 1379 1351 inania
1415 1298 1632 1368 figmina
1668 1304 1805 1375 regi.

507 1374 874 1447 Regem.......
899 1383 1108 1438 noviter
1127 1386 1207 1441 sic
1234 1390 1589 1448 constituenti

504 1466 673 1523 Nobis
699 1486 794 1541 per
815 1471 1066 1541 juvenem
1093 1480 1274 1534 veniat
1295 1481 1600 1541 benedictio
1632 1501 1835 1560 regem.

503 1560 631 1617 Haec
653 1579 753 1636 ego
779 1579 1137 1635 commentus,
1165 1575 1385 1645 scriptis
1408 1592 1512 1632 non
1544 1578 1746 1651 derogo
1765 1584 1933 1639 sacris
1956 1624 1974 1641 .

502 1652 587 1710 Sit
613 1666 747 1723 rata,
781 1675 941 1729 quam
974 1664 1189 1734 sapiens
1217 1669 1395 1736 prodit
1424 1674 1689 1738 narratio,
1711 1676 1882 1732 codex

498 1747 816 1819 Exemplum
848 1754 1021 1818 nobis,
1047 1758 1358 1816 anthentica
1382 1763 1619 1834 scriptio
1635 1768 1808 1836 ponit,

498 1837 806 1897 Monstrans
831 1859 936 1898 non
968 1846 1193 1902 nimium
1216 1850 1442 1920 juvenili
1473 1864 1631 1912 aetate
1657 1859 1966 1915 dolendum.

499 1928 770 1989 Strenuus
785 1950 1048 1992 annorum
1069 1938 1248 1996 Josias
1262 1960 1357 1999 rex
1384 1944 1484 2000 fuit
1504 1958 1629 2004 octo
1644 1949 1695 2021 (1
1714 1949 1752 2004 V
1766 1951 1891 2024 Reg.
1915 1954 2077 2025 xxn),

494 2020 631 2075 Cum
658 2024 891 2093 primum
926 2043 1092 2099 regno
1118 2030 1264 2103 fungi
1293 2037 1547 2105 coepisset
1570 2040 1713 2095 avito
1742 2057 1759 2096 :

491 2108 767 2169 Firmatus
791 2130 919 2172 vero
951 2133 1109 2174 sensu
1138 2122 1397 2181 solidatus
1422 2136 1475 2181 et
1502 2144 1639 2195 aevo,

486 2199 743 2274 lndeptus
764 2206 935 2277 plenis
964 2220 1229 2269 maturum
1261 2219 1427 2272 robur
1449 2220 1518 2274 ab
1539 2222 1721 2289 annis,

487 2289 615 2346 Zelo
643 2292 866 2350 ferventi
895 2300 1103 2356 studuit
1122 2305 1329 2362 servire
1358 2306 1619 2375 Tonanti,

484 2378 756 2439 Instaurat
779 2388 1054 2458 templum,
1087 2395 1358 2466 comitque
1378 2401 1665 2459 ornatibus
1687 2403 1889 2474 ipsum,

487 2470 715 2531 Ordinat
748 2477 1003 2546 cilicium,
1033 2483 1364 2544 divinatione
1384 2491 1641 2561 dicatum,

483 2562 630 2635 Lege
653 2577 835 2626 monet
854 2573 1130 2641 populum,
1161 2579 1377 2651 instigat
1402 2581 1532 2638 ﬂere
1553 2595 1785 2654 reatum,

483 2656 755 2718 Srandala
780 2664 1026 2731 dimovit,
1054 2668 1203 2726 lucos
1232 2674 1520 2732 excindere
1535 2677 1724 2746 jussit,

479 2746 650 2806 David
673 2752 779 2808 iter
802 2755 966 2819 vadit,
995 2758 1221 2817 Domino
1246 2775 1562 2823 constanter
1581 2768 1829 2825 adhaesit.

480 2836 561 2926 En
584 2855 692 2910 quo
721 2843 951 2912 profecit
978 2848 1070 2917 qui
1101 2851 1257 2919 pusio
1281 2868 1445 2923 regna
1473 2859 1740 2926 capessit!

481 2925 634 2993 Quis,
659 2945 809 3000 rogo,
837 2949 980 2989 nunc
993 2936 1178 3006 juveni
1210 2940 1370 2996 debet
1400 2944 1640 3001 diﬂidere
1671 2949 1820 3019 regi?

479 3017 778 3079 Dummodo
806 3036 995 3082 cuncta
1028 3044 1218 3100 regens
1250 3032 1361 3088 Rex
1393 3051 1575 3105 regum
1605 3017 1803 3111 dirigat
1831 3042 1963 3111 ipse.

480 3105 737 3167 Sittcerus
764 3122 912 3171 certe
935 3115 1151 3173 Samuel
1179 3119 1229 3185 (I
1267 3120 1389 3195 Reg.
1416 3126 1524 3197 tu),
1554 3105 1866 3199 Danielque-
1891 3131 2052 3201 (Dan.

1570 3216 1716 3291 [χιιη
1746 3221 2050 3292 Propheta),

475 3295 669 3352 Essent
697 3300 872 3356 artatis
899 3305 1050 3372 pueri
1074 3321 1195 3361 cum
1225 3307 1365 3365 forte
1388 3310 1636 3376 minoris,

470 3385 736 3444 Indicium
760 3394 981 3450 senibus
1006 3397 1325 3467 decernunt,
1343 3402 1539 3472 jusque
1566 3402 1830 3476 (Senibus)
1858 3421 2054 3477 geron-

471 3477 726 3549 Quzedam
753 3484 917 3539 verba
942 3496 1088 3541 metu
1116 3491 1295 3558 posui,
1323 3493 1587 3565 solamine
1607 3497 1877 3566 quaedam,
1926 3498 2047 3572 [tis.

470 3564 545 3621 Ut
570 3583 728 3638 quem
753 3572 1007 3631 sollicitet
1033 3568 1288 3645 formido,
1315 3564 1438 3653 spes
1465 3564 1752 3643 animaret.

462 3655 654 3714 JEstus
684 3661 737 3715 hi
764 3663 912 3725 tales,
943 3682 1080 3735 quos
1111 3670 1317 3738 profert
1342 3675 1533 3745 pagina
1563 3693 1822 3747 praesens,

462 3750 751 3821 Turboquc
778 3759 1138 3816 commiscens
1167 3763 1394 3820 diversis
1419 3768 1634 3824 casibus
1663 3785 1876 3836 omnes,

460 3836 595 3895 Ossa
629 3843 759 3899 tmni
792 3845 1019 3912 siccant,
1052 3864 1269 3906 sensum
1310 3858 1591 3913 maerentis
1618 3859 1967 3917 obumbrant.

456 3930 674 3988 Accidit
700 3944 755 3989 et
779 3937 995 4003 crebro,
1022 3941 1271 4011 stupidus
1293 3960 1418 4000 cum
1446 3947 1570 4002 talia
1611 3957 1805 4016 tracto,

395 4060 399 4064 -
451 4020 532 4108 _Ut
560 4021 702 4079 sicut
727 4024 950 4083 Nonnus
985 4031 1223 4101 scripsit,
1246 4034 1481 4106 felixque
1514 4042 1789 4108 sacerdos,

451 4098 816 4187 Hieronymus
847 4128 1052 4187 noster,
1085 4135 1326 4192 sanctus,
1349 4130 1670 4201 sapiensque
1694 4134 1973 4206 magister,

456 4203 733 4270 Interdum
773 4211 1049 4280 proprium
1083 4216 1179 4270 fiat
1215 4218 1344 4273 mihi
1370 4236 1562 4277 nomen
1593 4203 1832 4280 oboltum
1868 4226 2033 4297 (obli-

449 4292 519 4347 Et
548 4300 699 4351 mens
728 4295 847 4352 fusa
873 4298 1042 4367 foras,
1069 4303 1243 4374 ipsum
1272 4323 1358 4363 me
1387 4310 1601 4367 deserat
1623 4314 1807 4371 intus:
1850 4292 2027 4389 [tum),

451 4382 606 4441 "l‘unc
633 4397 756 4456 post
784 4388 992 4447 liminio
1022 4393 1237 4451 deserta
1263 4399 1461 4456 cubilia
1489 4402 1655 4473 longo.

451 4472 898 4545 Regrediens.....
929 4485 1129 4554 pr0prii
1168 4502 1305 4542 nova
1338 4472 1601 4560 dogmatis
1631 4494 1847 4564 hospes.

449 4563 589 4630 Quid
614 4566 706 4620 tu?
727 4568 880 4638 panis
905 4572 1059 4628 abest
1086 4591 1240 4645 mque
1268 4594 1368 4634 nec
1389 4582 1577 4649 poeula
1602 4563 1801 4651 praesto

450 4652 563 4709 Nec
586 4654 737 4714 focus
763 4662 918 4715 ardet
940 4663 1030 4730 ibi,
1060 4681 1161 4721 nec
1190 4666 1361 4725 lectus
1388 4674 1649 4729 sternitur
1669 4693 1846 4749 aagrze,

451 4747 658 4815 Esurit,
689 4759 850 4821 atque
872 4752 1008 4818 sitit,
1030 4755 1218 4812 suffert
1243 4770 1297 4814 et
1326 4763 1529 4819 nudula
1566 4747 1772 4837 frigus:

445 4835 586 4903 Quid
618 4837 816 4893 faciat?
841 4856 949 4910 quo
972 4858 1036 4899 se
1058 4848 1272 4901 vertat?
1299 4851 1421 4919 quis
1446 4835 1928 4926 pauset'egenam?

444 4931 582 4997 Flet,
608 4932 794 5003 gemit,
826 4944 881 4990 et
910 4936 1474 5014 lacrymat,singultit,
1501 4956 1725 5011 mussat,
1751 4957 1805 5003 et
1831 4949 2019 5007 haeret.

437 5021 629 5078 Omnia
656 5028 879 5084 tentanti
907 5033 1253 5101 eompunetio
1280 5038 1528 5093 subvenit
1558 5040 1681 5109 ipsi,

436 5113 550 5168 Tali
581 5126 834 5188 suggestu
857 5122 1187 5193 compellans
1219 5140 1353 5181 sana
1383 5128 1647 5183 dolentem
1678 5144 1692 5183 :

435 5205 606 5264 Nocte
626 5209 771 5265 fores
799 5212 972 5268 media
999 5216 1212 5272 tandem
1243 5218 1526 5288 pulsentur
1546 5222 1729 5287 amici,

434 5298 491 5354 Si
519 5301 590 5356 sit
612 5302 923 5370 dormitum,
953 5322 1056 5363 vox
1083 5311 1271 5379 pernix
1302 5313 1501 5368 excitet
1532 5313 1700 5379 ilhtm,

436 5387 509 5444 Ut
531 5390 705 5449 lassus
737 5404 891 5451 terno
917 5411 1189 5454 recreetur
1218 5416 1357 5471 pane
1380 5402 1553 5458 viator
1574 5404 1726 5476 (Luc.
1760 5405 1859 5480 xl).

432 5477 544 5534 Nec
569 5481 685 5546 tibi,
719 5487 898 5549 crede,
952 5499 1127 5560 negat,
1169 5499 1375 5547 tantum
1416 5510 1546 5564 prex
1581 5497 1764 5553 sedula
1794 5477 1984 5569 poscat

430 5569 656 5640 Insuper
683 5583 740 5628 et
763 5575 1033 5648 lympham
1060 5582 1242 5653 largus
1269 5588 1362 5643 tibi
1386 5589 1611 5660 porrigit
1642 5591 1802 5657 ultro,

432 5660 547 5727 Qua
566 5664 687 5730 quis
714 5676 895 5738 potata
922 5672 1109 5730 sitiens
1136 5693 1240 5732 non
1272 5680 1416 5735 sitiet
1437 5680 1573 5737 ultra
1598 5681 1777 5751 (Joan.
1806 5683 1899 5755 tv).

436 5752 533 5806 llic
555 5750 724 5821 facis,
748 5764 805 5813 ut
828 5768 1038 5826 tantum.
1060 5765 1312 5825 formides
1339 5768 1535 5839 frigora
1562 5780 1831 5839 quantum

1462 345 1851 404 SALOMONIS
1878 345 2464 409 CONSTANTlENSlS
2502 354 2806 417 EPISCOPI

2091 506 2097 513 .
2138 461 2184 518 Α
2214 458 2323 514 Aut
2353 478 2636 521 numerum
2662 469 2836 539 lupus,
2860 479 2954 528 aut
2984 478 3243 534 torrentia
3272 478 3489 539 flumina
3514 484 3676 557 ripas.

3685 376 3781 437 568

2212 548 2322 607 Nec
2343 556 2475 622 petit
2498 568 2804 629 argentum,
2834 565 3064 632 pretium
3092 583 3193 626 nec
3228 574 3469 643 postulat
3490 548 3678 634 ullum.

2208 636 2308 732 Qui
2330 642 2459 699 dare
2480 657 2669 715 sponte
2694 651 2870 716 docet,
2902 656 3068 725 gratis
3094 636 3247 729 quod
3263 664 3504 732 poscitur
3529 667 3711 724 offert.

2207 725 2333 784 Haec
2354 732 2441 801 pia
2465 750 2618 791 mens
2642 738 2813 796 tristis
2833 741 3036 801 librans
3066 725 3310 807 consulta
3344 756 3573 823 sororis,

2202 822 2305 878 Mel
2331 840 2494 896 super
2519 838 2680 900 atque
2712 831 2894 889 favum
2922 838 3066 894 hunc
3089 841 3249 898 talem
3274 853 3427 901 retur
3446 849 3701 918 amicum,

2200 913 2267 968 Et
2293 917 2507 986 pulsare
2536 919 2700 989 fores,
2733 924 2912 982 aditus
2927 927 3044 998 jam
3075 947 3321 1002 quaerere
3344 947 3556 1007 servet,

2197 1002 2328 1073 Ejus
2352 1016 2406 1060 et
2432 1007 2659 1079 eloquiis
2682 1027 2842 1070 aures
2883 1019 3099 1088 aperire
3123 1020 3367 1080 fruendis

2196 1092 2293 1149 Eia
2329 1111 2448 1167 age,
2478 1115 2669 1171 rumpe
2696 1118 2898 1171 moras,
2927 1108 3156 1167 delectat
3177 1129 3426 1187 pergere,
3457 1118 3607 1186 dicit,

2194 1174 2300 1242 Sed
2327 1190 2452 1259 quia
2477 1207 2584 1247 non
2618 1196 2839 1267 pmprio
2863 1200 2998 1256 satis
3011 1213 3097 1259 est
3118 1174 3321 1263 confisa
3343 1219 3558 1280 paratu,

2190 1281 2400 1338 Astruit
2418 1300 2545 1342 ecce
2566 1288 2745 1358 palam
2774 1306 2896 1348 sese
2925 1294 3163 1354 ductoris
3189 1315 3438 1372 egenam,

2190 1370 2423 1445 Pergere
2448 1391 2549 1433 nec
2569 1395 2841 1452 quoquam
2870 1399 2968 1454 per
2999 1398 3171 1445 semet
3196 1370 3356 1462 posse
3381 1392 3600 1452 fatetur.

2187 1460 2330 1532 Ergo
2368 1464 2470 1521 via:
2494 1467 2737 1539 ignaram
2763 1481 3027 1542 sustenta,
3054 1460 3272 1549 praesul,
3298 1481 3589 1551 alumnam,

2186 1549 2483 1628 Lapsantiq
2494 1573 2562 1614 ue
2588 1575 2809 1616 manum
2839 1563 3132 1622 ductricem
3155 1571 3390 1641 porrige,
3418 1549 3623 1641 quaeso.

2088 1654 2091 1655 '
2188 1639 2366 1710 Teste,
2394 1645 2604 1718 loquor,
2631 1650 2882 1720 Domino,
2905 1657 3050 1727 potis
3076 1668 3161 1714 est
3184 1639 3347 1730 quem
3371 1639 3559 1720 fallere
3579 1678 3767 1725 nemo.

2184 1733 2336 1802 Quod
2357 1753 2465 1793 non
2490 1740 2714 1810 pictoris
2738 1742 2884 1812 ludo,
2916 1762 3019 1803 nec
3045 1765 3195 1805 more
3217 1762 3412 1822 poetze,

2102 1814 2151 1874 Β
2178 1824 2324 1883 Fuco
2346 1828 2562 1888 fallendi
2593 1848 2821 1902 quorum
2860 1837 2949 1894 lex
2971 1840 3202 1897 traditur
3217 1814 3337 1900 uni.

2179 1920 2333 1976 Alter
2352 1922 2517 1979 habet
2542 1922 2685 1994 juris
2708 1929 2914 1997 poesim
2936 1947 3264 2003 componere
3290 1938 3503 1995 mendis
3530 1955 3549 1996 :

2179 2012 2287 2067 Sed
2312 2014 2455 2083 quod
2496 2018 2660 2072 verba
2691 2027 2900 2087 notant,
2933 2021 3063 2080 illud
3088 2027 3382 2095 praecordia
3416 2027 3690 2099 clamant;

2178 2100 2379 2158 Scribit
2400 2106 2653 2177 quodque
2670 2124 2882 2177 manus,
2904 2114 3162 2184 scriptum
3179 2132 3332 2173 mens
3358 2119 3570 2177 obtinet
3590 2122 3760 2178 intus.

2177 2190 2467 2258 Questibus
2503 2194 2733 2253 internis
2752 2199 3006 2272 suffragia
3049 2205 3276 2272 quterito
3306 2204 3507 2263 Patris.

2173 2282 2423 2340 Pandens
2450 2294 2651 2356 quanta
2703 2298 2989 2359 premunt,
3038 2293 3395 2351 manifestans
3435 2304 3646 2366 quanta
3682 2298 3757 2352 la.

2780 2392 2793 2401 ⁵
3417 2387 3686 2460 (cessum,

2172 2462 2241 2518 Ut
2270 2464 2479 2533 pondus
2502 2468 2800 2538 proprium,
2828 2484 2989 2540 quem
3016 2470 3230 2530 lassans
3253 2476 3451 2546 mergit
3476 2476 3531 2530 in
3560 2477 3749 2539 imum,

2169 2556 2424 2612 Erectum
2455 2568 2660 2615 statuat
2692 2562 2871 2634 (Rom.
2906 2564 3040 2637 xlv),
3071 2566 3157 2622 cui
3185 2567 3361 2623 standi
3391 2568 3558 2623 robur
3580 2570 3751 2623 aban-

2165 2647 2423 2718 Coelipeta
2449 2650 2686 2706 insonuit
2710 2662 2900 2709 sancto
2926 2656 3069 2727 quod
3097 2657 3386 2728 Apostolus
3411 2673 3529 2723 ore,
3616 2657 3751 2732 [dan

2165 2738 2242 2794 De
2271 2756 2357 2795 me
2385 2733 2642 2811 profiteor
2667 2760 2682 2797 :
2719 2743 2926 2801 Revera
2956 2750 3171 2805 nescius
3202 2765 3358 2806 error

2164 2830 2399 2887 Obnubit
2422 2843 2674 2898 mentem,
2707 2836 2901 2903 crebro
2933 2838 3173 2910 fallitque
3199 2843 3495 2898 videntem.

2162 2919 2351 2976 Nonne
2384 2924 2571 2978 videns
2599 2923 2790 2980 fallor?
2816 2942 3044 2985 cernens
3079 2939 3135 2985 et
3169 2930 3373 2987 visibus
3403 2932 3613 2987 orbor?

2163 3011 2309 3067 Pauli
2341 3030 2473 3071 voce
2494 3016 2705 3087 loquor,
2735 3020 2862 3092 quid
2889 3037 3043 3092 agam
3074 3039 3179 3079 non
3210 3027 3385 3081 sentio
3413 3026 3601 3096 plane,

2160 3103 2414 3172 Ignorans
2434 3121 2650 3176 operor,
2675 3110 2816 3178 quod
2842 3127 2948 3165 non
2967 3113 3204 3186 intelligo
3227 3114 3398 3170 factor
3416 3115 3594 3187 (Rom.
3623 3118 3738 3187 vn).

2165 3194 2358 3250 Ycrser
2395 3204 2455 3251 ut.
2498 3198 2554 3254 in
2606 3199 2806 3256 mundo
2834 3199 3024 3273 fragile
3069 3219 3214 3259 nunc
3250 3204 3381 3260 utile
3415 3204 3554 3260 duco
3586 3205 3741 3275 (Phi-

3446 3292 3565 3366 [lip.
3601 3295 3668 3361 ι).

2159 3376 2225 3432 Ut
2248 3377 2466 3447 quidam
2499 3380 2700 3446 sedem,
2739 3384 2881 3453 quod
2907 3381 3107 3441 fessum
3139 3386 3380 3476 concutit
3402 3385 3632 3450 orbem;

2150 3472 2303 3545 Cogit
2326 3482 2380 3529 et
2402 3476 2638 3531 officium
2669 3493 2756 3533 me
2779 3478 2931 3551 jungi
2959 3480 3205 3550 plebibus
3239 3472 3463 3545 almum,

2149 3564 2216 3618 Et
2241 3564 2469 3620 fratrum
2500 3571 2771 3639 propriam
2797 3570 2945 3628 curis
2969 3581 3297 3644 postponere
3343 3588 3554 3638 curam,

2152 3653 2211 3709 At
2238 3655 2554 3727 plerumque
2584 3658 2746 3725 subit,
2774 3675 2895 3730 quae
2921 3661 3001 3716 sic
3027 3661 3255 3719 intentio
3282 3661 3416 3718 dicit
3444 3679 3461 3717 :

2146 3742 2401 3801 Mundum
2430 3747 2631 3818 linque,
2655 3764 2788 3805 vaca
2812 3749 3062 3819 Domino,
3093 3761 3308 3808 sectare
3329 3753 3599 3823 quietem,

2144 3838 2345 3894 Tecum
2369 3840 2515 3896 disce
2541 3839 2772 3908 habites,
2794 3843 3042 3899 inimicas
3064 3845 3251 3899 desere
3276 3843 3425 3909 lites;

2141 3929 2308 3986 Nutat
2333 3931 2479 3987 enim
2509 3934 2762 4001 mundus,
2802 3933 2964 3990 fallax
2995 3944 3051 3990 et
3075 3935 3276 3991 labitur
3302 3935 3479 3992 orbis.

2145 4020 2197 4077 Si
2233 4032 2286 4078 tu
2314 4024 2613 4080 mundanas
2640 4026 2724 4081 vis
2745 4035 3051 4083 sustentare
3082 4027 3288 4091 ruinas,

2138 4113 2419 4170 lnvolvent
2442 4115 2646 4185 rapidis
2667 4116 2780 4172 fors
2807 4126 2860 4172 te
2889 4119 3107 4174 ruinosa
3135 4117 3328 4173 ruinis.

2136 4200 2340 4258 Nititur
2365 4204 2419 4259 in
2446 4219 2675 4260 vacuum
2712 4207 3002 4277 quiperdit
3030 4207 3098 4262 ad
3125 4206 3311 4262 ultima
3343 4206 3559 4263 nisum.

2133 4292 2308 4350 Ambo
2347 4295 2547 4351 salvari
2574 4295 2622 4351 si
2650 4302 2728 4361 tu,
2752 4296 3091 4368 mundusque
3110 4297 3371 4367 nequitis,

2134 4384 2275 4441 Erue
2299 4386 2379 4441 vel
2407 4395 2607 4443 temet:
2634 4402 2758 4443 nam
2784 4388 2965 4445 solum.
2983 4389 3216 4445 evadere
3243 4389 3433 4453 refert,

2136 4474 2303 4542 Quam
2337 4477 2565 4547 periisse
2587 4478 2725 4534 duos
2753 4494 2905 4548 teque
2943 4478 3256 4535 discrimina
3286 4493 3499 4550 passos.

2136 4566 2251 4622 Huc
2290 4568 2437 4633 ades,
2457 4570 2703 4634 antistes,
2732 4569 2816 4624 his
2843 4569 3186 4640 interponere
3206 4569 3393 4638 judex.

2132 4658 2260 4715 Haec
2287 4667 2369 4716 est
2396 4676 2602 4716 summa
2619 4662 3016 4732 quidem,quod
3046 4663 3184 4734 coepi
3201 4663 3442 4719 scribere
3464 4662 3668 4734 pridem
3686 4680 3704 4716 :

2132 4749 2439 4817 Pontifices,
2481 4767 2678 4823 regem,
2713 4754 2962 4823 quamvis
2988 4755 3320 4826 pepulosqne
3347 4754 3605 4820 dolerem,

2130 4842 2325 4896 Acrior
2350 4843 2465 4898 haec
2495 4853 2694 4899 memet
2723 4859 2937 4914 semper
2959 4861 3079 4901 mea
3098 4861 3233 4901 cura
3265 4847 3558 4901 remordet.

2128 4933 2263 4988 Nam
2289 4948 2373 4988 me
2400 4934 2524 5004 plus
2549 4950 2780 5006 aequum.
2822 4951 2983 4991 quam
3014 4936 3305 5006 quemlibet
3343 4936 3583 4991 arbitror
3600 4937 3702 4990 bo-

3452 5028 3587 5102 [rum
3602 5044 3616 5092 ;

2122 5117 2355 5174 Vulnera
2377 5118 2528 5185 plura
2556 5102 2771 5191 gerens,
2800 5102 3096 5178 medicinas
3118 5130 3321 5193 expeto
3347 5122 3557 5193 plures,

2118 5208 2264 5275 Otia,
2296 5212 2516 5276 sectari,
2559 5213 2951 5285 strepitumque
2978 5215 3284 5285 relinquere
3311 5216 3519 5281 mundi,

2117 5300 2201 5355 Me
2225 5300 2313 5357 lex
2340 5302 2428 5357 illa
2459 5312 2661 5368 monet,
2698 5303 2901 5360 laribus
2929 5321 3049 5376 qua;
3070 5310 3266 5363 mentis
3292 5310 3545 5375 inhaeret;

2114 5390 2264 5447 Hanc
2285 5400 2472 5447 contra
2498 5401 2700 5465 pugnat
2736 5392 2913 5467 (Rom.
2945 5395 3067 5466 vir),
3093 5414 3214 5469 qua:
3237 5400 3496 5454 membris
3517 5396 3683 5453 indita

3355 5489 3599 5565 [constaL

2111 5571 2221 5628 Heu
2249 5575 2409 5631 mibi!
2441 5593 2600 5646 quam
2633 5579 2766 5634 duro
2794 5579 2933 5636 solet
2954 5581 3072 5636 haec
3103 5597 3361 5652 superare
3391 5578 3677 5652 triumpho?

2108 5664 2396 5733 Captivaus
2431 5668 2688 5723 miserum
2714 5671 2924 5738 peccati
2954 5670 3071 5743 lege
3091 5671 3336 5743 ligatum.

2106 5755 2353 5812 lnvalidae
2377 5756 2478 5829 legi
2512 5759 2607 5827 sis,
2639 5775 2673 5816 o
2695 5770 2941 5831 patrone,
2972 5761 3161 5819 favori.
