3920 6432
135 379 279 467 369‘
1185 384 1454 443 musas
1492 383 1583 439 an
1615 356 1944 439 DADONEM
1970 348 2379 437 episcopum.
3304 356 3420 425 570'

149 511 270 568 Per
299 520 351 567 te
377 504 628 565 devincat
651 516 751 574 per
776 514 835 556 se
862 515 981 571 qua:
1010 506 1153 554 vncta
1188 496 1421 551 laborat.
1761 505 1815 565 Α
1909 487 1977 543 Et
2016 488 2348 574 diversorum
2390 499 2475 540 me
2498 491 2624 557 peto
2646 481 2792 539 fasce
2818 480 3013 555 premi.

150 607 233 663 Et
255 604 417 662 simul
439 568 748 671 ambiguum
775 596 841 651 de
860 568 1003 650 binis
1029 591 1179 647 effice
1206 599 1435 653 certum,
1837 581 1973 671 Dum
2001 577 2170 633 frater
2196 572 2348 671 vixit,
2378 575 2637 646 quidquid
2664 590 2748 629 me
2789 573 2977 628 durius
3020 568 3180 635 arsit,

148 695 458 753 Consilium
486 699 546 746 ut
573 663 788 760 sapiens
810 686 1064 740 dubitans
1100 682 1350 736 Susanna
1376 689 1666 748 capessens
1904 666 2187 723 insinuans
2212 664 2287 719 illi
2313 666 2416 720 hoc
2445 665 2613 720 levius
2641 663 2830 718 habui.

148 750 370 840 E—Zvadat
395 750 755 845 mortetttiam
782 774 951 829 libera
981 787 1078 843 per
1105 769 1381 825 Danielem
1410 767 1573 838 (Dan.
1592 762 1732 834 xm).
1836 757 1936 815 Hic
1964 758 2096 813 mihi
2128 764 2314 827 portus
2336 764 2475 819 erat,
2506 770 2660 809 meus
2705 755 2810 809 huc
2851 768 2970 808 mea
2997 767 3058 808 se
3098 750 3371 807 referebat
3391 766 3409 779 °

149 875 281 941 Vis,
306 881 479 943 potes,
506 879 561 923 et
583 866 724 922 nosti
751 862 1027 920 conservis
1064 859 1345 924 auxiliari;
1906 849 2040 907 Cum
2078 864 2227 904 mare
2249 847 2502 916 iactaret,
2544 862 2737 917 meque
2760 845 2934 913 salum
2968 853 3234 915 quateret.

146 938 275 1020 Cui
304 938 456 1034 pater
500 959 588 1014 ille
627 959 817 1013 domus
867 968 1092 1024 peregre
1138 950 1409 1005 frumenta
1463 943 1737 1016 profectus
1835 942 1935 998 Hic
1968 940 2193 997 baculus
2221 940 2385 1003 lasso,
2415 938 2515 993 fuit
2540 939 2628 994 hic
2658 938 2991 993 medicamen
3017 944 3073 992 et
3103 951 3270 1008 aegro.

146 1026 528 1123 Dispensauda
559 1048 721 1111 dedit,
763 1061 863 1101 nec
888 1059 1050 1116 gazas
1073 1042 1308 1097 condere
1340 1038 1520 1108 jussit,
1909 1030 2037 1087 Istic
2058 1032 2184 1086 dum
2208 1031 2395 1101 viguit,
2421 1029 2495 1083 nil
2516 1028 2649 1083 mihi
2674 1029 2828 1082 triste
2854 1026 2977 1082 fuit.

147 1116 407 1199 Ubertim
421 1140 560 1195 binis
579 1135 1074 1208 quascontulitipse
1097 1130 1310 1186 talentis
1326 1127 1541 1200 (Matth.
1554 1123 1732 1197 xviii).
1835 1124 1988 1186 Esto,
2012 1123 2123 1193 jam
2151 1121 2344 1185 fuerit;
2372 1121 2465 1175 sed
2490 1136 2611 1175 cum
2643 1118 2742 1173 fuit
2764 1118 2875 1183 ille,
2898 1116 3148 1188 subegit:

146 1232 334 1287 Dicite
359 1231 512 1301 queis
543 1228 796 1300 lacrymis
832 1226 1055 1280 dolitum
1084 1224 1153 1278 sit
1182 1221 1342 1277 funus
1364 1219 1573 1284 Abelis,
1905 1215 2040 1270 Cum
2069 1228 2354 1283 perpessus
2381 1226 2554 1277 eram,
2585 1210 2659 1265 nil
2690 1210 2900 1280 patiens
2939 1208 3165 1264 fueram.

146 1296 676 1390 DivideCdispensa,
716 1316 918 1387 profer,
949 1316 1170 1387 largire,
1207 1311 1480 1377 ministra,
1836 1302 1969 1390 Quis
2018 1302 2110 1356 dat
2147 1315 2342 1369 aquam
2374 1299 2535 1370 capiti
2561 1338 2576 1362 ,
2621 1299 2706 1353 cui
2751 1306 2947 1390 praesto
2981 1305 3065 1352 est
3112 1310 3274 1390 causa
3315 1296 3416 1352 do-

147 1410 318 1477 Quod
343 1382 439 1465 tibi
469 1382 647 1463 divina
663 1382 875 1463 icorban
900 1382 1178 1462 descendit
1207 1404 1274 1459 ab
1308 1401 1451 1455 aula.
1904 1389 2002 1446 Cui
2039 1389 2249 1460 plorare
2272 1390 2509 1459 quidem,
2543 1387 2818 1455 multaque
2842 1384 2971 1441 ﬂere
3004 1385 3158 1451 libet,
3223 1382 3417 1459 [lendi,

84 1554 89 1557 ι
145 1500 275 1556 Hoc
313 1502 473 1556 heros
496 1501 735 1563 mandat,
777 1500 897 1552 data
919 1498 1052 1553 dans
1073 1498 1202 1552 dare
1225 1493 1441 1565 dapsilis
1467 1500 1618 1564 optat
1643 1510 1658 1548 τ
1835 1480 2004 1537 Dicite
2032 1482 2186 1552 queis
2208 1481 2465 1551 lacrymis
2494 1480 2719 1535 dolitum
2745 1480 2814 1539 sit
2850 1479 3010 1535 funus
3046 1478 3251 1546 Abelis,

145 1590 376 1657 Quanto
406 1589 528 1653 plus
553 1588 765 1643 dederis
790 1595 937 1641 tanto
968 1586 1089 1655 plus
1112 1584 1285 1639 danda
1315 1582 1560 1638 mereris.
1905 1570 2039 1627 Cum
2078 1569 2391 1640 protoplasti
2420 1569 2562 1625 hunc
2588 1584 2840 1641 gemuere
2869 1570 3025 1624 mori.

144 1681 304 1735 Area
332 1679 463 1734 cluit
487 1677 680 1742 dando,
708 1687 969 1732 vacuatur
1005 1685 1059 1731 et
1086 1660 1199 1745 ipsa
1226 1674 1492 1745 negando,

1836 1660 1980 1728 Quos
2007 1660 2204 1725 luctus,
2227 1660 2419 1726 Adam,
2446 1659 2529 1715 vel
2560 1675 2719 1729 quam
2747 1660 2863 1725 das,
2888 1660 3019 1724 Eva,
3046 1658 3344 1728 querelam,

146 1770 261 1839 Qui
300 1786 395 1826 sua
419 1769 628 1824 derivat
653 1740 751 1823 soli
782 1768 882 1823 sibi
919 1740 1133 1821 ﬂumina
1176 1740 1377 1821 servat.
1909 1751 2041 1807 Cum
2077 1750 2168 1820 qui
2195 1751 2315 1820 plus
2343 1751 2544 1821 placuit
2578 1752 2744 1807 fratre
2778 1740 3001 1806 necatus
3029 1750 3184 1806 obit?

145 1838 284 1917 [hac
312 1859 669 1923 exhortando,
701 1874 806 1914 ηοῃ
837 1866 887 1913 ιε
921 1838 1047 1912 sum
1075 1856 1216 1911 dicta
1242 1853 1506 1916 docendo,
1699 1891 1725 1917 ο
1758 1856 1807 1913 Β
1836 1840 2081 1909 Amplius
2102 1840 2217 1909 ipse
2245 1840 2463 1909 quidem
2489 1839 2798 1895 defunctum
2824 1840 2982 1910 lugeo
3006 1839 3266 1894 fratrem:

144 1952 366 2022 Quippe
403 1951 696 2007 theoretice
725 1966 883 2019 quem
922 1949 1157 2020 Spiritus
1188 1945 1377 2001 imbuit
1406 1952 1546 1999 arte.
1845 2021 1853 2022 ί
1904 1930 2037 1986 Nam
2077 1932 2197 1986 Vice
2223 1932 2491 2022 Suscipitis
2513 1932 2822 2004 progeniem
2854 1931 3074 1986 sobolis.

141 2018 360 2096 A'rvum
383 2040 494 2110 jam
536 2018 751 2104 sitiens,
776 2040 843 2094 de
872 2047 924 2094 te
962 2018 1228 2094 desiderat
1261 2036 1483 2099 imbres,
1552 2074 1560 2081 .
1834 2021 1966 2078 Seth
1990 2022 2147 2076 vobis
2167 2023 2388 2077 veniens
2407 2021 2563 2077 ﬂetus
2583 2023 2884 2077 deterserat
2909 2036 3097 2076 omnes
3120 2018 3271 2093 (Gen.
3300 2019 3418 2092 iV);

144 2131 370 2201 Eloquii
409 2128 588 2200 pluvia
617 2130 919 2200 squalentia
947 2128 1193 2197 complue
1223 2140 1370 2179 rura.
1903 2111 1975 2165 Αι
2005 2111 2168 2165 semel
2192 2112 2422 2165 amissus
2453 2128 2557 2167 nou
2584 2111 2729 2166 venit
2762 2111 2849 2165 ille
2890 2125 3062 2165 meus.

145 2223 450 2292 Disciplina
484 2221 654 2293 patris
691 2221 822 2275 mihi
850 2222 942 2288 sis,
976 2220 1279 2290 compassio
1308 2216 1518 2271 matris.

1868 2214 1954 2293 pse
1993 2200 2160 2255 Jacob
2202 2199 2339 2254 luxit
2367 2197 2518 2271 (Gen.
2545 2202 2777 2271 xxxvii),
2804 2199 2945 2269 quod
2987 2198 3189 2271 Ioseph
3235 2200 3416 2256 obisse

758 2351 774 2367 ,
817 2351 833 2368 ,
875 2351 890 2367 ,
930 2287 950 2366 ⁷,
998 2349 1015 2366 ,
1056 2349 1071 2364 ,
1103 2287 1128 2366 ⁷,
1172 2347 1188 2366 ,
1232 2349 1245 2364 ,
1290 2347 1304 2363 _
1346 2347 1361 2362 ,
1402 2305 1515 2362 on,
1903 2287 2207 2355 Quamlibet
2236 2287 2444 2340 undena
2485 2289 2655 2359 stirpe
2674 2289 2820 2344 cluat
2849 2288 3079 2357 genitor.
3155 2288 3414 2362 [putavit,

144 2404 395 2460 Μηιιιίιεε
443 2405 547 2459 ﬁdo
566 2418 803 2474 ρηεεηε
846 2401 1152 2457 didascaius
1180 2408 1317 2464 es“),
1833 2380 1932 2434 Ast
1964 2380 2090 2433 mihi
2131 2380 2286 2448 queis
2312 2378 2564 2450 lacrymis
2586 2390 2669 2435 est
2690 2379 2863 2435 ﬂenda
2885 2381 3094 2450 ereptio
3120 2378 3337 2445 fratris,

146 2495 378 2549 Anuuat
398 2468 773 2564 Omnipotens,
804 2494 896 2564 qui
926 2492 1047 2549 coni
1083 2491 1312 2546 sustinet
1334 2503 1484 2554 axes,
1837 2561 1866 2564 μ
1902 2469 2180 2564 Ββηξθψίη
2208 2468 2385 2524 "unus
2410 2472 2495 2524 θυί
2520 2481 2769 2564 ξιψθτεεῑ
2794 2471 2975 2527 illi“?

144 2588 333 2656 Atque
362 2602 580 2657 gravem
610 2596 761 2641 vasta
793 2595 989 2640 terram
1035 2592 1303 2639 sustentat
1341 2582 1553 2653 abysso,

1875 2562 2036 2617 .aehel
2062 2560 2277 2633 (Jerem.
2316 2578 2482 2629 xxxx;
2524 2562 2714 2619 Matth.
2752 2563 2868 2635 xxi)
2918 2563 3075 2618 docta
3121 2560 3255 2618 doce
3298 2576 3423 2616 mea

148 2654 278 2747 Ipse
312 2654 402 2732 tua
428 2688 488 2733 ut
513 2693 713 2748 suppar
732 2679 930 2733 virtute
958 2676 1158 2731 diutius
1199 2685 1342 2737 utar,
1921 2742 1944 2748 _
2244 2744 2259 2748 Α
2795 2654 2906 2727 [me
2947 2656 3224 2710 contraria
3261 2654 3418 2717 ﬂere,

148 2767 357 2823 Vivere
379 2768 556 2845 sitque
587 2783 786 2832 meum,
819 2767 962 2836 quod
991 2775 1041 2819 te
1065 2765 1178 2819 scio
1209 2764 1390 2816 vivere
1412 2774 1625 2815 sanum.
1839 2742 2045 2845 ΝΟυέῐέ
2074 2744 2419 2799 εοηεθῐτηιιεε
2447 2759 2704 2815 spernere
2735 2746 2928 2800 masta
2958 2745 3120 2801 soles.

148 2856 349 2911 Funde
370 2833 557 2926 preces
585 2856 817 2911 Domino
834 2833 950 2925 pro
984 2870 1088 2917 me,
1124 2854 1195 2906 mi
1237 2852 1422 2914 frater,
1463 2849 1514 2902 id
1544 2862 1641 2901 oro
1839 2833 1990 2902 E158"
2017 2834 2132 2903 lege
2164 2841 2252 2887 ῑυ³
2283 2834 2543 2889 δοιειηιῖιιιι
2578 2851 2792 2890 sumere
2822 2835 2967 2890 nulla
2999 2853 3012 2889 ε

152 2949 228 3003 Et
266 2924 407 3018 plepi
437 2956 564 3002 ιοιεε
596 2947 668 3001 si;
705 2962 838 3017 prex
858 2924 960 2999 illa
990 2944 1143 2998 ςυιιίο
1172 2943 1314 2996 vim,
1909 2924 2027 2978 Hoc
2057 2925 2259 2978 ululatu
2296 2941 2509 2980 onmem
2537 2928 2854 2982 continuare
2894 2928 3059 2983 diem.

332 3040 479 3094 [τυοι-
504 3039 607 3094 hac
639 3016 771 3106 νων
797 3037 944 3093 vim“
978 3053 1169 3092 vescor
1207 3044 1261 3091 ει
1296 3049 1450 3097 ειη-ο,
1712 3072 1720 3079 _
1839 3017 1950 3070 Rex
1977 3016 2142 3077 David
2163 3017 2391 3085 planxit,
2415 3018 2636 3088 pulcher
2658 3020 2785 3088 quia
2808 3030 2965 3075 natus
2983 3021 3150 3076 obivit
3180 3022 3269 3095 (II
3294 3021 3420 3092 Reg.

148 3130 297 3186 Dum
332 3145 523 3185 sensus
551 3130 787 3199 sapiunt,
831 3130 956 3184 dum
985 3128 1241 3197 linguam.
1265 3164 1282 3180 .
1311 3164 1327 3177 .
1352 3124 1664 3184 manebunt,

1872 3198 1879 3199 ί
1910 3106 2087 3177 Seque
2117 3108 2469 3162 insectantem
2496 3108 2587 3163 ﬂet
2606 3111 2818 3179 genitor
2837 3112 3098 3170 sobolem.
3247 3112 3420 3185 (xu);

151 3218 241 3273 Te
269 3218 496 3272 meditor
519 3194 750 3286 semper,
778 3227 829 3270 lc
856 3194 1227 3269 pumilio—voce
1263 3212 1589 3281 frequenter,
1765 3194 1807 3250 C
1964 3200 2064 3254 11ἰεί
2098 3202 2239 3270 ᾳυοι]
2270 3201 2424 3255 Ιίὺιιίι
2449 3218 2721 3271 nunquam
2762 3203 2893 3257 mihi
2925 3203 3165 3259 funditus
3193 3205 3324 3276 egit,

150 3308 389 3379 Jugibus
413 3316 468 3362 ει
493 3308 653 3374 votis,
685 3307 931 3362 [iamiam
962 3305 1157 3375 palam
1183 3304 1318 3358 lucis
1911 3290 1995 3356 Et,
2027 3290 2277 3361 quamvis
2304 3292 2438 3356 bini,
2467 3293 2762 3347 mansimus
2788 3309 2926 3349 unus
2953 3294 3137 3349 homo.

152 3402 263 3465 Te,
300 3400 391 3455 tibi
427 3388 745 3469 mejuuclo,
781 3399 961 3455 Jesum
990 3410 1185 3467 precor
1218 3412 1359 3451 esse.
1386 3394 1597 3451 Valeto.

1844 3379 1973 3447 Qua:
2006 3380 2170 3445 volui,
2203 3380 2399 3447 voluit;
2442 3397 2715 3451 qutegnon,
2748 3383 2862 3438 haec
2892 3384 3006 3453 ipse
3033 3384 3241 3454 rejecit.

150 3489 265 3545 Hic
293 3492 344 3544 in
375 3468 672 3561 calcei-080
703 3490 956 3546 claudens
980 3489 1104 3543 ιιοο,
1132 3526 1146 3541 ,
1181 3527 1197 3541 ,
1239 3486 1435 3556 sigillo,
1915 3468 2033 3536 Quo
2057 3470 2187 3523 mihi
2219 3470 2342 3524 huic
2371 3471 2562 3525 similis
2588 3473 2937 3528 inveniendus
2970 3474 3117 3529 erit?

151 3580 238 3637 Ui
265 3579 437 3635 vinclo
468 3558 631 3646 ﬁdei;
653 3597 758 3650 quo
780 3595 877 3634 vos
900 3596 985 3634 me
1014 3580 1284 3649 stringere
1313 3577 1459 3639 novi,
1844 3558 1901 3615 Si
1932 3572 2099 3650 pater
2129 3561 2269 3615 hunc
2298 3559 2471 3625 ﬂcsti,‘
2494 3562 2585 3630 qui
2615 3572 2885 3632 sceptrum
2918 3563 3104 3620 tollere
3134 3564 3317 3647 regni,

151 3671 416 3727 Nostrum
450 3671 770 3736 Halhonem,
813 3680 1159 3741 vestrumque
1189 3669 1364 3740 ligetis
1385 3666 1602 3733 eodem,

1915 3648 2050 3705 Cum
2084 3651 2190 3704 vita
2224 3652 2434 3705 tibimet
2462 3667 2603 3721 saepe
2627 3651 2780 3707 ferox
2806 3654 3006 3723 cupiit;
3228 3639 3234 3647 ’

151 3762 232 3817 Ει
258 3762 470 3831 qualem
502 3762 652 3816 vobis
680 3776 764 3817 me
790 3762 951 3817 corde
977 3737 1155 3816 valere
1188 3737 1387 3825 velitis,

1841 3737 2007 3831 Istum
2029 3754 2135 3808 quo
2159 3738 2434 3809 planctum
2458 3739 2619 3810 digne
2650 3756 2758 3811 quo
2788 3753 3069 3813 perstrepo
3098 3742 3324 3811 luctum,

151 3829 310 3907 Talis
333 3852 382 3906 εί
405 3852 524 3906 suis
547 3860 603 3907 ει
623 3851 765 3922 plus,
789 3851 915 3922 quia
955 3851 1108 3922 plura
1138 3850 1363 3911 valetis;
1846 3921 1849 3922 γ
1914 3829 2015 3897 Qui
2045 3830 2204 3901 plane
2231 3847 2392 3886 omne
2423 3847 2579 3887 suum
2618 3832 2808 3886 maluit
2832 3848 2953 3888 esse
2983 3849 3161 3889 meum
3187 3834 3211 3888 ?

148 3941 309 4008 Quos
334 3941 486 3997 vobis
510 3921 662 4007 (idos,
699 3949 753 3996 et
780 3957 914 4010 quos
940 3941 1180 3996 habeatis
1219 3940 1440 3995 amicos.

1842 3921 1948 3978 Pro
1977 3939 2062 3978 me
2100 3933 2290 3992 sponte
2321 3939 2471 3977 suam
2503 3924 2596 3994 qui
2623 3923 2785 3979 vellet
2826 3939 3029 3995 ponere
3062 3926 3250 3990 vitam,

150 4033 245 4089 Ad
274 4035 516 4086 nostram
560 4048 657 4089 oro
692 4009 852 4086 fidem
875 4047 974 4101 per
1007 4047 1103 4086 vos
1132 4032 1401 4085 ducantur
1432 4029 1615 4084 iidem.

1600 4067 1615 4082 _
1919 4009 1989 4064 Se
2036 4012 2193 4065 morti
2230 4014 2471 4076 tradens,
2505 4028 2591 4066 me
2616 4028 2899 4082 superesse
2939 4013 3142 4067 volens.

153 4120 274 4177 Nos
304 4122 455 4177 vobis
481 4122 731 4190 equidem
771 4100 887 4176 τίιιιί
922 4120 1184 4175 faciemus
1229 4122 1418 4176 eodem
1845 4101 1914 4156 Ut
1942 4101 2133 4170 legitur
2156 4101 2370 4169 (Ezech.
2419 4104 2461 4173 ι)
2484 4100 2706 4156 Litteris
2734 4102 3052 4157 animalibus
3081 4115 3202 4157 esse
3227 4100 3425 4167 beatis,

153 4211 330 4268 Nobis
366 4214 678 4287 concordes,
721 4213 788 4268 ad
823 4229 919 4269 vos
952 4211 1323 4268 convertimur
1355 4224 1571 4277 omnes,

1495 4224 1571 4277 es,
1918 4191 1976 4246 Si
2013 4200 2221 4246 starent
2246 4191 2385 4246 oculi
2411 4202 2555 4258 aute,
2591 4202 2842 4261 retroque
2878 4193 3043 4250 mihi:

155 4284 457 4360 Servantes
482 4304 655 4375 legem
684 4303 809 4359 ﬁdei
844 4302 1196 4359 nihilominus
1237 4301 1361 4370 ipsi.
1472 4321 1476 4325 -
1845 4280 1948 4335 Tot
1977 4295 2080 4335 non
2111 4281 2438 4347 sufﬁcerent,
2465 4290 2725 4351 quantum
2755 4280 2888 4335 mihi
2912 4279 3040 4335 ﬂere
3063 4279 3278 4347 liberet,

156 4390 326 4477 (1151)
362 4373 654 4456 Carmina
699 4390 1052 4477 Salomonis
1083 4389 1363 4470 episcopi
1407 4386 1490 4449 ad
1523 4384 1742 4449 Dado-
1847 4374 2223 4477 “.Qunlljlibe‘
2264 4374 2410 4477 infra
2436 4391 2523 4477 ηις
2551 4373 2749 4477 “timet?
2787 4382 3011 4477 eff-{Sel
3042 4389 3219 4443 κίιυωο

689 4490 824 4531 nem
858 4464 1240 4550 episcopum.
1285 4464 1309 4468 “
1770 4534 1820 4550 __
1847 4467 2132 4523 Hieremiae
2170 4466 2342 4521 sancti
2373 4481 2459 4521 me
2484 4466 2784 4536 deploratio
2822 4464 2943 4520 libri

151 4575 373 4632 Eximie
415 4574 665 4640 antistes,
702 4572 799 4627 has
827 4534 1031 4640 accipe,
1063 4534 1230 4636 Dado,
1273 4568 1494 4635 salutes,
1770 4534 1824 4596 ι)
1915 4560 2089 4615 Corde
2129 4569 2282 4615 tenus
2309 4559 2495 4630 tangit,
2531 4534 2694 4629 utque
2734 4559 2995 4629 proliheta
3038 4556 3225 4629 gemit.

231 4665 581 4736 Conscriptas
618 4664 815 4720 tristia
857 4663 1146 4718 Salomone
1184 4662 1301 4716 tibi.
1846 4658 1986 4713 Ecce
2006 4655 2303 4727 querelosis
2326 4656 2397 4711 sit
2424 4655 2507 4710 fas
2536 4654 2668 4709 mihi
2705 4653 2887 4709 dicere
2916 4650 3114 4717 verbis,

156 4757 318 4813 Sicut
348 4755 590 4811 latorum
618 4754 799 4810 fueras
831 4770 958 4824 pars
995 4763 1119 4809 ante
1155 4769 1397 4809 meorum
1416 4794 1432 4819 ,
1916 4747 2062 4803 Dixit
2088 4756 2147 4801 ut
2170 4745 2435 4812 aretatus,
2458 4745 2694 4811 Christe,
2719 4744 2958 4823 sophista
2996 4752 3138 4798 tuus.

235 4850 331 4905 Sic
376 4864 517 4903 nunc
557 4847 788 4902 tristitiae
815 4862 961 4916 pars,
989 4844 1170 4911 Pater,
1204 4857 1318 4902 esto
1346 4860 1501 4900 mete.
1847 4842 1926 4896 De
1954 4856 2041 4896 me
2078 4838 2397 4910 magnificos
2421 4838 2487 4912 (Τ
2487 4840 2638 4892 Itren.
2684 4854 2726 4903 ι,
2774 4835 2864 4909 15)
2908 4833 3108 4890 tuleras
3149 4831 3428 4886 sanctissi-

156 4940 427 4999 Gaudenti
479 4940 815 5010 congaudere
839 4980 854 5005 ,
896 4949 950 4993 et
986 4954 1109 4993 cum
1157 4936 1319 4993 ﬂente
1356 4937 1539 4993 dolere
1569 4937 1743 5007 (Rom.
1918 4929 1987 4984 Et
2019 4930 2147 4984 teris
2176 4930 2379 4984 electos
2415 4944 2537 4983 cum
2565 4927 2768 4982 ditione
2804 4939 2973 4980 meos.
3049 4921 3159 4993 [me
3181 4929 3423 4979 cunctos.

233 5031 470 5099 Scriptio
499 5045 661 5100 quam
690 5030 872 5093 dictat,
906 5028 1193 5098 Tarsigena
1225 5028 1517 5097 imperitat.
1596 5026 1739 5100 μη),
1844 5022 1963 5092 ipse
1995 5022 2114 5076 ideo
2142 5020 2363 5091 plorans
2398 5018 2757 5091 lacrymarum
2783 5016 2989 5072 duxero
3018 5012 3285 5085 lymphas,

156 5123 428 5192 Tempore
461 5131 737 5176 transacto
767 5121 1021 5175 danmum
1048 5120 1299 5190 generale
1322 5119 1599 5190 querendo
1918 5114 2134 5170 Solator
2168 5113 2327 5183 longe
2364 5111 2511 5182 quod
2545 5110 2675 5165 mihi
2701 5104 2874 5164 factus
2901 5108 3072 5161 abest.

233 5214 489 5282 Quaedam
515 5215 831 5283 conscripsi,
874 5213 1070 5285 praesul
1105 5214 1355 5278 amanda,
1388 5212 1507 5268 tibi.
1849 5202 1980 5259 Sum
2012 5204 2096 5256 vir
2121 5218 2221 5273 ego
2243 5211 2414 5267 certe,
2444 5200 2536 5272 qui
2555 5198 2669 5268 jam
2701 5195 3038 5266 contemplor
3079 5193 3320 5258 aoundc,

158 5305 393 5375 Obliqua
425 5306 567 5360 dolui
597 5307 852 5361 mundum
886 5304 1149 5377 vertigine
1171 5305 1328 5371 ferri,
1524 5358 1533 5363 ,
1919 5294 2161 5350 Cernens
2188 5308 2484 5348 aerumnam
2517 5289 2942 5361 pauperiemque
2981 5298 3175 5338 meam.

233 5393 436 5450 Mistim
465 5394 674 5451 diversa
697 5375 1222 5466 explicuiquevmaia.
1848 5387 1950 5444 llic
1970 5387 2117 5454 volo,
2152 5401 2311 5457 quem
2334 5384 2540 5450 scribit,
2568 5395 2835 5453 quemque
2865 5379 2978 5448 ipse
3006 5375 3429 5466 Theologusad-

157 5487 405 5544 Poscens
432 5487 716 5543 consilium
753 5464 819 5542 de
850 5497 922 5554 te,
947 5464 1028 5541 imi
1056 5487 1241 5554 cbare,
1279 5486 1568 5555 malorum,
1916 5479 1997 5534 Ad
2026 5494 2111 5533 me
2134 5478 2410 5533 solaudum
2435 5489 2635 5545 ponere
2665 5469 3014 5527 versiculum.
3302 5464 3422 5537 [diu

236 5580 457 5652 Singula
482 5581 736 5647 disserui,
764 5597 883 5652 qua:
904 5580 1119 5636 fuerant
1141 5581 1316 5635 oneri.
1848 5574 1893 5630 Ο
1931 5583 2020 5627 tua
2046 5581 2230 5628 sancta
2260 5570 2412 5636 satis,
2450 5566 2697 5630 Domine,
2723 5572 2809 5619 est
2846 5559 3121 5616 miseratio
3150 5557 3388 5629 grandis,

161 5648 662 5751 Casusimullorum
695 5648 796 5729 sed
820 5688 905 5730 me
942 5691 1086 5731 nunc
1108 5676 1322 5731 obsidet
1350 5692 1541 5745 unum,
1919 5664 2072 5733 Quod
2099 5678 2204 5719 non
2235 5657 2539 5729 consumpti
2565 5655 2702 5712 falce
2731 5654 2913 5727 (Apoc.
2936 5655 3050 5725 le)
3078 5657 3312 5751 meteute
3340 5662 3431 5701 su-
3492 5648 3499 5655 '

239 5787 387 5862 (451)
431 5786 485 5842 In
524 5802 626 5849 ms.
655 5786 842 5844 codice
884 5785 1035 5842 deest
1067 5785 1275 5842 titulus.
1521 5741 1529 5745 γ
1835 5796 1843 5803 η
3262 5741 3428 5831 [mus.
