3848 5512
466 306 629 380 an

496 408 753 480 Rhetorls
775 424 959 480 eximii
990 427 1083 482 sed
1112 427 1268 483 fabor
1295 445 1427 487 voce
1464 432 1649 488 Severi
1680 452 1692 487 :

567 514 883 591 Imperitare
918 515 1050 570 mihi
1084 517 1214 587 quin
1240 518 1450 575 doleam
1485 537 1714 593 nequeo.

496 602 625 659 llaec
651 606 838 659 eadem
874 605 1054 674 posuit
1075 606 1367 676 praedictus
1396 609 1596 665 famina
1630 613 1884 684 scriptor,

566 693 781 747 Martini
809 707 1023 748 sacrum
1053 709 1485 754 commemorans
1518 699 1742 755 obitum.

494 782 753 851 Discipuli
788 776 1014 839 Paulum
1065 796 1360 843 narrantur
1410 788 1665 862 plangere
1706 792 1885 847 vivum
1933 794 2071 864 (Act.

563 873 645 928 Ex
670 873 755 927 his
784 873 1087 945 disjunctus
1122 890 1243 932 cum
1278 879 1437 949 petiit
1458 880 1699 954 pelagus.
1933 884 2068 958 [xx),

494 960 775 1032 Plangitur
798 975 939 1018 anne
970 964 1143 1036 magis
1169 965 1473 1036 disjunctus
1503 971 1711 1027 vortice
1739 973 1951 1041 mortis,

568 1052 669 1120 Qui
699 1055 920 1127 pelagus
953 1057 1129 1125 petiit,
1169 1073 1296 1127 quo.
1322 1099 1337 1113 .
1366 1099 1381 1114 .
1412 1076 1519 1117 non
1545 1063 1749 1118 rediit?

497 1145 599 1211 Qui
629 1160 885 1204 revocare
912 1148 1058 1204 valet
1078 1158 1149 1215 te,
1177 1165 1276 1220 pro
1307 1159 1379 1219 te,
1416 1152 1645 1220 Lazare,
1684 1155 1844 1211 deﬂet
1890 1157 2069 1229 (Joan.

566 1236 781 1309 Ergone
797 1239 919 1309 jure
940 1240 1133 1310 gemit;
1164 1243 1256 1311 qui
1284 1256 1540 1299 revocare
1563 1247 1794 1315 nequit?
1838 1306 1842 1311 ,
1947 1246 2071 1320 lxi).

498 1326 679 1383 Turba
706 1329 990 1385 beatorum
1017 1329 1225 1386 Messize
1251 1332 1662 1404 discipulorum,

559 1419 692 1475 Cum
725 1436 782 1476 se
806 1422 1057 1491 praedixit
1085 1424 1305 1490 vadere,
1336 1434 1529 1481 moesta
1565 1425 1682 1481 fuit.

494 1510 622 1566 Haec
635 1511 828 1583 inquit,
845 1512 1026 1570 dicens
1042 1530 1053 1567 :
1071 1515 1183 1571 scio
1194 1531 1288 1571 vos
1304 1516 1537 1573 existere
1552 1519 1733 1575 tristes
1749 1518 2069 1589 (Joan.xv1l:

530 1601 673 1685 ’Sed
702 1604 854 1661 vobis
881 1605 1105 1660 multum
1134 1596 1381 1678 proderit
1405 1608 1485 1665 ire
1514 1624 1715 1664 meum.

497 1694 554 1750 Si
586 1695 665 1750 sic
693 1695 938 1766 discipuli
966 1695 1090 1752 Jesu
1123 1706 1248 1753 sunt
1276 1698 1628 1764 moestiﬁcati,

559 1785 693 1840 Cum
720 1786 820 1841 sibi
851 1786 1125 1857 profuerat
1153 1789 1242 1845 hic
1267 1794 1410 1860 quod
1439 1792 1506 1846 ad
1535 1790 1639 1846 alta
1670 1799 1816 1846 meat
1847 1807 1860 1844 :

500 1877 596 1931 Cui
623 1877 848 1932 multum
882 1879 1060 1948 periit,
1090 1882 1231 1951 quod
1268 1881 1438 1937 frater
1463 1883 1661 1939 charus
1686 1883 1874 1949 abivit,

564 1967 816 2024 Creditur
838 1970 937 2026 bas
961 1971 1217 2043 lacrymis
1240 1988 1399 2044 posse
1424 1991 1612 2031 carere
1636 1976 1836 2047 genas?

494 2055 614 2112 Jam
645 2060 839 2126 solare,
870 2061 1054 2128 Pater,
1083 2079 1189 2125 me.
1223 2073 1277 2120 te
1311 2080 1504 2136 precor
1533 2067 1766 2138 indigus,
1805 2080 1963 2137 aeger,

566 2148 792 2205 Lassum
822 2150 957 2220 (Isa.
982 2152 1034 2223 ι)
1066 2161 1126 2207 ut
1153 2164 1450 2222 sustentes,
1481 2171 1583 2211 vox
1609 2156 1759 2224 jubet
1786 2156 1927 2211 alma
1956 2155 2070 2211 tibi.

494 2236 553 2294 In
570 2247 770 2295 sortem
797 2242 991 2296 cecidit
1013 2243 1220 2300 tibimet
1240 2245 1390 2318 plaga
1415 2246 1648 2303 climatis
1672 2247 1840 2303 austri
1872 2246 1925 2313 (Ι
1946 2246 2071 2318 Reg.

564 2330 760 2397 Debes,
786 2332 879 2401 qui
907 2331 1092 2403 fugiet,
1122 2350 1261 2405 pane
1288 2336 1471 2392 cibare
1499 2347 1606 2392 tuo.
1824 2334 2002 2407 ιω),

493 2418 575 2474 Ad
603 2429 654 2475 te
683 2420 955 2491 confugio,
986 2432 1196 2493 pastum
1227 2427 1431 2496 partire
1461 2425 1667 2482 misello

563 2507 723 2565 Panis
757 2519 992 2582 egestate
1023 2528 1090 2567 ne
1118 2515 1383 2571 moriatur
1414 2516 1589 2587 inops.

493 2598 668 2657 Causa
693 2603 825 2657 mihi
854 2611 1043 2669 restat,
1073 2619 1256 2674 quae...
1290 2620 1385 2662 cor
1411 2607 1623 2664 turbine
1651 2615 1827 2674 sanat,

490 2732 505 2757 ,.
555 2695 766 2752 Funere
797 2698 1053 2764 fraterno,
1080 2714 1185 2768 qua
1217 2699 1496 2755 relevahor
1525 2716 1643 2770 ego.

495 2783 628 2839 lllud
661 2801 781 2841 cum
817 2787 1129 2843 recolens...
1161 2788 1516 2859 animaequior
1543 2801 1724 2856 exsto,

568 2874 741 2942 Quod,
771 2891 892 2931 cum
922 2878 1200 2948 migrarat,
1229 2879 1512 2949 pontiﬁces
1542 2879 1804 2945 aderant;

497 2964 635 3019 Cum
663 2966 856 3036 quibus
887 2980 1002 3035 Ipse
1025 2981 1182 3021 suum
1228 2977 1572 3039 pertractans
1600 2983 1744 3038 saepe
1779 2982 2075 3035 recessum,

566 3055 675 3112 Res
711 3057 999 3112 discessuri
1035 3058 1247 3114 ordinat
1275 3060 1391 3130 ipse
1419 3060 1542 3115 sibi.
1892 3065 1907 3077 '

497 3147 557 3202 In
584 3147 837 3202 mundum
869 3157 928 3202 ut
954 3149 1122 3216 venit,
1151 3150 1230 3207 sic
1257 3151 1434 3206 nudus
1460 3166 1594 3222 pene
1620 3149 1861 3216 recessit,

572 3236 673 3304 Qui
698 3252 810 3307 prae
836 3253 895 3293 se
921 3239 1069 3293 misit
1094 3254 1254 3295 omne
1279 3240 1423 3311 quod
1452 3240 1539 3295 hic
1568 3240 1773 3296 habuit.

502 3325 745 3397 Cumque
771 3328 1025 3384 diuturno
1052 3338 1411 3399 coquerentur
1434 3330 1676 3386 membra
1706 3330 1940 3397 camino,

490 3470 498 3477 .
575 3416 773 3473 Ultima
799 3420 889 3475 vix
917 3420 1094 3476 tenuis
1118 3421 1349 3477 haeserat
1372 3436 1494 3478 osse
1524 3422 1686 3478 cutis.

506 3509 658 3565 Tunc
678 3510 840 3582 igitur
864 3521 1103 3568 veterem
1131 3514 1403 3584 deponens
1432 3522 1639 3587 martyr
1665 3515 1977 3580 homonem,

570 3602 722 3659 Caelo
749 3604 1075 3671 reddiderat,
1102 3606 1244 3676 quod
1276 3607 1420 3662 Deus
1442 3605 1566 3662 inde
1592 3606 1775 3662 dabat.

502 3691 653 3749 lianc
680 3694 790 3749 dixi
820 3709 1038 3750 causam
1065 3696 1242 3751 πλαξεῑί
1272 3696 1443 3752 lenire
1467 3695 1765 3767 querelam,

573 3781 744 3849 Quam
771 3798 859 3839 me
882 3783 1153 3839 fraternus
1178 3785 1322 3856 cogit
1347 3785 1550 3840 habere
1573 3784 1773 3839 obitus.

501 3871 728 3941 Insuper
753 3873 856 3929 hoc
885 3882 1051 3938 certe,
1081 3874 1227 3942 quod
1251 3873 1442 3928 Patres
1468 3874 1821 3939 constituere,

570 3960 716 4028 Quos
746 3963 1003 4018 Dominus
1024 3963 1221 4034 junxit,
1250 3964 1463 4033 quando
1487 3964 1674 4019 beatus
1701 3964 1802 4031 iis;

440 4106 453 4113 ,
503 4050 745 4120 Denique
774 4052 1025 4107 commoti
1063 4059 1298 4107 tractare
1326 4053 1565 4121 pericula
1596 4052 1803 4118 mundi,

568 4138 710 4194 Casu
737 4155 896 4211 quem
928 4148 1176 4207 cernunt,
1201 4143 1414 4196 cautius
1442 4142 1727 4211 incipiunt.

504 4229 657 4287 Tunc
682 4246 911 4289 sanxere
943 4233 1084 4289 diem
1124 4232 1279 4289 ﬁeret
1307 4250 1429 4304 quae
1460 4236 1677 4306 septima
1716 4233 1938 4301 fratris,

566 4322 766 4379 Omnes
794 4323 1056 4393 perﬁcere
1082 4339 1203 4380 cum
1229 4340 1391 4396 prece
1420 4326 1465 4381 si
1497 4340 1666 4397 agape
1701 4326 1871 4400 (452).

508 4410 600 4466 Sic
625 4426 746 4467 cum
770 4412 980 4468 veniret
1009 4429 1128 4482 quae
1153 4413 1244 4469 lux
1279 4417 1477 4470 tricena
1503 4425 1767 4483 maneret,

576 4501 703 4557 Ritu
726 4503 994 4571 consimili
1020 4505 1159 4561 hanc
1190 4515 1429 4563 statuere
1457 4507 1582 4563 coli.

505 4593 733 4649 Annuus
759 4600 926 4664 utque
952 4590 1092 4650 diem
1123 4597 1300 4653 circus
1338 4599 1611 4653 revocabit
1638 4600 1906 4665 eumdem,

579 4684 788 4740 Rursus
812 4695 978 4757 agunt
1001 4688 1252 4757 precibus
1280 4689 1385 4744 hoc
1410 4690 1625 4759 pietatis
1649 4705 1805 4760 opus,

507 4772 709 4829 Praesul
737 4789 860 4831 cum
886 4776 1108 4847 reliquis
1142 4786 1197 4833 et
1230 4766 1672 4835 tur-reminiscere
1699 4779 1907 4843 fratris,

577 4865 677 4923 Cui
702 4866 892 4924 vivens
917 4868 1055 4935 ﬁdit,
1084 4867 1215 4925 ﬁsus
1241 4877 1298 4925 et
1330 4870 1418 4926 ille
1453 4870 1572 4926 fuit.

510 4959 735 5017 Pectore
766 4958 981 5015 sincero
1010 4973 1106 5014 nos
1132 4966 1300 5015 temet
1328 4961 1629 5016 amavimus
1658 4961 1837 5027 ambo,

576 5050 746 5107 Unice
776 5051 984 5107 confusi
1011 5051 1425 5123 exstitimusque
1454 5052 1571 5108 tibi.

508 5141 683 5195 Ambo
709 5139 949 5210 germani
980 5149 1032 5195 te
1057 5141 1332 5211 poscimus
1359 5142 1626 5197 auxiliari.

581 5227 696 5285 Hoc
726 5230 858 5285 mihi
887 5231 1183 5297 succurris,
1224 5230 1269 5286 si
1297 5247 1504 5287 memor
1529 5232 1645 5302 ejus
1676 5234 1806 5291 eris.

521 5331 678 5407 (ῐι53)
691 5330 1041 5423 Ξρίοῃοηίε
1059 5331 1335 5423 episcopi
1353 5333 1806 5423 Tetras‘tt'chon,
1821 5351 1940 5423 quo
1958 5351 2087 5394 car-

567 5426 697 5454 πιου
719 5407 1325 5468 Ψαιάναπηηῖηῑίιὶἰι
1339 5411 1421 5462 nd
1443 5410 1736 5468 qummm
1754 5407 2021 5470 misceri-

914 307 1305 370 SALOMONIS
1328 312 1919 378 CONSTANTIENSIS
1958 321 2264 385 EPISCOPI
2308 330 2573 392 VERSUS
2607 337 2699 394 AD
2736 338 3064 400 DADONEM
3104 342 3312 406 EPISC.

3604 363 3677 418 ΞΗ

2102 446 2150 506 Α
2190 536 2207 540 ᾼ
2250 446 2477 540 Quidam
2526 452 2675 522 (454)
2713 457 2992 527 suspirans
3024 477 3128 531 qua
3167 478 3285 518 mea
3326 465 3506 523 damna
3535 484 3676 540 gennt,

2176 536 2297 604 Qui,
2322 555 2443 596 cum
2475 558 2759 603 maerorem
2787 549 2954 607 ferret
2977 555 3106 609 mihi
3136 556 3290 627 plaga
3315 536 3579 626 recentem,

2242 632 2480 689 Primum
2511 639 2808 708 condoluit,
2839 658 3073 715 cumque
3098 658 3345 717 gemente
3372 652 3564 721 strepit.

2174 718 2305 777 Post
2332 723 2447 778 haec
2486 724 2734 784 humana:
2761 744 3065 801 proponens
3093 734 3272 790 debita
3301 736 3437 799 vitae,

2248 813 2330 869 Me
2369 814 2594 874 suﬂ‘crre
2632 831 2816 877 monet
2842 838 2961 895 qua:
2989 825 3265 882 toleranda
3295 839 3521 885 manent.

2177 903 2256 958 Tu
2280 921 2491 976 quoque
2514 908 2592 963 sic
2613 907 2797 975 facito,
2822 913 2954 968 mihi
2975 928 3076 984 par
3095 931 3194 984 per
3209 924 3489 987 utrumque
3507 931 3676 980 maneto.

2243 996 2371 1054 Post
2400 998 2581 1059 ﬂetum
2612 1004 2828 1059 tandem
2857 1021 2962 1072 me,
2995 1021 3148 1078 rogo,
3178 1007 3267 1065 fac
3293 1008 3527 1065 hilarem.

2179 1148 2339 1230 (£55)
2382 1152 2602 1213 Versus
2653 1153 3058 1245 Walcqummi
3083 1159 3168 1219 ad
3194 1120 3557 1245 Salomone»:
3588 1169 3675 1245 epi-

2255 1247 2531 1312 scopum,
2591 1250 2746 1312 quos
2790 1233 3085 1298 Salomon
3129 1237 3214 1299 ad
3255 1237 3551 1300 Dadoncm
3582 1233 3675 1304 uiit-

2257 1308 2359 1367 tit.

2176 1426 2428 1484 Planctus
2453 1428 2702 1488 Rachelis
2732 1432 2951 1503 (Jerem.
2984 1433 3135 1507 xxxi)
3164 1434 3319 1507 plebs
3345 1450 3537 1491 mecum
3558 1436 3677 1510 lugeat

3463 1524 3629 1598 [omnis

2248 1607 2315 1663 Et
2337 1608 2482 1665 velut
2504 1610 2574 1665 ob
2594 1610 2816 1683 Josepb,
2841 1613 3004 1670 Israel
3029 1615 3145 1687 ipse
3173 1615 3323 1671 dolet
3351 1613 3493 1687 (Gen.
3513 1626 3672 1686 xxxm}.

2136 1698 2234 1753 ‘ln
2283 1713 2475 1769 campo
2512 1699 2770 1773 Magedon
2822 1703 3008 1770 (Zach.
3053 1707 3153 1774 ιιι)
3201 1705 3388 1761 fuerat
3439 1722 3524 1761 ceu
3560 1706 3674 1762 luctus

2102 1803 2151 1864 B
3313 1791 3629 1866 [Adremmom

2222 1878 2420 1935 ‘Josias
2452 1879 2650 1950 migrat
2681 1878 2769 1949 (II
2805 1880 3044 1953 Paralip.
3076 1879 3243 1955 xxxv)
3275 1899 3291 1936 :
3328 1882 3409 1937 sic
3438 1882 3571 1938 modo
3594 1881 3673 1937 flere

2176 1967 2433 2024 Convenit
2453 1984 2578 2025 ecce
2600 1970 2733 2024 mihi
2750 1970 3029 2041 cujusdam
3045 1985 3177 2027 voce
3196 1970 3423 2042 profari,
3501 1970 3641 2043 [juvat

2242 2057 2340 2115 Cui
2370 2059 2543 2125 dolor,
2568 2060 2830 2126 anxietas,
2859 2076 3061 2117 maeror
3084 2069 3139 2116 et
3166 2061 3315 2116 intus
3341 2069 3458 2115 erat
3482 2057 3649 2130 (Ovid).

2173 2149 2423 2206 Carmina
2452 2151 2542 2220 qui
2573 2152 2846 2222 quondam
2871 2152 3049 2208 studio
3076 2151 3305 2208 ﬂorente
3329 2151 3522 2222 peregi,

2244 2238 2483 2305 Flebilis,
2510 2239 2649 2295 heu!
2690 2251 2914 2297 maestos
2940 2256 3102 2312 cogor
3127 2242 3264 2297 inire
3292 2242 3496 2297 modos.

2174 2331 2314 2387 Ecce
2343 2332 2473 2387 mihi
2503 2332 2696 2389 lacerae
2723 2333 2931 2389 dictant
2963 2334 3248 2391 scribenda
3285 2332 3574 2395 Camoenae;

2246 2421 2315 2476 Et
2344 2421 2487 2477 veris
2514 2423 2651 2494 elegi
2681 2421 2895 2479 ﬂetibus
2922 2438 3017 2478 ora
3047 2424 3247 2493 rigant.

2177 2511 2330 2579 Quis,
2357 2526 2507 2582 rogo,
2536 2528 2640 2568 non
2669 2513 2848 2585 luget?
2874 2515 2995 2585 quis
3028 2529 3086 2569 se
3112 2514 3374 2583 plangore
3398 2512 3610 2569 coercet?

2247 2603 2380 2659 Cum
2408 2604 2499 2673 qui
2528 2604 2768 2660 lmtitiam
2792 2605 3154 2676 ampliﬁcabat
3178 2605 3358 2660 abest.

2179 2692 2280 2760 Qui
2312 2692 2503 2749 faciem
2535 2693 2797 2764 placidam
2833 2694 3108 2751 reminisci
3136 2694 3382 2765 quiverit
3415 2693 3559 2757 illam,

2251 2782 2367 2838 Non
2399 2783 2668 2855 lacrymas
2696 2783 2945 2850 fundens,
2973 2799 3192 2855 nonque
3215 2783 3408 2840 dolore
3433 2780 3636 2839 madens!

2179 2873 2416 2944 Nobilis,
2435 2873 2714 2945 ingenuus,
2742 2875 2962 2946 primas,
2999 2876 3309 2941 mediocris,
3341 2889 3546 2945 egenus,

2235 2962 2409 3020 Luctu
2439 2967 2730 3026 communi,
2769 2966 2911 3022 hunc
2938 2965 3030 3021 ﬂet
3058 2966 3128 3021 ab
3151 2966 3283 3021 orbe
3306 2965 3444 3036 rapi.

2178 3052 2320 3109 Vera
2352 3062 2572 3110 manent
2600 3063 2748 3111 certe
2776 3071 2895 3127 qua:
2928 3057 3118 3113 scribit
3143 3070 3320 3111 canna
3355 3064 3535 3126 poetae,

2106 3150 2152 3213 (ζ
2251 3145 2351 3213 Qui
2383 3161 2505 3201 cum
2539 3147 2815 3217 perspexit
2844 3148 2991 3203 acria
3029 3150 3242 3215 mortis,
3271 3148 3397 3203 ait:

2180 3237 2386 3307 Aspera
2414 3237 2671 3303 conditio,
2701 3246 2756 3293 et
2787 3253 2907 3294 sors
2940 3238 3312 3294 irrevocabilis
3346 3238 3506 3302 horae,

2251 3325 2423 3392 Quam
2456 3327 2637 3396 generi
2667 3326 2901 3383 humano
2926 3328 3098 3383 tristis
3122 3328 3276 3400 origo
3302 3327 3444 3382 tulit.

2179 3413 2344 3483 Cujus
2373 3414 2516 3484 quod
2555 3416 2799 3486 sequitur
2827 3417 2973 3473 lauta
3004 3420 3215 3474 ratione
3243 3419 3488 3489 politum,

2258 3507 2325 3565 Ut
2352 3508 2578 3579 relegas,
2608 3509 2852 3573 Domine,
2877 3511 2966 3565 hic
2986 3510 3118 3565 libet
3145 3511 3416 3566 inserere.

2182 3599 2319 3655 Ecce
2343 3600 2447 3655 hoc
2472 3600 2625 3655 triste
2656 3599 2808 3655 nefas
2831 3601 2986 3657 nobis
3014 3615 3249 3672 genuere
3272 3608 3537 3671 parentes,

2254 3688 2503 3758 Cmperat
2531 3690 2671 3745 unde
2698 3691 2869 3759 prius,
2903 3691 3031 3747 hinc
3068 3691 3178 3746 ruit
3206 3705 3371 3747 omne
3394 3703 3564 3761 genus.

2182 3780 2397 3837 Primus
2424 3780 2556 3837 Abel
2583 3782 2778 3838 cecidit
2805 3782 3111 3839 miserando
3144 3778 3368 3839 vulnere
3395 3793 3566 3843 caesus,

2255 3871 2331 3926 Ac
2364 3870 2603 3928 fraterna
2633 3872 2851 3927 sibi.....
3076 3904 3079 3909 -

2182 3961 2312 4018 Post
2328 3976 2541 4032 quoque
2563 3961 2693 4017 Seth
2717 3962 2873 4029 obiit,
2897 3961 2995 4018 sub
3016 3960 3146 4017 Abel
3168 3961 3288 4017 vice
3310 3960 3539 4017 redditus
3555 3953 3684 4013 isdem.

2256 4052 2322 4107 Et
2348 4052 2596 4122 quamvis
2622 4053 2802 4117 rediit,
2833 4069 2939 4109 non
2970 4053 3086 4109 sine
3114 4051 3223 4107 ﬁne
3251 4051 3373 4107 fuit.

2182 4141 2325 4212 Quid
2350 4142 2462 4199 Noe
2490 4136 2789 4198 memorem
2821 4142 3092 4199 laudatum
3118 4158 3251 4199 voce
3289 4140 3563 4202 Tonantis;

2253 4232 2423 4301 Quem
2455 4232 2635 4303 gravis
2665 4248 2791 4288 arca
2825 4232 2968 4300 tulit,
2999 4248 3143 4290 nunc
3177 4232 3358 4303 gravis
3388 4245 3507 4286 arca
3535 4221 3684 4298 premit

2185 4321 2277 4378 Sic
2300 4337 2512 4393 quoque
2543 4320 2691 4388 Sent,
2716 4329 2768 4377 et
2801 4318 2996 4392 Japhet
3022 4322 3318 4394 justissima
3349 4320 3538 4391 pmlcs,

2257 4411 2453 4466 Sancta
2487 4419 2542 4465 et
2572 4412 2878 4482 progenies,
2911 4411 3017 4467 tale
3044 4412 3287 4468 cucurrit
3314 4413 3433 4467 iter.

2106 4510 2161 4570 Ῑ)
2186 4496 2324 4567 Quid
2364 4499 2676 4569 patriarcha
2704 4499 3001 4567 Abraham,
3037 4500 3122 4556 vel
3148 4501 3288 4564 lsac,
3322 4499 3486 4555 Iacob
3534 4501 3686 4566 ψιοίιικ

2258 4590 2391 4645 Cum
2414 4588 2478 4645 de
2499 4587 2616 4660 lege
2637 4589 2787 4651 necis
2808 4604 2965 4647 nemo
2982 4588 3188 4646 solutus
3210 4591 3376 4645 adest.
3452 4579 3648 4659 [dignoﬁ

2188 4679 2578 4737 Melchisedech
2606 4681 2769 4736 etiam
2796 4681 3008 4737 Domini
3043 4695 3199 4737 sacer
3224 4695 3318 4737 ore
3347 4676 3592 4741 sacerdos,

2258 4771 2358 4829 Job
2383 4787 2615 4844 quoque,
2646 4788 2739 4829 seu
2766 4774 2931 4845 geniti
2959 4773 3037 4828 sic
3066 4773 3249 4828 abiere
3272 4772 3372 4827 sui.

2190 4869 2403 4941 Legifer
2431 4870 2544 4940 ipse
2565 4868 2711 4939 jacet
2736 4868 2931 4933 Moses,
2961 4869 3250 4938 Aaronque
3274 4862 3533 4928 sacerdos,

2261 4963 2611 5034 Alloquioque
2640 4963 2734 5019 Dei
2768 4962 2962 5032 dignus
2989 4962 3194 5017 amicus
3221 4960 3350 5017 obit.

2126 5074 2148 5094 ι
2192 5052 2589 5125 Successorque
2618 5070 2767 5119 suus,
2794 5052 2976 5124 populi
3002 5052 3106 5107 dux
3135 5052 3366 5123 inclytus
3383 5048 3544 5111 Iesus,

2261 5145 2405 5214 Quos
2430 5146 2610 5218 legitis
2641 5146 2795 5202 libris
2817 5144 3083 5200 occubere
3104 5128 3307 5213 patres.

2191 5234 2330 5303 Quid
2360 5236 2598 5303 Gedeon,
2626 5235 2876 5298 Samson,
2898 5233 2984 5289 vel
3009 5232 3253 5303 quisquis
3281 5231 3331 5286 in
3360 5228 3536 5284 ordine
3554 5219 3689 5291 judex.

2264 5328 2486 5383 Mortem
2509 5329 2607 5382 sub
2632 5327 2860 5383 Domino
2879 5325 3060 5396 judice
3085 5338 3242 5378 nemo
3269 5322 3404 5377 tulit.

2187 5416 2425 5468 Israelita
2456 5425 2644 5460 nnlpne
2671 5414 2835 5458 David
2866 5430 2982 5460 rex-
3008 5422 3172 5466 atque
3199 5412 3473 5472 nmuheta,
