3920 6430
92 357 224 420 513

89 475 306 536 Isaias,
337 469 542 536 Daniel,
575 467 790 524 Samuel
815 467 1085 536 Jonasque
1123 468 1336 534 beatus,

179 565 386 618 Vivens
413 563 512 618 sub
540 561 744 632 pelago,
777 567 905 624 stat,
930 559 1090 613 modo
1111 573 1330 628 pressus
1359 560 1543 612 humo.

1055 327 1574 414 WALnnAmws.
1612 389 1678 398 -
1718 355 1988 414 NOTITIA
2026 345 2412 414 msromet:

3251 351 3356 406 574

1711 471 1759 530 Α
1791 468 2027 539 Spondet
2054 471 2226 525 adhuc
2261 471 2420 524 etiam
2441 509 2455 532 ,
2485 465 2662 522 nullus
2689 465 2775 521 cui
2801 465 3050 522 detrahat
3076 481 3310 537 unquam
3343 485 3356 522 :

1858 558 1989 624 Quae
2024 560 2126 612 duo
2157 559 2470 628 deposcant,
2509 565 2566 610 ut
2592 555 2692 610 sibi
2723 557 2896 610 danda
2927 556 3118 610 sciant.

89 653 374 721 Princeps
397 650 546 704 clave
567 647 778 712 Petrus,
807 648 1012 716 primus
1037 661 1250 715 quoque
1283 647 1528 715 dogmate
1553 645 1690 698 Pau-
1789 647 1846 702 Si
1891 650 1998 703 duo
2025 650 2090 703 de
2129 649 2282 704 vobis
2306 647 2538 720 (Matth.
2563 647 2738 718 xvm)
2777 647 2918 702 votis
2966 646 3321 703 concordibus
3343 686 3362 710 ,

141 795 146 798 ,
175 738 440 806 Quamvis
456 737 610 792 celsae
627 737 838 798 animm,
853 749 1080 804 corpora
1099 743 1240 788 terra
1265 735 1416 803 tegit.
1493 733 1619 806 μηδ,

95 827 340 883 Semine
367 826 434 880 ab
465 825 700 878 humano
737 824 820 878 cui
850 823 1028 877 nullus
1051 823 1223 892 major
1249 823 1480 877 habetur

175 918 284 972 Vir
317 917 556 984 Baptista
587 923 796 984 potens,
833 915 947 982 ipse
975 911 1210 968 Joannes
1237 915 1374 968 obit.

93 1005 322 1070 Enoch,
353 1005 602 1074 Eliasque
641 1005 742 1058 hoc
765 1004 940 1058 adhuc
969 1010 1173 1072 spectat
1197 1011 1442 1071 uterque,

171 1097 462 1162 Qui.satus
488 1111 554 1148 ex
587 1095 802 1150 homine
829 1101 930 1156 est,
963 1101 1016 1146 et
1043 1093 1335 1146 moriturus
1359 1095 1482 1146 erit.

93 1187 229 1258 Ipse
252 1186 480 1242 Creator
505 1201 672 1241 ovans
699 1185 807 1240 cito
832 1199 1055 1254 surgens
1081 1183 1326 1238 Christus
1355 1185 1421 1238 ab
1453 1183 1688 1248 umbris;

175 1275 288 1329 llic
316 1275 441 1344 quia
475 1281 633 1328 natus
661 1275 820 1328 homo
844 1283 945 1336 est,
977 1287 1140 1326 carne
1167 1271 1404 1342 sepultus
1435 1273 1616 1336 humo,

95 1363 244 1431 Quis
277 1379 404 1433 rogo
435 1379 542 1417 non
571 1363 824 1426 moritur,
853 1371 1080 1415 mortem
1107 1371 1356 1428 gustante
1384 1361 1591 1416 salute?

173 1456 326 1509 Dum
360 1469 457 1524 pro
493 1467 578 1507 me
607 1453 773 1507 voluit
810 1451 910 1516 sic,
941 1465 1057 1504 mea
1087 1451 1216 1514 vita,
1255 1452 1412 1506 mori.

95 1544 256 1614 Ergo
284 1545 412 1613 quid
438 1544 560 1596 hinc
585 1539 828 1604 facimus,
853 1541 994 1608 quod
1018 1539 1293 1593 declinare
1315 1539 1624 1610 nequimus,

172 1635 322 1688 Cum
347 1631 478 1686 nihil
512 1631 693 1684 auxilii
720 1645 1006 1698 possumus
1033 1643 1152 1682 esse
1179 1628 1290 1680 rei?

97 1727 416 1788 Ploramus,
443 1724 726 1792 gemimus,
753 1723 846 1777 sed
878 1737 976 1776 nec
1000 1721 1252 1790 prodesse
1283 1721 1540 1785 valemus,

171 1815 386 1870 Luctus
417 1815 568 1868 adest
596 1811 786 1876 oculis,
815 1820 896 1866 est
927 1825 1100 1879 neque
1131 1810 1336 1864 fructus
1370 1811 1507 1878 opis.

101 1906 336 1961 Viscera
365 1913 702 1974 torquentur,
735 1903 1040 1958 lacerantur
1063 1901 1226 1956 corda
1261 1901 1488 1955 tumultu
1513 1918 1526 1954 :

179 1996 328 2050 Sunt
353 1995 464 2050 cari
491 1993 764 2058 exstincti,
795 1992 970 2047 ﬂendo
991 1992 1189 2046 cadunt
1215 1991 1375 2046 oeuli.

101 2087 256 2142 Ecce
283 2093 506 2140 vocatur
533 2099 704 2148 amor,
736 2099 836 2139 nec
859 2083 970 2151 jam
995 2089 1276 2136 revocatur
1302 2091 1534 2146 amator,

175 2175 298 2232 Nos
321 2191 494 2244 neque
509 2173 623 2243 jam
648 2174 858 2245 repetit,
893 2187 1051 2242 quem
1074 2179 1226 2241 petra
1251 2185 1426 2226 mersa
1457 2170 1610 2241 tegit.

102 2269 319 2324 Ibimus
345 2281 472 2336 ergo
499 2280 688 2320 omnes
717 2265 820 2320 alia
849 2264 1067 2334 regione
1087 2261 1322 2324 locandi,

177 2358 388 2412 Ibimus
411 2357 477 2412 ad
499 2357 751 2426 patriam,
773 2370 910 2425 quos
938 2353 1223 2423 peregrina
1255 2359 1457 2406 tenent.

103 2449 214 2515 Ne,
251 2448 542 2504 reverende
563 2447 742 2512 Pater,
770 2461 838 2501 ne
865 2459 1012 2500 casu.
1040 2483 1054 2497 .
1082 2480 1096 2495 .
1125 2451 1292 2506 esto,.
1317 2479 1331 2494 .
1353 2479 1368 2495 .

177 2537 306 2594 Non
347 2539 489 2592 lumc
517 2535 642 2592 [lere
668 2537 840 2600 decet,
865 2550 1022 2606 quem
1063 2533 1340 2602 paradisus
1371 2531 1550 2586 habet.

105 2629 270 2696 Quod
293 2629 448 2696 jubet
471 2627 832 2696 omnipotens,
859 2641 966 2680 nou
995 2638 1277 2693 possumus
1300 2637 1421 2677 esse
1447 2621 1698 2688 rebelles,

177 2719 352 2774 Forte
383 2719 548 2773 Deum
572 2727 758 2774 contra
785 2725 870 2772 est
894 2716 1036 2771 illius
1065 2702 1184 2770 acta
1209 2713 1414 2770 dolens.

103 2810 266 2865 lllius
290 2823 416 2863 ecce
441 2824 625 2864 sumus
653 2809 984 2878 ﬁgmentum,
1013 2815 1066 2859 et
1098 2805 1318 2874 spiritus
1355 2787 1476 2857 inde
1503 2809 1585 2857 est
1609 2819 1623 2855 :

176 2897 322 2954 Cum
353 2897 506 2966 jubet
545 2897 668 2953 hinc
695 2899 832 2952 imus
859 2897 950 2967 qui
979 2913 1162 2951 sumus
1191 2895 1304 2964 ejus
1329 2911 1483 2966 opus.

105 2989 572 3060 Accipe_solamen
596 2987 904 3060 (Joan.:xvt)
927 2989 1068 3059 quod
1089 2988 1194 3043 scis
1216 2988 1482 3058 spondere
1501 3003 1694 3043 crean-

1363 3077 1495 3150 [tem
1533 3096 1546 3132 :

181 3186 244 3226 ιιι
278 3185 365 3226 me
401 3184 492 3239 qui
515 3170 688 3226 credit
711 3185 816 3226 non
848 3169 1110 3227 morietur
1129 3169 1308 3238 (Joan.
1335 3169 1472 3238 VIII),
1502 3169 1596 3222 ait.

183 3319 339 3405 ({56)
376 3324 630 3406 Suspicor
669 3327 1018 3406 Valtrantittiit
1061 3326 1338 3406 essetqui
1369 3325 1697 3406 Argentora-

107 3396 303 3466 tensis
314 3396 615 3466 episcopus,
637 3411 794 3465 quem
819 3397 1026 3466 Regino
1047 3396 1236 3450 scribit
1253 3397 1431 3450 obisse
1454 3411 1542 3466 an.
1567 3396 1692 3466 905.

105 3463 414 3546 Brusebius
447 3463 788 3546 Baldruipum
819 3463 1006 3530 vocat;
1053 3481 1238 3519 verum
1271 3467 1382 3520 lucc
1411 3463 1696 3546 hariolatio

109 3532 377 3587 aﬂirmari
431 3549 538 3590 non
589 3536 778 3603 debet;
845 3551 1018 3606 neque
1091 3545 1268 3590 tamen
1317 3535 1513 3590 omitti.
1570 3534 1694 3588 Scio

3013 735 3187 808 [aiens
3203 775 3220 800 ,

1855 824 2145 893 lmplorant
2174 825 2398 894 aliquid,
2423 826 2524 879 hoc
2551 825 2714 878 Pater
2735 825 2848 894 ipse
2883 824 3050 880 dabit.

1790 915 1844 970 Si
1875 916 2080 984 possint
2109 917 2214 970 rari
2245 916 2468 970 Domino
2507 923 2796 985 praestante
2821 917 3038 978 mereri,

1859 1003 1986 1070 Qum
2017 1003 2267 1073 precibus
2305 1015 2558 1074 poscunt;
2588 1005 2716 1074 quid
2745 1019 3028 1058 numerosa
3057 1013 3280 1072 queunt.

1791 1094 1968 1148 Turba
1991 1095 2348 1156 sacerdotum,
2381 1095 2766 1148 monachorum
2791 1109 2984 1162 corpus
3009 1094 3234 1156 inerme,

1861 1181 2060 1236 Nonnre
2081 1198 2202 1236 eum
2225 1183 2422 1246 viduis,
2471 1199 2693 1252 pauper,
2737 1183 2997 1252 inopsque
3020 1184 3272 1253 phalanx,

1791 1272 1976 1328 Clerus
2001 1287 2120 1326 eum
2149 1272 2325 1340 Vulgo,
2353 1271 2472 1327 vilis
2507 1289 2628 1326 cum
2660 1272 2822 1326 divite
2852 1287 3061 1326 summo
3083 1312 3098 1336 ,

1861 1362 1992 1416 Cum
2018 1361 2218 1430 majore
2241 1363 2434 1425 minor,
2461 1377 2580 1416 cum
2609 1377 2774 1432 puero
2794 1363 3010 1416 senior?

1789 1450 2176 1506 Commendant
2204 1451 2438 1504 animam
2465 1451 2589 1506 Jesn
2617 1467 2737 1506 cum
2761 1453 3038 1520 questibus
3067 1451 3238 1522 ipsam

1861 1541 2065 1594 Fratris
2101 1539 2376 1606 Germani,
2417 1542 2639 1596 Domine
2667 1541 2842 1606 beate,
2875 1541 2972 1593 tui.

1803 1655 2124 1716 Dt’stichon
2155 1655 2528 1745 Salomonis,
2579 1674 2697 1734 quo
2719 1673 2980 1745 sequens
3013 1672 3252 1714 carmen
3279 1651 3364 1714 ad

2299 1733 2610 1792 Dadanent
2645 1733 2862 1793 mittit.

1717 1805 1766 1864 Β
1797 1831 2024 1892 Rursus,
2057 1839 2238 1884 sancte
2263 1830 2442 1896 Pater,
2475 1839 2566 1884 tua
2599 1845 2682 1884 me
2711 1829 2924 1884 dilectio
2947 1828 3085 1900 cogit

1864 1920 2114 1976 Scribere
2151 1921 2438 1988 doctiloqui
2463 1922 2622 1974 verba
2651 1920 2818 1990 perita
2853 1920 2973 1974 viri.

1801 2005 2016 2066 Versus
2049 2007 2450 2085 Waldrammi
2478 2007 2642 2085 (ἷι56)
2669 2005 3184 2085 ndSanmoncm,
3215 2023 3370 2085 quos

2106 2084 2398 2146 Salomon
2433 2085 2514 2144 ad
2547 2083 2856 2144 Dudonem
2879 2086 3071 2146 misit.

1791 2181 1922 2237 Esto
1951 2182 2106 2236 virile
2127 2183 2310 2246 decus,
2343 2191 2612 2250 patienter
2635 2183 2788 2236 vince
2811 2181 3046 2247 dolores,

1863 2272 2014 2338 Quod
2053 2275 2156 2325 non
2195 2273 2414 2336 vitatur,
2443 2273 2528 2326 vel
2557 2272 2810 2326 toleretur
2837 2287 2991 2326 onus.

1807 2359 1939 2416 l‘alis
1967 2361 2070 2415 erit
2093 2361 2339 2430 populus,
2371 2361 2582 2430 qualem
2617 2371 2668 2416 te
2695 2361 2886 2414 viderit
2913 2375 3050 2422 esse,

1864 2453 2045 2520 Deque
2077 2459 2165 2504 tua
2197 2449 2334 2504 faeie
2361 2451 2512 2520 plebs
2540 2465 2634 2504 sua
2663 2458 2786 2504 vota
2815 2449 2987 2503 metit.

1797 2543 2035 2612 Denique
2063 2541 2158 2596 lob
2181 2551 2336 2595 natos
2365 2549 2568 2610 septem
2596 2555 2701 2592 uno
2726 2539 2878 2592 triste
2907 2539 3006 2592 sub
3030 2538 3138 2590 ictu

1866 2632 2160 2694 Amittens,
2189 2631 2376 2684 laudes
2399 2629 2604 2684 rettulit
2625 2643 2718 2682 ore
2749 2629 2876 2682 Deo.

1799 2724 2018 2779 Femina
2043 2723 2124 2775 bis
2153 2721 2280 2776 felix
2305 2723 2389 2790 pia
2421 2729 2594 2773 mater
2623 2718 3065 2782 Machabreorum,

1867 2814 2032 2868 Natos
2057 2821 2260 2880 septem
2297 2824 2404 2864 uno
2441 2809 2627 2862 funere
2655 2807 2774 2862 laeta
2808 2805 2947 2860 tulit.

1796 2905 1964 2960 David
1995 2903 2430 2972 Psalmigraphus
2459 2915 2578 2952 cum
2605 2907 2786 2952 natum
2815 2897 2994 2950 amisit
3025 2903 3289 2960 amatum,

1869 2999 1988 3053 Mox
2019 2995 2226 3050 tumulo
2255 2994 2456 3064 posuit,
2479 2991 2708 3060 prandia
2729 2989 2864 3044 festa
2903 2989 3072 3042 dedit.

1801 3089 1924 3142 [hec
1947 3087 2116 3156 girata
2145 3099 2329 3146 manu,
2359 3095 2562 3136 necnon
2595 3077 2894 3148 percensita
2923 3089 3110 3138 censu,

1865 3177 1999 3231 Fors
2027 3189 2258 3230 maerore
2288 3181 2457 3236 tuum,
2485 3171 2698 3232 domne,
2731 3167 2908 3221 levant
2931 3165 3189 3218 animum.

1799 3341 1962 3395 quam
2019 3324 2072 3395 in
2133 3325 2232 3378 hoc
2301 3336 2519 3395 genere_
2549 3317 2872 3395 conjectura}
2919 3314 3380 3395 blapdiantttr__et

1800 3382 1960 3465 quam
2013 3393 2204 3465 blande
2245 3382 3020 3465 qu‘nguejallan't{velim-nil
3058 3382 3158 3436 nisi
3189 3382 3381 3465 certis-

1801 3449 1995 3519 siutum
2035 3449 2319 3516 atlirmare.
2351 3449 2424 3514 De
2453 3459 2671 3514 Dadone
2699 3449 2832 3510 nihil
2861 3455 3032 3508 adhuc
3057 3467 3206 3506 eruo.
3243 3449 3376 3504 CAN.

119 3665 3348 3733 mm

2541 3703 2798 3718 .m-

1341 3853 1510 3897 ΔΝΝΟ
1557 3853 1782 3896 υοΜιΧι
1827 3849 2123 3894 MCCCCIX
2135 3875 2147 3888 .

861 4006 2601 4182 WALDRAMMUS

1309 4291 1863 4352 ARGENTINENSIS
1901 4289 2284 4348 EPISCOPUS

693 4551 1126 4634 NOTITIA
1187 4549 1739 4628 HISTOBICA
1817 4549 1928 4624 IN
2001 4541 2786 4624 WALDRAMMUM.

1292 4727 1440 4792 (Gall.
1465 4725 1641 4780 Christ.
1660 4730 1778 4776 tom.
1798 4723 1863 4786 ν,
1889 4733 2001 4785 pag.
2027 4719 2169 4782 787.)

201 5007 220 5039 ι
273 4985 366 5040 Vir
395 4982 688 5054 magniﬁca:
744 4981 1064 5047 sanctitatis,
1099 5001 1118 5034 ι
1147 4988 1208 5034 ιιι
1252 4979 1486 5050 loquitur
1509 4979 1702 5052 Wym-
1729 4981 1780 5040 D
1805 4975 1992 5048 quenti
2021 4973 2075 5028 in
2107 4969 2340 5027 concilio
2373 4965 2726 5029 Triburiensi,
2759 4979 2822 5020 ac
2847 4971 2966 5032 post
2995 4963 3178 5019 decem
3211 4977 3384 5018 annos-

117 5077 441 5149 phelingus,
487 5073 732 5146 obtinuit_
761 5073 830 5128 ab
877 5073 1202 5142 imperatore
1267 5069 1493 5126 Arnull‘o
1521 5109 1536 5136 ,
1589 5071 1702 5126 sive

119 5169 446 5225 Noricorum
495 5167 655 5231 duce,
703 5173 762 5219 ut
811 5164 936 5218 alibi
989 5171 1242 5225 vocatur,
1287 5159 1702 5216 Novientensem

120 5259 424 5323 abbatiam,
447 5273 477 5312 e
498 5271 603 5327 qua
631 5271 756 5310 mox
778 5253 982 5324 depulit
1008 5253 1402 5306 llartmaunum
1430 5249 1700 5316 abbatem,

121 5353 286 5422 eique
315 5364 678 5406 successorem
711 5347 855 5402 dedit
901 5345 1228 5400 llelmerium
1261 5341 1582 5398 monachum
1603 5381 1617 5406 ,
1649 5341 1700 5394 in

123 5443 286 5512 cujus
309 5442 536 5512 gratiam
565 5439 794 5494 habetur
821 5438 872 5492 in
903 5435 1178 5491 chartario
1209 5434 1366 5502 hujus
1391 5431 1702 5486 monasterii

123 5541 458 5604 praeceptum
507 5529 750 5598 ejusdem
807 5527 1050 5592 Aruolﬁ,
1110 5525 1294 5580 datum
1353 5537 1495 5574 anno
1551 5521 1702 5588 regni

127 5627 250 5694 ejus
279 5624 526 5692 septimo,
582 5623 684 5678 hoc
737 5631 821 5676 est
867 5635 1009 5676 anno
1053 5618 1269 5672 circiter
1316 5613 1451 5678 89$,
1508 5617 1560 5668 iu
1599 5629 1704 5683 quo

127 5697 532 5780 “'aldrammus
583 5721 766 5766 noster
825 5717 1172 5766 memoratur.
1228 5706 1376 5761 Sedit
1430 5719 1570 5758 anno
1621 5719 1706 5758 se-

1807 5066 2093 5122 defunctus
2131 5071 2231 5124 est,
2263 5077 2328 5116 ex
2359 5057 2628 5114 Chronico
2663 5055 2956 5126 Regiuonis
2983 5054 3049 5108 ad
3075 5069 3163 5106 an.
3193 5053 3299 5108 905
3322 5054 3374 5108 in
3413 5101 3417 5116 ,

1805 5159 1922 5212 haec
1947 5155 2110 5210 verba
2139 5171 2154 5208 :
2191 5169 2208 5202 ι
2257 5151 2358 5206 Per
2379 5149 2430 5204 id
2459 5157 2669 5217 tempus
2691 5145 3079 5202 Waltrammus
3101 5142 3378 5197 Strasburo

1804 5249 1984 5319 gensis
2022 5245 2278 5300 Ecclesia:
2301 5283 2315 5308 ,
2366 5250 2422 5297 ct
2449 5239 2798 5295 Luidhelmus
2828 5236 3094 5290 Tullensis
3120 5235 3374 5290 Ecclesia:

1805 5340 2082 5412 prmsules,
2127 5338 2494 5408 migraverunt
2527 5349 2556 5388 a
2597 5331 2816 5394 saeculo,
2863 5327 3058 5398 quibus
3099 5341 3378 5383 successc-«

1808 5439 1936 5485 runt
1980 5430 2034 5483 in
2075 5425 2371 5499 pontificali
2409 5423 2666 5479 cathedra
2715 5421 2970 5476 Otbertus
3001 5418 3054 5472 in
3096 5415 3384 5472 Slrasburv

1807 5513 1960 5589 ξριιεί
2027 5519 2275 5580 civitate,
2325 5523 2382 5569 et
2443 5513 2618 5582 Drogo
2667 5511 2720 5563 in
2775 5507 3034 5562 Tullcnsi.
3083 5525 3100 5558 ι
3157 5507 3224 5560 Ει
3277 5505 3380 5560 lmc

1809 5611 2026 5682 quidem
2071 5623 2251 5672 anno,
2299 5613 2358 5660 ut
2403 5603 2544 5658 idem
2587 5600 2793 5670 Regino
2818 5597 3020 5664 scribit,
3067 5613 3159 5653 rex
3191 5597 3380 5651 urbem

1815 5703 2288 5772 Strasburgcusem
2365 5696 2542 5758 adiit,
2625 5701 2679 5747 et
2741 5692 3048 5760 episcopum
3123 5705 3184 5744 ac
3261 5685 3378 5756 plc-
