3920 6460
604 418 739 481 ,379

1494 415 1811 474 ODlLONlS
1848 415 2159 474 MONACIII
2198 415 2256 472 S.
2298 414 2608 471 MEDABDI
2640 416 2995 477 SUESSION.
3723 434 3784 490 δερ

632 542 785 583 Vicus
802 525 1075 597 Augustus
1085 524 1389 597 ;-Pippinus_
1402 524 1705 597 Aquitania:
1725 524 1989 597 rexjussu
2010 524 2201 597 Caroli
2227 530 2278 589 Α
2306 524 2579 597 nationem
2607 525 2708 581 sibi
2760 525 2975 597 indixit.
3019 526 3112 581 Sic
3158 526 3440 583 traductus
3488 529 3537 585 in
3562 530 3781 597 Franciam,

634 597 780 654 Calvi
809 595 1028 660 ton—sus;
1061 595 1444 650 Hirmintrudis
1465 595 1642 651 Caroli
1672 611 1809 650 uxor
1834 596 2203 665 abrepiscopis

633 674 923 729 coronata;
953 674 1009 720 et
1049 665 1309 720 Rodulfus
1346 680 1439 720 rex
1484 666 1679 724 dictus.
1725 673 1861 719 teste
1888 664 2205 720 Frodoardo

632 736 688 790 in
717 735 1005 790 Chronico.
1038 734 1335 790 Concilium
1365 734 1493 788 inibi
1522 735 1589 789 ab
1615 734 1907 789 Hinemaro
1935 735 2202 799 habitum,

632 806 687 858 in
713 819 819 873 quo
854 804 959 858 lata
1007 805 1271 859 sententia
1304 806 1563 858 adversus
1605 805 1899 859 monachos
1928 804 2082 868 duos,
2110 804 2203 873 qui

629 873 915 944 Pippinum
960 874 1524 944 indesubduxerant.
1588 873 1665 928 lbi
1724 874 1887 927 etiam
1940 876 2203 943 synodum

631 943 827 1013 habuit
849 943 1189 1003 Innocentius
1212 957 1348 1013 papa
1380 943 1667 997 secundus.

630 1042 653 1082 '_
702 1012 758 1082 5.
812 1012 954 1069 lstuc
1013 1015 1138 1067 vita:
1186 1010 1543 1082 perfectioris
1598 1010 1871 1082 desiderio,
1931 1026 2204 1067 secessere

630 1080 930 1137 Leidradus
948 1080 1379 1151 archiepiscopus
1399 1081 1798 1151 Lugdunensis;
1826 1081 2035 1136 Marcus
2056 1082 2207 1136 Scot-

632 1160 720 1221 tus
743 1152 1029 1221 episcopus
1058 1151 1253 1207 sarculo
1276 1166 1416 1206 nono
1442 1169 1455 1203 :
1481 1167 1589 1220 quo
1611 1152 1776 1221 etiam
1800 1152 1967 1205 abbas
1988 1160 2205 1206 sanctus

631 1219 945 1285 Rodulfus,’
986 1230 1106 1289 post
1151 1221 1334 1277 archie
1374 1219 1586 1289 iscopus
1635 1220 2023 1285 Bituricensis,
2086 1221 2204 1276 loco

631 1289 909 1344 praefuisse
948 1300 1294 1344 memoratur.
1336 1236 1439 1344 Elis
1487 1291 1646 1344 etiam
1696 1290 2007 1344 adiumitur
2050 1290 2204 1344 Hnno

670 1289 909 1360 rmfnisse
948 1300 1294 1346 memoratur.
1338 1289 1439 1344 His
1487 1291 1646 1360 etiam
1696 1290 2007 1360 adjungitur
2050 1290 2204 1360 Hugo

610 1358 808 1429 Laroli
832 1358 1031 1429 Magni,
1064 1368 1118 1413 ut
1154 1370 1365 1428 putant,
1398 1360 1556 1421 ﬁlius,
1586 1358 2199 1415 abbas'No’valiciensis.

630 1428 899 1484 Praeterea
932 1428 1190 1483 ’vixerunt
1214 1445 1278 1484 eo
1303 1430 1355 1484 in
1386 1429 1630 1484 coenobio
1664 1430 1836 1485 sancti
1865 1428 2125 1486 Arnull‘us
2149 1439 2205 1485 et

630 1498 1178 1568 Gerrardusggabbates
1224 1499 1420 1554 saeculo
1478 1515 1553 1562 ιιι,
1598 1496 1887 1555 Goswinus
1918 1500 2065 1568 prior
2104 1514 2207 1553 sre-

607 1567 753 1633 .cule
783 1584 879 1622 xu.
912 1566 1009 1621 Hic
1042 1569 1376 1623 observanda
1409 1568 1661 1623 nonnulla
1694 1570 1762 1624 de
1807 1566 1987 1624 Marco
2018 1568 2205 1624 Scotto

629 1638 901 1708 episcopo,
927 1637 1019 1705 qui
1042 1638 1237 1693 smcnlo
1264 1654 1405 1693 nono
1426 1639 1580 1694 vixit.
2032 1639 2038 1645 ’

701 1706 827 1779 6.}
854 1707 1064 1779 Marcus
1087 1708 1375 1779 Scotigena
1417 1710 1700 1778 episcOpus
1731 1708 2058 1778 temporibus
2080 1708 2204 1762 Gri-

629 1776 794 1849 rnaldi
856 1776 1381 1849 canonicihabb'atis,
1428 1776 1688 1833 Harmuto
1740 1776 1869 1849 ejus
1894 1780 2047 1849 quasi
2106 1794 2202 1849 pro

629 1796 794 1830 manu
856 1796 1100 1831 cauomcr
1152 1796 1381 1843 annaus,
1428 1796 1688 1833 uarmuto
1740 1796 1856 1847 ejus
1934 1797 1936 1825 ι

629 1846 841 1911 abbate,
871 1845 1087 1918 Gallum»
1107 1846 1181 1918 (id
1206 1857 1278 1901 est
1309 1848 1680 1902 monasterium
1704 1796 1936 1902 sanclig'

628 1930 792 1984 quam
831 1916 1238 1983 compatriOtam
1280 1932 1436 1972 suum
1480 1918 1650 1971 ltoma
1696 1917 1909 1973 rediens
1938 1916 2139 1981 visi’tat,
2176 1938 2195 1971 ι

629 1985 807 2054 inquit
849 1984 1419 2057 Ekltehardusglunior
1460 1988 1514 2041 in
1568 2001 1686 2057 cap.
1736 1988 1789 2041 1.
1832 2006 1851 2038 ι
1904 1986 2203 2057 Comitatur

629 2054 987 2127 eum__sororis
1011 2055 1152 2127 ﬁlius
1168 2055 1446 2127 ‘Moengal,
1482 2054 1667 2127 postea
1695 2072 1727 2110 a
1751 2057 1951 2111 nostris
1978 2056 2202 2113 Marcel-

629 2122 714 2178 lus
737 2124 1050 2183 diminutive
1076 2142 1105 2178 a
1136 2125 1315 2181 Marco
1343 2122 1606 2181 avunculo
1633 2141 1731 2180 suo
1753 2127 1833 2181 sic
1856 2127 2161 2182 nominatus
2185 2145 2197 2181 :

630 2193 720 2266 hic
744 2201 863 2247 erat
884 2194 946 2266 in_
961 2194 1154 2250 divinis
1175 2204 1229 2249 et
1255 2197 1504 2251 humanis
1525 2196 1940 2266 eruditissimus.
1965 2196 2204 2266 [togatur

628 2262 914 2334 episcopus
935 2263 1053 2317 loco
1096 2274 1281 2320 nostro
1309 2265 1618 2334 aliquandiu
1648 2275 1835 2320 stare:
1873 2262 2074 2320 allecto
2107 2281 2201 2320 ne-

628 2331 775 2401 pOte,
809 2331 903 2386 diu
947 2347 1127 2387 secum
1169 2331 1546 2397 deliberantes,
1592 2335 1679 2388 vix
1716 2334 1931 2388 tandem
1976 2349 2205 2389 consen-

628 2409 833 2474 serunt.
892 2420 911 2454 ι
972 2401 1028 2474 Id
1075 2402 1274 2458 factum
1315 2413 1571 2474 regnante
1616 2403 1809 2474 Carolo
1839 2403 2025 2459 Calvo.
2076 2405 2204 2459 Post

627 2470 745 2525 haac
775 2470 987 2526 Marcus
1013 2471 1066 2525 in
1107 2470 1490 2528 monasterium
1538 2474 1713 2528 sancti
1761 2472 1995 2528 Medardi
2028 2487 2087 2527 se
2119 2488 2203 2527 re-

627 2541 793 2609 cepit,
828 2557 847 2590 ι
908 2555 1030 2613 eum
1083 2542 1193 2597 illic
1245 2542 1450 2613 vigeret
1494 2542 1751 2613 praeclara
1806 2543 2200 2613 monachorum

627 2610 971 2692 congregatio
997 2649 1012 2674 ,
1060 2610 1323 2692 quorum:
1345 2610 1573 2692 honesta
1606 2612 2018 2692 celebrabatun
2050 2612 2203 2692 iusti:

629 2678 784 2741 tutio,
822 2678 851 2730 ι’
874 2688 933 2733 ιιι
977 2678 1166 2736 scribit
1205 2678 1479 2737 Lisiardus
1504 2682 1559 2735 in
1606 2680 1726 2736 Vita
1775 2683 1947 2737 sancti
1992 2681 2200 2737 Arnulﬁ

626 2748 861 2816 episcopi
934 2746 1373 2814 Suessionensis,
1436 2750 1662 2806 Hericus
1712 2752 2201 2807 Antissiodorensis

627 2818 944 2888 monachus,
991 2816 1159 2873 Marci
1204 2821 1447 2888 aequalis,
1505 2821 1558 2874 in
1609 2820 1749 2874 libro
1806 2820 1874 2875 de
1929 2822 2201 2877 miraculis

626 2886 799 2960 sancti
834 2886 1091 2942 Germani
1136 2886 1622 2945 Autissiodorensis
1669 2890 1925 2959 episcopi,
1956 2905 2075 2960 cap.
2108 2891 2196 2957 55,

628 2954 867 3029 blarcum
896 2965 1060 3029 vocat
1087 2976 1106 3008 ι
1152 2968 1400 3013 sanctum
1450 2974 1652 3023 senem,
1697 2954 1787 3028 qui
1833 2954 2049 3015 natione
2077 2954 2200 3029 qui;

629 3024 749 3078 dem
763 3023 970 3100 _f}rit_to,
998 3025 1259 3100 educatus
1292 3043 1488 3100 verum
1506 3029 1560 3100 in
1591 3023 1865 3100 Hibernia,
1896 3037 2020 3098 post
2043 3023 2199 3100 loiiga

626 3092 948 3161 pontiﬁcalis
974 3097 1278 3153 sanctitatis
1313 3098 1592 3165 exercitia,
1625 3092 1923 3153 ultroneam
1962 3092 2200 3169 peregri-

1945 1848 2057 1931 allii
2084 1848 2201 1931 lian-
2231 1872 2278 1931 B

2308 594 2663 676 piissimique_
2691 596 3036 676 r9gis__Ga_roli
3058 598 3448 676 _mnniﬁcentia
3478 594 3784 676 illectus,

2306 665 2591 718 beatorum
2616 663 2851 718 Meda'rdi
2890 674 2945 720 et
2985 665 3285 721 Sebastiani
3316 668 3608 725 ctenohium
3632 663 3786 730 auecta;

2306 732 2847 814 reticam'exercebat
2869 735 3066 814 vitam,
3082 813 3085 814 ν
3104 735 3396 814 sipgularis
3430 747 3600 814 nostro
3622 750 3784 814 tempore

2309 802 2482 855 unica:
2502 801 2854 870 philosophus
2895 801 3217 859 sanctitatis.
3256 824 3277 856 ι
3330 804 3397 858 Et
3434 809 3590 861 sancti
3614 801 3784 868 Germani

2306 871 2577 941 miraculo”
2592 873 2772 926 verbis
2799 872 2968 941 ipsius
2995 874 3157 928 Marci
3190 874 3384 938 relato,
3413 874 3484 928 ita
3510 878 3662 932 subdit
3689 880 3784 936 Heri.

2304 954 2401 994 cus
2431 957 2443 1011 ξ
2480 959 2498 990 ι
2539 940 2661 1011 Huic
2711 942 2787 995 ita
2816 940 2956 1011 apud
2981 943 3316 997 Britanniam
3368 944 3628 1001 catholicis
3660 948 3783 1007 litteris

2305 1010 2568 1081 contineri
2601 1010 2890 1081 praedictus
2925 1013 3056 1067 mihi
3101 1013 3388 1081 episcopus
3421 1012 3783 1081 jurisjuramliin-

2307 1079 2657 1147 terpositioue
2706 1080 2957 1135 ﬁrmabat
3004 1097 3019 1135 :
3064 1084 3220 1205 cup'us
3263 1079 3583 1151 probitatem
3622 1087 3782 1157 quisquis

2307 1158 2561 1205 expertus
2589 1160 2689 1205 est.
2721 1152 2901 1205 verbis
2936 1151 3079 1205 illius
3142 1153 3281 1205 idem
3317 1152 3509 1205 cedere
3533 1153 3656 1205 nullo
3686 1161 3781 1205 mdo

2304 1158 2561 1217 expertus
2589 1160 2689 1211 est,
2721 1152 2901 1205 verbis
2936 1151 3079 1206 illius

3142 1153 3281 1206 idem
3317 1152 3509 1207 cedere
3533 1152 3656 1208 nullo
3686 1152 3781 1213 inhio

2305 1217 2589 1273 dubitabit.
2626 1238 2644 1269 ι
2675 1218 2753 1273 Ex
2779 1221 2974 1291 quibus
2997 1221 3322 1291 intelligitur
3341 1220 3570 1275 Marcum
3593 1222 3716 1279 fuisse
3732 1229 3781 1280 ri-

2306 1302 2423 1359 rum
2450 1298 2715 1359 sanctum,
2748 1289 2901 1359 cujus
2946 1292 3120 1359 gratia
3165 1288 3271 1345 non
3309 1288 3572 1346 immerito
3614 1292 3682 1348 hic
3711 1305 3781 1349 tan-

2306 1356 2474 1424 tisper
2501 1357 2722 1425 gradum
2764 1356 3152 1414 siStere'visum
3182 1368 3287 1414 est.

2374 1426 2425 1498 _7.
2462 1425 2720 1498 Regulam
2746 1429 2917 1482 sancti
2946 1429 3221 1484 Benedicti
3266 1429 3546 1484 monachis
3566 1429 3659 1498 eius
3679 1431 3780 1487 lori:

2305 1496 2614 1564 primordiis
2658 1496 2964 1565 impositam
2998 1498 3163 1553 fuisse
3207 1499 3474 1554 sententia
3521 1496 3777 1558 iuitllolhad

2305 1564 2599 1638 eonomine
2612 1564 3189 1638 primiSuessionensis
3203 1567 3464 1638 episcopi,
3476 1570 3559 1638 qui
3574 1569 3617 1623 in
3629 1572 3775 1638 quodin

2305 1633 2711 1706 privilegioait,
2743 1634 2917 1706 Reges
2964 1634 3018 1692 in
3067 1633 3275 1691 tantum
3318 1633 3567 1692 extulisse
3599 1633 3778 1692 inonaste-

2306 1704 2443 1755 rium
2471 1704 2632 1768 istud,
2678 1723 2697 1756 ι
2732 1714 2791 1758 ιιι
2831 1704 3079 1761 omnibus
3108 1706 3245 1761 locis
3277 1708 3361 1761 sui
3393 1706 3528 1774 juris
3551 1722 3649 1761 cum
3671 1708 3773 1774 puri.

2306 1782 2512 1837 cerent,
2573 1774 2813 1847 nullique
2856 1777 2997 1829 intra
3052 1776 3263 1847 Gallias
3326 1774 3588 1847 religione,
3632 1777 3772 1830 scientia

2305 1857 2573 1911 opumque
2603 1845 2756 1910 copia
2785 1845 3045 1900 habeatur
3066 1846 3359 1909 secundus,
3392 1845 3449 1899 et
3470 1845 3639 1899 fratres
3661 1859 3773 1898 erm

2305 1912 2398 1966 bili
2426 1927 2619 1986 genere
2650 1913 3085 1986 Deoservientes
3110 1916 3210 1970 sub
3234 1914 3467 1986 regulari
3505 1923 3553 1968 et
3579 1914 3769 1986 monastic:

2304 1984 2476 2054 sancti
2509 1982 2781 2054 Benedicti
2814 1983 3014 2054 Regula
3046 1986 3243 2040 ibidem
3283 1982 3597 2054 a'gregassse.
3638 1982 3769 2035 item

2304 2051 2359 2121 in
2385 2052 2497 2121 jam
2549 2052 2716 2121 citato
2768 2051 2997 2108 concilio
3042 2051 3383 2109 Medardensi
3420 2051 3767 2121 ‘Patrescauszm

2303 2119 2530 2191 duorum
2560 2120 2676 2187 ejus
2715 2122 2814 2176 loci
2862 2122 3265 2187 Mouaehorum,
3300 2136 3573 2191 SECUNDUIV
3602 2120 3765 2191 [tractu

2305 2188 2492 2245 sacri
2523 2190 2835 2254 BENEDICTI,
2858 2194 3305 2246 exauiinaveruut
3324 2207 3463 2246 anno
3486 2190 3594 2252 855,
3612 2204 3688 2258 quo
3705 2188 3769 2242 lere

2304 2269 2545 2329 tempore
2602 2260 2923 2315 llincmarus
2979 2262 3313 2317 Rhemorum
3362 2262 3574 2315 antistes
3613 2258 3764 2312 ltollndo

2305 2327 2681 2400 Suessionensi
2703 2330 2957 2400 episcopo
2980 2332 3168 2387 scribit
3208 2349 3228 2381 ‹
3276 2346 3377 2400 pro
3404 2329 3685 2400 ordinatione
3703 2342 3764 2381 [110-

2304 2398 2526 2453 nasterii
2558 2397 3023 2465 sancti'Medardi,
3060 2411 3114 2456 et
3153 2397 3482 2455 restituenda
3513 2401 3559 2453 in
3584 2413 3634 2451 eo
3658 2397 3763 2464 [legu-

2302 2466 2386 2539 la.
2413 2487 2431 2519 ι
2465 2482 2532 2539 ex
2560 2467 2853 2539 Frodoardi
2884 2470 2976 2524 lib.
3008 2485 3089 2534 in,
3123 2485 3244 2539 cap.
3286 2470 3389 2535 21;
3422 2468 3638 2539 idemque
3662 2470 3757 2519 etiam

2303 2536 2585 2609 epistolam
2629 2537 2841 2609 direxit,
2867 2541 3144 2594 monachis
3177 2536 3421 2608 ejusdem
3450 2537 3673 2609 ςωιιοιξξίι
3707 2547 3759 2609 Pi?

2353 2607 2611 2679 ainoardo
2638 2608 2919 2679 monacho,
2952 2610 3042 2678 qui
3064 2605 3279 2663 veniam
3310 2624 3407 2679 pro
3434 2605 3759 2679 excessibussuis

2302 2678 2442 2745 apud
2495 2691 2675 2755 regem
2727 2672 3125 2755 postulaverat;
3187 2699 3208 2755 ρ
3243 2672 3325 2733 ρι’
3357 2693 3470 2747 cap.
3612 2672 3758 2755 Denaqrf

2304 2760 2465 2815 quam
2494 2747 2719 2814 regibus
2740 2756 3020 2815 acceptum
3064 2749 3228 2802 fuerit
3269 2746 3635 2815 monasterium
3657 2746 3756 2815 ειιιςιι

2303 2809 2947 2887 Medardi'exindegpaiet
2987 2825 3041 2872 et
3080 2817 3222 2887 quod
3282 2816 3527 2887 palatium
3570 2809 3757 2887 habuerint

2303 2884 2631 2957 monasterio
2655 2876 2984 2957 contiguum,
3027 2876 3165 2940 infra
3206 2876 3331 2957 cap.
3371 2884 3458 2957 4t),
3482 2891 3541 2957 et_
3562 2878 3667 2951 quod

2303 2953 2597 3025 monachos
2640 2950 2938 3025 exemérint
2990 2971 3021 3009 a
3076 2950 3295 3025 quovis"
3318 2954 3475 3009 onere
3515 2950 3752 3006 donorum!

2302 3022 2526 3088 militiae,
2560 3024 2704 3092 quod
2732 3026 2921 3097 paucis
2947 3022 3266 3081 concessum
3298 3032 3432 3079 erat.

1236 3389 1764 3473 ‘ODILONIS
1812 3393 2313 3473 EPISTOLA
2367 3400 2498 3476 AD
2558 3399 3205 3479 INGRANNUM.

695 3724 885 3817 Dlerito
930 3726 1260 3817 magniﬁcae“
1280 3729 1405 3785 ﬁdei
1458 3731 1793 3797 reverendo,
1853 3736 2201 3807 omniumque
2226 3724 2274 3785 C
2304 3738 2669 3807 grammaticae
2710 3738 3004 3810 disciplina:
3039 3741 3368 3799 omnimodis
3402 3755 3585 3813 expers
3606 3736 3671 3808 (illi
3694 3749 3749 3793 ωε
3814 3794 3815 3817 η

626 3811 845 3867 laudum
870 3814 1141 3883 praeconio
1181 3813 1473 3882 eﬂ'erendo,
1514 3817 1799 3887 lngranno,
1851 3820 2005 3879 Odilo
2050 3824 2199 3897 (457)

626 3901 866 3955 omnium
907 3902 1008 3957 sub
1043 3916 1234 3959 norma
1274 3905 1612 3962 cmnobitalis
1660 3908 1956 3978 disciplina:
2003 3911 2201 3982 degen-

629 3990 764 4046 tium
791 3992 1120 4062 peripsema.

698 4078 960 4151 Suscepto
1003 4081 1346 4152 paternitalis
1383 4092 1576 4140 vestrae
1626 4086 1848 4142 minime
1897 4092 2200 4158 spernendo

626 4170 875 4241 imperio,
920 4170 1117 4238 fateor,
1145 4180 1369 4244 stupens
1410 4174 1609 4230 haereo.
1645 4174 1796 4230 Licet
1829 4177 1973 4232 enim
2011 4193 2200 4232 mona-

625 4257 766 4314 cbile
791 4258 1064 4331 cingulum
1108 4259 1162 4314 in
1192 4262 1385 4331 agonia
1419 4262 1716 4332 spiritualis
1740 4264 1947 4318 militiae
1987 4264 2198 4334 profes-

623 4342 719 4405 sus
746 4349 869 4416 sim,
901 4358 957 4406 et
977 4350 1047 4405 ad
1079 4351 1284 4415 omnia,
1312 4352 1526 4407 tametsi
1562 4351 1797 4408 dilﬁcilia
1828 4353 2197 4423 imponantur,

515 4434 519 4439 ’
623 4449 871 4509 paratum
899 4454 987 4494 me
1014 4454 1134 4495 esse
1162 4440 1359 4495 debere
1384 4440 1659 4496 decretum
1687 4441 1889 4497 sentiat
1918 4442 2196 4513 regulare;

623 4528 859 4597 ingenue
889 4536 1067 4582 tamen
1106 4537 1274 4585 testor
1309 4530 1379 4584 ad
1407 4533 1809 4601 exsequendum
1859 4533 1989 4603 quid
2030 4534 2201 4602 injun-

624 4618 752 4690 gitis
775 4633 1113 4689 nequaquam
1143 4634 1229 4674 me
1256 4616 1374 4675 fore
1416 4620 1689 4677 idoneum.
1717 4622 1947 4693 Exigitis
1974 4625 2117 4679 enim
2139 4634 2202 4680 ut

622 4708 881 4777 qualiter,
931 4723 1106 4779 quove
1140 4710 1330 4772 ordine
1372 4713 1628 4782 agonistze
1666 4712 1970 4781 fortissimi,
2013 4716 2196 4772 domui

623 4797 831 4852 scilicet
885 4812 951 4852 ac
992 4798 1218 4869 piissimi
1283 4801 1609 4869 protectoris
1652 4802 1822 4857 nostri
1868 4801 2194 4872 Sebastiani,

622 4885 988 4941 virtutiferum
1039 4901 1235 4958 corpus
1295 4889 1365 4943 ad
1420 4905 1520 4946 nos
1573 4906 1743 4961 usque
1793 4892 2056 4963 perlatum
2102 4894 2192 4960 sit,

623 4991 812 5045 quaeve
855 4976 1116 5032 virtutum
1140 4976 1370 5048 insignia
1397 4989 1455 5033 et
1494 4979 1877 5035 miraculorum
1926 4983 2196 5053 magnalia

622 5067 940 5137 cunctisque
967 5066 1179 5122 saeculis
1204 5067 1521 5125 admiranda
1550 5071 1798 5141 gesserit,
1828 5071 2023 5128 litteris
2044 5072 2196 5129 festi-

622 5164 750 5211 nato
783 5155 1003 5226 alligare
1032 5165 1301 5228 satagam.
1340 5155 1557 5215 Grande
1596 5161 1811 5231 quidem
1861 5176 1999 5231 opus
2032 5171 2089 5218 et
2113 5163 2196 5220 sui

619 5247 992 5318 magnitudine
1036 5248 1173 5304 adeo
1217 5259 1500 5319 praestans,
1527 5258 1586 5306 ut
1635 5253 1886 5309 humanae
1930 5256 2194 5311 inbecilli-

618 5336 753 5390 tatis
779 5336 924 5393 vires
957 5337 1204 5393 excedat.
1226 5337 1379 5406 Quod
1402 5340 1615 5409 quidem
1646 5356 1744 5397 nec
1770 5342 1902 5412 ipse,
1936 5342 1983 5398 si
2010 5345 2193 5417 vulgo,

622 5434 685 5479 ut
734 5425 924 5492 aiunt,
980 5426 1250 5482 Homerus
1291 5442 1625 5501 emergeret,
1674 5431 1891 5502 explere
1960 5444 2188 5503 posset:

622 5522 825 5584 quanto
864 5516 1043 5572 minus
1091 5533 1191 5589 ego
1242 5520 1482 5576 tautillus
1523 5538 1773 5580 sermone
1816 5523 2102 5593 imperitus
2136 5535 2192 5581 et

604 5665 2042 5771 imiisl)55'ﬁtﬁ“i€°§3§'§ﬁ°¢9§l.-“i°Mi?"
2083 5680 2194 5736 Ro-

622 5750 836 5805 noutus,
857 5746 913 5794 at
933 5742 1189 5798 mendose
1208 5757 1274 5797 ex
1296 5744 1486 5815 dictis;
1513 5747 1566 5800 in
1587 5743 1805 5821 Jolianq
1817 5742 1971 5813 deest
1997 5765 2188 5805 nomen

2306 3829 2543 3899 quidem,
2576 3840 2636 3884 ut
2667 3830 2740 3885 ita
2776 3832 3029 3899 dixerim,
3072 3835 3217 3904 ipsos
3246 3837 3429 3890 aiones
3453 3833 3538 3904 (sic
3558 3833 3600 3884 in
3618 3827 3749 3882 10!in

2301 3919 2480 3999 etiam)
2508 3920 2576 3974 ad
2601 3920 2865 3990 liquidum
2899 3922 3178 3979 addiscere
3206 3925 3391 3980 valui?
3418 3923 3470 3979 Si
3510 3934 3599 3977 tam
3812 3950 3813 4009 ξ

2310 4020 2439 4065 onus
2477 4008 2744 4065 ﬂebilibus
2793 4012 3033 4068 humeris
3074 4013 3413 4084 imposuere,
3464 4021 3571 4067 ante
3605 4004 3747 4065 meisub

2303 4098 2449 4155 fasce
2477 4102 2740 4156 ruendum
2766 4105 2890 4170 erit,
2925 4119 3085 4174 quam
3112 4121 3303 4177 gressu
3332 4107 3498 4178 aliquo
3520 4105 3647 4160 libere
3664 4100 3747 4152 ίιαε
3810 4134 3811 4178 ι

2302 4188 2560 4243 dendum.
2587 4189 2915 4259 Oportuerat
2938 4193 3169 4263 denique
3190 4210 3281 4252 me
3312 4204 3464 4251 tantm
3484 4192 3552 4249 rei
3574 4186 3744 4257 magnitu-

2302 4276 2481 4331 dinem
2511 4277 2602 4331 diu
2642 4280 2965 4348 expendere,
2999 4289 3053 4337 et
3080 4284 3126 4337 si
3161 4285 3295 4353 quid
3326 4277 3669 4356 pulchritudinis
3691 4274 3745 4326 bI-

2294 4365 2447 4436 jusce
2492 4368 2737 4422 materiei
2778 4368 2955 4440 dignis
2998 4372 3246 4428 sensibus
3290 4374 3548 4442 concipere
3589 4373 3743 4437 possem

2300 4455 2451 4524 prius
2478 4455 2809 4525 explorare;
2845 4458 3040 4514 dehinc
3072 4461 3366 4517 auxiliante
3401 4458 3605 4518 Domino,
3640 4451 3671 4505 si
3698 4447 3742 4499 ἵν

2300 4546 2474 4602 cultas
2501 4547 2780 4617 explorata
2832 4560 3161 4620 suppeteret,
3196 4553 3341 4623 quod
3374 4544 3667 4621 injungebatis
3692 4551 3741 4590 at“

2300 4634 2497 4704 ripere.
2524 4636 2626 4690 Ast
2667 4651 2791 4691 cum
2832 4652 3069 4708 praesens
3118 4643 3381 4699 habeatur
3424 4642 3467 4696 is
3506 4636 3581 4708 qui
3613 4627 3740 4686 Ιιιιίίιω

2298 4736 2671 4794 prmproperus
2701 4725 2816 4780 haec
2862 4741 2982 4796 quae
3026 4730 3310 4787 scribenda
3354 4737 3468 4786 sunt
3494 4713 3741 4797 perferret]?

2298 4812 2444 4879 beat,
2474 4821 2531 4868 et
2557 4823 2738 4869 vestra
2775 4815 3034 4873 instantia
3060 4819 3117 4874 in
3160 4823 3431 4891 procinctu
3476 4804 3735 4872 maturandum

2295 4916 2432 4971 Opus
2456 4905 2761 4973 expostulat
2778 4945 2793 4970 ,
2822 4905 3125 4964 librandum
3169 4919 3254 4966 est
3281 4919 3458 4967 vestrae
3477 4893 3737 4962 sanctitati.“

2299 4992 2347 5048 si
2373 4993 2636 5063 perﬁcere
2672 4997 2965 5066 nequivero
3005 5001 3149 5069 quod
3190 5002 3403 5072 jubetis,
3435 5012 3527 5055 non
3553 4988 3648 5048 mihi
3669 4983 3734 5081 ,φ’

2300 5086 2503 5154 putetis
2528 5088 2618 5156 qui
2651 5096 2861 5144 tantum
2889 5104 3025 5159 opus
3059 5092 3221 5161 subii,
3249 5095 3340 5151 sed
3364 5091 3498 5148 vobis
3531 5082 3601 5155 (Ιιιί

2300 5174 2525 5229 fecistis.
2568 5175 2754 5246 Neque
2800 5177 2854 5233 in
2884 5193 2951 5235 eo
2977 5182 3264 5238 verborum
3292 5183 3462 5245 falera,
3493 5189 3576 5231 non
3610 5165 3729 5229 6’00"“

2299 5272 2640 5320 venustatem
2663 5268 2951 5324 attendatis
2969 5287 2983 5337 ;
3006 5287 3114 5327 non
3129 5273 3271 5328 enim
3292 5271 3498 5344 qualiter
3511 5256 3728 5344 quanm‘?

2298 5355 2482 5424 volui,
2549 5357 2643 5412 sed
2699 5357 2803 5414 feci
2858 5361 3108 5430 qualiter
3166 5340 3472 5434 quantumve
3514 5346 3665 5425 potui:
3698 5340 3727 5385 ⁸

2298 5447 2424 5504 licet
2476 5450 2707 5513 rustice,
2754 5465 2883 5506 vera
2943 5461 3123 5510 tamen
3166 5458 3325 5512 edidi.
3392 5452 3452 5508 Ut
3495 5442 3602 5501 enim
3635 5436 3722 5498 ei”

2299 5537 2417 5608 gius
2438 5536 2627 5592 doctor
2666 5537 3022 5611 Hieronymus
3059 5544 3137 5597 ait
3166 5562 3179 5599 :
3210 5564 3229 5597 ι
3263 5522 3721 5600 Τοιετθιιίιὶυεθειτεη

2300 5694 2556 5756 auctoris,
2586 5687 2728 5756 quod
2778 5687 2831 5742 in
2879 5687 3057 5745 fronte
3100 5693 3348 5750 scribitur
3391 5686 3603 5743 Οοιιοιιιε.
3634 5651 3713 5733 0“"d

2298 5755 2525 5822 proinde
2547 5756 2650 5811 hoc
2677 5758 2794 5813 loco
2824 5760 3073 5830 supplere
3097 5764 3265 5818 visum
3286 5768 3377 5816 est.

3802 4620 3805 4781 J
