3920 6422
117 396 247 472 set

1000 413 1087 468 DE
1126 411 1510 468 TRANSLAT.
1554 411 1611 466 S.
1653 407 2051 465 SEBASTIANI
2101 412 2188 466 ΕΤ
2228 411 2286 468 S.
2319 411 2529 468 GREG.

3297 419 3404 476 582
3430 425 3436 430 ’

154 522 395 591 ~i‘dstice,
422 539 582 596 quam
620 522 755 581 falsa
801 523 1000 580 diserte
1035 524 1300 594 proferre.
1330 545 1350 577 ι
1400 525 1506 579 Sed
1541 523 1726 578 mirari
1753 531 1806 590 Α
1829 522 2137 594 apostolica:
2175 534 2303 580 tunc
2347 524 2596 594 praesule,
2631 537 2754 580 ossa
2802 524 3100 582 beatissimi
3148 534 3404 602 martyris

143 632 260 672 non
313 615 532 682 desino,
583 615 969 686 quomodo‘tot
1020 616 1280 669 immensa
1335 613 1552 679 sidera,
1623 621 1731 668 tam

145 705 393 775 ingentia
421 714 476 760 et
518 705 728 760 cunctis
775 703 986 760 saeculis
1019 704 1334 758 admiranda
1368 703 1624 756 virtutum
1651 701 1734 756 in-

143 795 351 863 signia,
376 807 494 864 quze
522 808 618 863 per
638 794 780 848 hunc
799 792 1017 863 speciali
1036 793 1311 864 privilegio
1334 806 1548 861 semper
1565 791 1733 846 hono-

147 883 401 946 randum,
428 883 779 938 excolendum
801 898 864 938 ac
883 883 1243 938 venerandum
1266 892 1555 954 martyrem
1578 897 1733 936 suum

145 971 405 1026 Christus
449 973 662 1041 operari
711 973 961 1042 dignatus
1007 982 1111 1037 est,
1171 973 1224 1026 in
1276 971 1526 1026 laudabili
1574 971 1732 1026 sileno

149 1061 231 1113 tio
261 1059 407 1130 (458)
437 1055 606 1128 usque
634 1061 701 1114 ad
730 1061 872 1115 hanc
897 1061 1158 1130 supprimi
1181 1061 1451 1131 quiverint
1471 1070 1685 1115 aetatem
1713 1077 1728 1116 :

146 1151 393 1204 maxime
417 1165 540 1205 cum
560 1160 745 1207 notum
773 1153 842 1207 sit
864 1153 1018 1208 istius
1043 1153 1160 1224 [al.,
1185 1153 1364 1226 hujus]
1387 1163 1586 1209 sancta:
1605 1169 1734 1210 con-

143 1240 481 1310 gregationis
518 1240 766 1298 alumnos
793 1242 957 1296 animi
987 1243 1249 1312 sapientia
1289 1253 1344 1298 et
1373 1243 1544 1298 faceta
1570 1243 1732 1298 urba-

143 1328 326 1382 nitate
355 1343 566 1399 semper
586 1330 756 1386 fuisse
781 1329 1059 1400 profusos;
1093 1333 1196 1387 nisi
1235 1333 1372 1388 forte
1415 1334 1469 1388 id
1505 1333 1731 1403 recipia-

143 1432 296 1481 mus,
327 1420 468 1488 quod
490 1428 547 1474 et
577 1419 649 1475 ita
673 1436 791 1476 esse
820 1422 1027 1476 ratione
1077 1438 1180 1476 non
1228 1414 1528 1491 spernenda
1561 1423 1729 1493 conji-

144 1509 320 1575 citur,
345 1511 521 1565 divina
545 1512 801 1567 miracula
821 1528 886 1568 ex
909 1513 1223 1578 assiduitate
1249 1515 1488 1570 viluisse.
1513 1516 1578 1569 Et
1604 1516 1728 1570 dum

144 1601 259 1655 hoc
283 1601 334 1656 in
363 1602 477 1658 loco
502 1604 755 1660 continua
781 1606 1054 1676 signorum
1085 1605 1384 1676 frequentia
1422 1607 1592 1677 magis
1616 1621 1728 1660 ma-

141 1692 343 1762 gisque
379 1692 705 1761 fruerentur,
729 1707 784 1751 et
808 1697 959 1751 miris
998 1713 1209 1766 semper
1248 1699 1491 1752 miranda
1538 1712 1726 1753 succe-

141 1783 380 1848 derent;
400 1777 693 1841 reCentium
718 1787 871 1858 copia
894 1788 1164 1855 delectati,
1193 1790 1490 1859 praeterita,
1519 1804 1637 1858 quae
1670 1796 1725 1845 et
1767 1847 1770 1850 ,

1829 610 2031 666 Christi
2051 605 2353 668 Sebastiani
2383 614 2609 684 accepit,
2635 622 2689 669 et
2711 630 2774 669 ea
2799 616 2938 685 apud
2959 615 3404 676 Suessionensem

1831 701 2106 758 civitatem
2130 703 2183 758 in
2215 703 2491 758 basilicam
2519 705 2693 760 sancti
2718 705 2954 762 Medardi
2986 707 3290 775 collocavit,
3313 710 3406 766 ubi

1832 793 1958 848 dum
1981 793 2258 849 inhumata
2288 795 2343 849 in
2374 794 2549 849 loculo
2577 795 2632 848 in
2657 811 2762 865 quo
2807 797 2970 852 allata
2991 803 3226 864 fuerant,
3245 797 3404 868 juxta

1831 883 2093 938 tumulum
2117 885 2291 940 sancti
2319 883 2553 940 Medardi
2579 874 2841 952 jacercnt,
2870 895 3016 942 tanta
3043 889 3317 959 signorum
3340 904 3406 946 ac

1830 972 2197 1043 prodigiorum
2224 972 2511 1028 multitudo
2538 971 2752 1039 claruit,
2783 981 2928 1029 tanta
2950 976 3211 1030 virtutum
3238 976 3322 1031 vis
3349 977 3406 1031 in

1831 1061 1978 1113 omni
2007 1076 2201 1131 genere
2230 1062 2521 1116 sanitatum
2546 1075 2642 1131 per
2683 1063 2921 1118 divinam
2959 1065 3188 1135 gratiam
3219 1065 3271 1120 in
3302 1081 3404 1121 no-

1832 1149 1976 1203 mine
2002 1149 2240 1218 ejusdem
2268 1149 2564 1206 beatissimi
2601 1151 2854 1223 martyris
2882 1153 3092 1218 enituit,
3119 1163 3227 1208 uta
3258 1153 3406 1210 nullo

1831 1240 2140 1296 mortalium
2189 1242 2500 1298 eorumdem
2548 1243 2936 1300 miraculorum
2976 1255 3087 1304 .aut
3145 1262 3405 1303 numerus

1830 1331 2364 1398 comprehendi,'aut
2409 1332 2644 1387 varietas
2689 1333 2868 1388 verbis
2915 1334 3094 1389 valeat
3123 1335 3402 1405 explicari.

1829 1419 2069 1487 Quorum
2103 1426 2345 1492 quaedam
2383 1425 2518 1477 tanti
2559 1425 2824 1494 stuporis,
2847 1440 2966 1480 esse
3001 1435 3310 1492 narrantur,
3343 1434 3403 1482 ut

1830 1510 2075 1565 humana:
2103 1513 2489 1568 imbecillitatis
2511 1514 2670 1569 ﬁdem
2696 1515 3040 1582 excederent,
3069 1516 3170 1572 nisi
3197 1525 3404 1571 certum

1829 1607 1972 1652 esset
1993 1598 2275 1652 Dominum
2315 1609 2560 1654 nostrum
2605 1597 2788 1655 Jesum
2834 1600 3130 1668 Christum,
3173 1617 3271 1673 pro
3296 1617 3404 1672 quo

1828 1687 1970 1740 idem
1992 1687 2336 1741 beatissimus
2360 1698 2566 1758 martyr
2584 1703 2776 1756 passus
2799 1699 2903 1756 est,
2935 1691 3269 1761 dignoscitur
3289 1706 3403 1745 om-

1827 1778 1916 1831 nia
1946 1793 2066 1847 qua:
2091 1777 2222 1844 vult,
2253 1777 2430 1834 facere
2467 1794 2626 1848 posse
2649 1793 2746 1848 per
2783 1780 3020 1834 divinam
3065 1781 3402 1852 omnipoten-

144 1888 436 1929 numerum
466 1876 638 1946 ipsum
669 1879 966 1948 transgredi
996 1879 1264 1946 dicebant,
1291 1880 1487 1936 litteris
1510 1881 1727 1952 alligare
1755 1883 1801 1943 B
1831 1868 1978 1934 liam:
2012 1869 2065 1922 ίη
2091 1884 2196 1938 qua
2222 1869 2294 1923 ίηί
2323 1870 2499 1924 omnis
2533 1879 2779 1924 ετθθιυηι
2819 1870 2872 1924 in
2913 1871 3052 1926 (ῖαῖιο
3076 1881 3132 1926 el
3170 1871 3226 1926 in
3256 1881 3338 1926 “3"
3343 1887 3399 1925 1⁸³

141 1962 503 2021 inofﬁciosum
523 1976 578 2022 et
606 1968 783 2022 minus
805 1969 932 2022 utile
959 1970 1264 2039 opinantes,
1292 1973 1520 2041 torpenti
1547 1972 1726 2026 studio

132 2053 440 2109 obmisere.
474 2055 579 2110 Sed
616 2057 949 2127 Agenardus,
990 2067 1347 2127 cognomento
1378 2059 1624 2130 Sapiens,
1657 2075 1720 2114 ea

138 2143 243 2211 qui
285 2152 600 2214 tempestate
648 2147 947 2202 habebatur
987 2149 1240 2220 insignis,
1281 2149 1438 2218 hujus
1470 2167 1722 2206 reveren-

139 2232 346 2287 tissimi
386 2235 639 2290 caelicolae
675 2239 1000 2293 mentionem
1033 2239 1084 2292 in
1121 2239 1288 2309 gestis
1326 2241 1599 2294 Caesarum
1625 2241 1722 2295 Ca-

140 2320 254 2374 roli
283 2320 454 2391 ﬂagni
481 2330 536 2376 et
563 2323 654 2377 ﬁlii
687 2325 854 2394 ipsius
890 2325 1148 2380 Ludovici
1178 2327 1384 2381 faciens
1423 2328 1633 2397 (Emam.
1666 2330 1719 2383 in

140 2410 392 2480 Annal.),
418 2412 558 2466 inter
579 2413 683 2467 alia
714 2431 832 2484 quae
859 2417 1115 2470 annotivo
1137 2432 1296 2472 cursu
1331 2417 1587 2482 dictabat,
1613 2433 1719 2473 non

141 2501 496 2569 inoperosum
543 2504 697 2558 duxit
731 2505 979 2560 mortalia
1034 2517 1152 2561 acta
1214 2508 1483 2562 inmortali
1517 2509 1722 2577 astipu-

146 2590 354 2645 latione
377 2592 654 2660 roborare,
679 2595 752 2649 ita
774 2597 986 2652 dicens:
1015 2617 1033 2649 ‹
1054 2599 1186 2652 Dum
1211 2599 1323 2653 haze
1347 2609 1596 2670 aguntur,
1623 2600 1728 2655 Hil-

139 2681 348 2736 duinus
370 2683 533 2740 abbas
556 2689 868 2742 monasterii
891 2690 1060 2744 sancti
1092 2690 1328 2760 Dionysii
1352 2690 1577 2745 Romam
1603 2692 1726 2746 mit-

138 2781 292 2838 tens,
333 2784 600 2831 annuente
635 2779 885 2848 precibus
915 2780 1030 2850 ejus
1065 2781 1301 2853 Eugenio
1343 2791 1543 2837 sancta:
1582 2783 1727 2838 sedis

1829 1960 2069 2030 subjecta
2091 1967 2193 2014 est.
2246 1978 2264 2011 ι
2314 1960 2390 2014 De
2428 1960 2513 2014 his
2560 1961 2875 2031 Agenardus
2907 1961 2980 2016 ita
3010 1979 3026 2016 :
3059 1961 3215 2026 Hinc,
3245 1961 3404 2016 Pater

1828 2052 2158 2120 aequissime,
2208 2060 2298 2106 tua
2333 2051 2708 2108 benedictione
2738 2053 2986 2120 donatus,
3035 2055 3246 2124 tuisque
3279 2055 3403 2110 bea-

1829 2141 2049 2196 tissimis
2099 2141 2306 2197 meritis
2356 2141 2726 2211 prtemu‘nitus,
2755 2152 3017 2212 quantum
3051 2145 3168 2214 ipso
3205 2145 3404 2200 eximio

1825 2239 2066 2299 martyre
2107 2230 2330 2299 juvante
2373 2231 2553 2286 divina
2587 2231 2783 2286 faverit
2827 2233 3108 2289 clementia
3135 2275 3149 2301 ,
3198 2249 3401 2305 przece-

1825 2321 1992 2390 ptioni
2023 2331 2215 2376 vestrae
2255 2322 2473 2377 humilis
2499 2334 2795 2391 exsecutor
2837 2341 3029 2394 parere
3080 2327 3310 2392 curabo;
3345 2336 3400 2380 et

1826 2410 1952 2478 quia
1988 2425 2094 2463 non
2117 2410 2338 2465 obedire
2383 2411 2648 2479 culpabile
2680 2412 2975 2482 judicatur,
3018 2423 3073 2469 et
3122 2415 3263 2485 quod
3293 2431 3402 2470 non

1827 2508 1909 2553 est
1936 2514 2110 2568 posse,
2158 2499 2293 2553 velle
2335 2514 2661 2569 praesumere
2708 2503 3128 2572 prmsumptibile
3172 2503 3398 2569 dicitur;

1827 2587 1968 2642 malo
1995 2589 2062 2643 de
2090 2589 2357 2658 imperitia
2391 2590 2571 2658 potius
2591 2605 2752 2658 quam
2791 2591 2857 2646 de
2891 2599 3200 2663 contemptu
3237 2591 3401 2647 edicti

1827 2679 2089 2750 regularis
2114 2695 2144 2733 a
2169 2695 2439 2749 quoquam
2469 2680 2765 2750 suggillari.

220 2903 464 2987 (4§§)__Et
485 2918 664 2987 tamen
689 2908 958 2987 Auctorin
985 2909 1086 2987 ﬁne
1106 2911 1261 2981 hujus
1287 2909 1409 2965 libri
1435 2911 1511 2966 ait
1535 2924 1821 2982 superesse
1849 2910 1902 2965 in
1934 2926 2031 2967 suo
2081 2911 2484 2984 cartophylacio
2510 2913 2824 2970 schedulam
2869 2915 3121 2984 Rodoini,
3158 2916 3391 2987 plurima

146 2974 330 3028 sancti
361 2975 615 3048 Martyris
644 2974 905 3034 miracula
935 2974 1322 3036 continentem.

149 3115 3391 3153 MM

227 3215 510 3274 RELATIO
547 3234 1001 3289 MEMORABILIS,
1035 3217 1409 3296 cunctisque
1438 3214 1786 3277 Galliarum
1822 3216 2077 3294 populis
2103 3216 2389 3280 solemni
2413 3236 2550 3280 eam
2583 3219 2932 3282 devotione
2965 3220 3400 3284 recolentibus

141 3311 519 3387 perenniter
545 3313 911 3392 profectiva,
948 3313 1228 3393 qualiter
1255 3313 1614 3375 beatissimi
1645 3314 2002 3376 Sebastiani
2045 3316 2414 3380 venerabile
2449 3334 2680 3395 corpus
2714 3337 2746 3380 a
2786 3319 3112 3383 Ludovico
3148 3322 3400 3382 Caesare

146 3405 535 3484 imperatore
575 3417 635 3471 et
680 3412 757 3472 ab
810 3411 1101 3489 Eugenio
1137 3417 1369 3474 sanctae
1413 3414 1714 3473 Romanae
1745 3411 1918 3474 sedis
1955 3414 2252 3490 pontiﬁce
2293 3432 2695 3492 concessum,
2747 3419 2813 3479 in
2849 3419 3077 3481 Galliis
3118 3420 3400 3499 denique

143 3507 524 3571 translatum
558 3519 616 3572 et
645 3510 811 3588 apud
841 3512 1224 3571 Suessorum
1257 3511 1578 3572 civitatem
1610 3510 1948 3590 perlatum,
1996 3511 2346 3576 honoriﬁce
2391 3522 2764 3595 susceptum
2792 3524 2983 3598 atque
3029 3519 3399 3598 depositum

144 3612 251 3668 est
283 3603 385 3667 die
414 3622 446 3666 ν
476 3604 704 3667 Iduum
735 3606 1210 3668 Decembrium.

641 3750 864 3807 CAPUT
902 3749 1190 3806 PRIMUM.

219 3847 378 3899 Anno
421 3845 682 3899 incarnati
727 3844 888 3900 Verbi
922 3843 1366 3915 octingentesimo
1409 3849 1605 3912 quarto
1627 3842 1719 3897 de-

143 3935 316 3998 cimo,
357 3933 494 3988 diva:
532 3933 805 3989 memoria:
859 3933 1160 3988 Ludovicus
1207 3932 1387 3987 Caesar
1427 3932 1720 4002 imperator

143 4027 445 4094 Augustus,
477 4023 651 4078 Caroli
693 4022 868 4093 Magni
899 4023 1060 4088 ﬁlius,
1103 4031 1224 4092 post
1251 4022 1594 4092 lacrymanda
1622 4037 1720 4076 sa:-

143 4112 290 4169 culis
310 4111 556 4167 omnibus
578 4112 748 4180 patris
768 4113 875 4168 fata
897 4126 1172 4182 suprema,
1206 4111 1366 4165 totius
1395 4110 1720 4165 monarchiae

144 4204 512 4276 principatum
547 4203 877 4261 Francorum
928 4202 1239 4274 praejudicio
1291 4202 1533 4272 adeptus,
1575 4201 1720 4257 nullo

146 4295 438 4349 adversum
465 4307 524 4348 se
547 4294 792 4363 opposito
829 4293 1092 4363 compacti
1138 4291 1287 4362 regni
1334 4291 1560 4360 sceptris
1585 4291 1719 4346 frui-

148 4393 243 4439 tus
264 4398 330 4438 ac
374 4391 662 4439 stemmate
697 4383 945 4447 donatus,
979 4373 1246 4438 universis
1289 4395 1720 4452 quaquaversum

147 4471 599 4542 applaudentibus
623 4481 844 4541 paterno
875 4481 958 4529 est
984 4473 1118 4528 solio
1140 4470 1450 4526 collocatus.
1475 4470 1574 4537 Qui
1598 4485 1722 4526 cum

147 4580 252 4635 per
281 4565 554 4620 immensa:
604 4565 880 4635 dignitatis
922 4565 1144 4636 gloriam
1175 4563 1406 4618 fascibus
1434 4562 1723 4632 imperiali-

147 4657 257 4710 bus
278 4655 633 4725 prtepolleret,
650 4656 926 4712 beatarum
951 4657 1206 4710 virtutum
1235 4656 1428 4725 quibus
1449 4670 1722 4724 nunquam

148 4745 280 4798 exui
297 4743 570 4813 praevalet,
597 4744 990 4799 immortalibus
1013 4743 1194 4798 infulis
1214 4758 1271 4799 se
1293 4742 1723 4813 magniﬁcentius

148 4851 420 4891 exornare
462 4836 772 4904 procuravit
814 4854 828 4889 :
875 4836 1140 4904 praecipue
1196 4835 1511 4890 memoriam
1541 4850 1604 4888 ac
1631 4849 1722 4904 pa-

154 4929 403 4984 tientiam
434 4928 486 4981 in
515 4928 659 4982 omni
711 4928 921 4982 actione
953 4943 1049 4982 sua
1087 4927 1503 4996 circumplexus,
1543 4928 1637 4983 sed
1669 4935 1725 4982 et

153 5020 461 5074 futurorum
493 5033 876 5088 nonnunquam
904 5019 1181 5090 praescius.
1214 5019 1312 5074 llic
1337 5019 1477 5074 inter
1500 5027 1724 5074 cunctos

1743 3757 1788 3820 α
1818 3748 1960 3806 inter
1990 3747 2218 3818 plurima
2245 3762 2364 3818 quae
2393 3749 2441 3805 ei
2465 3749 2730 3820 augustali
2752 3752 3085 3823 benignitate
3107 3760 3399 3818 commissa

1819 3835 2034 3891 fuerant
2096 3838 2458 3902 monasteria,
2513 3838 2744 3894 habebat
2793 3840 2847 3894 in
2895 3854 3183 3913 prospectu
3248 3849 3400 3906 urbis
3483 3847 3485 3850 ⁴

1822 3925 2150 3981 Suessorum
2177 3927 2482 3981 ctenobium
2515 3927 2715 3993 nobile,
2751 3931 2893 3998 quod
2921 3930 3189 3989 Clotarius
3215 3951 3392 4006 quon-

1821 4017 1942 4073 dam
1964 4032 2060 4072 rex
2090 4016 2426 4071 Francorum
2457 4015 2704 4086 tiliusque
2729 4017 2846 4086 ejus
2873 4018 3186 4090 Sigebertus
3220 4025 3274 4078 in
3301 4027 3399 4081 ho-

1821 4115 1952 4166 nore
1972 4110 2268 4166 beatissimi
2315 4109 2553 4163 Medardi
2601 4109 2927 4164 confessoris
2953 4111 3157 4168 Christi
3188 4117 3400 4186 magnis

1821 4209 2233 4260 construxerant
2254 4201 2585 4272 sumptibus;
2614 4200 2668 4254 in
2687 4216 2792 4268 quo
2812 4209 2865 4254 et
2890 4201 3005 4270 ejus
3027 4204 3398 4260 sacratissima

1822 4297 2062 4353 membra
2090 4293 2505 4350 tumulaverant.
2539 4291 2708 4360 Hujus
2738 4306 2866 4360 ergo
2904 4291 3008 4347 loci
3053 4292 3253 4350 fratres
3284 4295 3392 4352 Pa-

1826 4396 1904 4442 ter
1936 4386 2221 4442 Hilduinus
2246 4385 2435 4440 videns
2460 4382 2774 4438 monasticae.
2807 4381 3064 4452 religione
3088 4383 3312 4453 pollere,
3341 4395 3398 4441 et

1823 4477 2201 4536 ecclesiasticis
2226 4477 2621 4532 eruditionibus
2644 4488 2959 4530 assuescere
2983 4477 3390 4547 congratulans,

1823 4585 2009 4626 eorum
2054 4569 2348 4640 plurimum
2390 4566 2756 4622 delectabatur
2789 4567 3154 4635 provectibus,
3199 4576 3283 4634 et,
3334 4577 3398 4624 ut

1824 4663 1997 4732 magis
2020 4662 2298 4733 magisque
2336 4661 2405 4714 ad
2449 4657 2798 4730 perfectionis
2837 4656 3050 4712 culmen
3080 4659 3390 4724 tenderent,

1824 4754 2045 4810 monitis
2105 4753 2438 4808 salutaribus
2500 4751 2686 4807 sedulo
2748 4751 3094 4806 hortabatur.
3154 4751 3396 4823 Denique

1826 4854 1980 4900 tanto
2008 4859 2194 4900 amore
2220 4860 2284 4899 ac
2309 4843 2584 4914 diligentia
2615 4843 2790 4898 locum
2820 4843 2995 4913 ipsum
3022 4841 3279 4908 excoluit,
3303 4857 3398 4897 ex-

1826 4935 2271 5004 tulitopibusque
2322 4933 2533 4996 ditavit,
2572 4939 2632 4985 ut
2684 4930 2814 4985 nulli
2861 4930 3004 4984 intra
3047 4929 3249 4984 Gallias
3279 4928 3398 4983 reli-

1825 5024 2002 5094 gione,
2045 5022 2267 5076 scientia
2295 5034 2566 5089 Opumque
2593 5019 2744 5088 copia
2787 5018 3080 5072 haberetur
3104 5015 3392 5071 secundus.

154 5110 371 5179 imperii
419 5109 499 5164 sui
541 5110 827 5177 primates,
869 5125 1004 5180 quos
1045 5110 1267 5166 consilio
1310 5125 1408 5165 suo
1440 5102 1797 5175 asciverat,D
1826 5113 1994 5182 Hujus
2021 5122 2148 5166 tunc
2191 5121 2392 5166 sanctae
2439 5108 2875 5180 congregationis
2923 5107 3242 5177 praepositus
3284 5105 3395 5160 Ro-

151 5198 473 5254 Hilduinum
501 5200 747 5256 abbatem
780 5201 1290 5267 reverentissimum,
1314 5201 1488 5254 virum
1515 5216 1726 5270 quoque

156 5292 306 5348 omni
339 5294 621 5362 probitatis
644 5309 840 5364 genere
864 5294 1262 5365 permodestum
1293 5294 1545 5363 omnique
1574 5303 1726 5366 Saga-

153 5386 324 5442 citate
368 5394 422 5440 et
459 5384 721 5440 industria
760 5388 1063 5456 praeditum,
1117 5387 1322 5456 justitia
1355 5389 1722 5455 conspicuum,

155 5476 445 5532 sanctitate
487 5477 823 5545 praeclarum,
864 5478 916 5532 in
953 5487 1158 5532 tantum
1197 5477 1398 5532 amavit
1426 5487 1481 5533 et
1513 5479 1722 5544 extulit,

154 5575 220 5621 ut
249 5566 298 5621 ei
324 5567 606 5636 specialius
634 5568 890 5638 quidquid
928 5569 1188 5624 secretius
1221 5568 1556 5622 tractandum
1584 5577 1727 5623 esset

156 5663 542 5727 committeret,
569 5678 797 5733 eumque
837 5663 1322 5734 archieapellanum
1352 5663 1406 5717 in
1431 5663 1574 5717 omni
1627 5663 1725 5717 im-

159 5752 315 5821 perio
342 5768 436 5808 suo
467 5754 834 5809 constitueret.
876 5755 974 5810 llic
999 5755 1179 5826 itaque
1207 5754 1527 5811 venerabilis
1558 5753 1725 5809 abbas

1828 5205 2020 5260 doinus
2039 5203 2358 5266 habebatur,
2390 5201 2475 5255 vir
2517 5209 2706 5270 Sagax,
2751 5197 2904 5266 cujus
2931 5196 3143 5250 astutiae
3170 5203 3226 5249 et
3255 5194 3401 5264 inge-

1829 5297 1922 5351 nio
1947 5295 2215 5350 neminem
2263 5292 2433 5348 nostri
2487 5289 2744 5360 temporis
2777 5286 3096 5356 aequandum
3122 5293 3269 5355 puto.
3297 5283 3398 5339 llic

1829 5390 1899 5445 ob
1926 5389 2178 5444 meritum
2209 5402 2318 5442 sua:
2349 5383 2641 5447 ﬁdelitatis,
2665 5380 2874 5436 collatae
2901 5377 3005 5433 sibi
3027 5376 3284 5431 divinitus
3315 5375 3399 5430 in-

1831 5482 2050 5538 dustria:
2097 5488 2300 5534 tantam
2353 5473 2740 5530 familiaritatis
2794 5469 3024 5541 gratiam
3077 5468 3146 5523 ab
3204 5467 3393 5523 eodem

1830 5575 1991 5630 Patre
2028 5572 2365 5628 sanctissimo
2408 5568 2656 5623 llilduino
2699 5573 2783 5620 est
2807 5549 3250 5626 consecutus,'ut
3274 5575 3398 5614 eum

1831 5665 2079 5720 omnibus
2102 5660 2551 5717 monasteriorum
2590 5652 2909 5725 praepositis,
2939 5651 3029 5721 qui
3070 5666 3181 5706 suae
3209 5647 3401 5704 ditioni

1832 5753 2177 5821 suhjacebant
2191 5747 2522 5818 .prteferret.
2544 5743 2702 5809 Hinc,
2734 5741 2876 5796 fama
2900 5739 3166 5811 vulgaute,
3186 5736 3400 5796 celebre
