3848 5516
57 424 160 488 585

900 438 988 495 us
1028 418 1416 497 mansuri
1459 439 1519 495 s.
1561 430 1963 493 SEBASTIANI
2002 430 2090 487 ΕΤ
2129 431 2188 487 s.
2228 431 2431 488 caeo.

3183 430 3287 487 586

61 544 188 600 riale
211 546 566 614 expetendum
590 556 675 604 est
708 565 721 603 :
760 550 843 605 cui
874 552 918 606 si
962 552 1126 608 fuerit
1169 553 1458 619 laudabile,
1484 562 1613 608 tunc
1643 556 1692 613 A
1718 547 2085 603 beatissimum
2108 546 2306 616 Papam
2332 545 2625 617 Eugenium
2653 546 2874 617 rogabat
2898 545 3144 603 Rodoino
3165 564 3288 604 cum

56 646 445 707 consequenter
470 639 573 693 erit
593 641 941 698 immutabile.
973 643 1070 698 Cui
1119 644 1431 699 Rodoinus:
1469 645 1617 715 Opti-

58 741 221 791 mum,
246 727 440 796 inquit,
464 726 646 793 Pater,
698 741 801 784 tuze
853 733 1158 788 sanctitatis
1200 734 1498 789 decretum.
1533 734 1619 788 Di-

58 816 219 869 rectis
247 814 424 871 denuo
459 817 643 886 procul
675 833 706 872 a
745 817 955 875 Caesare
994 821 1385 893 gloriosissimo
1415 823 1482 877 ad
1521 823 1617 878 de-

56 905 353 959 ducendum
415 908 776 964 venerabilem
851 911 1098 966 abbatem
1170 914 1457 969 comitibus
1516 913 1620 969 iter

54 996 347 1049 accelerari
393 998 641 1063 suadent,
688 1010 1067 1058 asseverantes
1102 1017 1296 1074 magno
1322 1004 1614 1075 imperato~

52 1100 169 1139 rem
196 1087 403 1142 visendi
455 1103 577 1145 eum
627 1090 892 1147 desiderio
951 1093 1110 1149 allici.
1164 1094 1301 1150 Hinc
1344 1105 1621 1167 gratanter

50 1177 158 1232 iter
202 1189 485 1249 carpentes
520 1181 601 1236 ad
636 1180 818 1253 Aquas
845 1198 1013 1254 usque
1045 1184 1216 1241 Grani
1252 1186 1405 1259 (459)
1432 1204 1621 1259 perve-

49 1282 182 1322 nere
208 1268 410 1338 palatii.
462 1270 613 1327 Tunc
659 1277 977 1330 catervatim
1036 1278 1161 1333 hinc
1200 1278 1328 1334 inde
1381 1282 1618 1337 universi

43 1369 173 1409 enm
204 1357 563 1427 aonstipantes
601 1369 763 1432 atque
815 1380 976 1434 supra
1014 1368 1230 1422 modum
1260 1370 1617 1438 exsultantes,

45 1446 111 1498 ad
140 1448 439 1515 penetralia
463 1450 722 1508 induxere
772 1453 1160 1525 Augustorum.
1204 1456 1322 1523 Quo
1359 1468 1417 1513 ut
1461 1461 1621 1517 solito

40 1537 285 1601 gratiose
339 1549 653 1611 susceptus,
709 1559 925 1601 omnem
986 1546 1281 1616 perfuncta:
1338 1550 1621 1622 legationis

42 1628 248 1683 seriem
290 1632 498 1700 pandit.
530 1632 644 1701 Qua
700 1637 945 1692 absoluta
979 1641 1283 1709 gratulatur
1330 1644 1619 1700 admodum

36 1734 142 1788 pro
174 1721 310 1777 bene
336 1724 503 1794 gestis
539 1727 834 1797 Augustus,
870 1730 1037 1786 refert
1061 1733 1284 1803 gratias,
1315 1734 1544 1808 largitur
1568 1746 1623 1793 et

37 1816 295 1864 munera.
347 1812 600 1882 Deposito
646 1816 856 1887 imperii
919 1823 1207 1890 supercilio
1247 1823 1490 1896 Augusta
1520 1826 1618 1882 .lu-

1719 640 1833 695 suis
1858 638 2045 693 Romae
2078 637 2397 693 deferendas
2426 639 2768 702 contradidit,
2800 648 2855 694 et
2881 648 2937 693 ut
2960 655 3057 709 pro
3088 640 3285 695 virium

1716 727 2015 796 capacitate
2041 726 2242 782 laboris
2274 736 2327 782 et
2352 726 2549 798 ingenii
2591 728 2829 783 studium
2876 729 2941 784 ad
2997 731 3099 784 hoc
3135 745 3291 787 exse-

1718 818 1987 889 quendum
2012 818 2403 889 impenderent,
2434 821 2689 876 attentius
2713 823 3129 879 commendavit.

2313 908 2539 965 CAPUT
2578 911 2664 968 Vl.

1788 995 1834 1051 A
1864 996 2078 1051 Caesare
2120 996 2205 1051 bis
2263 997 2336 1051 ita
2393 999 2666 1069 eleganter
2702 1000 2998 1067 informati,
3052 1010 3107 1056 et
3152 1001 3292 1057 ultra

1716 1102 1879 1158 quam
1903 1089 1970 1143 de
1992 1096 2137 1143 tanta
2162 1088 2420 1157 dignitate
2454 1089 2723 1146 aestimare
2777 1102 3015 1161 poteras,
3063 1093 3294 1162 praedul-

1718 1180 1871 1234 cibus
1908 1179 2110 1235 osculis
2137 1188 2191 1234 et
2212 1180 2384 1235 sacris
2404 1180 2736 1251 amplexibus
2760 1184 2961 1238 viritim
2995 1185 3289 1255 amplexati

1718 1272 1978 1337 brachiis,
2002 1273 2235 1343 gratiose
2259 1271 2490 1338 dimissi,
2519 1273 2625 1329 iter
2664 1272 2865 1328 frustra
2899 1275 3164 1344 arripiunt
3213 1276 3295 1330 in-

1720 1362 1839 1417 seii.
1862 1362 2252 1433 Lingonensem
2283 1378 2451 1433 usque
2472 1364 2540 1419 ad
2565 1366 2753 1419 urbem
2795 1366 3023 1435 denique
3072 1377 3293 1436 perten-

1719 1450 1895 1507 dunt:
1931 1454 1983 1506 in
2009 1468 2116 1523 qua
2157 1452 2542 1522 aliquantisper
2581 1455 2861 1510 recreandi
2912 1456 3075 1521 vires,
3130 1460 3297 1528 aptis.

1719 1544 1913 1599 simum
1943 1543 2190 1600 locavere
2239 1546 2547 1601 tentorium.
2598 1544 2697 1601 llic
2742 1556 2867 1602 ante
2923 1547 3067 1603 fores
3108 1551 3297 1606 matris

1720 1636 1960 1692 ecclesia:
1985 1637 2200 1706 quidam
2223 1638 2507 1707 praevalida
2539 1639 2855 1709 aegritudine
2890 1640 3126 1711 graviter
3150 1656 3293 1711 prae-

1721 1738 1904 1797 reptus
1933 1729 2233 1783 decubabat
2265 1729 2547 1786 invalidus.
2580 1731 2777 1786 Eadem
2820 1733 2932 1802 ipsa
2984 1742 3142 1788 nocte
3189 1749 3295 1804 qua

1722 1818 1918 1874 ibidem
1950 1820 2341 1889 applicuerunt,
2374 1830 2495 1890 post
2526 1821 2682 1891 longa
2722 1823 2895 1878 diurni
2951 1824 3151 1879 doloris
3199 1840 3295 1879 su-

32 1898 186 1964 dith,
216 1899 445 1957 celebris
464 1912 519 1958 et
542 1903 769 1973 famosa,
788 1910 1027 1977 procedit
1052 1924 1120 1966 ex
1142 1912 1399 1980 triclinio,
1441 1915 1622 1971 solito-
1647 1910 1694 1968 B
1721 1912 1905 1981 spiria,
1933 1927 2057 1966 cum
2086 1912 2229 1968 fessa
2256 1913 2497 1968 membra
2530 1914 2709 1985 inepto
2751 1915 2911 1969 nimis
2962 1930 3154 1987 sapore
3210 1931 3297 1972 re~

31 2004 143 2058 que
178 1991 520 2050 aﬁectuosius
547 1999 908 2055 venerabilem
937 2002 1213 2072 excipiens
1251 2005 1525 2073 abbatem,
1557 2008 1623 2064 de

33 2078 161 2147 ejus
206 2080 498 2150 plurimum
545 2086 843 2143 exbilarata
884 2104 1147 2161 prospero
1170 2091 1499 2161 jocundatur
1542 2111 1625 2150 re-

32 2171 199 2237 ditu;
239 2173 433 2229 cohors
454 2189 669 2247 quoque
715 2180 893 2236 omnis
925 2181 978 2235 in
1024 2181 1141 2252 ejus
1189 2185 1344 2255 quasi
1372 2185 1428 2240 in
1454 2186 1624 2256 patris

32 2262 251 2334 proprii
274 2263 486 2321 laetatur
517 2282 786 2339 regressu.
918 2286 921 2287 '

673 2359 899 2416 CAPUT
940 2360 1002 2416 Υ.

104 2443 407 2516 Postquam
439 2445 640 2503 affatim
668 2451 862 2520 gaudio
892 2461 1018 2506 sunt
1037 2452 1341 2520 exhilarati,
1366 2470 1471 2511 non
1522 2456 1622 2511 im-

24 2549 255 2589 memor
270 2537 425 2592 bonae
439 2540 716 2595 memoria:
738 2540 1026 2598 Hilduinus
1049 2544 1178 2614 (hoc
1197 2545 1339 2600 enim
1357 2546 1406 2603 ei
1423 2547 1627 2617 epitheb

22 2633 129 2678 ton
160 2623 361 2694 inerat)
391 2626 534 2694 quod
558 2642 589 2681 a
614 2643 712 2683 suo
743 2628 885 2685 fideli
918 2630 1163 2689 Rodoino
1218 2636 1267 2689 ei
1315 2646 1623 2707 suggestum

19 2713 247 2778 fuerat,
275 2726 487 2786 captata
517 2722 917 2789 opportunitate
941 2724 1044 2780 hoc
1075 2726 1247 2794 ipsum
1274 2727 1500 2799 Augusti
1533 2744 1626 2783 au-

16 2804 201 2858 ribus
228 2804 480 2859 intimare
524 2809 755 2863 curavit.
812 2810 909 2867 Cui
954 2814 1371 2884 benignissimus
1420 2825 1477 2871 ut
1510 2826 1625 2872 erat

13 2892 346 2958 imperator
374 2911 388 2947 ς
427 2892 541 2949 Non
571 2897 665 2951 tibi
692 2898 1046 2969 improbabile
1068 2916 1189 2957 esse
1216 2904 1396 2969 debet,
1424 2904 1564 2974 quod
1593 2920 1625 2960 a

14 2988 130 3035 tuo
165 2991 463 3052 nostroque
485 2985 629 3042 ﬁdeli
656 2998 904 3059 prompta
933 2990 1220 3047 dovotione
1268 2995 1573 3065 suggeritur
1605 3009 1620 3048 :

16 3070 140 3124 erit
166 3070 315 3124 enim
348 3071 474 3138 hoc,
502 3074 546 3129 si
578 3090 666 3132 res
694 3076 944 3134 effectum
984 3081 1253 3147 habuerit,
1309 3099 1416 3138 non
1466 3085 1623 3142 nobis

13 3158 240 3224 solum,
291 3163 385 3214 sed
437 3162 597 3218 totius
642 3166 793 3236 regni
840 3168 1214 3237 gubernaculis
1260 3171 1623 3240 profuturum.

1723 2003 1989 2069 solvisset,
2020 2019 2079 2059 se
2122 2019 2303 2061 coram
2354 2005 2730 2061 inenarrabilis
2781 2006 3081 2077 splendoris
3135 2016 3297 2077 atque

1721 2091 1944 2166 fulgoris
1977 2096 2129 2149 nimii
2160 2110 2444 2165 personam
2469 2105 2644 2152 astare
2666 2099 2925 2169 conspicit
2958 2109 3295 2169 :aspcctum-

1721 2198 1825 2253 que
1856 2183 1971 2252 ejus
1998 2200 2102 2240 non
2125 2184 2323 2251 ferens,
2349 2195 2509 2257 caput
2538 2188 2933 2257 circumagens,
2988 2204 3088 2244 nec
3146 2205 3294 2244 mor-

1724 2273 1817 2327 tali
1853 2273 2054 2329 lumine
2106 2275 2446 2331 reverberata
2490 2278 2767 2333 oculorum
2809 2281 2925 2335 acie
2972 2292 3293 2350 przesentcm

1724 2364 2002 2419 intendere
2022 2365 2228 2430 valens,
2256 2365 2323 2420 ab
2358 2368 2544 2422 eadem
2578 2369 2790 2423 blandis
2838 2371 3062 2425 nimium
3117 2373 3292 2427 all‘aai-

1723 2453 1824 2507 bns
1849 2452 2105 2522 quidnam
2131 2453 2201 2508 ibi
2220 2464 2423 2526 ageret,
2450 2470 2557 2525 quo
2581 2465 2776 2512 eventu
2798 2458 3099 2513 molestiam
3122 2461 3294 2531 ipsam

1722 2542 2039 2597 incurrisset
2060 2553 2461 2613 percunctatur.
2488 2544 2717 2601 Causam
2749 2548 2922 2602 reddit
2950 2549 3293 2617 incommodi,

1724 2639 1935 2699 tempus
1954 2631 2229 2699 exprimit.
2259 2632 2352 2687 llle
2395 2649 2628 2698 rursum,
2691 2651 2756 2688 an
2796 2635 3038 2707 pristinae
3077 2639 3295 2693 sanitati

1722 2718 1880 2773 vellet
1906 2720 2119 2775 restitui
2149 2722 2430 2791 perquirit.
2458 2722 2559 2790 Qui
2583 2732 2637 2778 et
2668 2724 2769 2779 sibi
2794 2740 2956 2796 super
2980 2727 3083 2783 hoc
3110 2729 3299 2797 ingens

1722 2820 1843 2861 esse
1861 2807 2211 2875 desiderium,
2239 2810 2284 2863 si
2311 2810 2491 2879 aliquo
2518 2810 2675 2865 modo
2722 2811 2775 2865 id
2828 2827 3048 2882 sperare
3094 2825 3296 2885 posset,

1725 2900 2020 2969 respondit.
2046 2899 2145 2955 Cui
2166 2901 2255 2955 ille
2278 2902 2429 2972 virga
2449 2916 2609 2972 quam
2640 2918 2801 2958 manu
2842 2907 3085 2976 gestabat
3133 2922 3298 2963 aurea

1722 2989 1932 3061 plagam
1957 2990 2244 3062 locumque
2282 2993 2500 3062 hospitii
2551 2995 2857 3065 designans,
2912 2996 3057 3053 Vade
3101 2999 3297 3070 inquit,

1724 3081 1777 3135 in
1812 3082 2129 3137 suburbium
2158 3082 2321 3148 istud,
2352 3093 2407 3139 et
2427 3085 2731 3154 huiusmodi
2756 3087 3010 3156 quaesitos
3061 3092 3298 3159 reperies

1724 3169 1869 3225 viros
1911 3170 2139 3225 Romam
2190 3187 2413 3242 pergere
2458 3174 2841 3244 disponentes:
2873 3193 3089 3235 causam
3134 3196 3298 3250 quam

15 3248 216 3315 Quem
263 3264 394 3320 ergo
437 3252 679 3321 delegisti
733 3255 889 3312 nobis
934 3261 1319 3329 congruentius
1374 3273 1625 3333 expeten-
1651 3257 1694 3318 C
1727 3259 2019 3314 moliuntur
2048 3261 2241 3316 divina:
2264 3278 2368 3318 non
2397 3278 2515 3319 esse
2542 3266 3053 3335 praedestinationis,
3084 3284 3200 3325 mea
3230 3287 3299 3327 ex

15 3340 206 3395 dum?
232 3339 500 3396 Evocatur
525 3344 798 3403 Rodoinus
821 3349 1066 3420 regisque
1095 3353 1364 3409 exbibitns
1387 3371 1626 3426 praesen-

17 3430 144 3495 tiae,
183 3428 252 3483 de
277 3430 382 3486 hoc
423 3433 539 3501 ipso
585 3436 653 3489 ab
702 3438 891 3493 eodem
943 3452 1237 3498 conventus
1279 3444 1623 3513 imperatore,

16 3531 222 3575 ratam
250 3523 521 3595 citamque
562 3528 792 3584 reddidit
833 3532 1158 3587 sententiam
1213 3535 1417 3603 dicens,
1447 3538 1623 3595 Silve-

15 3618 220 3666 strum
246 3614 514 3681 quondam
540 3628 945 3673 sacrosanctum
977 3621 1299 3688 antistitem,
1336 3626 1382 3679 si
1431 3637 1625 3683 vestrae

16 3702 448 3759 sublimissimze
468 3705 598 3761 libet
633 3705 920 3775 maiestati,
963 3709 1199 3767 arbitror
1244 3718 1621 3782 expetendum.

12 3792 285 3861 Accepto
307 3791 413 3848 fert
424 3793 695 3865 Augustus
711 3797 826 3867 ejus
840 3798 1116 3855 deﬁnitum
1131 3816 1458 3872 sermonem,
1482 3807 1626 3863 itane

14 3880 303 3936 omnibus
348 3886 683 3954 complaceat
724 3890 1103 3946 assistentibus
1162 3893 1486 3951 sciscitatur.
1541 3897 1629 3955 Fit

15 3986 181 4027 unus
214 3972 456 4028 omnium
487 3975 540 4030 in
576 3977 678 4033 hac
702 3994 761 4034 re
788 3994 1102 4057 consensus,
1124 3993 1180 4039 et
1209 3993 1266 4040 ut
1294 3984 1505 4043 felicem
1531 3990 1627 4046 ob-

17 4060 223 4115 tiueat
246 4062 448 4118 exitum
478 4068 617 4123 votis
666 4069 1031 4139 imprecantur
1076 4076 1377 4132 unanimes.
1420 4079 1628 4137 Annuit

16 4150 345 4221 imperator
369 4152 559 4222 libens,
583 4166 637 4213 et
659 4160 726 4214 ad
749 4160 852 4216 hoc
889 4164 1310 4232 exsequendum,
1363 4178 1624 4235 quantum

15 4243 232 4297 divina
256 4241 450 4301 faverit
471 4250 668 4317 gratia,
711 4251 930 4322 plenum
977 4256 1206 4325 spondet
1251 4259 1620 4329 obsequium;

11 4333 248 4387 dehinc
272 4335 522 4393 dilectum
552 4340 653 4395 sibi
675 4343 923 4398 abbatem
950 4359 1076 4400 cum
1110 4346 1356 4405 Rodoino
1407 4351 1474 4407 de
1529 4366 1624 4407 ex-

14 4423 325 4493 peditione
354 4429 487 4482 tanti
510 4430 717 4486 itineris
757 4433 1006 4489 hortatur
1051 4451 1116 4491 ac
1143 4448 1470 4508 commonet,
1510 4441 1623 4498 Ro-

1727 3360 1881 3422 parte
1905 3351 2228 3410 innotesces.
2258 3354 2339 3410 Ad
2366 3370 2526 3425 quem
2564 3355 2653 3412 ille
2678 3360 3061 3416 tremebundus
3106 3371 3161 3416 et
3202 3379 3299 3418 an-

1727 3442 1848 3498 xius
1874 3459 1890 3498 :
1922 3445 2168 3511 Domine,
2196 3459 2304 3514 quo
2333 3454 2383 3500 te
2410 3445 2573 3514 jubes
2595 3449 2812 3504 nomine
2861 3454 3192 3508 monstrari?
3233 3453 3303 3509 Et

1724 3532 1999 3605 illezEgo
2057 3551 2209 3601 sum,
2265 3536 2477 3606 inquit,
2535 3536 2881 3596 Sebastianus
2924 3551 3148 3615 martyr,
3205 3551 3299 3615 qui

1725 3625 1910 3681 Romae
1933 3642 2030 3696 pro
2073 3627 2272 3682 Christi
2316 3628 2410 3683 Dei
2466 3629 2802 3686 confessione
2848 3631 3077 3689 fustibus
3128 3652 3301 3695 caesus

1724 3717 1973 3784 occubui,
2014 3732 2119 3788 qua
2151 3726 2207 3773 et
2263 3732 2488 3788 corpore
2538 3720 2799 3777 hactenus
2848 3724 3088 3794 sepultus
3129 3726 3297 3797 jacui.

1726 3808 1843 3864 Mea
1875 3809 1980 3864 illis
2007 3811 2239 3865 humana
2260 3827 2291 3866 a
2321 3812 2548 3869 Domino
2575 3828 2695 3869 esse
2722 3830 2997 3883 concessa,
3031 3834 3136 3873 non
3182 3820 3301 3891 ejus

1724 3915 1822 3971 pro
1844 3917 1950 3972 quo
1978 3901 2200 3968 vadunt,
2233 3904 2498 3958 noverint.
2532 3904 2610 3958 Ad
2636 3907 2750 3961 haec
2771 3906 2859 3961 ille
2883 3924 2896 3959 :
2920 3906 3295 3978 Pmceptioni,

1727 3992 1922 4062 inquit,
1949 4001 2053 4048 tua:
2075 3994 2460 4049 serenitudinis
2499 4011 2692 4064 parere
2720 4012 2825 4051 non
2855 4012 3105 4064 renuens,
3137 4016 3298 4070 quam

1724 4082 1955 4138 libenter
1976 4082 2044 4136 ad
2069 4098 2163 4139 eos
2185 4098 2304 4152 quae
2323 4100 2355 4139 a
2378 4094 2429 4140 te
2448 4086 2578 4140 mihi
2593 4085 2744 4154 jussa
2771 4096 2895 4141 sunt
2922 4088 3163 4158 perferre
3182 4102 3298 4146 sat-

1726 4189 1902 4245 agam.
1940 4175 2017 4229 llli
2056 4174 2283 4231 forsitan
2325 4191 2411 4231 me
2465 4191 2559 4232 eos
2608 4178 2745 4233 velle
2798 4179 3071 4246 deludere,
3125 4185 3301 4255 suspi-

1725 4274 1847 4323 cata
1882 4266 2073 4329 fraude
2113 4267 2603 4324 calumniabuntur.
2658 4269 3097 4340 Experimentum
3140 4274 3302 4345 hujus

1725 4360 1826 4425 rei,
1867 4358 1911 4415 si
1938 4374 1968 4413 a
1991 4374 2078 4415 me
2100 4360 2319 4431 exigere
2343 4362 2626 4432 coeperint,
2655 4363 2987 4434 qualejubes
3033 4366 3163 4422 dare
3215 4385 3302 4425 re-

1723 4449 2015 4518 sponsum?
2042 4434 2217 4519 neque
2248 4451 2416 4517 enim,
2451 4461 2507 4507 ut
2548 4468 2693 4519 reor,
2745 4454 2902 4510 aliter
2944 4457 3023 4512 eis
3075 4474 3302 4529 persua-

14 4516 211 4570 doino
241 4516 531 4585 arripiendi
580 4520 790 4578 itineris
822 4533 970 4579 certa
1020 4527 1460 4600 praeﬁgitspatia,
1506 4533 1624 4604 qui-
1657 4614 1685 4617 _
1726 4516 1839 4593 deri
1864 4540 2079 4608 poterit.
2112 4516 2262 4597 'l‘unc
2290 4541 2634 4599 beatissimus
2657 4516 2861 4617 martyr
2882 4586 2898 4612 ,
2930 4516 3145 4606 exserto
3167 4566 3298 4608 con-

15 4609 135 4663 bus
159 4610 436 4674 excursis,
461 4620 519 4665 ut
546 4614 613 4667 ad
634 4613 751 4681 ejus
774 4616 956 4671 redeat
992 4619 1331 4687 prasentiam
1374 4622 1623 4693 imperat.
1657 4614 1703 4674 D
1732 4637 1813 4684 tra
1840 4645 1962 4686 cum
1988 4631 2231 4698 brachio,
2256 4648 2416 4687 manu
2439 4636 2642 4705 potenti
2670 4609 2850 4692 statim
2885 4609 2950 4694 ut
3000 4656 3121 4697 eum
3177 4646 3303 4700 atti-

14 4698 122 4753 llle
158 4699 401 4768 patriam
426 4700 706 4771 locumque
732 4706 1245 4774 repetitalumnum,
1297 4726 1403 4765 non
1447 4714 1625 4784 segni-

16 4798 112 4845 ter
179 4791 497 4845 intercessa:
548 4792 818 4851 dilationis
858 4806 1097 4869 tempore
1144 4808 1319 4855 utens.
1385 4801 1625 4873 Denique

14 4880 77 4933 in
115 4879 491 4948 procurandis
520 4888 666 4937 tanto
692 4884 868 4939 itineri
902 4888 1243 4955 necessariis,
1273 4890 1531 4961 quidquid
1554 4891 1621 4947 il-

13 4970 121 5025 lud
156 4978 256 5024 est
276 4970 403 5039 quid
428 4969 719 5027 Galliarum
748 4974 941 5031 fertilis
967 4978 1161 5034 humus
1184 4981 1428 5049 proferre
1474 4997 1623 5037 ama-

14 5062 208 5118 bilius
248 5062 544 5128 consuevit,
577 5064 710 5119 satis
738 5065 1055 5137 abundeque
1099 5082 1415 5139 apparatum
1462 5090 1621 5133 suum

12 5156 622 5223 instrueretsatagens,
654 5156 941 5211 maximam
970 5161 1207 5226 pecuniae
1230 5177 1497 5219 summam
1528 5180 1622 5235 ag—

10 5257 282 5319 gregare
304 5246 520 5301 studuit.
544 5246 674 5302 Post
702 5248 816 5304 hate
850 5249 1036 5305 diebus
1077 5250 1299 5311 indultae
1349 5255 1623 5312 dilationis

11 5332 281 5383 ριηιιδιῖο
331 5335 392 5371 αδ
427 5335 645 5378 Διισηριῖ
670 5339 1005 5368 human-nnc”
1042 5354 1090 5360 ν’
1120 5340 1130 5356 ¹

1728 4721 1825 4792 git,
1863 4722 2080 4777 sanitati
2104 4724 2393 4794 reparavit.
2421 4727 2596 4795 Atque
2617 4728 2691 4782 ita
2731 4741 3090 4799 prosecutus:
3124 4733 3302 4792 Sanus

1726 4818 1865 4876 esto,
1896 4812 2088 4883 inquit.
2115 4814 2335 4885 Hocque
2364 4817 2456 4872 tibi
2478 4818 2550 4872 sit
2577 4819 2785 4889 signum
2815 4836 2844 4875 a
2888 4840 2972 4879 me
3021 4825 3297 4891 collatum,

1726 4902 1871 4971 quod
1900 4903 2045 4957 nulla
2069 4920 2293 4974 prorsus
2317 4909 2673 4980 ambiguitate
2697 4912 2803 4965 erit
2826 4915 3145 4984 rejectihile.
3203 4917 3300 4971 So—

1729 4990 2065 5048 mnolzntitia
2094 5003 2348 5066 metuque
2396 4996 2577 5070 fugato
2626 5000 2886 5070 sospitate
2936 5004 3304 5074 integerrima,

1728 5085 2010 5140 verissima
2032 5100 2153 5142 esse
2178 5089 2360 5143 omnia
2385 5107 2505 5161 quae
2547 5092 2794 5146 audierat
2845 5095 3180 5163 approbavit.
3228 5095 3309 5147 lta

1725 5188 1961 5242 namque
2012 5179 2305 5246 apparebat
2355 5180 2707 5245 sanissimus,
2760 5196 2824 5233 ac
2872 5183 2919 5235 si
2968 5184 3161 5238 nullius
3213 5182 3318 5236 ali-

1726 5265 1944 5333 quando
1972 5266 2302 5323 inlirmitatis
2333 5281 2470 5327 testu
2496 5271 2685 5325 fuisset
2717 5269 2970 5325 infectus.
3025 5272 3177 5329 Tunc
3223 5273 3315 5328 ille

2758 5358 2875 5386 ,οιΑ-ιι

2918 5378 2937 5386 ⁸
2947 5371 2959 5384 ⁸
2984 5363 3114 5396 οιιιιη
3123 5364 3213 5404 rho)
3223 5378 3290 5400 11⁸.
