3902 6408
485 389 589 446 537

1352 390 1379 439 .'
1407 386 1720 447 omnem
1740 388 2062 445 .MONACIII
2093 390 2151 444 s.
2196 378 2500 447 ninnium
2542 391 2891 448 SUESSlON.

3644 397 3741 447 ωδ

485 503 645 558 dictae
664 500 895 557 basilica:
916 499 1455 570 seininecem'jacere
1478 501 1740 566 viderant,
1782 500 1907 555 hinc
1926 492 2060 555 inde
2088 510 2134 570 Α
2163 501 2377 569 animo;
2410 503 2606 559 dehinc
2633 504 2760 573 quid
2785 512 2892 559 tam
2923 502 3326 576 imprmcognite
3354 506 3741 576 et‘iususpeete

474 580 650 673 “fama
673 592 813 655 facti,
856 599 1247 648 concurrentes
1291 591 1747 662 stupore'ignotae
1792 597 2061 647 restaura-

483 684 650 739 tiouis
686 681 921 748 attoniti,
953 681 1070 736 Deo
1097 682 1203 738 late
1233 681 1543 752 vulgaribus
1567 681 1920 737 concentibus
1936 696 2062 750 gra-
2088 738 2095 743 ,

482 775 587 831 tias
618 772 1005 844 personabant.
1032 773 1271 829 Tandem
1296 773 1414 843 ipse
1462 772 1747 843 diligenter
1794 772 2061 843 perquisi~

475 873 568 921 tos
590 864 804 933 “reperit
828 865 975 919 viros
1009 881 1022 918 :
1046 879 1183 933 quos
1206 866 1386 920 statim
1414 864 1707 935 designatis
1727 867 2061 934 recognoscit

480 953 721 1019 indiciis,
768 961 822 1011 et
868 969 992 1023 qua:
1040 955 1142 1009 sibi
1189 955 1453 1024 imperata
1499 954 1715 1010 fuerant
1760 956 2062 1027 intrepidus

470 1052 724 1113 enarrat,
756 1058 924 1113 seque
972 1044 1026 1098 in
1062 1043 1505 1119 astipulationem
1548 1045 1815 1101 dictorum
1861 1048 2062 1103 antesi-

481 1150 717 1205 gnanum
744 1135 922 1205 palam
955 1135 1178 1205 praibet.
1207 1134 1278 1190 At
1300 1136 1353 1190 hi
1376 1150 1499 1191 cum
1549 1148 1759 1191 summa
1805 1151 2060 1193 reveren-

484 1227 557 1281 tia
587 1226 853 1297 susceptis
905 1241 1026 1295 quae
1065 1241 1096 1281 a
1148 1226 1461 1280 beatissimo
1509 1235 1749 1292 martyre
1799 1225 2062 1282 dabantur

480 1318 752 1375 mandatis
780 1316 834 1372 in
858 1317 1177 1373 immensum
1188 1317 1492 1383 exhilarati,
1506 1325 1629 1373 vota
1640 1318 1931 1387 gratiarum
1946 1333 2063 1373 om-

482 1408 744 1479 nipotenti
767 1408 877 1463 Deo
912 1408 1242 1477 persolvere,
1269 1416 1326 1464 et
1368 1415 1617 1462 sanctum
1653 1422 1754 1478 pro
1797 1406 2061 1487 beneficio

482 1502 585 1559 sibi
605 1500 847 1572 prtestito
872 1509 1119 1556 conserta
1143 1500 1300 1556 laude
1325 1500 1671 1572 magnificare
1692 1516 1798 1556 non
1825 1509 2059 1557 cessant.

480 1592 692 1648 Exinde
736 1594 1063 1664 retrogradis
1109 1593 1360 1663 passibus
1419 1594 1614 1650 itinera
1660 1604 2059 1660 convertentes,

480 1685 740 1755 paulatim
768 1684 1046 1742 reﬂectere
1063 1696 1329 1742 conantur
1357 1689 1422 1743 ad
1444 1688 1657 1759 propria
1683 1705 1700 1755 ;
1760 1696 2061 1744 auctorem.

480 1789 589 1845 que
634 1775 793 1846 hujus
830 1778 1033 1847 negotii
1080 1778 1443 1834 venerabilem
1491 1778 1707 1834 Patrem
1750 1778 2057 1835 Hilduinum

2161 592 2500 649 devenissent
2525 602 2922 663 percunctatur.
2951 593 3031 648 illi
3079 596 3145 650 ad
3190 610 3377 652 aurem
3419 595 3745 655 familiarius

2163 682 2390 749 admoti,
2417 690 2685 739 secretum
2708 684 2974 740 universae
3009 686 3085 739 rei
3133 685 3456 742 ﬁducialiter
3481 689 3742 759 pandunt.

2168 770 2322 837 Quod
2344 773 2721 843 mquanimiter
2744 774 2976 842 accepit,
3002 783 3057 829 et
3078 788 3171 830 eos
3212 776 3267 829 in
3321 778 3597 846 agendum
3652 780 3741 835 de-

2160 862 2469 931 speratione
2531 862 2710 917 ablata
2778 863 3162 934 benignissime
3218 864 3558 923 confortatus
3619 876 3745 925 est:

2160 953 2393 1022 denique
2419 953 2560 1023 quod
2591 952 2860 1024 pollicitus
2910 963 2997 1010 est
3036 970 3132 1010 ore
3187 954 3454 1011 indefessa
3507 956 3747 1026 explevit

2161 1044 2482 1101 intentione.
2501 1044 2634 1099 Nam
2663 1060 2759 1114 per
2781 1045 2928 1100 illum
2955 1046 3040 1100 via
3063 1054 3224 1114 atque
3244 1047 3422 1101 omnis
3442 1055 3575 1102 ante
3597 1048 3746 1101 dum-

2158 1150 2287 1191 num
2324 1134 2678 1206 apostolicum
2727 1134 2831 1191 illis
2874 1136 3048 1205 patuit
3090 1136 3289 1191 aditus.
3334 1136 3475 1190 Tum
3521 1136 3743 1191 deum

2158 1225 2304 1280 viros
2343 1225 2754 1282 honestissimos
2776 1224 3057 1292 Quirinum
3077 1233 3133 1279 et
3162 1223 3633 1296 'I‘heopbylactum
3654 1240 3746 1280 ex-

2159 1324 2424 1386 petentes,
2444 1317 2637 1373 missas
2660 1317 2879 1371 tradunt
2898 1315 3173 1387 epistolas,
3198 1325 3360 1386 atque
3384 1332 3487 1386 pro
3510 1317 3605 1371 bis
3628 1330 3747 1388 qua

2160 1408 2501 1465 habebantur
2540 1410 2744 1464 inserta
2772 1408 3117 1479 geminabant
3161 1421 3350 1477 preces
3385 1419 3443 1462 et
3490 1424 3743 1464 munera.

2159 1499 2344 1571 Itaque
2368 1501 2445 1556 illi
2474 1502 2691 1556 nomine
2716 1500 2970 1571 martyris
2991 1509 3256 1569 praecepto
3273 1499 3532 1569 perculsi,
3560 1501 3749 1555 animo

2161 1589 2417 1660 vultuque
2444 1589 2652 1660 pallore
2674 1587 2896 1655 suffuso,
2926 1588 3284 1659 apostolorum
3316 1586 3460 1643 Petri
3484 1597 3545 1643 et
3599 1588 3746 1643 Pauli

2161 1681 2353 1737 tertius
2389 1682 2433 1736 si
2481 1680 2704 1736 daretur
2744 1687 3023 1749 patronus,
3074 1679 3342 1750 quomodo
3379 1680 3587 1750 expelli
3634 1680 3750 1735 sine

2160 1766 2463 1826 tumultuali
2499 1770 2810 1841 praijudicio
2842 1777 3055 1840 posset,
3108 1768 3331 1824 humani
3376 1768 3484 1824 hoc
3540 1769 3747 1838 ingenii

480 1872 819 1935 expetentes,
846 1880 958 1919 rem
984 1865 1250 1922 divinitus
1277 1875 1481 1938 gestam
1509 1883 1608 1938 per
1635 1869 1881 1925 ordinem
1932 1884 2054 1940 pan-
2088 1874 2131 1934 Β
2158 1861 2595 1932 ρτοιεειεώιιηιιιι·
2612 1874 2720 1916 non
2741 1874 2865 1925 esse
2888 1877 2903 1913 :
2926 1874 3048 1915 cum
3074 1868 3129 1914 et
3149 1858 3493 1928 imperatoris
3523 1856 3748 1925 jussun

474 1942 634 2035 dunt,
667 1962 722 2009 et
770 1961 830 2009 ut
874 1968 968 2025 per
1031 1956 1264 2025 seipsum
1312 1957 1380 2012 ad
1419 1957 1646 2029 Augusti
1690 1960 1936 2017 notitiam
1988 1960 2058 2015 ad

411 2120 417 2131 ⁸
483 2045 658 2115 ipsum
690 2044 936 2116 perferre
970 2047 1300 2121 dignaretur,
1333 2049 1495 2106 anxie
1525 2061 1836 2121 precantur.
1878 2051 2060 2122 Diplo-

482 2147 629 2194 mata
658 2154 873 2209 quoque
893 2154 1012 2210 qua:
1039 2141 1216 2213 magni
1250 2141 1495 2197 Silvestri
1524 2144 1765 2213 praesulis
1796 2146 2061 2216 rogabant

478 2229 724 2298 pignora,
751 2229 1019 2286 demutari
1054 2231 1108 2286 in
1155 2233 1538 2302 expolitionem
1593 2234 1784 2306 inclyti
1808 2236 2061 2306 martyris

480 2316 785 2379 Sebastiani
811 2319 1007 2374 obnixe
1032 2319 1350 2390 deposcunt,
1378 2333 1434 2378 et
1472 2336 1542 2377 ne
1582 2324 1710 2393 quid
1758 2324 1920 2393 coepti
1974 2325 2060 2380 iti-

480 2410 629 2472 neris
652 2408 1009 2467 infortunium
1037 2411 1336 2479 incurrant,
1366 2416 1623 2469 maturari
1644 2429 1872 2471 causam
1892 2430 2062 2486 quan-

481 2500 655 2557 tocius
683 2515 789 2573 qua
839 2503 1040 2558 audent
1078 2503 1483 2573 importunitate
1525 2505 1798 2560 insistunt.
1853 2505 2062 2562 Perfert

481 2590 568 2649 vir
593 2591 902 2662 spectabilis
934 2592 1218 2649 Hilduiuus
1265 2593 1332 2648 ad
1374 2592 1620 2651 notitiam
1679 2596 1755 2666 pii
1798 2590 2062 2667 principis

481 2681 679 2738 diVinae
703 2682 991 2754 legationis
1016 2686 1511 2755 arcanumypandit
1530 2686 1801 2743 salubrem
1843 2687 1911 2743 de
1954 2688 2062 2741 adi-

479 2773 751 2842 piscendis
798 2776 933 2839 tanti
981 2777 1235 2848 martyris
1282 2778 1593 2849 pignoribus
1658 2778 2056 2837 revelationem.

481 2862 641 2920 Iubet
676 2864 949 2937 Augustus
1010 2866 1311 2924 litterarum
1373 2870 1651 2925 schemata
1696 2872 1796 2926 sub
1842 2872 2059 2926 obtentu

481 2956 693 3011 emeriti
725 2957 910 3014 militis
938 2958 1218 3029 multiplici
1274 2960 1469 3017 referta
1527 2977 1687 3031 prece
1738 2963 2059 3018 instaurare.

484 3043 690 3100 Dehinc
716 3053 775 3099 ut
800 3046 953 3117 prius
978 3049 1196 3115 nomine
1215 3058 1271 3104 et
1291 3050 1471 3104 annuli
1495 3051 1576 3106 sui
1600 3051 1955 3120 impressione
1996 3052 2063 3107 si-

482 3143 700 3205 gnatas,
730 3137 976 3194 Rodoino
996 3154 1119 3194 cum
1154 3140 1268 3196 suis
1293 3143 1636 3212 reconsignat
1662 3143 1937 3213 epistolas.
1983 3144 2057 3198 illi

2157 1960 2212 2007 et
2236 1949 2391 2009 amici
2422 1950 2734 2020 petitionem
2758 1965 2920 2020 quam
2974 1949 3328 2005 libentissime
3378 1948 3599 2003 vellent
3648 1958 3753 2002 sta-

2158 2042 2336 2099 bilire.
2364 2042 2600 2098 Ecoutra
2622 2041 2897 2099 Rodoinus
2931 2050 2987 2098 et
3015 2042 3100 2097 sui
3123 2056 3461 2111 nequaquam
3506 2040 3629 2097 hoc
3654 2042 3750 2097 ob-

2158 2134 2366 2191 staculo
2398 2133 2621 2205 repulsi,
2650 2133 2990 2204 inportunius
3010 2132 3355 2195 insistebant,
3385 2131 3753 2202 imperatoris

2160 2224 2468 2281 inevitabile
2487 2233 2691 2291 votum,
2716 2234 2771 2280 et
2794 2223 2973 2281 Patris
3001 2238 3034 2278 a
3077 2236 3188 2293 quo
3220 2221 3478 2278 destinati
3528 2221 3755 2277 fuerat

2161 2317 2435 2384 fiduciam,
2468 2333 2629 2389 quam
2660 2318 2714 2373 in
2755 2333 2943 2373 eorum
2988 2316 3307 2373 celsitudine
3346 2313 3752 2377 collocaverat,

2160 2410 2499 2479 replicantes.
2530 2408 2748 2465 Talibus
2772 2408 2958 2476 illecti,
3009 2408 3054 2463 si
3104 2405 3386 2478 permissio
3444 2404 3752 2459 voluntatis

2158 2503 2256 2559 Dei
2285 2518 2349 2558 ac
2374 2503 2628 2573 martyris
2660 2500 2823 2568 foret,
2850 2500 3033 2556 favere
3057 2515 3117 2556 se
3148 2513 3215 2554 ex
3250 2498 3435 2554 animo
3465 2498 3751 2561 indicant;

2159 2602 2217 2649 et
2244 2593 2476 2664 qualiter
2513 2592 2896 2664 congruentius
2937 2591 3208 2647 ordiretur
3258 2589 3583 2662 prudenter
3636 2590 3757 2646 iw-

2158 2692 2349 2739 nuant.
2874 2704 2879 2705 '

2748 2773 2972 2831 CAPUT
3011 2773 3140 2829 VIII.
3157 2780 3174 2794 ‘

2232 2862 2477 2933 Denique
2498 2862 2552 2917 in
2592 2863 2979 2933 patria'rcliium
3005 2873 3131 2919 ante
3174 2863 3431 2918 domuum
3477 2864 3755 2933 apostoli-

2160 2969 2282 3009 cum
2310 2955 2523 3009 deducti
2555 2954 2797 3019 veniunt,
2829 2954 3103 3011 solotenus
3130 2963 3300 3024 genua
3330 2956 3561 3008 curvati
3589 2971 3756 3024 prem

2158 3046 2331 3101 sacris
2359 3045 2563 3100 lia-rent
2596 3045 2838 3117 vestigiis
2864 3045 3067 3100 oscula.
3116 3045 3244 3100 Inde
3264 3044 3644 3114 proferuntur
3682 3048 3759 3099 di-

2149 3138 2392 3208 plomata
2421 3179 2436 3204 ,
2490 3138 2690 3193 dantur
2733 3148 2788 3193 et
2837 3140 3170 3204 transmissa.
3215 3136 3525 3192 Verborum
3591 3139 3760 3208 copiis

484 3242 582 3298 per
621 3228 855 3283 divinam
904 3230 1289 3287 revelationem
1346 3232 1614 3289 salubrius
1654 3249 1784 3290 aura
1824 3235 2062 3305 spirante
2088 3224 2131 3284 C
2162 3230 2307 3300 pium
2336 3229 2512 3284 Patris
2548 3228 2855 3284 demulcenl
2905 3230 3161 3294 animum.
3214 3235 3483 3299 ψιπιοηιιε
3532 3229 3629 3283 Sic
3664 3230 3760 3284 Si“

482 3327 759 3389 gratanter
807 3321 949 3374 viam
992 3319 1313 3391 relegentes,
1361 3323 1602 3393 nihilque
1655 3324 1722 3378 de
1763 3324 2062 3394 expletioue

486 3409 685 3480 negotii
720 3409 944 3466 ulterius
984 3411 1323 3478 hzcsitantes,
1355 3427 1576 3469 auream
1621 3413 1868 3468 certatim
1899 3428 2062 3484 expe-

484 3509 607 3563 tunt
635 3500 882 3557 Romam.
910 3520 913 3522 ·
1240 3540 1245 3543 -
1312 3542 1315 3545 η
1576 3540 1585 3551 ε
1652 3518 1655 3521 λ

1080 3594 1314 3652 CAPUT
1352 3595 1461 3651 VII.

490 3730 497 3736 .
555 3681 1003 3737 Annoincarnati
1034 3682 1342 3750 Verhi826,
1367 3685 1576 3754 imperii
1623 3699 1748 3740 vero
1802 3685 2063 3741 Ludovici

488 3771 718 3827 Caesaris
742 3788 862 3838 xm,
883 3772 1160 3830 Rodoinus
1179 3791 1300 3830 cum
1332 3775 1531 3845 ingenti
1552 3773 1853 3844 frequentia
1874 3786 1930 3830 et
1975 3790 2064 3831 co-

487 3863 642 3931 pioso
677 3872 945 3934 apparatu
975 3865 1202 3920 Romam
1226 3867 1411 3931 intrat,
1464 3866 1725 3935 imposita:
1769 3867 1872 3923 sibi
1922 3866 2064 3939 lega-

488 3953 655 4011 tionis
700 3963 1101 4009 sacramentum
1141 3955 1336 4011 artitlci
1402 3956 1667 4014 industria
1717 3956 2062 4016 informatum

486 4045 783 4113 prudenter
813 4045 1065 4111 exsolvit,
1088 4047 1346 4118 martyris
1391 4046 1697 4103 Sebastiani
1747 4064 2062 4118 magnarum

484 4134 744 4189 virtutum
778 4142 833 4189 et
862 4134 1151 4190 sanitatum
1205 4135 1444 4192 viviﬁcos
1491 4136 1700 4194 cineres
1724 4136 1972 4208 implorat
2009 4147 2066 4195 et

485 4225 759 4295 impetrat.
831 4224 937 4281 Sed
985 4235 1272 4296 antequam
1320 4225 1656 4296 majestatem
1714 4229 2062 4298 apostolicam

488 4314 670 4379 adeat,
701 4314 963 4383 quosdam
991 4316 1366 4385 episcoporum
1389 4324 1445 4372 et
1468 4318 1721 4373 abbatum
1754 4333 1848 4374 seu
1883 4320 2063 4389 reipu-

486 4402 642 4459 hlica:
678 4404 966 4472 primores,
1030 4419 1166 4474 quos
1214 4405 1327 4462 illic
1374 4408 1699 4463 venerabilis
1750 4407 1910 4465 Pater
1952 4410 2064 4466 Hil-

2158 3318 2302 3374 forte
2330 3319 2650 3376 inclinarent
2669 3321 2734 3375 ad
2756 3329 2960 3375 votum.
2993 3321 3214 3393 Augusti
3238 3321 3494 3391 pandunt
3563 3331 3760 3377 auctos

2161 3413 2681 3476 ritatem,nominati
2710 3423 2765 3468 et
2783 3414 3079 3483 conscripti
3130 3412 3302 3467 Patris
3352 3412 3666 3483 explicant
3709 3414 3764 3467 εδ

2162 3503 2459 3559 delitatem.
2488 3502 2545 3558 Si
2577 3504 2705 3573 quid
2753 3503 2931 3559 minus
2979 3502 3226 3558 litteralia
3280 3501 3585 3557 schemata
3636 3519 3760 3574 pre-

2162 3594 2459 3650 teudissent
2485 3634 2499 3658 ,
2575 3608 2674 3665 pro
2722 3602 2890 3663 captu
2936 3593 3134 3664 ingenii
3184 3592 3577 3647 elaborabant.
3654 3593 3761 3647 Hac

2162 3686 2517 3743 collocutione
2543 3702 2702 3742 nemo
2722 3689 3051 3758 privatorum
3081 3686 3340 3741 intererat
3362 3695 3589 3753 praeter
3634 3687 3760 3754 Qui-

2156 3776 2338 3831 rinum
2360 3785 2415 3830 et
2451 3775 3200 3847 Theophylactumﬁrav‘iter
3227 3776 3370 3829 enim
3419 3782 3573 3831 tunc
3616 3776 3763 3832 inﬁr-

2160 3869 2457 3933 mabatur,
2509 3868 2583 3922 ita
2633 3878 2695 3923 ut
2741 3868 3034 3923 semivivus
3086 3874 3559 3937 appareretznec
3611 3868 3763 3922 aliter

2161 3971 2323 4027 quam
2374 3956 2514 4012 lecto
2568 3959 2889 4012 accumbens
2942 3971 3129 4012 eorum
3176 3954 3510 4025 iegationem
3577 3958 3765 4011 audire

2162 4056 2391 4118 poterat.
2412 4047 2547 4105 Cum
2570 4063 2703 4119 ergo
2724 4048 3039 4120 iegerentur
3063 4046 3320 4118 epistolae,
3377 4054 3434 4102 et
3462 4045 3578 4104 ille
3612 4062 3763 4103 voca-

2161 4137 2343 4192 hulum
2382 4137 2636 4209 martyris
2659 4137 2917 4202 audisset,

2231 4226 2538 4300 Obstupuit,
2554 4227 2703 4284 vocis
2724 4227 2963 4283 confudit
2984 4234 3039 4282 et
3056 4241 3257 4299 organa
3283 4225 3458 4282 tristis

2236 4321 2406 4386 Mens,
2440 4321 2612 4376 sancti
2635 4334 2741 4375 non
2772 4319 2913 4376 ferre
2936 4319 3122 4375 valens
3159 4319 3472 4375 discrimina
3526 4323 3701 4376 tanti.

2234 4410 2442 4481 Quippe
2468 4426 2626 4481 quem
2666 4420 2789 4482 post
2813 4411 3115 4482 apostolos,
3146 4410 3297 4481 quasi
3339 4410 3622 4474 tertium,
3660 4428 3765 4466 ma-

489 4494 686 4551 duinus
713 4494 1004 4551 fidissimos
1031 4512 1091 4552 se
1122 4497 1322 4553 habere
1369 4509 1787 4568 monstraverat,
1829 4504 2064 4574 exquirit
2099 4571 2122 4574 _
2166 4501 2380 4571 gnifieis
2410 4500 2652 4556 Romana
2692 4500 2843 4570 plebs
2890 4499 3270 4570 frequentabat
3310 4500 3669 4555 muneribus
3708 4514 3765 4553 ac

489 4592 544 4641 et
571 4585 791 4653 reperit.
819 4580 988 4640 Erant
1013 4601 1125 4655 pra:
1150 4589 1401 4644 omnibus
1456 4605 1524 4645 ex
1577 4591 1663 4647 his
1705 4571 2063 4662 promptiores
2097 4571 2143 4632 θ
2165 4589 2433 4645 laudibus.
2458 4589 2598 4657 Quid
2623 4574 2837 4644 animus
2865 4589 3121 4653 volveret,
3149 4586 3397 4658 pallentis
3420 4587 3616 4644 facies
3639 4604 3765 4659 prae-

490 4682 546 4730 et
574 4675 818 4746 dignitati
846 4677 1151 4746 apostolica:
1187 4679 1373 4735 sedulo
1410 4682 1758 4749 assistentes,
1808 4682 2064 4749 Quirinus

489 4780 652 4836 super
671 4766 793 4831 ista,
824 4765 1253 4838 Thcophylactus
1275 4768 1711 4839 Numenculator,
1756 4784 1812 4830 et
1857 4775 2063 4847 Ingoal-

488 4856 590 4910 (IIIS
612 4855 783 4937 abbas
810 4857 1297 4925 reverentissimus,
1324 4861 1414 4929 qui
1444 4870 1554 4917 tum
1584 4861 1807 4918 fortuitu
1853 4864 2059 4921 aberat.

492 4944 769 5016 Siquidem
809 4962 874 5001 ex
905 4958 1172 5019 praecepto
1230 4948 1571 5020 imperatoris
1613 4952 1718 5008 iter
1775 4953 1841 5007 ad
1894 4953 2065 5010 Bene-

492 5046 756 5090 ventanus
801 5035 1105 5106 arripuerat
1154 5040 1483 5109 episcopium
1524 5040 1823 5097 Albocurite
1869 5043 2066 5098 descri-

490 5131 701 5193 pturus.
728 5122 831 5178 Sed
856 5125 1069 5180 concito
1095 5126 1371 5184 insecutus
1393 5129 1694 5194 veredario,
1733 5131 1902 5186 amica
1934 5148 2061 5187 evo-

490 5215 702 5269 cationc
727 5215 1052 5287 interceptus
1080 5217 1281 5274 reﬂexit
1313 5219 1379 5273 ad
1408 5219 1628 5275 Urbem.
1662 5220 1889 5291 Legatos
1908 5223 2064 5278 hilari

489 5318 708 5377 aspectu
731 5309 963 5379 excepit,
1000 5310 1233 5365 humane
1256 5311 1368 5381 egit
1396 5328 1410 5365 :
1436 5321 1492 5366 et
1520 5312 1563 5366 si
1588 5314 1836 5369 sectmdis
1864 5315 2067 5370 valeret

493 5401 853 5464 successibus,
878 5401 1003 5472 jam,
1028 5401 1205 5457 dictus
1230 5401 1395 5456 Pater
1422 5402 1706 5460 Hilduiuns
1728 5415 1854 5462 ante
1882 5408 2066 5465 omnia

495 5491 822 5546 sciscitatur.
854 5492 1115 5561 Prospera
1148 5492 1379 5562 denique
1422 5492 1724 5549 valetudine
1780 5495 1922 5551 hunc
1970 5497 2070 5552 ha-

498 5579 615 5634 beri
646 5582 967 5651 percipiens,
1002 5583 1112 5637 Deo
1136 5598 1235 5653 pro
1263 5585 1364 5640 hoc
1398 5585 1600 5654 gratias
1632 5586 1760 5655 egit,
1783 5595 1839 5641 et
1866 5597 1922 5639 ut
1945 5605 2068 5656 pro-

497 5672 828 5728 rectioribus
857 5690 952 5744 per
980 5675 1146 5728 multa
1175 5684 1412 5746 tempora
1444 5677 1791 5732 incrementis
1818 5678 1916 5732 sibi
1968 5679 2069 5734 hoc

500 5763 583 5817 vel
607 5765 695 5835 qui
737 5765 916 5822 videre
943 5767 1192 5836 nequibat
1221 5767 1392 5823 audiri
1415 5768 1645 5823 daretur
1659 5769 1984 5838 imprecatur
2004 5786 2069 5824 ex

2170 4680 2442 4735 tendebat.
2472 4679 2550 4733 Eo
2575 4679 2665 4734 diu
2690 4678 2884 4733 silente
2903 4678 3175 4748 suspensis
3192 4676 3388 4731 animis
3411 4678 3693 4734 stabant:
3718 4687 3767 4733 et

2166 4785 2290 4824 cum
2334 4769 2549 4823 tandem
2579 4777 2854 4839 resumpto
2882 4769 3073 4837 spiritu
3126 4766 3553 4836 responsionem
3588 4770 3764 4824 dedis-

2169 4870 2283 4928 set,
2336 4862 2391 4917 in
2431 4875 2495 4915 ea
2534 4875 2683 4931 spem
2708 4848 2924 4916 omnem
2954 4861 3183 4924 ademit,
3214 4870 3267 4915 et
3290 4873 3457 4928 supra
3500 4876 3576 4915 se
3612 4876 3769 4931 nego-

2170 4955 2303 5011 tium
2326 4967 2446 5009 esse
2468 4954 2718 5009 asseruit.
2738 4953 2938 5008 Verum
2959 4952 3033 5007 illi
3057 4963 3256 5024 quanta
3309 4953 3615 5010 audebant
3642 4971 3765 5024 sup-

2169 5047 2454 5118 plicatione
2482 5047 2786 5115 importune
2816 5046 3171 5112 insistebant,
3218 5060 3514 5117 genuaque
3556 5050 3684 5117 ejus
3708 5060 3765 5100 ac

2168 5140 2382 5208 plantas
2406 5137 2640 5208 profusis
2666 5137 2922 5206 lacrymis
2943 5138 3412 5193 exosculabantur.
3445 5134 3627 5192 Unde
3651 5153 3765 5206 spa‘

2170 5231 2301 5283 tium
2328 5243 2434 5297 quo
2477 5229 2591 5281 haec
2638 5228 3004 5288 ineditaretur,
3031 5237 3086 5282 et
3134 5228 3417 5282 consilium
3459 5243 3608 5283 cum
3640 5243 3764 5297 pru—

2171 5317 2317 5373 denti
2342 5318 2794 5371 ltomanosenatu
2821 5319 3148 5387 exquireret,
3179 5319 3296 5373 sine
3315 5319 3474 5387 cujus
3505 5319 3762 5375 consultu

2172 5408 2300 5463 talia
2356 5408 2532 5462 moliri
2587 5424 2693 5462 non
2749 5423 2871 5463 esse
2934 5411 3128 5462 bonum
3182 5410 3387 5475 aiebat,
3446 5411 3760 5480 praestolari

2161 5498 2340 5568 jussit.
2368 5500 2500 5554 Rem
2531 5500 2812 5555 sollicitius
2840 5501 3115 5557 Rodoinus
3140 5504 3492 5559 considerans
3516 5522 3644 5576 prae
3658 5509 3764 5562 Suis

2166 5606 2329 5661 quem
2358 5606 2487 5645 cura
2515 5592 2802 5662 instigabat
2840 5594 3097 5662 amplius,
3129 5610 3235 5648 non
3266 5594 3412 5650 illico
3450 5598 3757 5660 abscessit;

2172 5683 2264 5737 sed
2315 5683 2509 5753 angulo
2558 5684 2788 5740 domatis
2817 5697 3142 5743 memoratos
3183 5688 3329 5744 viros
3359 5688 3665 5757 Quirinum
3712 5704 3756 5743 οι

2176 5770 2630 5844 Thcophylactum
2658 5777 2957 5846 segregavit
2979 5817 2995 5841 ,
3028 5785 3084 5831 et
3111 5792 3208 5833 eos
3236 5780 3295 5834 in
3321 5782 3614 5836 sententia
3656 5797 3741 5835 an
