3902 6412
153 373 268 435 5‘69

1028 375 1116 432 DE
1150 372 1535 431 TRANSLAT.
1573 372 1632 428 S.
1676 370 2072 428 SEBASTMNI
2111 374 2194 429 ET
2235 374 2292 430 S.
2321 372 2524 430 GREG.

3295 347 3396 429 δύο

153 503 294 543 nere
343 484 542 546 obnixe
591 480 910 552 precabatur
966 485 1183 540 dicens:
1243 482 1424 538 Nostri
1487 483 1729 536 misereri
1761 495 1804 548 Α
1833 493 2030 553 ponet,
2061 493 2120 538 ut
2153 500 2250 538 nec
2279 484 2366 539 ille
2398 492 2600 538 vosmet
2635 484 3018 548 inhumanum,
3051 498 3150 556 nec
3183 499 3280 539 nos
3307 500 3400 539 vos

149 577 481 648 dignamini,
512 575 601 645 qui
629 590 778 644 spem
805 583 973 629 totam
1013 584 1206 629 vestra:
1233 573 1602 630 commisimus
1621 573 1734 629 cel-

150 671 414 734 situdini;
463 677 519 724 et
547 669 798 722 amicitia:
825 668 966 722 illius
993 667 1156 722 vestri
1192 667 1576 730 recordamini,
1625 679 1732 735 qua

150 771 214 816 et
261 763 313 814 in
354 757 604 829 pnesenti
649 758 970 826 optimarum
1001 756 1311 811 deliciarum
1354 765 1590 824 quaestus
1623 755 1733 808 adi-

144 849 332 920 pisci,
364 858 419 901 et
456 846 640 917 gratia:
679 844 770 898 Dei
815 844 868 898 in
917 843 1226 899 coelestibus
1271 858 1395 897 eum
1425 836 1615 897 sancto
1640 857 1733 896 va-

148 938 318 992 leatis
345 935 676 1006 participari.
737 932 794 988 Si
831 933 975 988 enim
1023 947 1208 987 verum
1255 941 1338 986 est
1383 931 1526 1000 quod
1554 931 1734 984 vultus

148 1029 365 1084 indicat
387 1068 400 1087 ,
430 1035 663 1080 mentem
692 1033 939 1094 patenter
976 1022 1130 1077 nobis
1177 1035 1504 1090 cognoscere
1547 1020 1732 1074 datmn

141 1130 244 1172 est
281 1117 403 1188 quia
440 1116 668 1169 domnus
697 1129 833 1183 papa
871 1111 1243 1180 aequanimiter
1272 1120 1457 1165 nostra
1496 1105 1736 1163 non'l‘ert

145 1207 455 1263 missatica.
479 1204 818 1274 Quapropter
836 1202 1092 1272 quidquid
1119 1201 1247 1255 illud
1282 1209 1385 1262 est,
1413 1199 1553 1269 quod
1582 1207 1732 1252 certe

143 1298 488 1368 investigare
520 1295 773 1365 potestis,
809 1308 1098 1363 precamur
1136 1301 1194 1346 ut
1246 1291 1440 1346 vestris
1487 1289 1734 1344 lidelibus

147 1391 367 1458 absque
390 1385 822 1441 dissimulatione
849 1383 1157 1454 priusquam
1185 1381 1535 1436 abscedaums
1565 1377 1737 1432 mani-

141 1479 372 1535 festetis
394 1484 447 1531 et
471 1477 804 1544 insuspectos
843 1472 1100 1528 reddatis.
1124 1471 1288 1525 At'illi
1319 1479 1377 1524 ut
1400 1469 1550 1539 prius
1579 1467 1735 1521 fidem

146 1571 289 1624 dant
311 1569 364 1622 in
394 1580 528 1636 ope,
581 1564 629 1620 si
660 1574 837 1618 tamen
880 1563 972 1617 Dei
1006 1571 1066 1616 et
1101 1561 1354 1631 martyris
1398 1574 1518 1614 esse
1556 1567 1738 1627 posset

148 1659 444 1722 voluntas,
476 1653 812 1725 patriarchio
863 1653 1043 1708 educti
1094 1651 1328 1722 hospitio
1354 1665 1473 1705 sese
1523 1648 1734 1704 recolli—

141 1759 314 1821 θη
764 1813 993 1870 CAPUT
1044 1812 1135 1868 1x.

221 1907 336 1964 Sed
362 1907 486 1978 quia
510 1906 696 1976 biceps
725 1921 852 1961 cura
898 1919 1111 1959 sacrum
1155 1901 1499 1958 excruciabat
1528 1899 1733 1954 antisti-

145 2009 301 2062 tem,
344 1997 513 2052 sancti
565 1995 778 2066 quidem
810 1993 1092 2057 absentia,
1149 2001 1204 2046 et
1253 1988 1730 2060 prmcellentissimi

145 2089 369 2145 abbatis
417 2087 686 2151 amicitia,
734 2085 820 2140 cui
873 2084 1160 2154 aliquando
1207 2095 1434 2150 qumque
1483 2080 1566 2134 sui
1597 2078 1733 2148 juris

145 2185 340 2234 essent
367 2190 622 2231 concessa
670 2176 916 2241 fuerant;
961 2173 1165 2228 indicto
1215 2181 1480 2227 conventu
1526 2171 1732 2240 privato

145 2269 495 2325 sacerdotum
542 2277 593 2320 et
622 2281 809 2320 eorum
844 2264 935 2334 qui
979 2279 1010 2318 a
1045 2263 1270 2318 secretis
1304 2270 1478 2326 erant,
1512 2260 1734 2330 legatio-

147 2374 281 2414 nem
310 2356 590 2426 exposuit,
621 2354 776 2422 cujus
808 2354 1193 2410 absolutionem
1241 2361 1301 2406 ut
1345 2365 1475 2406 sano
1513 2360 1732 2421 pectore

146 2447 446 2503 delinirent
482 2446 755 2516 praecepit.
782 2444 932 2499 Tunc
965 2444 1040 2498 illi
1065 2443 1268 2514 pariter
1293 2441 1491 2496 turbati
1513 2450 1567 2495 et
1591 2440 1731 2494 ultra

145 2552 322 2607 quam
376 2536 524 2591 credi
568 2544 743 2606 potest
789 2535 1006 2600 mirati,
1068 2533 1229 2588 talem
1276 2532 1591 2601 petitionem
1638 2538 1731 2584 aut

146 2626 420 2690 furentis,
465 2633 558 2678 aut
583 2625 754 2679 sancti
785 2626 1034 2678 meritum
1064 2623 1358 2678 nescientis
1392 2636 1516 2676 esse
1553 2620 1730 2674 reddi-

147 2720 390 2782 derunt,
439 2725 602 2786 utque
631 2731 717 2770 res
747 2715 798 2769 in
830 2731 1142 2784 prosperum
1183 2729 1288 2768 non
1313 2713 1566 2776 cederet,
1609 2710 1728 2764 feli-

147 2807 360 2861 ciorem
423 2804 857 2874 imprecabantur
909 2803 1205 2860 fortunam.
1253 2801 1363 2856 Nec
1409 2801 1732 2855 verebantur

146 2905 380 2968 propter
411 2911 560 2966 papa:
589 2895 926 2964 praesentiam
949 2934 963 2957 ,
1018 2894 1064 2949 si
1113 2893 1218 2947 illis
1260 2899 1506 2946 sanctum
1535 2903 1731 2957 corpus

149 2989 400 3050 daretur,
423 2985 603 3039 dicere
630 2999 751 3039 eum
782 2983 1198 3054 praecedentium
1249 2982 1468 3036 Patrum
1521 2980 1730 3034 actibus

147 3079 249 3149 qui
292 3077 646 3132 sacramentis
693 3075 1078 3132 ecclesiasticis
1125 3076 1423 3130 Romanam
1468 3081 1730 3128 auxerant

1830 573 2101 628 crudelem
2127 587 2426 628 causentur.
2459 571 2711 627 Summus
2736 572 2863 625 olim
2895 571 3132 642 pontifex
3171 574 3400 627 domnus

1828 661 2100 716 Adrianus
2128 677 2234 730 quo
2276 661 2549 716 nescimus
2576 661 2784 714 intentu
2831 659 2988 726 hujus
3032 661 3284 732 martyris
3309 677 3401 731 ag-

1830 767 2046 821 gressus
2093 751 2397 814 tumulum,
2448 760 2542 804 aut
2596 749 2746 804 illum
2794 750 2934 803 intra
2998 749 3148 804 urbis
3203 751 3404 805 mtenia

1831 843 2123 896 transferre
2143 836 2170 905 ,’
2189 850 2280 894 aut
2307 841 2608 910 quibusque
2641 855 2706 893 ex
2749 838 2863 908 ejus
2890 854 3118 908 corpore
3145 840 3403 910 reliquias

1831 933 2204 1003 expetentibus
2244 931 2425 986 volens
2474 931 2744 996 tribuere,
2800 931 2854 984 in
2899 931 3074 1000 primo
3120 934 3404 988 conamine

1834 1023 2058 1078 terribili
2093 1023 2317 1076 horrore.
2344 1029 2626 1092 correptus
2655 1030 2817 1089 atque
2862 1021 3106 1090 repulsus
3129 1060 3144 1086 ,
3206 1021 3409 1090 imper-

1836 1116 2032 1170 l'cctum
2057 1115 2272 1184 reiiquit
2291 1155 2305 1178 ,
2337 1113 2569 1182 denique
2589 1113 2730 1181 quod
2754 1113 3139 1192 sanus’evasit,
3169 1111 3408 1167 clemen-

1835 1206 1922 1260 tize
1980 1205 2082 1259 sibi
2137 1204 2408 1274 parcentis
2481 1203 2653 1258 sancti
2709 1202 3020 1272 resignavit.
3077 1201 3410 1257 Pl‘:BSidCltt0

1835 1311 2047 1367 quoque
2071 1296 2243 1352 beata:
2287 1295 2562 1350 memoria:
2593 1309 2729 1365 papa
2769 1293 2948 1348 Leone
2986 1293 3088 1348 hoc
3123 1293 3296 1363 ipsum
3339 1311 3406 1348 ex

1835 1388 1950 1457 ejus
1981 1387 2338 1457 prreceptione
2372 1395 2694 1440 attentatum
2737 1383 2902 1440 fuisse
2931 1385 3232 1439 audivimus
3258 1425 3273 1450 ,
3313 1386 3404 1440 ubi

1836 1495 1959 1533 cum
1987 1478 2264 1547 repentina
2293 1478 2669 1532 coruscationc
2705 1485 2993 1546 tempestas
3021 1486 3209 1530 exorta
3236 1517 3250 1540 ,
3283 1484 3408 1530 tem-

1835 1567 1980 1638 plum
2003 1580 2161 1620 omne
2185 1564 2508 1621 l'undotenus
2530 1565 2834 1629 submovit,
2876 1564 2948 1618 ita
2978 1573 3037 1618 ut
3070 1565 3406 1634 superliciem

1837 1671 1998 1727 super
2025 1670 2084 1710 se
2123 1655 2315 1710 cadere
2360 1655 2536 1710 clerus
2563 1669 2766 1725 pavens
2817 1651 3167 1710 melodiarum
3215 1655 3411 1709 oblitus

1839 1745 2200 1810 acclamarct,
2233 1747 2374 1799 unde
2404 1759 2563 1800 nemo
2606 1758 2665 1799 se
2701 1745 2882 1798 vivum
2915 1745 3206 1799 abscedere
3254 1759 3410 1814 posse

1763 1828 1808 1888 Β
1837 1836 2060 1906 putavit.
2093 1834 2358 1890 Narratur
2385 1844 2438 1890 et
2468 1838 2567 1890 sub
2606 1837 2802 1891 domno
2850 1835 3095 1890 Paschali
3125 1836 3263 1891 idem
3295 1837 3406 1906 jam

1833 1929 2037 1998 pridem
2067 1928 2368 1993 initiatum,
2420 1929 2512 1982 sed
2551 1928 2712 1982 simili
2755 1928 3160 1998 perturbatione
3215 1927 3410 1981 direm-

1833 2029 2002 2090 ptum.
2029 2018 2254 2073 Constat
2279 2032 2409 2088 ergo
2447 2018 2610 2073 toties
2643 2018 3009 2072 demonstrato
3037 2027 3407 2080 sacramento,

1834 2107 2135 2162 nullatenus
2163 2106 2308 2160 illum
2338 2107 2464 2160 hinc
2497 2107 2729 2177 migrare
2751 2106 3003 2161 voluisse.
3035 2105 3172 2161 llinc
3210 2115 3264 2160 et
3315 2123 3410 2161 nos

1833 2195 2080 2250 liduciam
2105 2208 2383 2264 captamus
2417 2195 2683 2250 tribuendi
2732 2209 2829 2250 nec
2856 2197 3154 2250 amittendi.
3181 2197 3329 2263 Quod
3363 2197 3408 2250 si

1833 2283 1904 2338 ita
1935 2297 2204 2366 annuente
2245 2284 2354 2338 Deo
2383 2285 2662 2349 evenerit,
2727 2300 2756 2338 a
2795 2295 2984 2340 neutro
3025 2297 3204 2340 vestra
3252 2286 3413 2340 celsi-

1836 2375 1962 2430 tudo
2010 2373 2274 2443 jacturam
2311 2374 2547 2429 videbit:
2580 2375 2683 2430 illis
2713 2375 2866 2445 plena
2909 2376 3228 2440 satisfactio,
3256 2377 3410 2430 nobis

1833 2463 2009 2517 ablata
2041 2462 2320 2532 querelosa
2362 2464 2656 2534 derogalio.
2705 2464 2767 2519 lli
2817 2480 2978 2534 quam
3011 2480 3137 2536 erga
3178 2474 3408 2520 vestram

1832 2554 2204 2609 celsitudinem
2256 2566 2314 2607 se
2357 2553 2556 2608 habere
2603 2553 2822 2620 dicunt,
2856 2555 3147 2608 servabunt
3174 2553 3409 2609 devotio-

1833 2662 1992 2710 nem,
2046 2661 2143 2700 nos
2189 2656 2360 2715 pacta:
2391 2645 2512 2700 lidei
2545 2654 2805 2700 tenorem.
2857 2646 2953 2701 Est
2992 2656 3046 2700 et
3076 2647 3220 2701 aliud
3271 2647 3410 2716 quot!

1835 2738 2082 2792 novimus
2127 2737 2518 2801 certissimum,
2562 2737 2765 2792 nullum
2796 2738 3021 2792 inveniri
3073 2738 3408 2801 Romanum,

1833 2831 1922 2900 qui
1968 2831 2022 2884 in
2048 2830 2163 2900 ejus
2207 2830 2468 2884 tumulum
2491 2870 2505 2894 ,
2535 2829 2878 2899 quantumvis
2911 2840 3162 2894 coactus,
3218 2831 3413 2884 audeat

1835 2921 2050 2975 mittere
2080 2935 2317 2974 manum.
2367 2919 2664 2988 Utrumque
2710 2920 2848 2982 erit,
2881 2928 2935 2973 et
2971 2919 3087 2972 dari
3137 2920 3333 2988 poterit
3359 2928 3415 2971 et

1835 3010 2042 3064 haberi.
2073 3008 2197 3062 lvi-(ec
2228 3011 2454 3064 domnus
2497 3008 2823 3078 apostolicus
2850 3007 3072 3062 audiens
3125 3007 3414 3077 tranquillo

1835 3108 2052 3168 pectore
2101 3097 2268 3164 favit,
2325 3107 2379 3152 et
2430 3097 2682 3153 accersiri
2737 3095 2996 3151 Joannem
3051 3096 3412 3152 venerabilem

145 3167 496 3238 dignitatem,
533 3165 742 3237 longius
757 3166 960 3222 distare
990 3166 1273 3236 imparem.
1301 3163 1437 3231 Quid
1468 3162 1733 3232 amplius?

1838 3189 2146 3258 episcOpum
2181 3189 2360 3258 jussit.
2387 3187 2488 3256 Qui
2536 3197 2596 3242 ut
2622 3187 2868 3254 advenit,
2899 3189 3160 3243 secretius
3201 3203 3322 3242 cum
3349 3202 3416 3242 eo

148 3271 260 3313 nec
282 3257 386 3310 hoc
411 3255 524 3309 ﬁeri
550 3255 775 3316 debere,
804 3270 979 3324 neque
1007 3253 1154 3323 iuste
1185 3253 1301 3309 ﬁeri
1323 3267 1482 3324 posse
1518 3260 1732 3322 praesta-

149 3349 380 3402 bantur.
419 3345 646 3400 Econtra
686 3345 925 3401 illustres
955 3346 1057 3400 viri
1093 3344 1349 3413 Quirinus
1374 3355 1430 3399 et
1450 3343 1732 3414 Theopby—

149 3439 337 3494 lactus
367 3437 478 3492 ﬁeri
519 3437 716 3494 debere
771 3445 828 3493 et
864 3453 1024 3510 posse
1077 3438 1347 3495 dicebant.
1389 3437 1606 3493 Etcum
1656 3436 1733 3492 illi

149 3539 383 3600 propter
410 3530 752 3584 indiscretam
798 3539 854 3585 et
900 3531 1173 3586 ttediosam
1218 3530 1426 3584 sonitus
1454 3528 1730 3584 confusio-

152 3637 326 3686 nem,
372 3636 493 3689 qua:
533 3636 748 3677 sacrum
793 3620 1077 3676 videbatur
1125 3621 1351 3692 fatigare
1398 3619 1732 3684 antistitem,

152 3709 510 3775 secederent,
555 3717 612 3764 et
655 3710 746 3778 qui
795 3724 826 3763 a
861 3711 1241 3766 secretioribus
1285 3716 1442 3764 erant
1489 3722 1736 3764 remane-

154 3808 319 3863 rent;
348 3813 636 3869 congruam
659 3814 781 3853 cum
803 3797 908 3853 illis
930 3798 1436 3854 sermocinationem
1458 3797 1526 3852 de
1549 3795 1735 3850 eadem

155 3905 225 3946 re
253 3889 416 3958 ccepit
442 3903 650 3952 serere,
681 3898 737 3944 et
775 3889 1012 3944 melioris
1035 3889 1317 3944 sententia:
1345 3886 1584 3942 consiliis
1607 3886 1734 3950 Deo,

156 3990 228 4036 ut
257 3980 562 4045 credimus,
603 3979 906 4048 inspirante
953 3981 1423 4049 superintendere,
1476 3987 1531 4033 et
1558 3978 1738 4031 volun-

158 4080 336 4126 tatem
363 4084 514 4124 suam
542 4069 924 4146 promptiorem
943 4067 1222 4123 manifeste
1251 4069 1640 4122 demonstrare.
1659 4066 1736 4120 Illi

159 4173 348 4218 autem
373 4163 464 4232 qui
493 4162 564 4217 ob
589 4162 920 4232 garrulitatis
949 4177 1061 4216 suae
1090 4176 1346 4216 nauseam
1394 4160 1543 4214 foras
1567 4173 1740 4214 seces-

159 4261 382 4318 serant,
413 4253 590 4307 invida
621 4251 980 4307 sollicitudine
1015 4252 1296 4322 explorare
1343 4266 1447 4305 non
1482 4265 1740 4304 verecun-

163 4346 458 4408 dabantur,
483 4343 612 4413 quid
657 4343 884 4398 domnus
911 4342 1240 4412 apostolicus
1268 4356 1391 4396 cum
1413 4339 1640 4407 Quirino
1685 4349 1739 4395 et

164 4433 571 4504 Theophylacto
597 4432 661 4486 de
689 4433 791 4487 hoc
811 4433 926 4502 ipso
952 4440 1274 4487 retractaret
1292 4471 1306 4497 ,
1328 4438 1383 4486 et
1412 4431 1539 4501 quia
1567 4445 1661 4484 eos
1683 4431 1734 4485 in

1836 3282 1908 3335 rei
1939 3281 2414 3351 competentiorem
2461 3281 2661 3335 exitum
2705 3279 2982 3349 quaesivit,
3021 3291 3078 3334 et
3121 3281 3262 3349 quod
3317 3279 3412 3334 Dei

1835 3374 2092 3428 instinctu
2153 3375 2390 3427 l‘uturum
2448 3374 2633 3428 sanius
2684 3380 2806 3426 erat
2861 3371 3029 3427 libera
3091 3371 3418 3426 auctoritate

1835 3463 2036 3520 sanxit.
2079 3461 2184 3518 Sed
2211 3462 2340 3518 illud
2369 3477 2476 3516 non
2508 3470 2633 3517 tunc
2661 3460 2900 3531 pluribus
2937 3460 3128 3530 patuit.

1904 3625 2039 3679 Dum
2079 3625 2193 3678 haec
2207 3552 2906 3689 volveretftzt‘irljgi’i:iliiistris
2929 3621 3244 3693 lngobertus
3267 3621 3415 3691 (460)

1836 3729 2018 3769 comes
2049 3715 2389 3783 supervenit,
2440 3729 2598 3783 quem
2645 3714 2744 3768 sibi
2775 3713 3054 3768 sinistrum
3098 3711 3215 3766 fore
3245 3713 3416 3766 nostri

1835 3804 2227 3868 autumabant,
2279 3803 2422 3873 quod
2467 3803 2636 3857 inscio
2680 3817 2989 3858 eocausam
3037 3811 3263 3857 eotenus
3293 3817 3420 3871 pro-

1838 3891 2128 3947 duxerunt.
2159 3892 2367 3947 Etenim
2390 3900 2508 3946 erat
2529 3901 2830 3962 praepotens
2851 3893 2980 3946 etin
3003 3893 3254 3946 omnibus
3275 3890 3417 3962 apud

1840 3997 2106 4038 summum
2128 3983 2435 4038 Antistitcm
2462 3983 2646 4036 valens
2664 4023 2678 4048 ,
2710 3983 2862 4051 isque
2888 3982 3181 4036 venerabili
3212 3981 3418 4034 Hildni-

1836 4088 1908 4128 no
1935 4073 2117 4126 abbati
2163 4072 2528 4127 amicissimus
2555 4073 2813 4127 existens.
2845 4070 3074 4140 Propter
3105 4071 3246 4138 quod
3288 4085 3411 4123 eum

1839 4164 2102 4236 indignari
2148 4164 2580 4233 suspicabantur,
2607 4163 2732 4232 quia
2757 4163 2822 4217 de
2847 4162 2929 4216 his
2958 4161 3203 4215 notitiam
3235 4159 3415 4214 facere

1839 4255 1890 4309 ei
1929 4252 2309 4323 neglexissent.
2353 4251 2503 4307 Unde
2529 4253 2740 4306 concito
2777 4265 2961 4323 gressu
3001 4250 3067 4304 ad
3095 4265 3216 4304 eum
3247 4265 3411 4304 vene-

1839 4354 1996 4408 runt,
2027 4351 2081 4398 et
2109 4358 2171 4396 ex
2201 4341 2414 4396 nomine
2442 4340 2765 4409 acjussione
2794 4341 2938 4395 illius
2977 4340 3092 4392 ham
3114 4339 3162 4392 ei
3196 4339 3415 4392 intima-

1836 4445 2062 4500 verunt,
2121 4434 2432 4487 adserentes
2485 4447 2545 4486 se
2601 4445 2700 4500 pro
2755 4446 2862 4501 quo
2919 4429 3070 4484 missi
3107 4439 3292 4492 erant,
3332 4429 3409 4483 illi

161 4522 396 4592 graliam
440 4520 520 4575 sui
552 4520 753 4575 domini
779 4535 838 4575 se
882 4520 1196 4592 supergredi
1243 4521 1537 4589 smpiSSima
1581 4535 1737 4590 expc-
1768 4516 1815 4575 Ι)
1839 4525 2184 4596 singulariter
2224 4537 2344 4577 esse
2396 4523 2763 4577 commissum.
2792 4521 2886 4575 llle
2922 4535 3139 4590 quoque
3181 4521 3416 4589 antiquae

163 4614 365 4669 rientia
389 4613 718 4678 didicerant,
769 4614 1023 4683 quoniam
1079 4614 1296 4682 quidem
1344 4623 1500 4667 erant
1545 4614 1736 4668 arbitri

165 4701 502 4759 dillinitionis
537 4704 828 4768 universae,
877 4717 943 4758 ne
983 4704 1052 4758 ob
1085 4705 1183 4758 hoc
1231 4704 1348 4758 sine
1382 4719 1480 4759 suo
1517 4704 1740 4760 consilio

165 4795 382 4848 illorum
421 4793 667 4848 consultu
701 4793 865 4848 resin
894 4809 1210 4862 prosperum
1234 4794 1487 4858 cederet,
1531 4794 1740 4863 ipsique

166 4885 327 4956 quasi
369 4883 723 4953 despicabiles
770 4883 1116 4947 haberentur,
1169 4899 1274 4937 non
1327 4882 1502 4938 vocati
1534 4888 1738 4937 curiam

168 4988 443 5048 repetunt.
485 4977 560 5031 De
589 4977 674 5030 his
701 4977 898 5046 quibus
924 4977 1236 5046 interrogati
1283 4977 1494 5031 fuerant
1536 4978 1738 5031 aditum

165 5073 536 5135 reposcentes,
558 5077 670 5118 rem
685 5073 892 5134 gratam
911 5067 1278 5134 pronuntiant.
1303 5065 1738 5128 Reminiscimur,

165 5155 449 5222 inquiunt,
479 5154 680 5222 Optime
707 5162 892 5222 pastor
934 5164 988 5208 et
1021 5155 1235 5207 domine
1265 5154 1614 5218 venerabilis,
1645 5156 1739 5208 lilii

163 5241 339 5298 vestri
389 5240 624 5296 llilduini
680 5257 808 5311 erga
861 5241 1195 5310 maiestatem
1248 5243 1392 5296 sedis
1433 5243 1741 5311 apostolica:

167 5333 501 5388 uberrimam
532 5331 902 5396 all'ectionem;
935 5332 1028 5386 sed
1067 5347 1164 5385 nec
1205 5346 1389 5386 smnus
1415 5332 1588 5400 ignari
1617 5349 1742 5403 sup-

167 5423 476 5494 plicationis
502 5422 756 5492 Angusta:
799 5423 850 5475 in
898 5423 998 5477 hoc
1045 5423 1158 5491 ipso
1211 5423 1363 5476 nobis
1407 5421 1746 5478 manifestato

172 5515 413 5582 negotio.
449 5515 746 5584 Utrumque
787 5515 928 5569 enim
969 5531 1064 5584 per
1089 5515 1324 5568 divinam
1355 5516 1743 5583 providentiam

171 5606 472 5677 prudentia}
501 5615 691 5660 vestra:
744 5606 1178 5676 incomparabilis
1215 5607 1492 5661 beatitudo
1537 5607 1610 5661 ita
1640 5609 1743 5662 dis—

1841 4629 1946 4668 non
2012 4613 2294 4666 immemor
2338 4611 2625 4674 amicitiae,
2673 4610 2817 4664 omni
2870 4609 3084 4679 ingenio
3124 4625 3189 4664 ac
3235 4611 3416 4667 studio

1840 4703 2153 4774 sagacitatis
2201 4702 2254 4755 in
2320 4701 2422 4755 hoc
2479 4716 2537 4755 se
2593 4710 2799 4755 tantum
2853 4699 3080 4754 hilarem
3132 4700 3417 4765 exhibuit,

1840 4805 2101 4866 quantum
2137 4794 2274 4846 Deus
2299 4793 2442 4846 vires
2480 4793 2777 4857 concessit,
2824 4801 2879 4845 et
2914 4791 2966 4845 in
3001 4791 3264 4861 agendum
3301 4807 3422 4860 qua:

1843 4887 1994 4940 fuere
2033 4884 2335 4939 necessaria
2383 4899 2448 4937 ex
2480 4883 2715 4952 propriis
2744 4883 3045 4952 sumptibus
3073 4882 3412 4936 ministravit.

1841 4976 2064 5045 Insuper
2083 4989 2202 5028 cum
2233 4973 2430 5026 domno
2455 4972 2666 5028 locutus
2693 4980 2777 5027 est
2801 4972 3095 5043 apostolico
3113 5013 3126 5036 ,
3153 4981 3423 5041 quatenus

1841 5080 2028 5120 eorum
2057 5063 2244 5133 petitio
2270 5065 2336 5116 ad
2357 5063 2608 5119 effectum
2631 5065 2832 5134 absque
2854 5065 3043 5120 aemula
3071 5063 3421 5134 impeditione

1841 5157 2249 5227 perduceretur.
2275 5153 2386 5208 Hoc
2411 5155 2483 5208 ita
2511 5156 2809 5225 composito
2834 5170 3042 5209 rursum
3068 5162 3418 5218 revocantur,

1845 5255 2007 5315 atque
2055 5253 2180 5297 ante
2231 5244 2490 5299 domuum
2546 5245 2894 5315 apostolicum
2957 5245 3306 5299 reducuntur.
3352 5245 3422 5300 Et

1844 5351 1964 5390 cum
1995 5349 2025 5388 a
2055 5335 2526 5390 circumstantibus
2573 5351 2669 5404 pro
2690 5334 2957 5402 petitionis
2977 5349 3161 5389 eorum
3193 5335 3418 5391 obtentu

1849 5424 2269 5494 deprecaretur,
2337 5425 2518 5492 illique
2579 5423 2760 5493 procul
2812 5422 3045 5476 vultibus
3097 5422 3151 5476 in
3215 5431 3416 5478 terram

1850 5513 2098 5568 demissis
2119 5515 2551 5582 procumberent,
2581 5514 2791 5567 tandem
2819 5513 3186 5568 misericordia
3211 5512 3381 5569 ﬂexus
3397 5555 3414 5577 ,

1848 5602 1973 5657 licet
2000 5619 2200 5672 pavens
2225 5619 2286 5657 ac
2338 5604 2595 5671 trepidus,
2637 5604 2810 5658 sancti
2843 5605 3029 5658 annuit
3078 5603 3266 5658 donari
3293 5618 3416 5658 cor-

251 5738 395 5811 (-iCO)
437 5741 702 5811 l-ngohcrti
747 5742 904 5813 hujus
934 5742 1161 5798 celebris
1223 5745 1425 5800 mentio
1467 5744 1518 5797 in
1565 5743 1743 5799 Gestis
1780 5743 1957 5800 Caroli
1981 5755 2032 5798 et
2059 5743 2329 5798 Ludovici.
