3848 5480
483 378 590 454 .891

1388 378 1701 440 ODILONIS
1741 377 2041 436 MONACIII
2079 378 2136 433 S.
2178 377 2481 435 MEDARDI
2520 375 2871 438 SUESSION.

3647 373 3737 429 592

491 487 884 571 pus-Minister
934 492 1092 564 hujus
1139 492 1437 564 largitionis
1477 491 1787 562 aptissimus
1826 490 2062 546 Joannes
2091 495 2135 551 Α
2165 490 2356 546 leviter
2411 491 2464 546 in
2508 494 2741 563 quietem
2796 489 3028 556 laxavit,
3087 497 3210 544 ante
3256 501 3318 544 se
3379 485 3736 558 perSplendidi

493 592 794 649 condieitur
834 589 1136 658 episcopus.
1199 585 1330 642 Nam
1378 587 1526 656 quia,
1577 594 1636 640 ut
1678 583 2064 654 praemisimus,

479 680 1140 763 languere-afﬁciebatur
1179 677 1381 744 nimio,
1434 678 1538 732 hoc
1597 691 1694 747 per
1739 691 1798 730 se
1850 675 2068 745 explere

491 762 785 841 nequibat,
809 783 936 823 eum
971 767 1108 822 velle
1129 766 1418 836 plurimum
1449 781 1556 820 non
1602 771 1863 834 negaret:
1889 762 2063 833 quod,

488 870 551 917 ut
575 868 762 932 postea
802 858 1008 928 patuit,
1061 856 1158 911 Dei
1203 855 1601 927 dispensatione
1639 853 1772 908 satis
1815 851 2062 922 profecit.

487 952 780 1018 Assumpto
807 949 989 1016 itaque
1010 945 1250 1011 Joanne,
1277 959 1437 1015 quem
1465 944 1543 998 eis
1571 941 1902 998 ordinarium
1928 954 2067 1011 prm-

489 1042 695 1098 fecerat
725 1037 1044 1095 benevolum
1071 1049 1217 1106 .papa
1273 1032 1614 1097 venerabilis,
1659 1031 1868 1086 alacres
1905 1027 2064 1084 simul

485 1132 695 1188 vadunt
737 1131 806 1185 ad
849 1129 1027 1184 locum
1067 1142 1174 1181 non
1201 1125 1314 1195 jam
1362 1125 1621 1195 ignotum.
1675 1120 1949 1191 Siquidem
1996 1133 2062 1172 ex

487 1223 630 1278 serie
656 1219 928 1291 passionis
957 1217 1073 1287 ejus
1119 1231 1151 1270 a
1196 1224 1387 1270 sancto
1437 1211 1720 1268 Ambrosio
1767 1210 2066 1264 luculenter

489 1315 648 1369 edita:
671 1312 1001 1373 didicerant,
1033 1307 1282 1362 milliario
1312 1305 1471 1360 tertio
1495 1304 1562 1358 ab
1593 1302 1772 1367 Urbe,
1804 1299 1924 1356 loco
1970 1299 2060 1369 qui

489 1402 560 1456 ob
586 1399 872 1456 stationem
906 1395 1119 1450 navium
1147 1393 1506 1449 Catacumbas
1531 1389 1831 1453 dicebatur,
1858 1403 2059 1456 praece-

485 1492 634 1561 pisse
684 1503 782 1559 per
827 1487 1001 1541 visum
1054 1485 1300 1539 eumdem
1347 1481 1714 1554 beatissimum
1768 1487 2060 1549 martyrem

481 1581 708 1636 Lucinae
770 1579 980 1634 cuidam
1029 1587 1288 1631 matronae
1347 1573 1561 1643 sepeliri
1616 1587 1675 1627 se
1722 1571 1788 1625 ad
1836 1571 2062 1641 vestigia

486 1663 1023 1740 apostolorumlPetri
1047 1656 1298 1720 et-Pauli.
1344 1659 1512 1728 Quem
1539 1655 1814 1716 conditum
1843 1672 2061 1713 aroma-

487 1762 634 1816 tibus
654 1769 940 1830 ,-prompta
969 1755 1112 1827 quod
1132 1755 1280 1827 jussa
1308 1752 1482 1808 fuerat
1513 1759 1765 1807 exsecuta
1791 1759 1875 1805 est
1901 1750 2063 1805 devo-

489 1851 656 1906 tione.

1098 1932 1324 1991 CAPUT
1373 1931 1461 1986 XI.

562 2027 823 2086 Perendie
875 2025 1175 2096 injunctum
1239 2025 1431 2079 devota
1478 2029 1658 2077 mente
1715 2018 2060 2088 frequentant

483 2121 744 2193 jejunium
787 2133 909 2174 cum
947 2117 1279 2187 presbyteris
1322 2122 1378 2170 et
1413 2112 1726 2170 diaconibus
1758 2119 2060 2193 caeteroque

486 2191 666 2276 clero,
696 2211 836 2264 inter
861 2204 996 2277 quOs
1039 2216 1095 2262 et
1140 2205 1421 2277 lngoaldus
1469 2191 1917 2257 archimandrites
1938 2215 2059 2254 cum

486 2301 600 2357 suis
622 2315 719 2371 pro
759 2299 964 2353 viribus
990 2295 1203 2367 adjutor
1233 2285 1610 2350 ﬁdelissimus.
1642 2289 1839 2361 Jejunii
1867 2289 2056 2343 obser-

485 2393 702 2446 vatione
728 2387 1040 2445 solemniter
1087 2393 1458 2442 consummata
1475 2424 1489 2449 ,
1519 2390 1709 2437 ruente
1733 2378 1912 2435 noctis
1933 2392 2057 2433 ere-

484 2478 712 2552 puseulo
740 2477 951 2548 vigilias
977 2475 1298 2532 celebraturi
1328 2472 1582 2544 martyris
1625 2471 1679 2525 in
1717 2468 2057 2530 evocatione,

487 2570 700 2640 adejus
718 2568 957 2625 nobilem
973 2567 1244 2624 tumulum
1290 2565 1578 2629 accedunt,
1607 2561 1859 2630 omnique
1884 2557 2061 2614 officio

487 2675 544 2722 et
573 2663 834 2734 obsequio
853 2663 906 2717 in
927 2677 1063 2733 Opus
1091 2674 1312 2716 suorum
1343 2658 1649 2712 instaurant
1675 2667 1924 2716 manum,
1969 2649 2060 2704 ubi

487 2771 612 2812 cum
643 2757 966 2826 hymnorum
1004 2752 1252 2808 cantibus
1302 2757 1358 2804 et
1413 2745 1740 2817 psalmorum
1779 2740 2058 2804 melodiis,

485 2861 609 2902 cum
627 2844 844 2915 jugibus
868 2841 1275 2913 thymiamatum
1299 2836 1572 2899 odoribus,
1601 2840 1762 2900 atque
1792 2827 2061 2885 nebulosis

487 2937 824 2991 diversorum
868 2938 1169 2986 aromatum
1213 2926 1505 2997 vaporibus
1542 2928 1929 2994 pernoctantes
1958 2919 2063 2973 Do-

487 3027 696 3082 minum
745 3024 1040 3095 rogabant,
1101 3031 1160 3076 ut
1204 3018 1468 3076 tractandi
1523 3014 1763 3088 pignoris
1809 3010 2062 3067 salutaris

488 3116 636 3185 digni
664 3115 1019 3175 haberentur,
1052 3126 1154 3165 nec
1177 3110 1260 3164 sui
1295 3106 1615 3178 contagione
1637 3103 1843 3174 peccati
1868 3100 1936 3155 ab
1961 3100 2062 3155 hoc

2167 584 2383 638 habitus
2412 585 2585 640 virum
2628 586 2924 640 consistere
2967 584 3128 650 vidit,
3161 583 3250 654 qui
3288 598 3418 638 eum
3465 583 3552 636 sic
3581 583 3738 638 ruitis»

2163 675 2318 729 simis
2341 675 2606 729 allocutus
2633 685 2717 730 est
2739 675 2920 730 verbis
2944 693 2959 729 :
2989 674 3032 730 Ο
3059 674 3320 738 Joannes,
3354 686 3566 742 corpus
3595 673 3737 742 hujus

2162 769 2417 838 martyris
2449 767 2753 822 Sebastiani
2785 783 2889 824 non
2931 768 3073 823 ultra
3104 769 3305 823 donare
3331 768 3607 822 formides
3635 768 3737 822 istis

2162 858 2255 928 qui
2286 872 2382 926 pro
2405 871 2470 912 eo
2494 867 2756 912 venerunt
2782 857 2932 912 viris.
2961 857 3114 912 Scias
3135 857 3236 912 hoc
3249 848 3737 926 pmdestinationis

2163 963 2409 1018 supernae
2434 958 2489 1002 et
2512 948 2807 1004 voluntatis
2836 948 3006 1018 ipsius
3033 963 3171 1004 esse.
3217 947 3436 1002 Accede
3464 962 3602 1014 ergo
3625 985 3640 1008 ,
3689 958 3734 1000 et

2162 1052 2381 1092 manum
2413 1037 2479 1091 ad
2510 1036 2814 1106 sepulcrum
2839 1038 3078 1108 applica,
3099 1040 3166 1092 ad
3203 1036 3592 1092 deducendum
3619 1036 3732 1089 illud

2163 1122 2216 1180 in
2263 1125 2439 1180 locum
2476 1126 2823 1181 destinatum.
2856 1128 3096 1196 Cumque
3136 1127 3278 1196 quod
3324 1126 3735 1196 prmeipiebatnr

2161 1217 2420 1288 perficere
2445 1228 2752 1284 conaretur,
2773 1218 3018 1274 cominus
3055 1216 3123 1272 ad
3148 1217 3375 1288 vestigia
3410 1232 3515 1270 sua
3545 1217 3734 1286 lapides

2163 1310 2360 1380 ignitos
2378 1309 2770 1364 intolerabilem
2799 1310 2852 1363 in
2875 1323 2933 1364 se
2957 1308 3188 1363 calorem
3218 1316 3511 1362 vomentes
3535 1305 3731 1374 inSpicit

2156 1399 2343 1470 jacere
2371 1407 2426 1453 et
2466 1414 2806 1469 progressum
2835 1398 3095 1453 inhibere.
3123 1395 3352 1465 Jamque
3381 1396 3545 1463 quasi
3574 1395 3730 1448 media

2160 1487 2247 1541 via
2277 1487 2514 1556 positus,
2539 1502 2666 1542 cum
2689 1487 2792 1543 sibi
2839 1501 2906 1542 ex
2934 1485 3077 1541 nulla
3103 1493 3258 1554 parte
3295 1482 3616 1538 transeundi
3652 1483 3730 1535 ad-

2164 1577 2295 1632 itum
2313 1586 2451 1633 aestu
2471 1591 2662 1631 eorum
2696 1575 2765 1631 de
2788 1575 3021 1645 lapidum
3043 1575 3338 1645 ignitorum
3373 1571 3730 1626 circumdatus

2161 1677 2350 1739 patere
2374 1667 2601 1732 videret,
2641 1673 2695 1722 et
2720 1667 2964 1737 pavitans
2988 1666 3116 1736 quid
3143 1673 3332 1734 ageret
3376 1663 3677 1732 ignoraret.
3701 1677 3725 1713 ει

2162 1773 2394 1828 persona
2420 1757 2753 1812 confortatus
2783 1757 2928 1826 ipsos
2981 1754 3158 1810 subito
3188 1763 3242 1808 et
3272 1754 3493 1822 absque
3533 1752 3728 1806 lassioae

2092 1829 2135 1888 Β
2165 1847 2467 1902 transilisse
2503 1854 2590 1901 est
2628 1847 2873 1901 miratus.
2924 1845 3162 1913 Itemque
3196 1841 3550 1911 interjectam
3577 1839 3729 1894 furca.

2158 1939 2299 1992 tium
2339 1951 2632 2008 prunarum
2677 1935 2987 2005 congeriem
3041 1934 3207 1996 vidit,
3257 1947 3289 1986 a
3342 1946 3455 2009 qua
3504 1944 3724 2001 gressum

2164 2029 2398 2081 retinere
2425 2033 2647 2079 coactus
2683 2022 2946 2078 subsistit.
2993 2019 3098 2075 Sed
3125 2019 3295 2089 ipsius
3336 2033 3593 2087 personae
3618 2025 3726 2070 nuta

2163 2115 2333 2170 fretus
2373 2113 2593 2168 inantea
2637 2124 2696 2166 se
2749 2108 3034 2178 trajectum
3080 2123 3201 2163 esse
3249 2107 3564 2177 prospexit.
3615 2105 3726 2159 llinc

2163 2215 2394 2276 emptam
2420 2203 2697 2259 ambulare
2725 2202 2866 2256 viam
2888 2200 3088 2256 voluit:
3119 2213 3176 2254 et
3195 2213 3328 2254 ecce
3350 2213 3457 2268 per
3484 2207 3726 2251 transver-

2163 2311 2282 2351 sum
2345 2292 2554 2350 itineris
2597 2290 2814 2347 ﬂamma
2863 2306 3031 2346 vorax
3078 2289 3512 2345 immanissimas
3567 2286 3722 2358 globos

2162 2394 2472 2458 sparserat,
2497 2400 2659 2455 quam
2707 2397 2862 2440 sacer
2887 2384 3110 2439 antistes
3136 2382 3501 2438 vehementer
3546 2389 3723 2434 metue-

2162 2480 2275 2542 bat,
2296 2484 2515 2548 propter
2545 2476 2647 2530 hoc
2681 2473 2936 2537 maxime,
2963 2473 3086 2542 quia
3115 2469 3431 2526 declinandi
3466 2469 3719 2524 locusuan

2160 2575 2317 2623 erat:
2349 2565 2578 2634 denique
2600 2564 2787 2620 eadem
2815 2563 2929 2634 ipsa
2959 2575 3186 2631 persona
3226 2560 3329 2615 sibi
3357 2561 3531 2614 dante
3569 2560 3725 2613 dena.

2165 2673 2278 2712 ram
2298 2697 2313 2723 ,
2335 2656 2535 2711 illaasus
2559 2655 2843 2711 abducitur
2864 2653 3023 2707 ultra.
3047 2651 3196 2706 Tunc
3222 2652 3290 2706 ad
3330 2650 3720 2706 accersit-udum

2155 2763 2285 2804 eum
2314 2747 2482 2802 frater
2519 2745 2734 2802 nomine
2781 2744 3076 2800 Wilharius
3114 2753 3199 2798 est
3239 2743 3532 2797 directus:
3586 2757 3721 2811 quem

2159 2856 2286 2898 eum
2338 2839 2515 2895 adhuc
2569 2839 2798 2894 horrore
2839 2836 3060 2892 visionis
3100 2834 3361 2890 terribilis
3407 2835 3720 2904 pavitantem

2161 2930 2358 2987 blando
2386 2937 2592 2984 attactu
2621 2927 2960 2998 evigilasset,
3017 2926 3285 2981 intimavit
3331 2939 3398 2981 ex
3433 2935 3593 2995 parte
3619 2936 3722 2978 suo-

2162 3035 2282 3074 rum
2339 3027 2548 3088 tempus
2597 3016 2853 3087 operandi
2922 3015 3162 3085 mysterii
3190 3055 3204 3080 ,
3260 3029 3362 3070 nec
3414 3014 3526 3068 ullo
3583 3012 3722 3067 modo

2162 3109 2665 3182 procrastinandum
2685 3148 2702 3174 ,
2732 3122 2935 3178 eosque
2969 3105 3283 3175 jamdudum
3307 3114 3533 3176 paratos
3558 3106 3723 3160 demo-

487 3207 926 3277 rejiceret,quos
961 3201 1284 3257 desiderium
1313 3197 1470 3253 fidele
1496 3203 1549 3252 et
1593 3208 1748 3249 amor
1774 3187 2132 3262 impatiensC
2164 3208 2272 3263 ,ιπί
2326 3209 2394 3262 ad
2442 3205 2698 3276 martyris
2751 3203 3033 3259 ιυηιυιωη,
3099 3201 3201 3271 Qui
3259 3203 3448 3256 statim
3502 3199 3724 3255 summ

487 3295 727 3350 maximo
758 3292 941 3346 labore
975 3304 1073 3360 per
1099 3287 1262 3342 multa
1290 3283 1529 3357 pericula
1579 3281 1705 3337 illuc
1734 3295 1903 3349 usque
1928 3293 2058 3334 eon-

489 3394 752 3440 traxerat.
770 3382 952 3450 Itaque
973 3379 1027 3434 in
1051 3376 1294 3432 laudibus
1318 3369 1686 3447 spiritualibus
1707 3367 2059 3427 continuatim

488 3488 706 3530 omnem
759 3473 1016 3527 ducentes
1044 3476 1292 3530 noctem,
1343 3462 1538 3536 pallida
1587 3463 1727 3517 diem
1777 3466 2061 3529 reparante

488 3578 685 3620 aurora
704 3603 718 3629 ,
747 3559 994 3632 garrulos
1017 3559 1085 3614 ab
1108 3555 1335 3613 ecclesia
1379 3554 1632 3609 secedere
1664 3550 1969 3614 Romanos,
2006 3554 2063 3602 et

487 3655 756 3714 familiare
776 3652 878 3708 sibi
917 3658 1186 3705 secretum
1219 3643 1481 3716 indulgeri
1524 3649 1731 3712 petunt.
1775 3640 2062 3695 Enimvero

489 3760 614 3802 cum
640 3743 696 3799 hi
723 3743 780 3798 in
813 3742 1037 3797 chorum
1077 3738 1390 3794 secederent
1433 3733 1684 3790 letaniam
1714 3731 1918 3797 acturi,
1963 3731 2059 3786 de-

488 3831 900 3904 prehenduntur
955 3842 985 3883 a
1035 3826 1236 3884 nostris
1291 3825 1449 3880 livida
1505 3823 1762 3878 adversus
1792 3820 2062 3892 negotium

491 3919 875 3993 inpugnatione
903 3916 1290 3982 insurrexisse;
1343 3924 1399 3971 et
1435 3929 1569 3984 quos
1593 3921 1846 3982 putavere
1898 3912 2065 3966 inter-

489 4027 773 4079 cessores,
835 4010 1272 4066 animadvertunt
1333 4020 1453 4063 esse
1517 4004 1722 4060 insulso
1786 4015 2063 4058 murmure

490 4109 837 4179 derogatores
878 4121 892 4158 :
946 4103 1167 4173 insuper
1220 4109 1276 4155 et
1329 4100 1384 4154 in
1446 4112 1713 4154 summum
1767 4096 2060 4150 antistitem

487 4199 772 4256 maledicta
798 4195 1205 4267 iaculabantur,
1254 4193 1308 4248 in
1354 4191 1550 4263 quibus
1576 4189 2063 4262 praedecessoribus

484 4291 741 4347 erunibus
799 4287 1068 4344 crudelior
1120 4284 1564 4348 conviciabatur,
1618 4283 1708 4352 qui
1779 4281 1937 4336 talem
1998 4293 2064 4334 ac

492 4389 698 4435 tantum
720 4387 1004 4448 patronum
1033 4375 1164 4430 fines
1189 4381 1342 4429 extra
1371 4388 1496 4427 suos
1515 4412 1529 4436 ,
1559 4371 1783 4442 pecunia
1832 4377 2062 4426 emeatus

489 4470 689 4539 ejicere
730 4481 837 4520 non
878 4468 1113 4520 timeret.
1165 4463 1423 4517 Sanctum
1467 4469 1728 4531 praeterea
1770 4468 2061 4529 martyrem

2164 3307 2328 3367 atque
2371 3293 2800 3351 sacerdotalibus
2831 3293 3110 3348 redimitus
3152 3291 3339 3347 infulis
3363 3306 3579 3347 summa
3617 3306 3723 3345 cum

2161 3387 2465 3442 reverentia
2492 3385 2557 3439 ad
2603 3384 2780 3440 locum
2821 3381 3051 3438 festinus
3077 3369 3343 3453 perrexit.
3369 3381 3552 3436 Moras
3596 3389 3723 3451 pate-

2162 3476 2303 3532 facta
2339 3475 2670 3532 revelatione
2689 3475 2998 3539 excusavit,
3043 3481 3098 3529 et
3124 3481 3184 3527 ut
3211 3487 3402 3528 secura
3437 3485 3534 3542 spe
3563 3469 3723 3541 perci-

2160 3570 2340 3642 piendi
2420 3569 2746 3626 sacramenti
2775 3609 2790 3636 ,
2862 3568 2948 3623 cui
3016 3568 3268 3624 tantoties
3331 3568 3723 3637 suspiraveraat

2161 3658 2491 3726 existerent‘,
2538 3659 2811 3714 dubietate
2869 3665 2992 3727 post
3039 3657 3221 3712 habita
3268 3658 3594 3712 exhortatus
3631 3665 3720 3709 εει.

2162 3750 2530 3809 Oblationario
2571 3750 2753 3819 itaque
2801 3758 3024 3814 vocato,
3078 3746 3231 3816 cujus
3277 3755 3400 3803 erat
3453 3747 3622 3802 sortis
3664 3760 3721 3800 ex

2161 3841 2403 3897 Romana
2429 3841 2821 3896 consuetudine
2847 3839 3066 3908 aperire
3103 3838 3448 3909 sepulcrum,
3500 3853 3624 3892 cum
3648 3836 3723 3890 ille

2163 3931 2252 3987 diu
2304 3929 2639 3999 multumque
2675 3929 3030 3995 reniteretur,
3077 3936 3133 3982 et
3188 3928 3290 3983 hoc
3338 3926 3720 3998 iniquissimum

2161 4035 2282 4076 esse
2325 4028 2684 4084 causaretur,
2734 4035 2835 4075 nec
2888 4019 3004 4074 vim
3059 4018 3308 4074 Romano
3364 4017 3722 4074 irremissibile

2161 4110 2371 4165 facinus
2391 4109 2842 4180 prmsumendum,
2858 4124 2964 4179 quo
2985 4123 3079 4180 per
3097 4116 3342 4178 posteras
3364 4108 3721 4162 successiones

2162 4202 2431 4274 sacrilegii
2457 4217 2597 4256 noxa
2637 4202 3014 4264 denotaretur;
3057 4201 3196 4254 idem
3241 4197 3482 4254 Joannes
3520 4197 3721 4253 monitis

2162 4293 2408 4348 firmatus
2427 4292 2621 4348 divinis
2643 4291 3025 4346 ferramentum
3049 4290 3333 4359 arripiens,
3353 4297 3518 4358 prout
3543 4287 3720 4342 viris

2163 4383 2296 4449 fuit,
2328 4383 2718 4454 sareOpbagum
2749 4381 3015 4451 frequenti
3041 4381 3150 4436 ictu
3176 4395 3458 4450 usquequo
3483 4379 3722 4434 Iassesce

2165 4483 2251 4528 ret
2287 4473 2564 4538 contudit,
2595 4487 2658 4526 ac
2701 4472 3083 4526 contundendo
3124 4470 3540 4540 perterebravit.
3569 4470 3720 4534 Quen

489 4525 846 4614 ainarissimis
876 4552 1196 4623 singultibus
1225 4525 1520 4620 rogabant,
1547 4564 1612 4602 ne
1643 4565 1701 4604 se
1727 4549 1795 4602 ab
1818 4525 2065 4618 ignobili-

2165 4579 2289 4618 cum
2323 4563 2488 4620 citato
2516 4562 2700 4632 fatigio
2729 4562 2806 4634 [id
2839 4573 2912 4616 est
2947 4525 3283 4632 fatigatione]
3310 4561 3483 4615 nostri
3512 4559 3724 4615 deﬁcere

489 4649 594 4704 bus
615 4644 782 4702 Gallis
801 4643 994 4698 abduci
1014 4642 1082 4697 ab
1111 4641 1249 4695 alma
1272 4640 1446 4710 patria
1467 4639 1669 4695 sineret
1685 4679 1701 4705 ,
1728 4655 1832 4708 qua
1874 4653 2065 4709 percn-

491 4738 682 4794 nitatis
725 4735 958 4806 palmam
1004 4740 1057 4787 et
1111 4746 1209 4788 suo
1255 4731 1460 4787 dictatu
1497 4730 1837 4786 dormitionis
1883 4730 2064 4786 locum

489 4831 693 4886 habere
722 4826 939 4896 delegit.
977 4824 1086 4879 Illis
1137 4823 1318 4893 itaque
1363 4822 1744 4878 susurronibus
1789 4822 1933 4878 foras
1983 4823 2066 4877 in-

488 4922 662 4995 peetis
692 4920 786 4992 (sic
804 4917 972 4987 Jol.),
1024 4924 1291 4972 nostrates
1320 4923 1525 4970 tantum
1549 4930 1668 4970 cum
1692 4915 1899 4970 Joanne
1949 4915 2066 4985 epi-

490 5028 652 5086 scopo
679 5023 734 5069 et
779 5010 1030 5082 Ingoaldo
1074 5009 1267 5066 abbate
1315 5009 1452 5063 intra
1481 5009 1661 5078 penita
1692 5018 1863 5064 semet
1912 5023 2061 5062 rece-

489 5112 713 5174 perunt,
761 5111 816 5158 et
858 5101 1121 5158 obseratis
1161 5099 1348 5168 januis
1374 5101 1442 5155 ad
1484 5099 1700 5154 bustum
1749 5106 2062 5154 constanter

491 5203 857 5253 θεεθεεθιευιιι.

1087 5280 1314 5345 CAPUT
1355 5279 1468 5334 XII.

563 5374 706 5428 Inter
739 5374 854 5428 haec
877 5371 1111 5428 Joannes
1162 5371 1422 5443 praeteriti
1473 5369 1836 5426 maceratione
1873 5368 2064 5438 jejunii

1979 5461 2062 5480 Dl‘

2164 4654 2444 4719 viderent,
2503 4653 2619 4723 ipso
2671 4654 2928 4708 innuente
2973 4651 3276 4708 acrioribus
3331 4652 3533 4716 animis
3580 4659 3724 4716 atque

2165 4743 2553 4798 valentioribus
2577 4741 2795 4798 lacertis
2812 4743 3190 4812 immergentes
3210 4781 3225 4806 ,
3249 4739 3376 4795 licet
3402 4757 3528 4795 cum
3551 4751 3724 4809 magna

2163 4831 2350 4886 labore
2393 4840 2743 4886 monumento
2787 4832 3120 4900 interrupto,
3152 4830 3351 4899 quippe
3391 4830 3538 4898 quod
3585 4826 3723 4882 molis

2163 4933 2284 4978 erat
2333 4923 2570 4992 ingentis
2605 4931 2662 4977 et
2704 4921 2987 4977 bituminis
3040 4919 3470 4983 indissolubilis,
3530 4918 3723 4974 tandem

2166 5013 2595 5069 sacratissimum
2623 5027 2822 5082 corpus
2846 5020 3162 5080 repererunt
3187 5012 3466 5081 martyris.

2761 5104 2985 5160 CAPUT
3012 5103 3148 5158 XIII.

2238 5197 2384 5253 Inter
2427 5196 2541 5252 haec
2581 5195 2817 5250 universi
2865 5193 2957 5264 qui
3008 5192 3287 5258 astabant,
3330 5193 3724 5247 aromatieutna

2166 5290 2440 5360 praeterito
2467 5287 2782 5342 mortalibus
2812 5285 3077 5340 insuetum
3105 5295 3160 5339 et
3184 5283 3524 5353 incognitum
3555 5283 3724 5336 hause-

2169 5379 2240 5433 rit
2262 5379 2485 5434 odorem
2517 5396 2531 5431 :
2564 5392 2722 5448 quem
2758 5386 2923 5432 tanta:
2967 5375 3249 5431 suavitatis
3277 5387 3334 5428 et
3369 5370 3727 5428 delectationis

3529 5472 3606 5480 .__
3631 5459 3706 5480 ἔ..-
