3902 6416
151 353 272 411 593

982 350 1072 408 DE
1109 346 1500 410 TRANSLAT.
1541 347 1600 404 S.
1641 345 2039 405 SEBASTIANI
2078 347 2165 403 ET
2205 347 2262 404 S.
2294 345 2506 427 GREG.

3312 343 3427 400 ὅθι

150 464 373 541 gratim.
402 476 523 534 quae
551 474 763 532 semper
808 459 865 514 in
893 459 1208 516 beatissimo
1233 462 1588 532 fragraverat,
1619 475 1741 531 gra-
1769 461 1815 522 A
1843 460 2058 530 plurimi
2083 461 2447 515 Romanorum
2473 459 2679 514 malitia
2694 458 3238 515 etinvidiaconcitati
3267 461 3414 519 dom-

154 553 430 608 tissimam
467 550 826 606 dilfusionem.
865 548 979 605 Hoc
1019 565 1149 619 ergo
1189 550 1254 604 de
1302 557 1489 605 sancto
1539 549 1739 605 diutius

148 643 288 698 loco
313 643 555 712 spirante
585 655 781 709 vapore
810 648 921 694 tota
951 640 1344 696 oblectabiliter
1371 640 1461 695 illa
1491 655 1738 710 respersa

145 741 244 787 est
292 731 516 796 domus,
562 744 682 799 qua:
725 729 778 783 in
829 728 1048 783 introitu
1081 729 1163 784 sui
1207 729 1484 800 cujusdam
1509 731 1740 786 cadaver

147 836 335 892 prope
362 820 696 888 inhumatum
725 827 851 874 ante
881 819 1065 874 decem
1097 819 1211 874 dies
1249 820 1520 884 servabat,
1551 833 1618 874 ex
1642 834 1738 874 cu-

139 908 246 980 jus
279 909 603 964 scaturieute
627 910 778 966 sanie
812 908 953 963 fetor
976 895 1325 964 exsecrabilis
1346 907 1627 972 ebulliens,
1651 910 1737 962 in-

151 1007 443 1058 troeuntes
469 999 761 1061 inliciebat.
809 998 901 1055 Sel
937 999 1028 1054 illo
1050 998 1521 1069 superabundante
1549 999 1741 1054 noxius

152 1091 216 1152 in
258 1090 485 1146 nihilum
514 1097 806 1154 vacuatus,
839 1089 1010 1144 donec
1031 1091 1212 1144 omnia
1238 1090 1306 1144 de
1333 1097 1523 1144 sancto
1545 1089 1738 1144 festiva

149 1178 478 1238 celebritate
525 1187 1053 1244 consummarentur,
1107 1179 1353 1233 subsidit.
1404 1178 1742 1248 Apparuerat

143 1266 482 1346 jampridem
521 1268 864 1329 beatissimus
907 1278 1113 1341 martyr
1147 1269 1202 1324 in
1253 1269 1596 1325 revelationis
1646 1283 1738 1323 aro

151 1373 307 1412 cano
333 1358 543 1413 cuidam
572 1358 1062 1430 arcliipresbytero,
1092 1359 1444 1416 manifestans
1473 1375 1531 1416 se
1560 1361 1626 1414 ad
1650 1359 1741 1415 illo

151 1449 306 1507 velle
330 1450 561 1519 migrare
594 1449 820 1518 templo,
865 1456 925 1503 ut
953 1464 1093 1516 reor,
1128 1450 1269 1505 illius
1299 1449 1659 1520 corruptibilis
1680 1465 1740 1505 se

151 1543 448 1605 cadaveris
469 1551 714 1612 putorem
744 1541 883 1597 ferre
909 1557 1012 1598 non
1039 1541 1243 1597 valens.
1275 1541 1569 1598 Videbatur
1595 1541 1738 1596 enim

148 1635 209 1692 ei
241 1635 310 1688 ab
343 1634 529 1689 absida
576 1633 727 1688 vultu
763 1648 954 1688 averso
979 1633 1288 1702 procedere,
1320 1642 1375 1687 et
1409 1631 1555 1688 foras
1573 1631 1739 1687 veluti

151 1726 455 1795 indignans
484 1727 634 1782 abire
670 1745 682 1780 :
719 1726 914 1796 illoque
941 1725 1169 1782 abeunte
1200 1726 1424 1798 vestigia
1454 1726 1572 1796 ejus
1610 1741 1740 1796 pue-

153 1814 316 1877 rulus
364 1817 809 1886 prosequebatur,
841 1830 1058 1885 scopam
1087 1815 1333 1879 manibus
1362 1829 1586 1888 gerens,
1616 1831 1736 1874 sor-
1767 1804 1813 1864 Β

150 1908 370 1978 desque
389 1919 510 1979 post
533 1920 680 1980 terga
710 1925 950 1975 verrens,
979 1926 1260 1980 quousque
1288 1911 1412 1968 inde
1440 1911 1740 1979 discessum

148 2009 267 2056 est.
296 2000 689 2056 :Estimabatur
720 2009 899 2056 autem
937 2002 1050 2072 ipsa
1084 2001 1303 2062 basilica
1328 2002 1630 2073 quantitate
1657 2003 1739 2058 sui

147 2091 403 2148 basilicae
445 2093 616 2153 sancti
655 2092 893 2164 Dionysii
938 2093 1160 2163 aequalis
1188 2107 1204 2148 :
1233 2093 1288 2148 in
1321 2108 1428 2163 qua
1459 2093 1586 2148 olim
1615 2093 1742 2148 bea-

151 2183 359 2238 tissimi
389 2183 622 2254 apostoli
646 2184 838 2239 Petrus
871 2192 925 2240 et
961 2183 1159 2240 Paulus
1203 2183 1451 2238 tumulati
1487 2182 1740 2251 fuerant,

148 2275 254 2330 ubi
284 2282 340 2330 et
359 2289 525 2344 penes
551 2290 738 2328 eorum
762 2274 981 2344 vestigia
1013 2275 1152 2338 idem
1175 2282 1384 2345 martyr
1405 2275 1743 2330 venerandus

151 2380 221 2420 se
249 2365 464 2435 sepeliri
484 2363 741 2434 jusserat.
771 2363 922 2426 Unde
951 2371 1167 2426 constat
1207 2364 1538 2435 dignissimis
1579 2363 1756 2419 meris-

154 2457 234 2522 tis
261 2457 434 2512 sancti
475 2473 593 2513 eam
630 2457 800 2514 fuisse
824 2457 1092 2528 indignam
1124 2464 1179 2513 et
1219 2457 1541 2526 requietioni
1576 2457 1743 2527 ipsius

153 2547 535 2617 incongruam.
566 2547 731 2618 [gitur
775 2547 1005 2603 ministri
1031 2556 1087 2603 et
1111 2547 1426 2602 oﬂicionarii
1451 2546 1586 2617 ejus,
1618 2549 1740 2619 qui-

1839 570 1968 609 num
1991 553 2342 624 apostolicum
2369 553 2720 623 impetebant,
2764 552 3121 608 crudeliorem
3148 567 3270 607 eum
3296 569 3416 608 om-

1837 648 1997 722 nibus
2025 648 2506 719 prtedecessoribus
2543 648 2834 704 inclamare
2863 664 2971 704 non
3007 647 3187 710 veriti,
3213 646 3304 718 qui
3335 651 3420 702 ta-‘-

1838 739 1946 796 lem
2003 755 2070 796 ac
2137 748 2344 796 tantum
2411 749 2696 810 patronum
2749 740 2862 795 suis
2899 755 2931 795 e
2977 738 3174 793 finibus
3221 738 3412 807 expelli

1836 832 2216 902 permitteret,
2263 830 2404 899 quod
2438 845 2729 898 numquam
2758 829 2896 885 alius
2937 829 3222 884 concessit.
3261 828 3414 884 Unde

1838 922 2176 984 suadebant,
2213 929 2274 974 ut
2319 919 2490 974 solum
2523 920 2806 974 brachium
2844 919 2924 974 eis
2957 919 3178 974 daretur
3196 927 3254 974 et
3289 917 3416 977 relic

1838 1027 2003 1082 quum
2057 1012 2310 1066 decenter
2362 1010 2493 1064 inibi
2543 1009 2661 1065 loco
2698 1011 3085 1066 reconderetur
3121 1011 3420 1080 condigna.

1839 1102 1964 1156 ﬂare
2012 1100 2162 1155 fraus
2202 1099 2510 1170 lngoaldum
2560 1099 3042 1154 archimandritem
3079 1099 3249 1153 latere
3300 1113 3410 1153 non

1837 1192 2012 1261 potuit
2040 1207 2054 1246 :
2086 1191 2176 1260 qui
2205 1191 2385 1246 statim
2417 1191 2618 1246 nostris
2645 1191 2874 1262 idipsum
2898 1191 3138 1256 detexit;
3172 1191 3412 1245 cautius-

1838 1297 1944 1352 que
1973 1283 2130 1338 simul
2167 1298 2281 1339 rem
2327 1291 2663 1344 exercentes,
2713 1282 2941 1340 consilio
2974 1282 3157 1341 habito
3191 1281 3280 1344 die
3321 1281 3417 1337 illa

1838 1373 2116 1428 siluerunt.

2426 1465 2652 1522 CAPUT
2700 1465 2814 1520 XV.

1908 1555 2177 1612 Praeterea
2228 1556 2525 1620 Rodoinus,
2561 1571 2720 1626 quem
2774 1557 2855 1613 vis
2893 1555 3094 1612 amoris
3119 1555 3434 1611 et-desidew.

1839 1649 1978 1706 rium
2011 1647 2296 1718 impatiens
2319 1662 2416 1716 pro
2443 1646 2805 1719 adipiscendis
2839 1655 3148 1702 sanctorum
3169 1645 3413 1716 pignori-2

1839 1740 1941 1794 bus
1968 1736 2158 1792 affectu
2181 1737 2283 1807 pia:
2309 1737 2608 1793 devotionis
2627 1737 2911 1802 animarat,
2935 1737 3189 1792 obauratis
3210 1734 3441 1791 affatim.

1843 1828 2071 1890 aedituis,
2107 1842 2335 1896 quor-um
2377 1835 2506 1880 tunc
2522 1835 2650 1890 erat
2667 1825 2825 1880 ollicii
2847 1826 3017 1881 sancti
3035 1825 3178 1880 Petri
3196 1839 3416 1880 servare

1842 1918 2143 1982 basilicam,
2172 1917 2272 1972 sub
2304 1923 2460 1972 nocte
2475 1916 2671 1971 eadem
2685 1914 2980 1972 beatissimi
3003 1913 3250 1986 Gregorii
3266 1929 3418 1984 papae

1841 2008 2267 2064 sacratissimum
2303 2005 2582 2070 tumulum,
2615 2005 2706 2076 qui
2729 2014 2853 2061 ante
2875 2004 3229 2061 secretarium
3259 2013 3379 2057 erat
3398 2042 3416 2065 ,

1843 2098 2100 2153 audacter
2125 2109 2410 2166 aggressus
2432 2133 2448 2160 ,
2495 2109 2692 2164 corpus
2719 2093 2834 2162 ejus
2867 2108 2988 2151 cum
3007 2106 3240 2152 summa,
3266 2104 3421 2148 reve-

1843 2188 2018 2242 rentia
2069 2186 2340 2242 sublatum
2379 2200 2442 2240 ac
2487 2184 2744 2238 decenter
2764 2183 3118 2252 compositum
3155 2195 3318 2250 super
3348 2179 3421 2234 al-

1842 2285 1958 2333 tare
1988 2277 2131 2332 beati
2168 2275 2314 2336 Petri
2355 2274 2621 2344 perlatum
2648 2274 2803 2344 juxta
2837 2272 2956 2342 jam
2982 2272 3114 2329 dicti
3164 2270 3419 2339 martyris

1843 2365 2150 2424 venerabile
2165 2364 2679 2433 corpusdepositum
2701 2372 2804 2420 est.
2828 2361 3031 2420 Dehinc
3053 2360 3177 2417 fidei
3199 2369 3417 2430 pactum

1843 2457 2120 2519 Rodoinus
2148 2471 2270 2512 cum
2299 2455 2411 2511 suis
2436 2466 2652 2526 rogatus
2678 2462 2954 2524 gratanter
2979 2453 3120 2520 tulit,
3148 2467 3419 2524 superque

1841 2551 2059 2607 eosdem
2086 2548 2340 2620 martyris
2366 2555 2532 2617 atque
2546 2546 2816 2617 pontificis
2841 2545 3241 2601 sacratissimos
3265 2553 3418 2600 artus

136 2636 264 2709 ibus
302 2637 530 2716 exempli
555 2639 725 2708 gratia
756 2638 856 2693 ista
903 2639 1267 2705 reddidimus,
1299 2639 1526 2710 agitent
1555 2639 1742 2694 nitidis
1835 2639 2190 2710 jurisjurandi
2233 2645 2635 2695 sacramentum
2676 2636 2908 2691 libenter
2933 2634 3179 2700 exsolvit,
3211 2634 3422 2691 scilicet

151 2730 437 2800 obsequiis
464 2731 512 2785 ei
554 2730 754 2802 jngiter
794 2730 1146 2786 famulcmini.
1179 2731 1387 2798 Quanta
1414 2745 1510 2802 per
1537 2746 1658 2790 eum
1688 2731 1741 2788 in
1843 2739 1902 2785 ut
1945 2729 2073 2784 nulli
2100 2743 2334 2797 unquam
2379 2726 2687 2782 mortalium
2725 2726 2865 2794 quod
2893 2733 3101 2797 gestum
3140 2731 3261 2780 erat
3292 2740 3419 2794 pro.-

155 2829 408 2888 tempore
428 2821 699 2875 consecuti
735 2821 867 2876 estis
896 2820 1233 2891 perpendite,
1262 2829 1460 2890 quanta
1493 2821 1612 2875 sine
1639 2821 1744 2874 line
1842 2823 2033 2879 derent
2054 2831 2146 2876 aut
2171 2821 2531 2892 publicarent,
2553 2820 2647 2876 sed
2671 2820 2890 2890 perenni
2907 2818 3123 2875 silentio
3151 2817 3439 2889 sepultum.

157 2906 422 2980 temporis
445 2925 666 2981 sperare
693 2912 909 2982 possitis
937 2911 1178 2977 recolite.
1216 2912 1374 2968 Certe
1399 2913 1487 2981 qui
1526 2911 1612 2968 hic
1633 2912 1744 2968 suis
1843 2917 2123 2971 haberent.
2143 2915 2293 2969 ,llinc
2321 2922 2589 2969 nostrates
2628 2914 2718 2984 pia
2745 2912 2933 2969 fraude
2962 2913 3281 2980 laudabiles,
3317 2912 3417 2967 du-

155 3015 262 3060 nos
293 3001 563 3072 exsequiis
600 3001 724 3061 licet
772 3002 1021 3073 indignos
1063 3003 1144 3065 sic
1177 3002 1464 3057 admittere
1495 3001 1741 3067 censuit,

157 3090 280 3159 ipse
306 3092 350 3145 si
376 3092 532 3162 digne
565 3093 958 3159 contendimus,
1003 3095 1174 3152 audeo
1217 3095 1398 3152 dicere
1443 3097 1570 3168 quia
1609 3114 1744 3169 quos

159 3182 256 3241 liic
288 3181 548 3249 famulos,
578 3183 686 3248 illic
731 3199 841 3249 sua:
882 3186 1289 3246 int'erventionis
1330 3190 1598 3263 adjutorio
1624 3207 1747 3263 per-

157 3281 356 3342 petuos
403 3273 686 3339 habiturus
732 3282 816 3330 est
849 3276 1043 3331 socios.
1077 3275 1357 3334 Neminem
1388 3289 1634 3337 nostrum
1665 3281 1746 3350 pi-

159 3374 294 3437 geat
320 3363 602 3429 laboriosae
622 3366 900 3422 servitutis
921 3367 977 3421 in
1001 3369 1212 3425 modico
1242 3370 1434 3426 ﬁnitivi
1465 3375 1744 3444 temporis,

158 3472 327 3528 quem
360 3455 503 3510 nulla
530 3455 774 3512 dubietas
803 3456 1051 3528 frangere
1078 3461 1236 3517 debet
1263 3461 1330 3517 de
1355 3464 1577 3534 praemio
1595 3473 1750 3521 :eter—

161 3563 249 3602 na:
277 3547 666 3604 retributionis.

769 3617 996 3676 CAPUT
1024 3621 1161 3677 XIV.

237 3705 503 3762 lmmenso
535 3707 716 3779 itaque
740 3711 935 3781 gaudio
961 3721 1016 3768 et
1059 3712 1266 3771 honore
1296 3729 1418 3770 cum
1470 3714 1746 3771 inventum

160 3815 368 3869 corpus
397 3800 562 3856 divini
590 3803 772 3857 odoris
798 3802 1012 3874 plenum
1031 3846 1048 3870 ,
1097 3807 1260 3878 bysso
1287 3807 1521 3877 primum
1561 3823 1625 3863 ac
1652 3807 1748 3862 de-

164 3907 317 3945 mum
359 3893 601 3963 Operosis
628 3895 804 3962 palliis
830 3906 1242 3965 componerent,
1275 3898 1528 3954 clericum
1559 3915 1749 3969 quem-

165 3985 295 4038 dam
317 3994 448 4040 aastu
473 3985 700 4040 febrium
725 3985 994 4052 lethaliter
1017 3988 1369 4050 decubantem
1393 3989 1527 4042 mira
1554 3989 1750 4043 veloci—

167 4083 284 4129 tate
324 4073 569 4142 curavit.
602 4076 824 4132 invento
869 4078 1052 4147 itaque
1097 4080 1448 4136 sacratissimi
1493 4080 1751 4150 martyris

167 4179 399 4233 corpore
422 4165 625 4220 caelesti
642 4166 820 4223 odore
850 4166 1072 4230 affatim,
1098 4177 1157 4222 ut
1181 4167 1748 4240 diximus,‘fragranti,

167 4255 316 4310 illico
353 4256 420 4310 ad
460 4256 741 4322 Quirinum
789 4265 843 4313 et
890 4257 1348 4330 Tlieopliylactum
1381 4260 1601 4314 missum
1628 4268 1747 4325 est,

168 4354 437 4414 quatenus
470 4357 867 4416 per0pportune
911 4348 1012 4405 hoc
1052 4349 1574 4420 domm-apostolico
1621 4365 1750 4404 con-

169 4435 433 4490 dicerent.
463 4437 616 4504 Quod
663 4447 717 4491 et
748 4437 946 4493 factum
994 4454 1116 4494 cum
1148 4449 1366 4510 propter
1398 4440 1748 4506 incommodi-

1844 3007 2042 3078 plicato
2083 3005 2279 3078 gaudio
2311 3005 2475 3062 tacito
2521 3004 2621 3060 sub
2647 3012 2865 3075 pectore
2892 3005 3281 3077 magnanimos,
3305 3018 3424 3060 san-

1849 3099 1952 3155 ctis
1982 3097 2107 3152 inde
2137 3097 2365 3152 sublatis
2411 3094 2730 3166 corporibus
2758 3095 2905 3150 nullo
2928 3095 3204 3166 praepediti
3239 3095 3423 3150 obsta-

1850 3190 1970 3246 culo
1994 3189 2063 3245 ad
2088 3189 2479 3246 monasterium
2506 3185 2742 3258 lngoaldi
2763 3185 2912 3258 (462)
2937 3185 3354 3251 transtulerunt.

2431 3300 2660 3359 CAPUT
2689 3300 2827 3358 XVlt

1877 3487 1880 3490 ἢ
1917 3416 1974 3472 In
2004 3417 2301 3472 crastinum
2342 3430 2484 3473 vero
2504 3416 2734 3472 domnus
2773 3415 3104 3492 apostolicus
3123 3413 3288 3483 jussit
3331 3428 3454 3470 eos.-

1848 3507 1952 3562 sibi
1998 3507 2340 3572 reexhiberi;
2374 3508 2734 3576 nequeenim
2771 3507 2950 3562 adhuc
3005 3505 3282 3562 licentiam
3338 3519 3421 3561 re-

1848 3599 2044 3654 deundi
2059 3599 2342 3655 consecuti
2369 3599 2603 3666 fuerant,
2630 3601 2724 3656 sed
2743 3608 2950 3655 tantum
2973 3600 3026 3654 in
3053 3615 3150 3655 sua
3179 3606 3424 3655 sanctum

1844 3689 1956 3760 jam
1987 3699 2321 3766 receperant.
2347 3691 2493 3764 Quos
2515 3706 2640 3746 mox
2669 3692 2984 3761 interrogat,
3021 3705 3262 3769 quonam,
3295 3705 3422 3745 san-

1849 3792 1993 3840 ctum
2037 3784 2300 3839 baberent
2335 3784 2410 3839 illi
2436 3800 2498 3862 se
2545 3785 2755 3841 nescire
2783 3785 3136 3856 profitentur,
3168 3783 3272 3840 nisi
3304 3792 3424 3846 Ian-

1851 3884 1964 3930 tum
1993 3877 2261 3947 quodjam
2291 3892 2413 3932 eum
2444 3893 2569 3933 suas
2595 3879 2648 3932 in
2680 3887 2860 3949 partes
2887 3876 3232 3932 direxissent.
3263 3873 3428 3942 Quid.

1852 3967 1980 4035 quid
2032 3967 2161 4022 illud
2210 3976 2328 4031 est,
2385 3967 2594 4037 inquit,
2633 3978 2813 4024 utrum
2864 3966 3121 4022 nesciatis
3177 3981 3244 4019 an
3296 3980 3438 4028 non,

1851 4055 2243 4124 praesentaliter
2284 4071 2405 4110 cum
2435 4057 2542 4110 huc
2577 4056 2780 4111 referre
2819 4067 3004 4123 curate
3040 4073 3053 4108 :
3092 4069 3265 4124 neque
3311 4054 3428 4108 bzec

1855 4146 2127 4202 immutari
2160 4146 2423 4200 sententia
2468 4145 2708 4216 poterit,
2743 4153 2799 4199 ut
2829 4146 2955 4200 hinc
2998 4144 3150 4199 vobis
3198 4142 3457 4198 facultas,

1855 4237 2110 4291 redeundi
2163 4236 2322 4291 aliter
2372 4237 2656 4291 tribuatur.
2697 4236 2775 4290 llli
2822 4235 3112 4306 plurimum
3145 4235 3316 4289 timidi
3362 4250 3428 4288 ac

1854 4329 2033 4383 moesti
2055 4325 2408 4398 jurejurando
2431 4327 2667 4390 firmant,
2707 4326 2852 4397 quod
2884 4327 2956 4380 ita
3000 4339 3058 4380 se
3087 4339 3174 4380 res
3202 4324 3430 4378 haberet

1856 4430 1914 4475 ut
1951 4421 2233 4487 dixerant,
2287 4428 2342 4475 et
2386 4417 2712 4489 impossibile
2740 4420 2962 4474 omnino
2989 4433 3109 4473 esse
3151 4417 3255 4471 hoc
3284 4417 3438 4485 quod

169 4534 338 4579 tatem
390 4527 471 4580 sui
494 4503 499 4504 ί
521 4527 647 4581 illuc
675 4528 860 4583 venire
912 4544 1014 4584 non
1047 4503 1261 4597 posset,
1287 4503 1582 4586 venerabili
1630 4530 1746 4600 cpi-
1777 4503 1824 4566 υ
1844 4509 2076 4578 Where“
2106 4509 2258 4585 Qum1
2283 4509 2370 4600 vix
2391 4508 2439 4564 θί
2463 4508 2773 4600 Ρθνδυδάθῗί
2798 4508 2992 4578 Ρθιυίίθ
3017 4507 3134 4600 sed?
3156 4516 3427 4600 an_"_ue_'_'}e

169 4631 336 4685 scopo
357 4615 548 4671 Joanni
578 4618 872 4684 mandavit,
903 4626 962 4671 ut
987 4610 1204 4689 ipseeis
1229 4620 1359 4675 illud
1380 4620 1746 4684 contraderet.

169 4705 326 4772 Quod
366 4713 472 4761 tota
496 4706 772 4763 alacritate
801 4719 855 4763 et
878 4712 1225 4774 veneratione
1250 4711 1603 4782 excipientes,
1625 4728 1748 4768 cum

170 4797 290 4866 ipso
308 4795 512 4851 Joanne
536 4799 788 4868 episcopo
832 4807 886 4852 et
910 4797 1159 4868 ingoaldo
1203 4801 1626 4856 arcliimandrita
1660 4802 1752 4856 ali-

171 4887 328 4956 isque
358 4888 603 4956 plurimis
626 4887 881 4944 Romanae
907 4890 1161 4946 Ecclesiae
1207 4892 1416 4958 clericis
1448 4901 1607 4961 atque
1639 4892 1752 4962 ple-

169 4977 312 5031 beiis
337 4977 572 5032 abibant.
603 4977 848 5033 Psallens
875 4988 1128 5034 verenter
1150 4980 1350 5036 chorus
1377 4965 1612 5035 dulcium
1638 4995 1749 5034 me-

171 5065 439 5120 lodiarum
495 5067 727 5122 sonitum
791 5066 1002 5139 longius
1045 5069 1335 5139 praeundo
1379 5069 1746 5138 respergcbat.

170 5156 241 5211 lli
278 5155 475 5212 laetitia:
505 5166 727 5224 cantus,
759 5158 848 5212 alii
876 5160 1139 5227 profunda
1183 5161 1412 5231 StISpiria
1440 5169 1495 5216 et
1535 5175 1751 5217 amaras

169 5245 543 5314 querimonias
594 5247 812 5302 dabant.
848 5246 1051 5302 Taliter
1091 5249 1158 5304 ad
1203 5249 1552 5319 praesentiam
1581 5262 1752 5320 usque

170 5335 358 5390 domni
405 5336 682 5406 apostolici
714 5337 842 5392 illud
889 5339 1276 5407 deportavere,
1313 5338 1431 5409 ejus
1468 5347 1528 5393 ut
1554 5338 1752 5394 annulo

169 5425 584 5496 consignaretur
631 5444 698 5483 ex
747 5443 916 5484 more.
947 5429 1099 5496 Quod
1135 5429 1420 5500 diligenter
1465 5437 1752 5500 postquam

174 5517 353 5580 abillo
378 5517 673 5587 perfectum
702 5527 804 5585 est,
839 5519 891 5573 in
919 5520 1206 5575 ecclesiam
1236 5520 1378 5574 beati
1405 5520 1547 5575 Petri
1578 5519 1752 5590 perla-

174 5620 290 5681 tum
312 5651 326 5675 ,
355 5619 516 5683 atque
546 5610 742 5667 ibidem
775 5611 862 5666 die
897 5612 1086 5668 eodem
1115 5610 1418 5682 depositum
1455 5619 1556 5666 est.
1600 5609 1752 5667 Unde

1853 4603 1945 4658 Dei
1976 4600 2282 4664 clementia,
2313 4599 2453 4665 sicut
2480 4607 2718 4669 cmperat
2746 4598 2818 4652 ita
2855 4597 3175 4668 permansit.
3212 4596 3293 4654 Ab
3321 4595 3426 4659 illis

1855 4709 2090 4763 namque
2131 4692 2220 4763 qui
2251 4692 2400 4761 prius
2447 4691 2530 4746 his
2571 4673 2847 4760 faverant,
2877 4689 3058 4743 taliter
3081 4689 3440 4744 immutatum.

1852 4790 1952 4838 est.
1983 4780 2116 4837 Cum
2147 4781 2263 4851 ejus
2285 4781 2661 4850 perturbatum
2685 4780 2984 4842 sensissent
3015 4779 3278 4844 animum,
3302 4794 3444 4848 pro-.

1855 4874 2054 4929 ximius
2082 4873 2150 4927 ad
2177 4887 2364 4927 aurem
2391 4872 2708 4928 accedentes
2738 4873 3010 4936 dixerunt,
3043 4880 3292 4941 oportere
3333 4885 3429 4926 eos

1853 4979 1974 5034 quae
2007 4963 2149 5031 ﬂecti
2180 4964 2504 5023 et-converti
2544 4965 2918 5034 nequiverant,
2958 4962 3276 5028 meliuscule
3313 4971 3426 5017 tra-

1856 5055 2012 5121 ctari,
2038 5070 2136 5110 nec
2158 5065 2266 5109 tam
2288 5069 2543 5110 succense
2567 5054 2862 5125 olijurgari,
2893 5069 2960 5109 ne
2985 5062 3044 5107 ut
3072 5053 3266 5124 ingrati
3289 5052 3436 5108 forte

1856 5146 2229 5210 abscederent,
2259 5152 2315 5199 et
2344 5159 2538 5200 munus
2569 5145 2863 5199 maximum
2901 5129 3225 5206 inlaudabile
3259 5143 3426 5219 refer-

1853 5242 1992 5289 rent.
2015 5233 2131 5290 Hoc
2158 5235 2318 5290 modo
2341 5237 2557 5291 tametsi
2584 5235 2895 5291 difficillime
2929 5234 3166 5305 absoluti;
3181 5244 3236 5290 et
3265 5236 3432 5290 bene-

1853 5328 2102 5388 dictione.
2134 5326 2320 5390 donati
2345 5367 2361 5394 ,
2406 5329 2519 5383 suis
2549 5328 2690 5383 haud
2720 5325 2906 5398 procul
2936 5327 3018 5382 ab
3049 5327 3181 5382 urbe
3217 5327 3387 5396 juncti
3409 5366 3436 5390 ,_

1855 5421 2066 5492 magnis
2091 5418 2161 5475 de
2187 5433 2384 5490 magno
2433 5419 2692 5474 thesauro
2729 5417 3170 5474 excressentibus
3199 5416 3437 5488 gaudiis;

1854 5517 2028 5587 gratia
2057 5516 2356 5572 comitante
2380 5514 2696 5586 divinaper
2723 5527 2985 5590 prospera
3022 5512 3216 5569 itinera
3251 5524 3441 5566 rev,er-..

1853 5616 2040 5673 tuntur
2063 5605 2130 5661 ad
2144 5606 2388 5678 propria.
2902 5593 2905 5595 ’

246 5729 399 5810 (ᾇϐἓ)
429 5731 710 5816 Quodnam
747 5728 906 5791 fuerit
934 5730 1072 5796 istud
1113 5730 1494 5792 lllonasterium
1526 5747 1630 5789 non
1655 5729 1812 5786 facile
1848 5738 1929 5786 est
1956 5731 2218 5800 divinare,
2249 5747 2317 5787 an
2349 5729 2730 5788 Monasterium
2755 5728 2816 5793 S.
2847 5727 2997 5794 Pauli
3025 5736 3180 5785 extra
3206 5726 3450 5789 urbem-ﬁ
