3902 6422
2482 289 2528 325 Δ

463 407 468 411 -
528 368 636 431 595
1092 370 1099 377 ’
1415 372 1725 432 ODlLO‘NlS
1763 372 2068 429 MONACHI
2102 371 2162 428 S.
2186 370 2491 427 MEDARDI
2529 366 2881 425 SUESSION.
3622 368 3701 425 598

1115 485 1340 543 CAPUT
1365 485 1525 544 XVII.
2123 489 2173 547 Α
2203 483 2545 540 illucescente
2591 490 2713 553 post
2748 481 3036 535 missarum
3085 477 3582 534 consummationem
3609 497 3704 538 cum

607 576 811 632 Dehinc
837 576 901 632 ad
935 558 1141 631 urbem
1162 590 1333 647 usque
1378 576 1704 632 Placentiam
1730 575 2051 648 perveniunt
2080 589 2096 630 :
2203 573 2540 629 sacerdotum
2585 585 2747 626 manu
2791 577 2845 624 et
2890 565 3065 622 officio
3090 576 3339 637 ageretur
3372 567 3425 622 in
3469 568 3613 634 viam,
3637 571 3702 628 illo

537 666 592 719 in
620 679 725 735 qua
754 679 874 719 cum
917 663 1213 720 beatissimi
1240 665 1494 737 martyris
1547 681 1746 736 corpus
1786 663 2097 728 inferretur,
2200 662 2586 736 egredientium
2626 660 2907 716 tumultum
2950 658 3197 718 audiens,
3223 656 3474 728 cognovit
3509 668 3701 716 sanctum

538 756 604 808 ad
644 755 942 824 ingressum
970 752 1088 821 ejus
1111 756 1473 810 dzemoniacus
1498 755 1706 810 fortiter
1734 755 1864 811 loris
1889 755 2102 810 vinetus
2202 754 2328 810 inde
2354 752 2540 807 levari.
2583 750 2726 805 Illico
2756 749 2810 803 in
2840 748 3100 811 incertum
3129 747 3455 818 protendens
3481 748 3703 804 brachium

538 842 843 897 adducitur.
871 842 1139 898 Turbatus
1184 842 1330 899 illico
1373 854 1535 914 atque
1574 845 1894 915 perterritus
1929 844 2105 901 infcli-
2202 843 2403 900 feretro
2432 842 2636 913 injecit,
2681 847 2826 894 tactu
2857 838 2974 907 ipso
3002 836 3181 891 lumen
3208 838 3430 906 recepit,
3474 846 3526 892 et
3556 838 3705 893 illuni.

538 933 789 989 cissimus
826 932 1075 1002 spiritus,
1112 934 1370 989 miserum
1394 950 1552 1005 quem
1579 936 1962 991 miserabiliter
1982 950 2104 1005 per-
2205 942 2450 989 natorem
2492 947 2647 987 suum
2686 929 2952 998 quomodo
3002 925 3431 983 transferebatur
3468 929 3707 998 perspicuis

537 1031 785 1087 vaserat,
839 1023 964 1092 quia
1021 1022 1268 1077 deserere
1308 1033 1592 1094 cogeretur
1632 1025 1936 1095 indignans,
1978 1039 2102 1079 eum
2206 1023 2497 1079 luminibus
2541 1022 2771 1091 aspexit,
2817 1028 2872 1074 et
2903 1019 3145 1089 ejusdem
3170 1020 3365 1089 palma:
3392 1036 3497 1075 suae
3528 1019 3705 1078 fortnam

538 1104 833 1166 saevissime
876 1123 1072 1165 vexare
1117 1111 1283 1181 coepit
1314 1129 1329 1167 :
1359 1120 1562 1168 etcum
1591 1113 1880 1167 multorum
1932 1112 2104 1168 teneri
2201 1116 2434 1189 primum
2480 1113 2717 1183 agnovit.
2750 1110 2931 1165 Sancti
2958 1124 3150 1164 nomen
3183 1110 3522 1165 inclamitans
3555 1114 3705 1182 gratia-

539 1199 787 1256 manibus
817 1201 908 1254 vix
929 1208 1128 1270 posset,
1155 1200 1437 1269 prosiliens
1462 1217 1524 1257 ac
1552 1202 1725 1258 vincla
1749 1203 1943 1272 quibus
1968 1202 2103 1274 liga-
2206 1221 2326 1261 rum
2362 1205 2541 1260 debita
2566 1200 2843 1267 reddebat,
2877 1210 2931 1255 et
2955 1201 3007 1254 in
3039 1216 3156 1255 sese
3175 1202 3320 1257 unde
3349 1202 3441 1256 alii
3468 1202 3517 1256 in
3554 1202 3637 1258 hoc
3658 1204 3709 1273 ip-

532 1300 627 1345 tns
676 1290 855 1346 fuerat
883 1292 1251 1361 disrumpens,
1300 1292 1533 1347 motibus
1558 1293 1927 1362 incompositis
1964 1292 2106 1349 inter
2206 1313 2327 1354 sum
2358 1304 2808 1368 provocarentur,
2859 1293 3184 1348 ostentabat.
3217 1292 3426 1349 Lumen
3466 1293 3590 1364 quod
3613 1310 3708 1349 ηυη.

541 1382 748 1437 medias
794 1384 980 1439 turbas
1030 1398 1172 1438 nunc
1216 1398 1337 1438 sese
1382 1398 1592 1439 sursum
1632 1381 1863 1439 efferens
1893 1423 1910 1449 ,
1965 1396 2108 1438 nunc
2207 1404 2367 1459 quam
2418 1395 2672 1458 eXpertus
2718 1385 2911 1451 fuerat,
2944 1384 3372 1457 gratulabundus
3424 1384 3635 1439 contueri
3669 1399 3708 1439 se

540 1488 779 1544 praeceps
807 1475 921 1530 solo
954 1491 1132 1540 ruens,
1160 1489 1401 1545 quosque
1442 1475 1494 1530 in
1520 1474 1699 1547 fugam
1729 1477 1973 1547 cogebat.
2001 1475 2107 1531 Sed
2207 1477 2407 1543 aiebat,
2456 1477 2797 1532 benedictum
2845 1478 2896 1533 in
2943 1490 3205 1533 aeternum
3256 1475 3327 1529 ab
3375 1472 3515 1530 omni
3549 1475 3710 1529 homine

542 1572 668 1618 ante
695 1575 938 1619 sanctum
966 1576 1028 1621 ut
1074 1567 1249 1631 venit,
1293 1565 1472 1620 subito
1516 1574 1754 1620 tremens
1786 1564 2014 1631 corruit,
2054 1574 2109 1619 et
2208 1581 2330 1622 eum
2361 1568 2851 1639 pronuntians,qui
2900 1567 3113 1623 videndi
3143 1564 3422 1627 effectum,
3448 1579 3588 1634 quem
3628 1565 3712 1634 ipsa

540 1656 707 1711 veluti
750 1657 1017 1713 exanimis
1061 1666 1365 1728 prostratus
1398 1657 1486 1712 diu
1516 1655 1710 1728 jacuit.
1741 1657 1894 1713 Tunc
1933 1656 2110 1713 valido
2208 1656 2308 1712 sibi
2334 1665 2525 1710 natura
2548 1664 2858 1727 negaverat,
2881 1654 3137 1710 ineffabili
3159 1652 3434 1708 infusione
3460 1651 3510 1706 in
3532 1667 3711 1705 montea-

542 1746 762 1802 bracltio
790 1745 1156 1817 iniquissimus
1200 1756 1485 1819 superatus
1520 1747 1768 1802 diabolus
1792 1787 1809 1811 ,
1856 1747 2112 1819 martyris
2213 1757 2268 1803 to
2298 1747 2399 1803 sibi
2429 1747 2773 1802 reddidisset.
2803 1746 2915 1802 Hoc
2936 1755 3047 1810 tua,
3078 1744 3307 1800 Domine
3330 1744 3490 1809 Deus,
3520 1742 3709 1797 secretis-

542 1850 648 1890 non
675 1836 946 1892 sustinens
973 1838 1337 1909 praesentiam,
1364 1837 1599 1893 deseruit
1625 1837 1919 1902 hominem,
1943 1845 1997 1892 et
2023 1851 2112 1907 po.
2142 1824 2186 1884 Β
2216 1838 2351 1894 sima
2403 1837 2805 1907 dispensatione
2856 1845 3108 1907 operatus
3153 1844 3240 1891 est
3274 1835 3381 1890 iste
3411 1845 3527 1889 tuus
3565 1834 3711 1887 athleta

541 1931 718 1979 tenter
743 1923 966 1994 ejectus,
998 1935 1197 1981 terram
1246 1941 1405 1996 quam
1436 1926 1745 1981 merebatur
1773 1925 1908 1997 fugit
1936 1925 2110 1981 victus
2212 1924 2493 1995 emeritus,
2519 1928 2660 1998 quod
2690 1927 2745 1983 in
2797 1936 2850 1985 te
2880 1928 3212 1998 sempiterno
3244 1925 3451 1996 fulgore
3482 1924 3710 1994 splendeat,

544 2014 596 2066 in
629 2013 894 2068 umbram.
920 2014 1149 2071 Sensum
1175 2017 1419 2086 captivus
1437 2029 1596 2084 quem
1624 2015 2113 2085 amiseratpenitus
2211 2020 2354 2091 quod
2397 2028 2448 2075 te
2493 2028 2696 2075 aeterno
2729 2028 2783 2075 et
2819 2018 3192 2075 inaccessibile
3231 2018 3435 2083 lumine
3458 2014 3711 2087 perfruatur,

543 2105 765 2175 recepit,
795 2114 847 2161 et
891 2121 986 2160 sua
1024 2107 1183 2163 domo
1225 2123 1350 2163 rore
1395 2122 1638 2177 supernae
1670 2108 1889 2163 virtutis
1914 2122 2108 2163 emun-
2211 2110 2353 2181 quod
2378 2110 2545 2180 teipso
2578 2110 2677 2179 qui
2711 2123 2927 2164 omnem
2970 2107 3296 2162 rationalem
3328 2114 3607 2162 creaturam
3629 2104 3710 2158 illu-

545 2196 694 2259 data,
742 2196 810 2251 ad
861 2197 1033 2253 sancti
1063 2199 1347 2267 exsequias
1392 2198 1589 2253 multos
1638 2198 1928 2264 excitavit,
1966 2207 2021 2253 et
2055 2198 2109 2252 in
2211 2201 2404 2265 minas,
2454 2200 2626 2271 magis
2662 2200 2939 2271 magisque
2976 2195 3345 2254 inﬂammetur
3383 2205 3534 2266 atque
3562 2194 3711 2250 inflam-

545 2286 755 2344 laudem
783 2290 1169 2360 omnipotentis
1194 2290 1325 2354 Dei,
1353 2284 1508 2358 cujus
1554 2297 1673 2345 erat
1701 2291 1825 2345 doni
1849 2290 1990 2361 quod
2015 2306 2114 2361 per
2211 2295 2408 2349 mando
2459 2292 2819 2356 beatificetur,
2865 2291 2975 2346 tuis
3018 2291 3159 2347 scire
3206 2288 3452 2344 fidelibus
3477 2287 3603 2342 facit.
3644 2284 3710 2341 Per

542 2386 835 2451 martyrem
883 2378 1083 2435 factum
1123 2381 1337 2442 fuerat,
1387 2395 1820 2451 quaquaversum
1860 2381 2113 2437 accendit
2212 2400 2372 2455 quem
2406 2384 2503 2441 tibi
2533 2399 2632 2439 nos
2655 2383 2852 2439 modici
2875 2380 3095 2455 servuli,
3123 2390 3183 2436 ut
3206 2382 3273 2436 de
3305 2389 3591 2436 nostrorum
3607 2388 3710 2433 tene-

542 2469 596 2523 in
623 2471 809 2525 eadem
846 2472 1039 2527 itinere
1068 2473 1213 2542 quod
1239 2474 1307 2528 ab
1329 2474 1462 2529 urbe
1502 2471 1805 2541 interiacet,
1837 2473 1992 2528 multi
2033 2473 2114 2527 fe-
2211 2476 2327 2534 bris
2349 2484 2695 2545 peccatotzum
2732 2473 2887 2537 erui,
2917 2479 2975 2527 et
3000 2471 3120 2527 luce
3148 2480 3254 2526 tuae
3278 2469 3532 2526 claritatis
3556 2482 3706 2523 merea-

542 2560 880 2626 bricitantes,
913 2562 1064 2617 multi
1109 2563 1324 2618 lunatici
1344 2562 1620 2633 variisque
1650 2562 2003 2634 languoribus
2026 2560 2113 2615 af-
2213 2581 2335 2620 mur
2372 2563 2644 2634 perfundi,
2678 2562 2781 2618 fide
2815 2560 2970 2617 firma
2999 2569 3054 2617 et
3078 2561 3287 2616 virtute
3317 2569 3429 2616 tota
3460 2566 3627 2614 nostra:
3644 2558 3707 2610 dc-

543 2648 670 2705 ﬂicti
719 2660 906 2707 sancto
949 2652 1092 2708 obvii
1144 2668 1241 2724 per
1283 2654 1400 2724 ejus
1430 2653 1757 2708 venerabilia
1789 2653 2011 2717 merita,
2045 2653 2113 2707 ab
2212 2659 2448 2714 votionis
2472 2666 2597 2713 vota
2628 2665 2683 2711 ct
2704 2663 2867 2711 casta:
2886 2653 3062 2709 laudis
3082 2649 3357 2707 sacrificia
3384 2652 3577 2706 mittere
3599 2648 3709 2718 gesti-

542 2741 829 2797 inceutivis
851 2743 1192 2812 passionibus
1211 2744 1374 2810 eruti,
1414 2744 1669 2814 plettariaz
1714 2744 1963 2805 multatis
1988 2751 2115 2805 sum
2212 2767 2356 2825 mus,
2386 2765 2596 2831 qumen
2631 2746 2913 2808 mediante
2942 2756 3036 2810 rbi
3069 2752 3225 2827 grata
3265 2743 3515 2819 collisque
3537 2739 3707 2799 salaluia

544 2832 727 2902 vigore
747 2832 950 2887 donati.
2217 2853 2346 2905 ῆςιηι
2379 2867 2616 2905 oramus.

1104 2926 1333 2984 CAPUT
1363 2927 1545 2984 XVIII.
2798 2920 3029 2982 CAPUT
3060 2921 3177 2978 XX.
3334 2992 3337 2993 ν

614 3014 696 3070 Ad
738 3024 974 3072 montem
999 3015 1147 3073 Jovis
1191 3017 1356 3088 (465)
1391 3017 1618 3074 celebris
1649 3019 1790 3075 fama
1827 3021 2115 3080 virtutibus
2289 3018 2534 3074 Periatns
2566 3031 2686 3071 cum
2723 3016 3025 3072 honorifico
3048 3013 3266 3084 agmine
3297 3010 3534 3080 egregius
3569 3016 3709 3073 martyr

546 3105 802 3176 praeclara
826 3115 1147 3185 pervenerat
1188 3112 1460 3182 martyris.
1506 3109 1603 3165 Hic
1630 3110 1858 3167 clericus
1896 3115 2114 3169 nomine
2160 3183 2179 3185 _
2215 3108 2425 3164 Domini
2452 3108 2506 3162 in
2530 3107 2717 3163 cellam
2739 3106 2886 3179 (465)
2903 3105 3074 3162 sancti
3103 3102 3315 3165 Sereni,
3340 3096 3707 3166 mulierqtttedam

549 3198 867 3253 Benedictus
889 3183 909 3262 ,
948 3198 1120 3269 ipsius
1144 3198 1249 3255 loci
1294 3200 1541 3266 aedituus,
1580 3216 1674 3272 per
1701 3202 1916 3273 triginta
1945 3203 2117 3258 conti-
2144 3183 2187 3244 (δ
2220 3203 2413 3259 clinica
2469 3211 2670 3256 terram
2708 3214 2921 3268 semper
2971 3195 3336 3267 prospiciens,
3366 3207 3462 3247 nec
3496 3186 3709 3258 aliquando

547 3291 750 3344 nnatim
777 3290 892 3345 dies
917 3288 1100 3346 letbali
1138 3292 1421 3349 tabescens
1451 3292 1812 3359 incommodo,
1844 3292 1990 3349 dicto
2017 3309 2117 3349 au-
2221 3307 2283 3348 se
2309 3307 2521 3347 sursum
2554 3291 2764 3361 erigere
2789 3288 2995 3354 valens,
3027 3287 3081 3341 in
3116 3299 3409 3341 occursum
3440 3281 3564 3337 illius
3584 3278 3708 3332 adet-

540 3379 621 3455 ilit
652 3392 774 3432 eum
807 3377 932 3433 illuc
972 3393 1091 3448 qua:
1137 3390 1279 3435 recta
1308 3381 1539 3435 ducebat
1569 3382 1761 3436 semita
1788 3421 1803 3446 ,
1833 3381 2115 3438 declinari.
2219 3381 2441 3437 clesiam
2468 3396 2530 3437 se
2557 3379 2799 3451 pertrahi
2828 3378 2976 3435 fecit.
3003 3377 3133 3445 Quae
3163 3373 3359 3432 statim
3386 3382 3445 3428 ut
3472 3369 3658 3426 advenit,
3676 3365 3710 3415 in

548 3470 610 3522 lit
635 3484 756 3523 cum
788 3469 1044 3540 dissipata
1083 3486 1362 3542 gressunm
1406 3488 1661 3543 compage
1691 3476 1737 3529 ei
1769 3474 1983 3530 obviam
2014 3477 2117 3543 ire,
2219 3473 2485 3528 directum
2527 3486 2648 3527 sese
2698 3471 2910 3536 extulit,
2949 3477 3004 3524 et
3040 3468 3195 3539 quasi
3249 3467 3332 3523 nil
3378 3478 3585 3534 unquam
3616 3455 3709 3530 gilii

547 3568 603 3611 ut
628 3558 991 3625 desiderabat,
1024 3561 1170 3615 nullo
1195 3562 1353 3617 modo
1382 3563 1604 3629 valeret,
1638 3564 1865 3619 aliorum
1896 3581 1956 3620 se
2004 3581 2121 3620 ma-
2220 3578 2474 3634 perpessa
2499 3561 2707 3627 fuisset,
2730 3561 2980 3616 omnibus
3000 3560 3092 3629 qui
3120 3559 3355 3613 aderant
3379 3552 3601 3622 suffragio
3619 3560 3711 3602 mar-

549 3649 704 3706 nibus
730 3653 926 3725 gestari
956 3650 1105 3708 fecit.
1132 3654 1188 3708 ln
1220 3654 1408 3724 pervio
1431 3654 1647 3725 publico
1692 3670 1797 3710 non
1846 3655 2003 3726 longe
2052 3658 2122 3713 ab
2223 3655 2359 3728 tyris
2383 3663 2562 3710 erecta
2597 3651 2845 3724 apparuit
2889 3666 3041 3707 sana.
3069 3649 3157 3704 Fit
3176 3642 3465 3704 admiratio
3487 3653 3532 3697 et
3565 3648 3707 3706 stupor.

551 3740 668 3811 ipso
694 3741 812 3796 loco
833 3741 911 3797 sic
938 3754 1216 3796 emortuus
1238 3743 1305 3797 ad
1330 3751 1577 3797 sanctum
1605 3742 1941 3811 deportatus,
1964 3753 2125 3814 atque
2221 3746 2309 3801 bis
2340 3745 2678 3815 potissimum
2711 3743 2802 3813 qui
2832 3757 2952 3798 eam
2984 3747 3245 3796 noverant
3288 3749 3413 3793 ante
3455 3735 3707 3790 hesternum-

553 3839 680 3885 ante
702 3829 851 3885 illum
880 3839 963 3885 est
994 3829 1301 3901 depositus,
1349 3830 1544 3902 quibus
1578 3840 1792 3901 poterat
1819 3833 2022 3889 visibus
2064 3848 2125 3889 se
2223 3835 2354 3902 Quae
2382 3834 2456 3890 ita
2478 3834 2612 3888 mira
2636 3834 2835 3889 virtute
2860 3831 3104 3888 absoluta
3133 3830 3247 3888 Deo
3279 3836 3554 3897 sanctoque
3571 3818 3710 3894 gralils

555 3936 679 3976 cum
724 3919 864 3979 ferre
891 3920 1023 3978 velle
1061 3924 1304 3990 dicebat,
1335 3933 1390 3980 et
1422 3933 1478 3979 ut
1531 3925 1800 3981 sineretur
1852 3926 2117 3982 humiliter
2224 3942 2389 3999 agens
2414 3928 2643 3983 recessit
2665 3926 2718 3981 in
2743 3925 2980 3998 propria.
3482 3938 3487 3943 '

554 4015 895 4084 precabatur.
931 4013 1100 4080 Quem
1143 4012 1249 4070 fide
1302 4030 1418 4069 non
1474 4014 1776 4071 temeritate
1824 4014 1952 4072 hinc
2000 4015 2127 4072 inde
2818 4015 3047 4073 CAPUT
3085 4014 3227 4071 XXI.

554 4112 890 4161 sustentatus
909 4104 1046 4161 ulnis
1068 4107 1301 4177 propriis
1333 4105 1631 4175 excipiens,
1653 4106 1893 4176 pristina:
1920 4107 2126 4162 sanita-

556 4196 625 4251 tis
677 4212 797 4252 mox
837 4207 1180 4267 augmentum
1227 4198 1444 4263 meruit,
1475 4207 1533 4253 et
1554 4197 1627 4252 ita
1662 4213 1783 4252 eum
1820 4212 1989 4268 usque
2028 4196 2126 4253 Oc-

555 4285 809 4341 todurum
840 4285 987 4357 (464)
1015 4301 1199 4357 sospes
1226 4296 1279 4342 et
1312 4288 1463 4342 laetus
1487 4288 1710 4343 invexit.
1755 4287 1831 4342 lbi
1862 4290 2129 4359 gratuitas

554 4376 768 4430 laudum
802 4374 1010 4431 hostias
1047 4391 1144 4446 pro
1183 4376 1267 4431 sui
1307 4377 1696 4433 restauratione
1726 4376 1995 4432 Salvatori
2017 4394 2129 4433 om-
2230 4374 2400 4469 ipsiu's
2447 4414 2642 4470 corpus
2679 4399 2754 4454 ita
2789 4398 3028 4469 explevit
3057 4374 3193 4453 die—9h
3238 4398 3437 4466 Quam,
3466 4390 3709 4452 ευοοειιειιιο

559 4468 703 4522 nium
736 4467 1069 4561 persolvens,
1115 4477 1173 4524 et
1208 4470 1461 4541 martyris
1483 4469 1724 4539 capttlam
1755 4470 2025 4533 osenlans,
2059 4472 2125 4528 ad
2153 4530 2204 4561 η
2230 4467 2318 4546 δίε
2348 4491 2477 4545 dum
2517 4467 2569 4544 ίῇ
2624 4467 2876 4561 ρτρείιηιέ
2901 4489 3096 4545 votivis
3121 4494 3503 4560 perseveraret,
3534 4473 3709 4549 repropi'

555 4573 651 4611 sua
701 4572 824 4611 cum
875 4557 988 4611 suis
1036 4559 1339 4627 regreditur
1386 4559 1689 4613 incolumis.
1726 4559 1838 4614 Deo
1876 4569 2121 4614 sanctum
2155 4557 2203 4591 ν
2232 4578 2357 4633 uari
2379 4578 2480 4633 sibi
2505 4557 2782 4649 θκρένίιητ
2807 4594 2904 4649 ρει.
2930 4577 3100 4633 sane“
3124 4557 3422 4631 δωεηιηω,
3443 4571 3559 4627 Nam
3576 4575 3710 4622 eisut-

557 4665 712 4734 snnm
741 4664 839 4738 per
859 4649 983 4704 talia
1009 4666 1171 4738 opera
1205 4650 1562 4714 clarificante,
1593 4652 1943 4720 undecunque
1969 4653 2123 4707 turba
2230 4669 2332 4724 dus
2383 4669 2623 4724 auditum
2659 4669 2888 4734 mem“,
2914 4678 2969 4724 ει
2991 4678 3175 4723 mulus
3207 4675 3495 4738 promptam
3516 4656 3709 4729 loquelam

536 4726 665 4793 'non
693 4737 901 4793 modica
928 4737 1247 4795 conﬂuebat.

2232 4762 2424 4825 edidit,
2458 4760 2766 4816 ariditatem
2797 4760 2960 4816 etiam
2991 4773 3215 4815 mancus
3254 4759 3308 4813 in
3337 4755 3620 4811 viriditatem
3646 4744 3707 4798 ὀί·

1140 4830 1366 4889 CAPUT
1399 4830 1536 4886 ΧῘΧ·
2233 4854 2486 4918 mutavit,
2516 4861 2571 4909 et
2623 4852 2891 4910 lubricum
2926 4853 3147 4909 claudus
3179 4867 3418 4924 gressum
3463 4850 3510 4903 in
3544 4838 3708 4899 Solidum

631 4938 875 5010 Denique
905 4940 957 4995 in
999 4939 1197 5007 locum,
1244 4942 1331 4997 cui
1373 4941 1609 4996 Granum
1660 4942 1977 4997 vocabulum
2022 4953 2128 5009 est,
2234 4943 2496 4999 extendit.
2540 4941 2642 4997 llic
2670 4942 2721 4996 in
2755 4943 3123 4997 testimonium
3155 4954 3266 4997 suae
3288 4931 3635 4995 reformationis
3655 4928 3708 4980 in-

561 5029 769 5099 placido
815 5031 948 5086 calle
985 5040 1298 5101 perventum
1326 5043 1439 5096 est,
1472 5033 1558 5087 ubi
1588 5033 1845 5101 puerulus
1875 5034 2129 5103 parvulus
2236 5042 2439 5103 tcgram
2492 5034 2780 5088 adsecutus
2825 5032 3209 5099 valetudinem,
3259 5033 3370 5088 suis
3407 5024 3609 5085 humeris
3644 5015 3706 5073 Dei

560 5121 729 5177 oculis
786 5122 980 5194 captus
1033 5139 1065 5177 a
1135 5123 1449 5192 parentibus
1499 5124 1737 5186 delatus,
1791 5133 1953 5193 atque
2002 5135 2128 5179 ante
2234 5133 2529 5194 martyrem
2560 5124 2932 5178 beatissimum
2959 5124 3026 5178 ad
3046 5125 3361 5179 Calnomum
3386 5106 3705 5192 deportavitti-

561 5225 708 5265 aram
739 5212 980 5268 ecclesia:
1000 5220 1086 5267 est
1106 5212 1402 5283 depositus,
1434 5227 1539 5281 quo
1583 5212 1758 5271 fuerat
1785 5214 2130 5271 beatissimus
2235 5234 2378 5274 cum.
2411 5217 2465 5271 In
2513 5233 2619 5288 quo
2666 5219 2790 5273 dum
2848 5217 3117 5280 introiret,
3145 5218 3350 5273 duobus
3370 5213 3513 5273 caecis
3536 5206 3705 5263 ablatum

564 5311 770 5374 martyr
798 5304 909 5374 jam
932 5304 1154 5360 locatus.
1185 5303 1406 5361 Noctem
1430 5304 1573 5358 illam
1609 5304 1804 5360 ibidem
1837 5307 1980 5360 sicut
2002 5316 2128 5361 ante
2237 5309 2416 5364 lumen
2448 5308 2659 5362 videndi
2685 5308 2920 5381 inclytus
2948 5317 3156 5377 martyr
3191 5306 3432 5367 reddidit,
3458 5309 3506 5357 et
3535 5292 3703 5365 65W

562 5404 807 5450 sanctum
836 5396 1012 5451 fuerat
1031 5394 1252 5466 eiectus,
1283 5397 1438 5452 duxit
1469 5395 1793 5451 insomnem.
1821 5396 1978 5452 Mane
1998 5411 2128 5453 vero
2237 5399 2442 5454 numeri
2497 5398 2703 5453 claudis
2736 5407 2982 5454 contorta
3027 5397 3250 5467 veStigia
3297 5382 3702 5460 redintegravit.“

637 5506 785 5587 (ᾆϐδ)
810 5508 911 5587 Qui
943 5509 1076 5564 alias
1097 5523 1253 5587 mons
1293 5508 1351 5564 S.
1382 5507 1732 5587 Bergardiqn
1755 5508 1979 5578 Alpibus
2000 5507 2133 5565 Pen-
2235 5509 2791 5587 merulamabbatiam
2819 5508 3217 5587 canonicornm
3244 5502 3541 5587 regulariunt

2296 4128 2441 4185 Inter
2461 4126 2770 4198 frequentes
2796 4126 2861 4181 ad
2899 4134 3145 4182 sanctum
3162 4127 3710 4197 ἐσηωηεεσιες-ωπωε

2226 4219 2446 4290 quidam
2474 4218 2714 4288 plebeius
2746 4216 2961 4283 surdus,
2991 4226 3195 4282 mutus,
3228 4232 3447 4273 mancus
3483 4223 3532 4269 et
3553 4210 3710 4266 claudus

2227 4309 2451 4380 martyri
2487 4308 2620 4364 inibi
2668 4316 2754 4364 est
2797 4307 3092 4372 cxhibitus,
3116 4307 3209 4378 qui
3236 4317 3346 4364 tres
3376 4315 3491 4361 ante
3514 4299 3710 4358 vivificunt

565 5567 899 5650 ninis_._ba_itd
928 5574 1447 5650 proculabAngusta
1474 5567 1752 5633 Praetoria.
1820 5567 1840 5629 .'
1968 5645 1995 5650 μ
2050 5648 2062 5650 _
2230 5579 2713 5650 Augustinianihin
2746 5577 2957 5650 Briegio
3000 5588 3201 5650 tractu.
3241 5567 3466 5650 Ejt'tsrei
3496 5567 3699 5650 ﬁl

637 5597 729 5636 ns.
762 5597 899 5631 nano
928 5597 1447 5649 procutanangusm
1478 5597 1752 5633 rraatorta.
1820 5626 1823 5629 .
2230 5597 2311 5634 All
2354 5597 2607 5634 usuntant
2663 5597 2713 5631 III
2746 5597 2957 5650 nnegto
3001 5597 3197 5633 tractu.
3241 5597 3365 5640 rans
3396 5597 3465 5627 ηςι
3496 5597 3543 5622 ιιι
3561 5597 3696 5644 uim-vv

637 5645 783 5721 (464)
810 5646 1165 5721 Octodortitn.
1195 5650 1354 5720 vulgo
1376 5647 1697 5716 Martinaclt,
1724 5651 1777 5704 in
1801 5663 1939 5721 pago
1960 5645 2130 5705 Sedu-
2234 5597 2361 5704 in
2396 5649 2584 5704 Sereni
2608 5647 2732 5721 Vita
2762 5663 2863 5703 ms.
2892 5649 3020 5721 Erat
3043 5659 3097 5703 ct
3121 5648 3327 5721 abbatia
3358 5644 3409 5699 S.
3434 5622 3697 5721 ᾐζςιξιξξῗξ

565 5706 713 5789 mensi
738 5706 1226 5789 propeAgannum.
1287 5706 1317 5720 ν
1682 5706 1695 5716 ’
1804 5706 1818 5717 ’
1873 5706 1904 5721 υ
2231 5721 2536 5784 Cadurcos,
2587 5720 2653 5774 de
2703 5735 2815 5789 qua
2864 5721 2917 5774 in
2946 5718 3354 5789 Probationibus
3389 5714 3449 5769 ad
3489 5706 3699 5763 Historiam

637 5788 782 5859 (£65)
816 5785 1058 5861 Vulgo'la
1084 5788 1242 5857 Celle,
1264 5790 1424 5850 modo
1448 5791 1718 5861 priorattts
1740 5809 1900 5864 prope
1922 5791 2125 5848 Cautu-
2236 5790 2612 5853 Torincnscm,
2643 5785 3097 5860 aptitllttstcllttttt,
3126 5806 3244 5860 pag.
3271 5786 3321 5841 5.
