3902 6454
171 375 306 434 597

1073 365 1160 424 DE
1195 366 1326 421 TRA
1340 362 1573 420 NSLA'I‘.
1612 362 1670 416 S.
1697 349 2096 418 SEBASTIANI
2135 357 2220 412 ET
2251 357 2313 412 'S.
2343 355 2550 414 CIII-1G.-

3325 343 3438 404 598

179 465 376 520 invisa
405 461 686 520 celeritate
719 461 776 516 in
803 458 1178 516 ambulandum
1205 466 1262 510 ut
1289 458 1370 511 sui
1397 455 1576 510 statim
1606 453 1765 506 itine-
1797 462 1840 518 Α
1871 449 1936 502 do
1959 447 2227 516 popularis
2253 446 2514 510 excrevit,
2547 452 2604 498 ut
2629 443 2713 497 vix
2739 457 2795 496 se
2819 441 2870 496 in
2891 447 3098 510 partem
3126 436 3319 506 aliquis
3341 435 3432 489 de—

177 557 278 612 ris
297 555 524 611 comites
541 563 741 616 essent,
771 554 824 608 in
860 553 1098 606 omnium
1128 551 1296 605 oculis
1327 550 1611 604 miseratus
1638 546 1764 602 elle-

178 646 298 700 cit.
333 645 602 700 Prteibant
653 646 834 712 itaque
858 643 987 698 caeci
1023 642 1167 696 nullo
1199 643 1495 712 indigentes
1521 641 1762 700 ductore,

175 745 254 792 et
293 738 460 790 densa
515 734 742 805 caligine
789 734 1089 805 proscissa,
1129 733 1448 788 mirantibus
1501 730 1768 786 universis

177 841 340 880 nova
369 825 582 880 coalitus
611 825 788 878 infusa
835 821 1036 877 lumina
1078 823 1534 878 demonstrabant.
1588 818 1768 873 Avidis

177 915 383 974 divino
421 915 774 972 medicamine
801 913 1054 970 emollitis
1090 913 1292 978 nervis,
1315 911 1769 994 cor‘isolidatisqne

179 1005 428 1060 hasibus
454 1015 510 1060 et
537 1004 758 1074 plantis,
786 1005 958 1059 claudi
991 1003 1277 1072 resumptis
1303 1001 1526 1067 viribus,
1571 1000 1770 1056 saluta-

175 1094 278 1148 ria
305 1111 365 1150 se
389 1095 528 1150 ferre
557 1110 722 1150 onera
752 1093 1180 1166 gratulabantur.
1211 1091 1335 1148 llzec
1372 1091 1553 1162 opinio
1583 1091 1767 1160 signo-

179 1201 344 1250 rum,
375 1187 572 1256 quibus
621 1201 852 1256 superna
885 1183 1136 1252 majestas
1157 1195 1402 1240 sanctum
1439 1199 1592 1238 suum
1626 1181 1768 1236 miri-

177 1275 415 1338 l‘icabat.
443 1277 676 1346 undique
695 1276 1000 1346 religiosam
1031 1285 1302 1330 catervam
1326 1290 1448 1330 cum
1474 1275 1770 1330 ambitione

175 1363 545 1420 denariorum
582 1366 650 1420 ad
695 1381 817 1420 eum
857 1367 1197 1434 perduxerat.
1248 1363 1383 1419 Nam
1413 1365 1476 1420 de
1502 1372 1612 1418 tota
1655 1363 1772 1432 ipsa

175 1454 476 1522 provincia
502 1455 701 1525 quique
729 1457 830 1516 ,viri
879 1455 1081 1510 nobiles
1113 1465 1168 1511 ct
1217 1463 1481 1525 potentes,
1511 1464 1772 1510 matrona:

175 1559 410 1614 quoque
439 1545 673 1602 illustres
704 1562 826 1602 cum
850 1547 1170 1618 promiscuis
1197 1545 1442 1618 plebibus
1461 1547 1772 1602 exsilientes

177 1635 576 1702 accurrebant,
629 1653 794 1708 opera
844 1637 1056 1692 Domini
1105 1636 1388 1708 magnilica
1433 1636 1612 1706 qualia
1635 1652 1770 1690 nun-

175 1740 358 1796 quam
389 1726 650 1791 viderant,
689 1737 852 1799 utque
909 1729 1138 1800 amplius
1163 1729 1358 1793 dicam,
1397 1744 1497 1784 nec
1539 1743 1768 1798 prorsus

1866 537 2068 590 clinare
2118 543 2210 590 aut
2250 537 2408 591 etiam
2451 549 2668 589 movere
2709 541 2909 604 posset.
2953 531 3077 586 Inde
3117 527 3322 584 levatus
3363 523 3462 582 ad,

1867 626 2060 682 llumen
2089 643 2257 698 usque
2283 629 2522 680 Axonam
2555 637 2772 678 evectus
2799 633 2900 677 est.

2425 713 2650 769 CAPUT
2693 711 2875 768 XXIII.

1939 804 2240 876 Occuparat
2262 805 2376 877 jam
2426 804 2706 875 gloriosior
2735 812 3026 873 apparatus
3051 799 3332 856 citeriores
3363 797 3437 851 ri-

1869 911 1965 967 pas
1982 893 2234 962 ilnminis,
2267 907 2326 950 ut
2372 895 2454 950 vis
2500 895 2699 948 amoris
2746 903 2802 950 et
2829 893 3039 948 devotio
3076 889 3326 946 desiderii
3349 889 3433 942 ius

1869 984 2099 1042 ell'abilis
2137 985 2402 1054 exigebat.
2429 983 2694 1054 Religiosa
2725 983 3108 1037 monachorum
3133 979 3320 1035 concio
3350 993 3438 1033 ec-

1869 1073 2182 1134 clesiasticis
2217 1073 2398 1128 infulis
2428 1073 2672 1129 redimita
2704 1073 2877 1128 stabat
2915 1079 3281 1142 prospectans,
3306 1081 3439 1123 nna-

1869 1165 2000 1219 nimi
2029 1165 2309 1220 devotione
2329 1163 2722 1218 universalibns
2741 1161 2930 1218 oiliciis
2952 1161 3206 1223 animata,
3226 1167 3287 1216 ut
3307 1173 3434 1228 pro-

1870 1255 2059 1310 tectori
2084 1271 2146 1310 ac
2183 1267 2409 1325 patrono
2435 1251 2742 1326 perenniter
2771 1254 3019 1309 habituro
3055 1268 3290 1328 congrua
3318 1249 3466 1305 sese.

1869 1345 2098 1416 cipiendi
2139 1345 2305 1400 ferret
2344 1345 2616 1414 obsequia.
2646 1343 2813 1410 Quem
2843 1343 3086 1412 protinus
3115 1353 3173 1396 ut
3206 1342 3256 1395 in
3281 1341 3452 1411 pulsu.

1871 1437 2131 1506 remigum
2175 1451 2231 1491 se
2277 1452 2464 1492 versus
2499 1435 2844 1506 appropriare
2877 1436 3036 1499 videt,
3073 1433 3258 1496 tellure
3305 1433 3435 1494 ruit,

1869 1529 2118 1583 laudibus
2152 1531 2366 1586 demum
2394 1530 2590 1583 caloris
2617 1544 2904 1600 assurgens
2931 1531 3158 1598 excepit.
3181 1527 3458 1583 Ambiuut-

1869 1635 1992 1675 cum
2019 1621 2250 1690 undique
2285 1621 2434 1675 ebori
2468 1620 2828 1691 psallentium,
2857 1621 2912 1676 in
2960 1619 3173 1692 hymnis
3193 1620 3438 1690 organis-

1871 1726 1977 1781 qne
2024 1710 2316 1766 dulcisonis
2356 1727 2476 1765 eum
2504 1709 2720 1782 jugibus
2767 1711 3172 1782 thymiamatu'm
3203 1711 3442 1764 diverso-

179 1817 394 1874 ειίωω
431 1819 732 1884 audieram,
769 1799 1011 1890 (ιυοιίιιίέ
1043 1819 1398 1890 iocundam“
1435 1821 1768 1876 comueban.
1795 1823 1842 1884 Β
1873 1819 2098 1874 rumque
2127 1813 2430 1858 aromatum
2460 1803 2752 1874 vaporibus
2780 1802 3095 1873 quibusdam
3125 1800 3315 1856 vexilla
3341 1799 3441 1854 mi-

185 1917 306 1974 tur,
355 1917 414 1966 et
439 1913 741 1968 contuendo
767 1911 1076 1968 salutariter
1111 1913 1488 1982 pascebantur.
1520 1911 1612 1968 Sic
1639 1929 1763 1983 gra-

183 2007 376 2074 tanter
420 2000 562 2056 viam
613 2001 870 2073 legentes,
907 2003 974 2058 ad
1005 2004 1090 2058 diu
1135 2005 1410 2074 prmoptati
1444 2004 1584 2058 ruris
1634 2003 1768 2058 lines

179 2091 517 2158 perveniunt
548 2110 561 2146 :
592 2103 746 2150 sexto
775 2095 842 2148 ab
873 2093 1004 2150 urbe
1043 2093 1296 2148 milliario
1342 2094 1628 2148 stationem
1657 2093 1771 2148 col-

183 2179 464 2248 iocantes,
513 2181 681 2238 donec
707 2183 780 2238 .in
809 2181 1020 2238 obviam
1053 2182 1288 2240 caelestis
1319 2183 1502 2238 militis
1533 2183 1669 2252 legio
1709 2197 1770 2237 sc

183 2279 530 2340 praepararet
571 2272 766 2338 omnis,
798 2272 1186 2344 gloriosissimo
1205 2273 1397 2327 victori
1419 2273 1768 2338 obsecutura,

185 2377 294 2431 per
321 2377 480 2432 quem
521 2373 574 2418 et
605 2365 718 2433 ipsa
745 2364 1004 2420 virtutum
1057 2364 1238 2420 loricis
1289 2365 1503 2420 obtecta
1536 2365 1776 2434 disceret.

185 2461 388 2507 contra
437 2453 646 2510 hostem
676 2454 1030 2510 suavissimum
1069 2454 1500 2526 inexpugnabilia
1555 2469 1770 2510 sumere

185 2543 516 2608 certamina,
570 2551 624 2599 et
649 2543 764 2611 ejus
791 2553 978 2600 saneta
1027 2545 1184 2616 digne
1212 2544 1506 2606 excolendo
1553 2545 1770 2600 vulnera

187 2633 505 2703 acquireret
531 2633 852 2704 laureamiet
889 2645 1084 2704 tropaea
1110 2635 1386 2704 perennia.

762 2703 987 2760 CAPUT
1035 2703 1198 2758 XXII.

265 2769 510 2827 Antistes
530 2773 852 2829 venerabilis
875 2775 1150 2829 Rothadus
1169 2773 1438 2844 antiquior
1463 2783 1588 2830 tunc
1609 2773 1766 2830 Sues-

189 2873 382 2913 sorum
416 2862 636 2932 regebat
687 2861 1056 2918 ecclesiastica
1101 2863 1520 2919 commonitione
1556 2879 1772 2934 promo-

191 2959 305 3004 tam
351 2951 510 3007 totius
539 2953 745 3009 ordinis
774 2953 1091 3010 clericorum
1121 2969 1185 3009 ac
1211 2953 1353 3027 vulgi
1411 2969 1650 3022 manum,
1675 2971 1774 3010 ex-

188 3041 411 3113 plorato
441 3045 834 3114 repausationis
861 3045 995 3111 loco,
1021 3043 1232 3101 obviam
1267 3047 1324 3099 lit
1355 3055 1572 3110 sancto,
1599 3047 1772 3101 omni-

189 3133 352 3206 genis
417 3149 689 3189 sacrorum
738 3133 1030 3190 olliciorum
1089 3133 1338 3192 cantibus
1399 3143 1454 3189 et
1499 3135 1771 3204 obsequiis

191 3199 559 3276 virtutiferum
591 3223 834 3279 ambiens
862 3237 1076 3293 corpus,
1110 3222 1236 3278 totis
1271 3223 1612 3293 amplectitur
1637 3199 1768 3280 viri.
1799 3199 1842 3260 (δ

189 3311 320 3376 bus,
345 3311 590 3380 percolit,
625 3321 932 3379 veneratur,
987 3313 1218 3382 indeque
1253 3313 1568 3370 solemniter
1593 3313 1768 3380 eﬂ‘ert,

189 3413 250 3457 et
298 3402 500 3472 ingenti
537 3400 836 3473 {retinentia
879 3419 942 3461 ae
992 3405 1185 3460 festivo
1215 3405 1450 3475 tripudio
1479 3407 1534 3462 in
1585 3407 1772 3462 urbem

181 3503 422 3547 ovanter
457 3493 732 3550 transfert.
769 3494 956 3552 Omnis
1005 3511 1166 3552 sexus
1212 3507 1267 3552 et
1294 3505 1424 3553 aetas
1468 3484 1771 3558 admirabili

191 3583 502 3654 spectaculo
529 3593 680 3640 extra
711 3587 908 3642 moenia
955 3603 1276 3654 occurrens,
1306 3589 1497 3644 turmis
1525 3597 1772 3644 sanctum

189 3675 518 3744 stipantibus
564 3675 685 3732 l:eta
725 3685 896 3732 semet
917 3678 1209 3744 interserit,
1253 3680 1430 3735 votiva
1459 3679 1770 3737 munuscula

193 3767 386 3832 mittit,
409 3781 600 3837 agmen
631 3768 918 3837 splendens
945 3770 996 3823 in
1028 3770 1348 3826 immensum
1376 3771 1610 3828 coniicit.
1643 3772 1748 3828 Pro

191 3857 382 3912 famun
413 3861 644 3928 quisque
688 3863 980 3932 deputavit,
1013 3863 1104 3933 qui
1139 3864 1264 3919 huic
1295 3871 1400 3918 tam
1429 3864 1661 3935 glorioso
1691 3880 1773 3920 re-

193 3950 377 4019 ceptui
421 3951 683 4008 interesse
727 3969 830 4009 non
895 3955 1093 4024 potuit.
1149 3955 1510 4010 Psallentibus
1559 3955 1784 4026 placido.
1823 3999 1830 4006 .

195 4039 560 4096 modulamine
615 4042 815 4108 choris,
861 4043 1234 4114 plaudentibus
1269 4045 1586 4113 populorum
1643 4059 1768 4099 con-

195 4131 465 4195 cursibus,
489 4132 544 4186 in
567 4132 841 4189 basilicam
887 4134 1141 4204 mrjorem
1167 4136 1448 4190 beatorum
1475 4145 1768 4205 martyrum

191 4225 442 4282 Gervasii
473 4236 528 4284 et
567 4228 792 4283 Protasii
825 4231 1128 4299 pompatico
1169 4230 1439 4300 triumpho
1477 4229 1766 4284 invehitur.

193 4317 298 4374 Hic
326 4319 548 4374 claudus
593 4319 729 4376 facie
770 4332 826 4376 et
871 4321 1148 4399 debilitate
1187 4322 1453 4377 universis
1477 4331 1636 4376 notus
1662 4335 1771 4388 me-

193 4411 317 4465 dias
345 4409 484 4464 inter
522 4419 766 4466 catervas
797 4411 1058 4477 constitit,
1103 4411 1196 4482 qui
1235 4412 1419 4466 multis
1475 4411 1528 4465 in
1579 4411 1765 4465 eadem

193 4501 416 4556 civitate
445 4503 598 4557 annis
625 4503 796 4558 incola
825 4504 1213 4574 bospitabatnr,
1245 4513 1300 4559 et
1325 4503 1494 4559 sancti
1517 4503 1766 4572 opinione

195 4591 403 4657 audita,
431 4601 558 4648 tunc
580 4593 718 4650 forte
746 4595 1156 4658 subintravcrat,
1187 4596 1402 4650 nescius
1428 4595 1568 4664 quod
1595 4594 1768 4664 prima

191 4681 459 4736 'virtutum
491 4697 713 4737 suarum
745 4683 974 4754 insignia
1003 4697 1208 4754 martyr
1228 4683 1440 4738 Domini
1465 4683 1518 4738 in
1549 4696 1614 4736 eo
1639 4681 1774 4736 inibi

199 4771 554 4828 manifestare
605 4773 880 4828 voluisset.
910 4772 1041 4828 Cum
1095 4789 1224 4844 ergo
1277 4773 1415 4827 inter
1445 4772 1648 4827 medias
1697 4771 1768 4824 ir-

201 4865 564 4934 rumpentium
608 4875 852 4919 catervas
885 4865 1223 4926 consisteret,
1275 4863 1450 4918 subito
1479 4875 1772 4918 concussus

199 4955 403 5009 virtute
441 4955 692 5010 invisibili
719 4963 863 5009 totus
905 4955 1200 5020 intremuit,
1225 4969 1442 5008 crurum
1473 4953 1771 5008 informita-

201 5053 314 5098 tem
345 5045 589 5110 mutavit,
623 5045 829 5100 tardam
862 5053 916 5098 et
947 5053 1324 5114 prtentortuam
1353 5043 1772 5100 imbecillitatem

207 5135 420 5205 rejecit,
469 5137 738 5206 celerique
775 5137 1105 5206 relaxatione
1147 5137 1346 5192 inertes
1391 5137 1772 5208 genuculorum

201 5225 376 5281 ﬂexus
403 5227 688 5298 protendit.
713 5225 864 5281 Nulla
891 5227 1256 5286 intercedente
1278 5241 1426 5281 mora
1455 5225 1664 5281 meandi
1692 5226 1769 5280 vi-

209 5331 308 5388 gor
345 5313 590 5382 invaluit,
617 5331 800 5372 coram
828 5317 1076 5374 omnibus
1107 5316 1333 5387 impiger
1368 5317 1622 5382 surrexit,
1649 5323 1774 5372 ante

208 5415 456 5464 sanctum
486 5407 796 5474 ambulavit,
821 5409 1102 5465 incolumis
1136 5417 1190 5465 et
1217 5409 1456 5480 gaudens
1493 5410 1769 5466 abscessit.

209 5496 419 5554 Exhinc
446 5497 512 5551 ad
540 5505 740 5554 sanctae
765 5498 998 5566 Virginis
1025 5497 1365 5568 Mai-ite(466)
1395 5499 1773 5554 monasterium

211 5583 549 5655 deportatur,
580 5585 860 5658 magnifice
884 5587 1165 5658 excipitur.
1212 5587 1328 5655 Quo
1355 5595 1502 5642 tanta
1533 5589 1779 5644 multitu—

217 5773 264 5832 do
287 5701 432 5783 (ltili)
465 5703 730 5759 Hactenus
761 5703 966 5776 insigne
990 5703 1293 5768 emnohium
1323 5704 1584 5774 virginum
1610 5703 1774 5758 Bene-

255 5787 552 5831 iCQlIIiII’IIIIL

255 5787 552 5831 tetulerunt.

1801 4545 1848 4603 ι)

1871 1895 2047 1950 cantia
2093 1894 2447 1964 gestantibus,
2500 1894 2620 1948 aliis
2653 1893 2828 1950 crucis
2872 1893 3118 1964 stigmata
3147 1907 3276 1946 auro
3297 1891 3443 1945 fulvo

1871 1986 2157 2052 radiantia,
2210 2003 2652 2058 gemmarumque
2689 1987 2899 2042 diverso
2929 1985 3110 2040 colore
3166 1983 3442 2054 perlucida

1871 2075 2198 2144 ferentibus;
2253 2079 2334 2133 his
2360 2079 2788 2150 thymiamatcria
2818 2093 2880 2132 ac
2909 2078 3187 2140 thuril‘era,
3220 2075 3326 2131 illis
3355 2091 3450 2130 (ἶοη

1873 2171 2119 2228 rol'cralia
2151 2173 2576 2243 deportantibus,
2621 2183 2781 2244 atque
2807 2189 3034 2228 corusco
3073 2173 3275 2227 lumine
3302 2155 3460 2234 diemj

1872 2264 2210 2333 augentibus.
2243 2263 2357 2318 Tali
2389 2273 2587 2333 tropaeo
2613 2279 2938 2336 perpropcre
2968 2265 3220 2318 devectus
3255 2263 3308 2316 in
3361 2262 3442 2316 lo-

1871 2368 1991 2407 cum
2052 2353 2229 2407 divina
2270 2353 2370 2408 sibi
2433 2354 2736 2424 provisione
2783 2354 3084 2423 divinisque
3133 2337 3461 2408 muneribus

1843 2453 2269 2513 praeparatum,
2315 2445 2598 2514 deponitur
2641 2443 2794 2513 juxta
2851 2445 3069 2515 gloriosi
3117 2443 3443 2499 confessoris

1872 2535 2069 2592 Christi
2099 2535 2333 2592 Medardi
2377 2537 2636 2591 tumulum
2667 2537 3057 2592 exsultantibus
3084 2537 3296 2600 animis,
3345 2552 3440 2604 pa-

1873 2627 2028 2696 rique
2068 2637 2328 2682 concentu
2373 2628 2470 2683 ista
2516 2629 2726 2685 cunctis
2769 2643 2963 2684 canore
3014 2629 3442 2683 modulantihus-

1879 2734 1898 2766 ι
1933 2717 2170 2786 lusignes
2201 2717 2504 2785 przceoniis,
2533 2717 2689 2778 alme,
2721 2725 2822 2772 tuae
2853 2717 3118 2772 nobilitati
3149 2723 3448 2772 consonant

1871 2821 2034 2862 voces
2094 2808 2482 2874 collaudantes,
2529 2807 2694 2864 verbo
2751 2808 2974 2878 supplici
3036 2823 3444 2877 prosequamur.

1874 2897 2005 2962 Ave,
2033 2896 2229 2968 inclyte
2251 2901 2472 2970 martyr,
2493 2898 2802 2969 angelorum
2825 2913 3066 2964 consors,
3081 2897 3445 2968 apostolorum
3501 2897 3516 2910 ‘

1873 2988 2074 3050 socius,
2103 2989 2482 3058 praphctarum
2505 2991 2742 3044 concivis
2769 2997 2823 3044 et
2853 3000 3147 3061 martyrum
3181 2990 3443 3053 cohaercs,

1874 3089 2060 3134 sancte
2088 3080 2428 3147 Sebastiano,
2469 3081 2740 3138 intercede
2762 3097 2859 3153 pro
2890 3089 3070 3136 nostra
3091 3082 3330 3138 omnium
3362 3096 3448 3136 sa-

1873 3171 2004 3224 Iule.
2037 3190 2054 3223 ι
2088 3171 2160 3226 Ea
2201 3179 2312 3238 tum
2343 3171 2621 3227 Dominica
2649 3172 2766 3227 dies
2799 3167 2944 3242 (167)
2985 3169 3084 3226 fuit
3111 3169 3269 3244 (anno
3296 3169 3445 3240 89.6),

1875 3277 2220 3332 congruoqne
2283 3261 2643 3318 modulamine
2707 3263 2998 3332 antiphona
3046 3263 3114 3316 ad
3169 3263 3450 3317 introitum

1873 3353 2234 3423 prtulitulatur
2262 3372 2275 3407 :
2303 3351 2539 3423 Populus
2569 3353 2721 3418 Sion,
2754 3370 2867 3410 ecce
2897 3351 3151 3414 Dpntinus
3194 3353 3353 3406 veniet
3377 3351 3448 3405 ad

1871 3443 2150 3498 solvendas
2207 3451 2400 3513 gentes.
2455 3443 2702 3514 Congrua
2759 3443 3121 3498 modulatione
3174 3443 3320 3498 salus
3357 3443 3443 3497 illa

1872 3529 2166 3601 singularis
2191 3531 2580 3586 Incarnationis
2603 3531 2915 3596 Dominicre,
2943 3547 3060 3602 quae
3082 3532 3290 3586 cunctis
3322 3548 3449 3585 verr

1874 3629 1996 3675 tura
2030 3622 2280 3692 gentibus
2313 3623 2416 3678 hoc
2442 3623 2676 3693 capitulo
2704 3623 3060 3692 praenuntiata
3087 3631 3187 3688 est,
3222 3623 3446 3677 salutem

1871 3725 1936 3764 ac
1979 3709 2224 3772 laetitiam
2270 3713 2484 3772 cunctis
2524 3713 2817 3769 Galliarum
2867 3713 3073 3784 populis
3107 3730 3172 3770 ex
3216 3713 3484 3768 adventu”

1872 3799 2032 3868 hujus
2062 3800 2306 3870 praeclari
2342 3804 2594 3875 martyris
2618 3803 2834 3870 refudit,
2883 3813 2936 3859 et
2963 3805 3007 3860 si
3029 3819 3151 3860 cum
3177 3803 3278 3860 lide
3304 3803 3442 3874 peti-

1873 3899 1982 3956 tur,
2011 3889 2127 3960 ejus
2151 3893 2372 3948 obtentu
2401 3896 2712 3965 temporalia
2740 3897 2876 3952 dona
2899 3904 2952 3952 et
2978 3896 3196 3967 prrcmia
3223 3897 3446 3970 largitur

1869 3991 2090 4036 mterna.
2126 3983 2170 4038 Ο
2209 3985 2348 4040 diem
2379 3987 2546 4042 tantis
2583 3987 2804 4042 uberem
2835 3975 3101 4054 laudibus,
3143 3989 3304 4044 tantis
3323 4003 3445 4058 gra-

1869 4073 2045 4125 vidam
2073 4074 2307 4143 gaudiis!
2337 4075 2388 4128 in
2418 4091 2521 4145 qua
2544 4075 2742 4132 athleta
2773 4077 3063 4148 imperialis
3086 4077 3442 4133 Suessionen-

1870 4161 2006 4214 sium
2059 4163 2246 4218 urbem
2289 4165 2531 4220 invectus
2585 4175 2686 4232 est,
2719 4183 2820 4236 qua
2853 4183 2958 4228 nec.
3000 4169 3114 4224 orbi
3136 4169 3444 4238 jocundior,

1869 4265 1966 4307 nec
1987 4252 2146 4308 modo
2174 4251 2371 4308 clllavit
2399 4255 2635 4310 hilarior.

2361 4349 2370 4356 ‘
2421 4334 2648 4392 CAPUT
2699 4337 2884 4392 XXIV.

1909 4427 1914 4432 -
1937 4401 2186 4458 Gloriose
2209 4410 2265 4460 et
2285 4404 2550 4476 condigna
2581 4411 2880 4464 reverentia
2899 4423 2964 4466 eo
2980 4409 3243 4480 deposito,
3265 4411 3444 4482 puella

1869 4491 2112 4562 quaedam
2141 4492 2210 4546 ab
2253 4492 2384 4562 ipsis
2420 4496 2726 4564 crepundiis
2755 4507 2984 4569 utroque
3017 4500 3150 4569 pede
3175 4499 3443 4568 claudula,

1874 4584 2124 4639 omnibus
2169 4599 2306 4654 pene
2331 4587 2641 4652 notissima,
2675 4589 2787 4644 suis
2819 4589 2940 4650 illuc
2985 4606 3158 4661 usque
3191 4607 3220 4646 a
3247 4607 3445 4664 paren-

1877 4675 2018 4730 tibus
2043 4683 2136 4732 est.
2153 4685 2422 4746 pertracta
2449 4687 2508 4734 et
2527 4687 2716 4735 sancto
2745 4681 2946 4735 oblata.
2974 4679 3098 4738 [hee
3131 4691 3280 4738 tanta
3301 4683 3446 4740 velo-

1873 4766 2038 4822 citate
2077 4767 2470 4836 reparationem
2501 4777 2586 4825 est
2623 4779 2930 4839 consecuta,
2964 4781 3017 4826 ut
3063 4774 3136 4828 nil
3168 4775 3448 4830 vacillante

1873 4873 2086 4928 gressu,
2111 4861 2282 4916 solida
2303 4875 2364 4916 sc
2391 4877 2554 4932 super
2585 4864 2841 4919 extulerit
2882 4866 3099 4937 vestigia
3118 4903 3132 4929 ,
3162 4874 3212 4922 et
3243 4869 3296 4921 in
3318 4881 3447 4922 con-

1875 4964 2062 5022 Specto
2095 4955 2334 5008 omnium
2363 4965 2488 5010 ante
2513 4966 2759 5011 sanctum
2799 4957 3008 5022 abierit,
3041 4965 3200 5028 atque
3227 4959 3293 5013 ad
3323 4971 3464 5014 suos.

1877 5043 2065 5098 hilaris
2093 5051 2148 5098 et
2175 5059 2304 5099 sana
2350 5047 2591 5102 redierit.
2619 5046 2932 5102 Permodiro
2951 5057 3142 5104 exacto
3167 5051 3462 5106 intervallo.

1875 5135 2002 5188 dum
2033 5149 2311 5190 sacrarum
2344 5135 2632 5190 missarum
2669 5138 2943 5194 solemniis
2991 5139 3276 5208 episcopus
3325 5155 3448 5196 cum

1875 5224 2021 5280 clero
2056 5224 2348 5289 insisteret,
2381 5225 2598 5293 quidam
2627 5227 2820 5282 debilis
2845 5228 3132 5282 emareidis
3161 5229 3452 5299 poplitibus

1881 5329 1982 5386 per
2007 5315 2200 5370 densas
2237 5315 2530 5386 phalangas
2557 5327 2684 5374 ante
2724 5317 2968 5374 sanctum
2993 5318 3271 5385 adduclus,
3298 5321 3454 5378 tibia-

1877 5421 1996 5460 rum
2071 5406 2340 5476 depressis
2415 5407 2798 5476 supersedebat
2849 5408 2990 5462 snris
3061 5426 3074 5461 :
3143 5409 3245 5464 hoc
3296 5409 3454 5464 fami-

1878 5495 2013 5549 liare
2057 5493 2158 5549 sibi
2204 5493 2370 5550 sedile
2431 5503 2568 5549 crat.
2632 5493 2737 5550 Sed
2781 5504 2836 5550 et
2879 5497 3022 5551 hunc
3072 5499 3276 5572 martyr
3340 5499 3454 5555 cle-

1883 5585 2269 5649 mentissimus,
2314 5585 2470 5640 solita
2529 5585 2726 5653 pietate
2789 5587 3108 5657 miseratus,
3180 5592 3448 5647 arentium

1960 5699 2108 5778 (467)
2126 5699 2609 5778 Νρηιρρροηιῑῃίςίι
2634 5701 2862 5778 secunda
2885 5703 3178 5778 Adventus,
3199 5707 3456 5778 quoejns.

1896 5771 2034 5832 moli
2062 5785 2244 5826 versus
2272 5770 2424 5830 initio
2450 5771 2624 5824 missu:
2657 5773 2864 5828 COIICIIII
2893 5774 3046 5832 solet.
3165 5770 3174 5774 ⁷
3216 5770 3229 5778 ’
3342 5770 3358 5790 ⁷
