3902 6386
565 297 668 356 599

1475 315 1791 377 ODILONIS
1825 319 2140 379 MON'ACHI‘
2173 323 2230 380 S.
2273 326 2589 388 MEDARDI
2620 332 2975 394 SUESSION.
3651 357 3725 417 et»

565 430 854 471 nervorum
902 419 1081 488 rigore
1132 422 1368 480 resoluto
1395 427 1774 487 miserabiliter
1833 433 2041 503 refecit,
2086 445 2141 492 et
2172 441 2216 500 Α
2245 442 2482 496 sauciam
2521 445 2622 498 sub
2642 447 2868 504 articulo
2890 449 3050 506 unius
3095 449 3238 508 hor-az
3265 468 3360 524 per
3394 467 3604 515 sanctum
3625 478 3719 522 mar-

562 506 801 581 perfecta
826 511 1084 581 sospitate
1113 515 1323 585 populis
1351 517 1441 587 qui
1476 519 1592 573 hrec
1611 523 1903 577 cernebant
1932 526 2142 594 magni-

563 599 850 658 ﬁcantibus
900 605 1140 673 donavit,
1171 611 1267 680 qui
1296 619 1374 670 tot
1429 629 1540 670 suae
1577 615 1830 687 longaevae
1855 619 2144 676 debilitatis

563 697 728 744 testes
779 691 1001 760 habuit,
1060 703 1191 766 quot
1232 714 1299 755 ex
1346 701 1534 757 eadem
1565 703 1700 760 urbe
1729 706 1875 762 cives
1901 706 1966 761 ad
2016 707 2142 769 illud

558 787 785 848 potuere
827 787 1190 850 spectaculum
1265 790 1585 862 irrumpere.
1646 793 1756 850 Nec
1795 811 1964 860 mora,
2018 813 2140 853 cum

557 880 685 922 ecce
718 869 914 924 misera
951 873 1284 946 nimiumque
1335 879 1660 938 miserabilis
1714 882 1914 939 femina
1962 897 2141 944 mente

558 966 736 1028 capta,
787 958 984 1030 linguae
1037 962 1212 1020 ofﬁcio
1260 967 1542 1036 destituta,
1579 970 1796 1028 funibus
1847 971 2142 1032 attrahitur

555 1045 827 1118 colligata.
855 1049 990 1118 Quae
1034 1052 1212 1111 ferino
1256 1068 1476 1126 pectore
1511 1069 1620 1116 tota
1650 1062 1877 1119 interius
1901 1065 2137 1128 deserta,

554 1135 628 1190 nil
657 1139 786 1208 quid
836 1154 1020 1214 ageret
1059 1156 1212 1207 extra
1241 1165 1432 1206 curare
1458 1153 1684 1217 sciebat,
1729 1155 2058 1229 vagabundis
2080 1171 2139 1210 se

555 1227 661 1286 huc
693 1231 922 1304 illucque
950 1251 1115 1306 agens
1143 1243 1468 1298 excursibus
1490 1244 1717 1302 lascivos
1757 1227 1819 1302 in
1837 1248 2021 1306 turbas
2043 1246 2142 1301 da-

553 1314 647 1374 bat
667 1323 835 1379 saltus
864 1340 884 1384 ξ
914 1342 1012 1383 nec
1043 1339 1231 1385 catena
1260 1331 1328 1388 ab
1360 1333 1656 1390 intentione
1685 1336 1883 1402 arceri,
1907 1351 2008 1391 nec
2033 1334 2138 1389 mi-

554 1412 642 1465 nis
667 1422 878 1482 poterat
921 1417 1190 1477 cohiberi.
1211 1419 1395 1476 Talem
1438 1437 1655 1480 suorum
1681 1425 1832 1484 labor
1861 1426 2139 1497 impatien-

554 1503 798 1562 tissimus
851 1511 1020 1564 sancti
1073 1514 1420 1581 praesentavit
1450 1516 1763 1575 obtutibus.
1806 1517 1974 1586 Quam
2028 1537 2136 1576 non

554 1598 873 1678 dedignatus
894 1603 976 1658 vir
1002 1604 1210 1660 Domini
1237 1608 1544 1678 piissimus,
1578 1611 1679 1667 sibi
1715 1612 2003 1668 adductam
2043 1629 2133 1668 re-

553 1692 750 1760 spexit,
786 1695 1123 1764 reSpiciendo
1152 1698 1462 1769 ejulantium
1489 1705 1917 1774 propinquorum
1957 1705 2134 1777 lacry-

2245 537 2417 600 tyrem
2445 533 2624 588 divino
2649 535 3274 598 medicaminecuratam.
3311 543 3440 600 Nam
3466 547 3586 606 illico
3602 561 3720 626 ωερε

2243 627 2387 686 tota,
2421 622 2559 677 sicut
2589 635 2714 681 ante
2744 625 2889 682 fores
2919 630 3252 696 constiterat,
3283 633 3349 688 ad
3378 649 3492 690 eum
3516 651 3614 694 sese
3633 622 3721 698 con-

2245 709 2402 775 tulit,
2435 715 2673 783 corrupti
2713 719 2921 774 cruoris
2949 720 3092 776 unda
3115 719 3319 792 jugiter
3346 723 3724 797 ﬁuenssubstitit,

2242 797 2382 854 fmda
2410 803 2616 858 ventris
2644 805 2850 861 vomica
2884 806 2936 861 in
2963 809 3199 880 antiquae
3229 820 3431 867 natura:
3458 823 3620 869 statum
3637 833 3721 872 oon-

2241 889 2424 944 cessit.
2465 888 2616 945 Nulla
2637 891 2738 946 fuit
2763 909 2914 949 mora
2943 896 3154 964 salutis,
3177 899 3265 954 ubi
3291 915 3496 956 manum
3521 902 3721 974 imponere

2241 976 2489 1048 dignatus
2512 990 2597 1037 est
2621 984 2861 1041 medicus
2876 986 3133 1044 etelestis.
3161 990 3436 1047 Cicatricis
3462 1008 3550 1048 nec
3568 994 3719 1050 demum

2239 1081 2307 1122 ex
2341 1068 2655 1126 inﬁrmitate
2676 1072 2886 1144 signum
2899 1077 3114 1146 paruit,
3145 1077 3470 1135 horrendum
3490 1081 3640 1138 dolens
3660 1101 3720 1139 seu

2239 1160 2458 1215 noxium
2482 1162 2744 1235 quidquid
2769 1164 3128 1224 fuitevanuit.
3171 1169 3379 1226 Roseus
3427 1173 3594 1228 subito.
3623 1177 3722 1231 color

2239 1249 2451 1306 reﬁnsus
2475 1254 2744 1320 caeruleas,
2763 1271 2928 1326 genas
2948 1261 3347 1330 praeoccupavit
3366 1301 3382 1327 ,
3420 1261 3632 1331 plenarize
3663 1281 3721 1319 sa-

2238 1340 2425 1396 nitatis
2462 1341 2630 1398 indita
2661 1347 2853 1416 gaudia
2884 1347 3132 1404 innotuit.
3160 1350 3290 1406 Esto
3316 1353 3440 1422 quid
3474 1352 3571 1409 lure
3591 1355 3721 1410 mulier

2238 1427 2307 1484 ab
2339 1429 2518 1502 aliquo
2549 1446 3010 1492 sacramentorum
3066 1438 3317 1509 imperito
3341 1441 3564 1496 audierat
3597 1446 3722 1499 clues

2239 1520 2470 1575 vandum
2499 1537 2654 1590 esse,
2686 1532 2747 1578 ut
2772 1527 2840 1580 ab
2873 1526 3118 1598 ingressu
3151 1531 3332 1600 templi
3364 1533 3720 1604 eucharistiam

2236 1611 2578 1680 perceptione
2597 1614 2778 1670 tandiu
2809 1616 3124 1684 abstineret,
3159 1621 3398 1690 quandiu
3431 1623 3479 1677 in
3519 1623 3642 1693 hujus
3673 1626 3720 1679 in

2239 1697 2509 1756 ﬁrmitatis
2535 1703 2872 1766 immunditia
2908 1708 3217 1765 mansisset.
3249 1709 3357 1766 Sed
3380 1712 3618 1766 sciendum
3639 1729 3717 1768 cor-

551 1782 719 1837 mosis
739 1785 990 1852 precibus
1010 1785 1163 1854 favit,
1194 1789 1444 1861 loquendi
1474 1794 1710 1849 ablatum
1735 1797 1948 1865 penitus
1974 1812 2129 1852 usum
2164 1793 2207 1851 Β
2237 1801 2406 1860 rupta!
2440 1803 2647 1851 naturae
2667 1797 2970 1865 passionem
3001 1800 3212 1871 culpam
3253 1818 3360 1858 non
3389 1819 3526 1869 esse,
3553 1819 3630 1860 nec
3651 1822 3718 1861 uno

548 1870 729 1940 palato
759 1873 975 1941 refudit,
1000 1891 1214 1935 sensum
1243 1897 1347 1937 non
1371 1883 1542 1938 solum
1585 1885 1920 1952 reformavit,
1941 1903 2128 1943 verum

551 1960 713 2016 etiam
760 1963 982 2037 largiter
1024 1969 1192 2028 auxit.
1232 1971 1321 2032 Fit
1372 1973 1552 2029 ltetitia
1605 1976 1784 2032 timori
1824 1978 2125 2043 commista,

549 2051 788 2108 omnium
804 2058 1238 2128 promptissimus
1255 2077 1380 2134 erga
1397 2063 1512 2135 ejus
1527 2065 1728 2122 cultum
1745 2067 2131 2138 multiplicatur

551 2138 797 2209 allectus,
845 2145 1078 2221 denique
1124 2160 1444 2219 praesentem
1475 2153 1605 2208 inibi
1644 2155 1738 2213 Dei
1789 2154 2131 2234 majestatem

548 2230 836 2291 summisse
864 2237 1134 2295 honorant
1182 2251 1236 2297 et
1269 2244 1538 2309 excolunt,
1574 2230 1896 2307 benedicunt
1933 2259 1987 2304 et
2017 2249 2129 2304 lau-

549 2327 697 2392 dant,
729 2328 923 2385 dehinc
963 2331 1172 2389 alacres
1227 2336 1292 2389 ad
1327 2338 1539 2411 propria
1583 2350 1845 2399 remeant.
1875 2340 2006 2401 Post
2039 2357 2127 2397 sa-

548 2434 763 2475 erorum
816 2423 1176 2492 expletionem
1223 2428 1389 2483 densa
1432 2445 1551 2500 quae
1601 2432 1866 2492 asistcbat
1902 2433 2125 2492 collecta

548 2514 901 2588 undecunque
959 2517 1244 2574 multitudo
1304 2520 1596 2578 intrantem
1649 2525 1783 2580 vidit
1836 2527 2124 2596 quemdam

548 2617 720 2672 usque
742 2620 924 2662 casum
950 2608 1365 2672 claudicantem.
1387 2612 1495 2668 Sed
1518 2615 1658 2670 hunc
1679 2616 1850 2670 sancti
1878 2615 2127 2688 Martyris

549 2695 882 2755 absolutione
916 2701 1164 2770 protinus
1196 2705 1406 2774 regredi
1445 2721 1572 2760 sana
1612 2706 1793 2778 planta
1824 2708 2118 2780 obstupuit.

1111 2794 1339 2853 CAPUT
1388 2797 1555 2852 XXV.

619 2877 835 2935 Sanctis
860 2881 951 2950 qui
978 2895 1077 2950 pro
1106 2898 1293 2940 amore
1319 2886 1402 2941 sui
1433 2885 1729 2944 conditoris
1755 2895 1970 2961 propria
2003 2907 2122 2949 cor-

545 2966 677 3038 pora
708 2967 1437 3042 immanissimispassionum
1460 2977 1795 3032 tradiderunt
1824 2980 2122 3051 suppliciis,

545 3056 691 3111 nulla
731 3057 1105 3116 inﬁrmitatum
1157 3065 1365 3121 curatio
1405 3065 1642 3124 difﬁcilis
1679 3077 1794 3135 est,
1841 3072 1965 3140 quia
2016 3089 2123 3143 quo

2229 1883 2455 1940 verbere
2504 1901 2752 1944 censura:
2808 1891 3190 1949 ecclesiastica:
3233 1894 3394 1964 plecti
3446 1894 3715 1950 voluntariam

2229 1972 2581 2042 pollutionem
2601 2017 2617 2044 ,
2649 1985 2704 2033 et
2751 1980 3026 2043 taediosam
3057 1981 3518 2056 inevitabilemquc
3533 1986 3716 2041 naturalis

2189 2106 2195 2112 .
2231 2064 2556 2122 incommodi
2578 2071 2978 2127 necessitatem.
3010 2073 3158 2128 illam
3185 2076 3330 2130 enim
3358 2086 3619 2145 spontaneo
3631 2092 3715 2132 cono

2229 2169 2392 2211 sensu
2421 2159 2632 2216 animus
2659 2160 2868 2217 illectus
2893 2164 3138 2232 patitur:
3169 2165 3314 2221 hanc
3353 2168 3617 2239 depravata:
3656 2182 3716 2220 rn-

2229 2254 2362 2302 tura:
2413 2262 2572 2317 poena
2620 2249 2884 2306 multavit.
2926 2251 3032 2309 Sed
3067 2256 3323 2324 quoniam
3354 2257 3476 2326 quid
3502 2255 3561 2311 de
3590 2257 3716 2316 litore

2229 2353 2496 2398 canonum
2525 2340 2744 2398 decreta
2775 2343 3020 2398 sentiant
3053 2345 3341 2414 ignoratur
3377 2361 3408 2400 a
3443 2347 3628 2410 multis,
3649 2360 3715 2398 non

2228 2429 2296 2483 ab
2325 2445 2384 2484 re
2407 2432 2592 2486 censui
2621 2431 2749 2487 huic
2774 2433 2892 2489 loco
2913 2434 3187 2490 decretum
3233 2435 3313 2492 de.
3342 2437 3516 2492 eadem
3539 2451 3586 2492 re
3613 2449 3715 2491 terte-

2229 2519 2415 2575 rabilis
2443 2536 2595 2592 papae
2625 2521 2870 2594 Gregorii
2902 2525 3288 2583 innectendum
3330 2529 3415 2600 (in
3461 2545 3649 2598 mpm.
3671 2528 3715 2580 ad

2229 2608 2504 2680 August).
2534 2612 2626 2666 Ait
2649 2613 2793 2668 enim
2829 2630 2846 2674 ξ
2883 2633 2901 2666 ι
2945 2615 3234 2688 Nunquam
3284 2617 3474 2672 mulier
3495 2617 3599 2671 dum
3633 2631 3715 2671 con-

2227 2701 2564 2757 suetudinem
2596 2714 2931 2760 menstruam
2957 2707 3180 2777 patitur,
3225 2707 3714 2776 prohiberidebetec-

2226 2789 2444 2846 clesiam
2480 2793 2683 2849 intrare
2704 2836 2719 2859 ,
2747 2810 2868 2867 quae
2886 2796 2938 2850 ei
2965 2805 3177 2856 natura:
3203 2797 3534 2869 superﬂuitas
3571 2798 3612 2852 in
3646 2796 3716 2856 cul:

2227 2895 2350 2951 pain
2379 2897 2486 2937 non
2509 2883 2653 2939 valet
2682 2887 2918 2955 reputari
2961 2901 2976 2941 :
3012 2896 3068 2943 et
3093 2904 3189 2958 per
3220 2891 3324 2945 hoc
3353 2891 3487 2961 quod
3510 2889 3640 2943 invita
3658 2903 3716 2956 μ’

2228 2975 2380 3040 titur,
2405 2975 2611 3045 justum
2647 2993 2753 3032 non
2781 2986 2887 3044 est,
2912 2989 2971 3034 ut
3000 2980 3245 3037 ecclesiae
3267 2983 3501 3054 ingressu
3523 2981 3710 3051 privetur.

2227 3065 2484 3124 Novimus
2505 3085 2738 3139 namque
2760 3071 2902 3140 quod
2919 3071 3112 3127 mulier
3126 3089 3249 3143 quae
3275 3071 3468 3128 ﬂuxum
3497 3073 3716 3144 patiebatur

545 3149 815 3212 acerbitas
831 3159 1226 3219 tormentorum,
1241 3157 1524 3214 adversum
1540 3175 1633 3216 eos
1651 3163 1830 3218 acrius
1842 3164 2121 3233 insanivit,

2237 3157 2553 3226 sanguinis,
2600 3136 2722 3228 post
2767 3136 2974 3233 tergum
3015 3136 3231 3220 Dom-ini
3277 3165 3538 3221 humiliter
3565 3161 3717 3216 veniens

543 3253 611 3297 eo
642 3239 696 3294 in
723 3241 806 3298 eis.
823 3241 1184 3313 spiritualium
1202 3246 1465 3312 donorum
1479 3251 1659 3321 gratia.
1681 3253 1854 3326 major
1880 3256 2120 3324 emicuit,

543 3340 606 3389 ut
650 3337 942 3389 secundum
977 3337 1187 3393 Domini
1217 3338 1415 3401 Christi
1454 3344 1742 3408 veridiram
1783 3346 2126 3416 pollicitatio-

545 3435 667 3474 nem
691 3423 998 3495 centuplum
1030 3429 1399 3500 unusquisque
1437 3432 1566 3502 quid
1591 3433 1814 3491 dederat
1843 3439 2107 3508 reciperet

547 3518 601 3564 et
626 3511 780 3573 stella
827 3515 895 3570 ab
937 3517 1086 3572 stella
1123 3533 1222 3588 pro
1260 3520 1394 3578 lucis
1431 3539 1543 3586 sua:
1572 3527 1834 3596 qualitate
1881 3530 2126 3596 distaret.

547 3602 698 3673 Quod
721 3607 792 3663 ita
822 3607 874 3662 in
907 3611 1155 3680 superius
1183 3613 1503 3671 habitaculis
1529 3618 1664 3673 mira
1713 3620 1807 3676 Dei
1844 3621 2126 3692 dispensa-

545 3695 693 3750 tione
719 3697 804 3767 agi
849 3698 973 3754 hinc
997 3700 1198 3769 liquido
1224 3704 1689 3775 animadvertitur,
1718 3711 1842 3779 quia
1873 3711 1958 3766 his
1985 3727 2123 3781 quo-

546 3801 652 3857 que
666 3787 857 3843 mediis
885 3789 1307 3862 sedibusquibus
1329 3810 1514 3852 eorum
1542 3799 1788 3861 mortalia
1815 3811 2120 3869 servantur,

547 3875 779 3931 discreta
812 3881 1130 3936 meritorum
1162 3885 1515 3944 retributione
1567 3890 1846 3962 signorum
1884 3893 2122 3949 illustra-

543 3965 690 4021 tione
733 3967 1124 4038 glorificantur.
1171 3972 1318 4032 Inter
1341 3992 1478 4046 quos
1509 3978 1596 4035 hic
1629 3981 1851 4054 belliger
1869 3984 2126 4044 victorio-

541 4057 790 4116 sissimus
813 4077 874 4117 ac
895 4065 1250 4123 contubernio
1270 4080 1566 4142 martyrum
1586 4074 1905 4133 certaminis.
1919 4078 1999 4133 sui
2022 4093 2120 4134 no-

540 4148 819 4210 bilissimis
869 4157 1085 4227 tropznis
1170 4163 1533 4230 prtestantior,
1594 4174 1716 4235 post
1775 4167 1859 4222 sui
1907 4184 2122 4241 quoque

544 4243 925 4304 delibationem
953 4250 1210 4306 virtutum
1238 4255 1487 4311 ubertate
1517 4257 1968 4328 magniﬁcentior,
2004 4270 2122 4316 tan-

541 4341 654 4390 tam
677 4351 773 4404 per
797 4337 1034 4394 divinam
1062 4343 1290 4412 gratiam
1316 4345 1546 4416 adeptus
1581 4356 1665 4404 est
1699 4349 2083 4420 perfectionem
2102 4392 2118 4417 ,

541 4432 926 4481 utcunctarum
943 4443 1064 4483 eum
1085 4432 1347 4489 meruisse
1368 4434 2112 4508 clareatgenera-sanitatum.

540 4513 671 4580 Quae
702 4530 824 4570 cum
846 4518 1024 4572 omnia
1051 4520 1278 4577 miriﬁca
1303 4523 1432 4591 sint,
1463 4525 1552 4580 illa
1572 4528 1838 4598 praecipue
1868 4538 1999 4584 sunt
2017 4531 2112 4584 ad-

539 4605 827 4662 miratione
851 4609 1196 4679 dignissima,
1224 4629 1342 4684 qua:
1371 4625 1420 4671 et
1450 4617 1705 4674 inusitata
1733 4621 1915 4692 magis.
1933 4628 1987 4676 et
2008 4637 2112 4678 non

537 4711 795 4754 concessa
819 4701 1019 4756 multis.
1045 4701 1228 4773 Itaque
1259 4705 1324 4762 de
1343 4706 1607 4777 ejusmodi
1638 4725 1800 4766 unum
1821 4725 1852 4765 e
1875 4711 2115 4782 pluribus

537 4788 788 4844 referam.
835 4789 1076 4847 Matrona
1101 4795 1346 4864 quaedam
1386 4797 1530 4854 fluxu
1555 4800 1832 4872 sanguinis
1863 4802 2114 4862 laborans

535 4879 655 4947 ipso
685 4880 771 4936 die
816 4883 1171 4952 susceptionis
1211 4885 1327 4954 ejus
1357 4887 1609 4955 veniens,
1652 4891 1799 4947 stetit
1848 4892 1900 4946 in
1930 4893 2113 4952 limine

535 4970 796 5037 basilicre,
827 4973 1044 5028 conscia
1073 4974 1810 5046 indeﬁeientisordidatione,
1839 4981 2112 5053 indignam

530 5075 589 5114 se
628 5061 1052 5133 introgressione
1072 5064 1460 5136 praejudicans,
1489 5070 1789 5124 incessabili
1812 5071 2072 5141 profluvio
2092 5113 2109 5142 ,

530 5152 792 5222 sanguine
813 5162 1062 5208 vacuata.
1084 5152 1221 5210 Octo
1247 5155 1358 5224 jam
1382 5171 1645 5216 annorum
1673 5159 1845 5216 orbita
1868 5177 2112 5219 excessev

530 5249 616 5298 rat
661 5241 716 5299 in
765 5241 1079 5298 inﬁrmitate
1117 5244 1234 5300 sine
1279 5245 1720 5316 interpolatione,
1756 5250 1873 5306 sine
1903 5267 2109 5308 resum-

529 5331 715 5400 ptione
739 5371 755 5396 ,
786 5331 903 5388 sine
933 5333 1148 5403 requie;
1182 5335 1413 5405 denique
1442 5338 1570 5405 quid
1599 5348 1812 5406 ageret,
1847 5342 1917 5396 ad
1945 5356 2106 5410 quem

529 5433 591 5474 se
648 5429 886 5476 verteret
959 5423 1261 5492 ignorabat.
1303 5424 1523 5481 Crebris
1583 5428 1773 5485 anhela
1815 5431 2104 5500 suSpiriis,

527 5511 756 5572 humore
787 5512 1062 5582 sanguinis
1085 5517 1544 5584 superexhausta,
1575 5519 2105 5584 anxietatesvalidas

531 5598 761 5662 defessis
790 5601 877 5656 vix
897 5601 1158 5659 tolerabat
1187 5607 1463 5664 membris.
1506 5609 1697 5664 Mirum
1728 5610 1962 5666 valdeet
1985 5611 2105 5682 plu-

531 5692 726 5749 rimum
770 5693 1015 5760 mirabile
1051 5711 1144 5764 per
1179 5706 1257 5754 tot
1286 5708 1585 5775 temporum
1616 5701 1794 5779 spatia.
1825 5702 2098 5762 mulierem

2237 3248 2543 3304 vestimenti
2565 3249 2682 3320 ejus
2707 3250 2970 3309 ﬁmbriam
3000 3257 3201 3327 tetigit,
3243 3266 3406 3329 atque
3433 3258 3494 3312 ab
3520 3271 3573 3315 ea
3594 3253 3716 3309 statim

2233 3353 2331 3396 sua
2358 3339 2646 3397 inﬁrmitas
2691 3345 2934 3400 recessit.
2988 3343 3046 3400 Si
3092 3360 3225 3418 ergo
3260 3347 3313 3402 in
3363 3339 3717 3420 ﬁnmssangttinis

2232 3430 2408 3501 posita
2431 3429 2770 3488 laudabiliter
2791 3435 2965 3504 potuit
2993 3435 3202 3492 Domini
3222 3439 3530 3493 vestimenta
3547 3443 3714 3502 tangere.

2234 3535 2332 3578 cur
2374 3537 2496 3592 quae
2542 3532 2878 3580 menstruum
2918 3528 3235 3598 sanguinem
3271 3529 3482 3598 patitur,
3505 3541 3593 3580 non
3612 3523 3716 3578 liceat

2232 3615 2442 3674 Domini
2462 3617 2746 3674 ecclesiam
2769 3619 2970 3692 intrare
2984 3621 3007 3676 ?
3019 3620 3123 3677 Sed
3146 3623 3285 3679 dicis
3308 3641 3322 3677 :
3351 3623 3487 3678 Illam
3508 3615 3716 3674 inﬁrmitas

2229 3707 2489 3778 compulit
2512 3709 2962 3767 medicamentum
2988 3710 3203 3782 quidem
3225 3723 3411 3768 contra
3430 3707 3713 3782 egritudines

2230 3797 2543 3868 explorare;
2591 3797 2807 3856 feminae
2861 3801 3045 3870 itaque
3095 3811 3151 3856 et
3178 3811 3480 3857 menstruus
3522 3798 3591 3853 sui
3632 3808 3713 3850 san-

2227 3890 2406 3960 guinis
2454 3889 2630 3946 ﬁuxus
2666 3893 2929 3964 aegritudo
2955 3901 3056 3948 est.
3089 3892 3146 3948 Si
3177 3894 3253 3948 illi
3294 3889 3613 3966 sanguinaria
3629 3901 3713 3940 con-

2226 3981 2438 4036 ceditur
2463 3981 2706 4047 sanitas,
2741 3997 2838 4037 cur
2876 3999 2983 4038 non
3017 3985 3348 4039 concedatur
3379 3981 3567 4038 cunctis
3582 3975 3713 4032 mulie-

2225 4073 2375 4130 ribus
2420 4088 2542 4144 qua:
2591 4082 2802 4130 natura:
2851 4091 2962 4132 suae
2999 4076 3128 4131 vitio
3176 4073 3542 4133 inﬁrmantur?
3573 4075 3711 4125 sancta

2223 4165 2621 4222 communionis
2665 4167 3016 4237 mysterium,
3060 4168 3113 4224 in
3167 4168 3372 4223 eisdem
3431 4165 3594 4221 diebus
3629 4170 3711 4228 per'

2220 4257 2403 4326 cipere
2448 4273 2554 4312 non
2598 4257 2755 4313 debet
2783 4259 3073 4327 prohiberi.
3111 4278 3130 4312 ι
3177 4258 3464 4329 Postquam
3489 4250 3709 4327 plenariam

2222 4348 2506 4407 Valentiam
2536 4358 2822 4411 consecuta
2853 4359 2966 4415 est,
2993 4350 3204 4421 abjecto
3252 4347 3564 4405 verecundia:
3583 4339 3708 4414 typho,

2222 4436 2460 4494 ecclesiae
2480 4438 2654 4508 primo
2682 4437 2934 4508 patefecit
2961 4439 3273 4494 custodibus
3293 4479 3308 4505 ,
3324 4436 3502 4527 deinde
3523 4430 3710 4527 fratribus

2223 4527 2326 4582 hoc
2353 4527 2494 4583 idem
2521 4527 2764 4598 proﬁteri
2793 4543 2900 4582 non
2925 4529 3144 4586 erubuit
3171 4529 3439 4586 ctttnibus.
3468 4524 3707 4580 Forteeuitn

2222 4617 2486 4673 didicerat
2510 4618 2637 4682 illud
2671 4620 2836 4677 divini
2866 4619 3166 4692 dogmatis,
3210 4621 3336 4690 quia
3375 4632 3524 4690 opera

2224 4708 2405 4766 velare
2425 4718 2480 4764 et
2501 4710 2746 4773 conﬁteri
2777 4710 3134 4766 honoriﬁcum
3163 4721 3246 4767 est
3269 4713 3287 4780 (
3311 4711 3430 4766 Tob.
3453 4703 3629 4772 111,7).
3652 4696 3708 4751 Fil

2221 4799 2443 4870 plausus
2489 4801 2810 4872 populorum
2855 4803 3098 4858 unanimi
3147 4803 3426 4859 devotione
3487 4796 3706 4889 cadenti?”

2221 4897 2404 4947 mente
2447 4891 2745 4962 gratiarum
2794 4893 2976 4948 munia
3025 4894 3135 4949 Deo
3183 4892 3533 4951 offerentium,
3568 4882 3634 4954 qui
3669 4882 3704 4932 i0

2217 4991 2406 5038 sancto
2444 4999 2545 5039 suo
2585 4983 2909 5039 mirabiliter
2959 4986 3294 5055 triumphans
3335 4993 3436 5038 tam
3484 4989 3638 5046 magna
3667 4977 3703 5022 α

2214 5072 2468 5130 miranda.
2496 5088 2591 5143 per
2611 5089 2732 5128 eum
2761 5073 3085 5146 dignabatur
3108 5091 3358 5132 exercere
3387 5074 3608 5129 virtutum
3627 5076 3702 5116 ma-

2214 5162 2411 5232 gnalia.
2445 5162 2534 5218 Sic
2563 5173 2808 5220 matrona
2840 5167 2905 5220 de
2936 5167 3172 5229 rediviva
3214 5181 3369 5236 quam
3393 5168 3602 5218 assecuta
3623 5153 3701 5207 lucv

2217 5259 2300 5305 rat
2341 5253 2639 5323 tripudians
2686 5254 2944 5324 sospitate
2963 5295 2993 5322 ιλ
3030 5256 3238 5310 tristem
3288 5269 3444 5324 quam
3483 5245 3698 5314 reliqua“

2213 5352 2466 5412 repetens
2491 5343 2708 5399 domum
2737 5345 2933 5415 gaudio
2977 5346 3183 5418 replet,
3221 5345 3450 5400 laetitiam
3489 5337 3609 5399 suis,
3638 5327 3696 5382 ιδ’

2212 5434 2552 5497 mirationem
2582 5435 2822 5491 tribuens
2858 5436 3144 5494 universis.

2764 5525 2998 5581 CAPUT
3031 5526 3220 5596 xxvi.
3607 5603 3631 5615 η

2277 5615 2485 5673 Salubri
2528 5617 2863 5687 jocunditate
2901 5627 2962 5671 et-
2991 5618 3202 5675 sincera
3229 5617 3399 5672 iretitia
3437 5616 3559 5669 hanc
3593 5605 3690 5659 diem

2204 5721 2269 5760 ex
2299 5707 2688 5764 restauratione
2717 5707 3070 5785 plurimorum
3099 5705 3482 5784 opulentissime
3501 5697 3688 5762 merum
