3902 6426
108 395 208 452 601

960 393 1050 454 DE
1088 394 1476 453 TRANSLAT.
1501 394 1579 470 ‘S.
1621 395 2020 454 SEBASTIANI
2060 399 2146 455 ET
2174 398 2232 456 S.
2271 399 2481 458 (διες.

3253 399 3357 460 60$

108 504 362 563 omnibus
407 502 600 560 festivo
644 503 916 575 triumpho
940 506 1263 562 ducentibus
1307 522 1412 561 non
1460 505 1681 562 defuere
1706 532 1756 589 Α
1784 509 2090 566 miserabile
2133 523 2430 567 monstrum
2459 515 2548 569 die
2575 515 2812 570 secunda
2847 515 3192 572 illucescente
3240 525 3358 586 ptu-

107 612 328 667 quoque
350 597 507 668 regiae
536 596 877 652 auctoritatis
902 613 1166 667 nusquam
1212 598 1502 666 rejicienda
1531 600 1684 654 testi-

107 691 314 745 monia.
355 689 858 746 Praeeellentissima
904 705 1136 759 namque
1175 690 1431 745 Ludovici
1461 690 1684 760 Augusti

107 795 269 836 soror
291 779 445 834 Berta
487 779 636 850 (468)
677 782 802 838 huic
848 781 1095 838 interfuit
1131 782 1438 854 spectacqu
1483 791 1690 852 specta-

105 871 269 935 bilis,
298 877 353 924 et
375 870 486 940 ipsa
513 870 700 925 mirari
728 880 782 926 et
804 872 1152 942 magnificare
1171 888 1274 927 non
1296 872 1545 927 desinens
1571 871 1690 925 uni-

105 975 317 1016 versa:
361 975 514 1030 quae,
551 959 778 1030 jubente
817 963 1087 1027 antistite,
1120 963 1364 1017 cominus
1423 962 1492 1015 ad
1539 975 1686 1014 aram

107 1049 376 1122 processit
395 1089 410 1116 ,
446 1058 501 1104 et
521 1060 646 1105 ante
666 1062 913 1106 sanctum
937 1052 1026 1107 diu
1053 1053 1222 1117 stetit,
1245 1061 1528 1120 certosque
1551 1050 1690 1121 apud

108 1158 169 1196 se
204 1143 412 1212 fingens
438 1157 693 1198 numeros
730 1143 1093 1210 salvatorum,
1128 1143 1470 1199 discernebat
1501 1159 1692 1200 causas

108 1231 479 1302 singulorum,
506 1241 567 1287 ut
596 1248 660 1288 ea
689 1233 844 1289 fratri
875 1235 1147 1305 Augusto,
1179 1234 1373 1304 suique
1392 1233 1576 1304 palatii
1597 1248 1696 1304 op-

110 1324 396 1381 timatibus
423 1340 668 1394 congruo
701 1333 942 1396 tempore
974 1327 1178 1381 referre
1206 1326 1430 1381 valeret.

667 1413 892 1470 CAPUT
932 1415 1141 1471 XXVII.

181 1505 370 1561 Altera
397 1504 484 1561 die
508 1504 754 1560 stationis
777 1505 1181 1574 persplendidae,
1216 1505 1343 1561 dum
1370 1504 1512 1559 inter
1538 1518 1692 1559 saera

108 1599 292 1654 officia
350 1599 632 1652 ambonem
687 1597 915 1652 domnus
977 1596 1263 1668 episcopus
1325 1597 1694 1652 conscendens

110 1689 286 1744 divini
323 1688 474 1743 verbi
516 1687 932 1758 przedicamenta
968 1687 1024 1742 in
1063 1688 1289 1757 p0pulos
1313 1686 1404 1756 qui
1431 1700 1695 1742 convene-

110 1792 240 1836 rant
273 1779 552 1844 funderet,
592 1787 648 1834 et
680 1779 860 1834 lumen
883 1793 1068 1834 verum
1095 1787 1403 1834 sanctorum
1433 1791 1617 1832 amare
1637 1784 1694 1831 et

1789 603 1942 658 rimis
1973 605 2335 674 spectaculum
2362 606 2483 661 fuit.
2505 607 2799 678 Noctejam
2829 609 2984 664 tertia
3015 624 3138 664 cum
3165 610 3358 666 intole-

1788 694 1945 749 rabili
1975 697 2219 752 cruciatu
2246 699 2541 767 perniciter
2568 699 2889 767 afﬁceretur,
2927 710 2982 756 et
3013 718 3118 771 qua
3148 710 3362 774 poterat

1787 799 1921 839 voce
1941 785 2170 854 ejularet
2189 829 2204 853 ,
2249 804 2308 843 se
2339 804 2525 844 coram
2553 791 2700 846 videt
2731 791 3150 861 splendidissimi
3183 791 3362 848 vultus

1790 887 1952 947 atque
2003 879 2244 948 praeclari
2289 881 2502 935 habitus
2531 897 2814 951 personam
2865 885 3213 940 assistereza
3254 899 3360 955 qua

1789 977 2169 1038 percunctatus
2206 971 2335 1040 quid
2391 979 2682 1040 pateretur,
2732 973 2911 1028 reddit
2964 989 3182 1029 causam
3228 975 3364 1030 tanti

1793 1061 2156 1126 discriminis,
2188 1069 2242 1115 et
2283 1076 2402 1131 quae
2425 1063 2729 1132 patiebatur
2767 1064 3025 1134 supplicia
3081 1079 3177 1134 pro
3217 1080 3365 1120 com-

1795 1158 1996 1218 temptu
2041 1149 2218 1204 sancti
2267 1165 2326 1204 se
2374 1151 2644 1220 recepisse
2693 1152 2992 1222 profitetur.
3045 1152 3369 1209 Sciscitatur

1793 1249 2104 1295 utrumnam
2130 1256 2187 1295 se
2212 1242 2465 1312 deinceps
2488 1243 2761 1313 corrigere
2783 1244 2964 1300 vellet.
2993 1245 3143 1300 Tunc
3173 1245 3260 1300 ille
3282 1262 3367 1301 sa-

1795 1340 2074 1386 cramento
2101 1347 2158 1386 se
2184 1331 2422 1403 obligat,
2454 1346 2772 1388 asseverans
2816 1348 3153 1403 nequaquam
3189 1350 3247 1390 se
3273 1335 3367 1390 ab-

1797 1421 1921 1477 hinc
1953 1422 2370 1492 incorr'gibilem
2397 1421 2534 1488 fore,
2565 1439 2663 1478 nec
2684 1423 2850 1478 ullum
2884 1423 3098 1478 inomni
3129 1424 3372 1479 vitmsuze

1797 1520 2037 1581 tempore
2061 1527 2194 1580 opus
2224 1512 2274 1564 in
2307 1511 2653 1566 festivitatem
2679 1511 2886 1582 praefati
2929 1513 3184 1586 martyris
3218 1527 3371 1566 exer-

1795 1615 1941 1656 cere.
1983 1599 2137 1654 Dicto
2171 1599 2330 1654 citius
2352 1599 2445 1670 qui
2479 1610 2626 1664 erat,
2659 1609 2716 1655 ut
2754 1601 2902 1666 dixi,
2926 1602 2979 1656 in
3013 1602 3230 1655 modum
3258 1599 3372 1671 glo-

1796 1689 1927 1744 muli
1959 1697 2268 1744 contractus
2312 1698 2365 1742 et
2402 1689 2561 1759 quasi
2585 1699 2874 1754 contusus,
2921 1689 3264 1759 protensisin
3292 1689 3372 1743 di-

1798 1789 2006 1834 rectum
2049 1780 2298 1834 cruribus
2321 1780 2563 1850 vigorem
2614 1781 2826 1835 meandi
2869 1779 3092 1835 resumit
3121 1798 3143 1838 ξ
3165 1779 3251 1836 die
3285 1780 3374 1834 illa

111 1881 372 1940 appetere
392 1870 738 1940 perdoceret,
781 1883 910 1924 ecce
938 1868 1133 1924 mulier
1154 1868 1398 1938 quaedam
1427 1881 1569 1922 caeca
1609 1866 1694 1921 his
1721 1889 1768 1949 Β
1795 1870 2184 1940 aliquantulum
2200 1869 2463 1924 valentior
2478 1871 2650 1926 noctis
2663 1879 2869 1940 quartae
2893 1867 3378 1940 vigiliisapersona

110 1963 326 2018 intenta
368 1971 528 2016 erat:
579 1975 698 2030 quae
732 1965 842 2015 tam
878 1960 1326 2017 illuminationem
1379 1959 1560 2016 cordis
1597 1973 1696 2029 per
1793 1977 1899 2032 qua
1930 1972 1984 2018 et
2011 1971 2135 2017 ante
2169 1963 2214 2017 si
2243 1961 2556 2017 meliuscule
2600 1978 2660 2018 se
2707 1962 2932 2018 haberet
2954 1969 3240 2032 suggestus
3266 1960 3372 2027 ait,

112 2051 480 2108 ministerium
519 2051 832 2115 sacerdotis,
858 2065 1016 2120 quam
1044 2051 1208 2107 etiam
1242 2051 1529 2106 clementia
1548 2064 1696 2104 mar-
1797 2053 1898 2108 hoc
1936 2052 2019 2108 fas
2050 2068 2171 2108 esse
2199 2051 2420 2108 cuilibet
2442 2067 2686 2108 cernere.
2715 2051 2810 2107 Cui
2842 2051 2930 2106 ille
2961 2066 2976 2106 :
3009 2052 3266 2118 Resnme,
3296 2050 3378 2104 in-

115 2143 257 2213 tyris
307 2142 486 2196 lumen
540 2140 806 2210 perditum
856 2141 1038 2195 statim
1082 2141 1380 2209 promeruit
1429 2139 1696 2208 corporis.

116 2233 280 2289 Videt
300 2274 317 2298 ,
341 2232 836 2298 Iretatur,sanctum
865 2232 1107 2296 invocat,
1137 2231 1358 2295 adorat,
1385 2230 1658 2286 beatificat
1682 2249 1696 2284 :

117 2325 350 2380 ductore
393 2323 733 2394 postmodum
781 2337 886 2377 non
942 2322 1160 2392 indiga,
1196 2321 1263 2375 ad
1305 2320 1421 2391 ejus
1442 2319 1701 2390 praeclara

117 2422 381 2484 pr0perat
407 2414 630 2484 pignora
653 2453 668 2478 ,
715 2421 776 2467 ut
821 2413 1012 2467 videns
1035 2427 1295 2482 corpore,
1327 2411 1512 2466 videre
1556 2425 1676 2466 com

117 2507 348 2577 pelleret
395 2506 441 2561 si
478 2505 568 2576 qui
615 2505 866 2560 adessent
918 2504 1104 2559 caecati
1157 2512 1385 2558 mente:
1437 2502 1705 2572 simulque

118 2597 487 2669 praemeditari
512 2596 564 2650 in
588 2610 647 2650 se
669 2596 868 2650 faceret
883 2609 1076 2664 ,quam
1100 2593 1358 2664 possibile
1379 2593 1428 2647 ei
1454 2593 1704 2648 subesset

123 2689 427 2759 spiritualia
446 2688 672 2742 interius
695 2687 987 2743 accendere
1017 2685 1216 2740 Iumina
1233 2725 1248 2748 ,
1271 2683 1362 2754 qui
1378 2697 1441 2736 ea
1466 2682 1705 2737 exterius

127 2793 242 2837 tam
266 2782 426 2836 facile
473 2789 777 2846 recrearet,
823 2789 876 2835 et
899 2777 1244 2834 invisibiliter
1272 2775 1560 2833 invisibilia
1591 2789 1708 2829 me-

126 2872 432 2934 dicamenta
452 2909 468 2936 ,
501 2871 551 2924 in
573 2871 770 2940 quibus
801 2869 976 2932 vellet,
991 2867 1263 2938 operando
1284 2869 1701 2922 demonstraret.

661 2959 889 3016 CAPUT
927 2957 1167 3014 XXVIII.

197 3053 402 3120 Quinto
426 3067 494 3107 an
520 3051 638 3122 ipso
664 3051 912 3106 coenobio
939 3050 1112 3119 lapide
1130 3057 1213 3104 est
1239 3047 1459 3113 fundus,
1486 3047 1573 3102 cui
1606 3061 1705 3101 ve-

128 3153 274 3199 tusta
305 3142 600 3212 antiquitas
619 3139 822 3212 Caprea
848 3140 865 3209 (
879 3137 1127 3208 Chivres)
1150 3137 1465 3193 vocabulum
1493 3137 1703 3200 indidit,

1796 2146 1946 2216 quit,
1975 2145 2260 2199 sanitatem
2283 2182 2299 2207 ,
2326 2152 2380 2197 et
2427 2158 2655 2214 surgens
2692 2156 2918 2212 propera
2967 2141 3033 2194 ad
3075 2140 3248 2194 locum
3269 2153 3378 2208 quo

1801 2237 2106 2294 Sebastiani
2162 2236 2420 2307 martyris
2466 2235 2673 2289 festivis
2717 2234 2925 2304 gaudiis
2964 2232 3269 2288 celebratur
3295 2246 3373 2285 so~

1800 2329 2086 2392 lemnitas;
2137 2335 2194 2382 et
2244 2342 2349 2396 qua
2396 2341 2494 2395 pro
2533 2333 2844 2394 contemptu
2874 2323 3040 2394 ipsius
3063 2337 3292 2378 censura
3324 2330 3381 2376 et

1803 2420 2093 2475 severitate
2141 2416 2399 2472 multatus
2426 2415 2528 2480 sis,
2558 2430 2731 2486 quave
2759 2413 3071 2470 miserantis
3096 2411 3379 2466 clementia

1805 2512 2129 2568 mirabiliter
2157 2511 2433 2566 absolutus
2451 2550 2466 2575 ,
2491 2509 2739 2564 omnibus
2771 2507 3044 2561 innotesce
3063 2545 3078 2570 ,
3101 2513 3162 2558 ut
3196 2517 3384 2558 exem-

1803 2603 1891 2674 plo
1918 2603 1992 2658 tui
2026 2603 2271 2657 noverint
2320 2603 2460 2655 hanc
2489 2600 2629 2654 diem
2672 2597 3083 2654 succedentibus
3117 2608 3380 2648 annorum

1809 2695 2124 2750 recursibus
2149 2692 2372 2749 solemni
2412 2692 2515 2744 ritu
2543 2690 2850 2759 perenniter
2891 2687 3106 2742 feriare.
3129 2683 3384 2740 Protinus

1804 2784 2034 2840 dicentis
2056 2783 2284 2852 imperio
2313 2781 2606 2852 pedisequa
2634 2788 2716 2834 est
2743 2779 2946 2834 sanitas
2974 2784 3262 2848 prosecuta
3283 2815 3297 2840 ,
3325 2785 3382 2830 et

1803 2890 1866 2930 os
1889 2875 2029 2946 quod
2052 2874 2335 2929 distortum
2357 2871 2564 2934 habuit,
2597 2871 2648 2923 in
2676 2869 2950 2940 proprium
2979 2866 3249 2921 concessit
3274 2874 3381 2924 sta-

1807 2975 1917 3021 tum
1949 2985 1962 3021 :
1996 2973 2172 3026 tamen
2207 2979 2378 3034 usque
2407 2962 2530 3019 vita:
2557 2963 2716 3017 finem
2749 2961 2908 3031 gibbo
2929 2973 3034 3016 non
3061 2961 3255 3017 caruit.
3275 2959 3386 3016 Nec

1807 3072 1978 3120 mora,
2005 3053 2334 3110 obseeundat
2369 3053 2680 3124 imperanti,
2709 3052 2903 3108 festine
2929 3060 3186 3122 preperat
3215 3052 3280 3104 ad
3308 3050 3386 3104 lo-

1807 3164 1927 3205 cum
1954 3163 2061 3218 quo
2101 3148 2406 3218 promiscua
2457 3147 2773 3218 pepulorum
2823 3155 3040 3201 caterva
3085 3141 3388 3211 tripudians

130 3238 187 3292 in
213 3249 323 3305 quo
359 3241 478 3292 erat
519 3232 743 3288 colonus
786 3229 1091 3286 Gislenteus
1121 3229 1370 3294 nomine,
1413 3229 1504 3300 qui
1554 3227 1703 3299 gravi

1811 3249 1935 3296 ante
1981 3240 2153 3298 sancti
2190 3239 2447 3310 martyris
2486 3239 2789 3293 excubabat
2835 3236 3130 3301 tumulum;
3163 3243 3220 3288 et
3266 3247 3388 3304 quae

129 3329 346 3383 sarcina
369 3326 511 3396 gibbi
543 3339 758 3401 pressus
785 3338 986 3378 cernuo
1023 3321 1244 3377 acclinis
1261 3336 1448 3392 gressu
1495 3334 1709 3388 semper

130 3420 408 3483 incedens,
440 3417 632 3472 calum
666 3415 884 3472 minime
913 3414 1156 3468 contueri
1194 3421 1427 3484 poterat.
1470 3411 1569 3468 llic
1602 3412 1705 3465 bu-

130 3527 309 3566 manze
335 3507 749 3564 necessitudinis
777 3507 974 3577 stipem
1000 3507 1341 3578 agricultura:
1363 3506 1710 3561 mercabatur

131 3601 416 3657 instantia.
438 3597 751 3669 Itaquejam
784 3598 927 3652 dicto
949 3597 1038 3652 die
1065 3597 1310 3652 stationis
1341 3597 1583 3662 indicta},
1615 3611 1706 3651 ce—

129 3695 337 3749 lebrem
370 3692 574 3756 festivis
609 3695 818 3765 gaudiis
857 3696 1107 3750 omnibus
1153 3694 1576 3764 circumquaque
1606 3693 1706 3748 du-

132 3785 382 3841 centibus
403 3787 566 3853 diem,
599 3787 699 3842 iste
725 3787 870 3843 solus
881 3787 1035 3842 solita
1059 3787 1280 3860 cupiens
1306 3785 1524 3855 explere
1547 3800 1706 3856 exer-

131 3875 296 3940 citia,
316 3875 517 3944 junctis
543 3876 714 3932 bobus
740 3888 992 3947 properat
1021 3878 1087 3932 ad
1112 3892 1298 3947 agrum
1317 3917 1334 3942 ,
1361 3870 1582 3945 exsequi
1612 3890 1708 3930 cu-

131 3966 292 4040 piens
327 3966 637 4023 di'etarium.
677 3968 772 4023 Cui
819 3969 1028 4024 vicinus
1067 3969 1283 4037 quidam
1313 3967 1569 4032 obvians,
1624 3966 1709 4020 in-

131 4055 339 4110 dictum
365 4056 434 4111 ab
475 4057 725 4127 episcopo
752 4056 1052 4112 feriandum
1087 4055 1311 4124 replicat
1339 4055 1503 4120 diem,
1528 4055 1712 4108 horta-

134 4156 331 4217 turque
363 4163 426 4203 ac
447 4157 751 4203 commonet
779 4149 996 4204 domum
1029 4148 1204 4203 redire
1225 4187 1239 4213 ,
1260 4155 1314 4202 et
1342 4145 1533 4201 festivo
1562 4145 1710 4200 cultu

134 4253 262 4294 cum
293 4237 515 4308 reliquis
539 4237 681 4294 diem
703 4253 864 4310 agere
881 4278 896 4304 ,
923 4248 1275 4306 sanctumque
1293 4234 1518 4305 supplici
1545 4235 1712 4289 inter-

134 4337 304 4386 ventu
329 4338 389 4382 ut
417 4318 517 4384 sibi
541 4338 687 4384 esset
715 4331 768 4384 in
799 4329 1119 4397 adjutorium
1136 4370 1151 4395 ,
1175 4343 1424 4391 exorare,
1449 4326 1540 4381 Ille
1560 4325 1711 4382 nihili

132 4418 380 4493 pendens
405 4433 435 4471 a
462 4419 629 4474 sodali
675 4418 913 4474 salubria
937 4419 1036 4478 sibi
1068 4418 1190 4473 data
1220 4416 1422 4472 monita
1441 4456 1456 4483 ,
1493 4415 1673 4470 renuit
1693 4454 1709 4480 ,

133 4509 377 4578 taliaque
389 4509 554 4564 hebes
581 4525 645 4564 ac
665 4510 1156 4580 stolidusresponsa
1185 4507 1360 4563 reddit
1390 4525 1403 4560 :
1443 4504 1714 4561 Hactenus

133 4601 268 4656 talia
310 4603 613 4657 exercendo
657 4602 849 4671 stipem
879 4617 985 4671 qua
1034 4609 1303 4670 utcunque
1355 4606 1710 4662 sustentarer,

134 4689 428 4761 ptenaliter
469 4691 730 4760 acquisivi
757 4708 771 4746 :
824 4692 986 4753 istum
1012 4707 1111 4762 pro
1137 4689 1290 4758 cujus
1311 4688 1586 4758 obsequiis
1631 4702 1717 4742 me

133 4781 370 4836 sollicite
401 4795 741 4848 commones,
779 4796 882 4836 nec
916 4763 1092 4836 audivi
1127 4793 1555 4836 commemorare
1585 4793 1715 4833 san-

133 4883 284 4927 etum
303 4913 319 4938 ,
356 4888 457 4928 nec
486 4871 601 4941 ejus
625 4875 914 4944 quidquam
945 4874 1157 4928 debitor
1183 4889 1302 4928 sum
1333 4871 1537 4926 referre
1563 4870 1720 4925 bene-

135 4962 279 5017 ficiis
296 5003 312 5028 ,
335 4978 453 5032 qua:
479 4963 546 5017 ab
568 4978 633 5019 eo
655 4965 792 5018 bona
821 4963 1026 5018 malave
1052 4963 1270 5018 minime
1292 4961 1489 5030 recepi.
1519 4959 1642 5015 Ideo
1664 4966 1717 5013 te

135 5054 278 5108 mihi
306 5070 467 5124 super
492 5055 594 5112 hoc
623 5058 883 5111 suadente
926 5071 1032 5110 non
1055 5057 1268 5111 audiam
1294 5097 1309 5121 ,
1344 5071 1445 5110 nec
1470 5054 1538 5108 ab
1552 5067 1717 5122 opere

135 5155 322 5216 cmpto
335 5146 610 5210 desistam.
637 5147 939 5202 Recedente
961 5145 1048 5201 die
1073 5147 1248 5200 noctis
1266 5145 1420 5214 quies
1443 5144 1716 5198 oboritur:

135 5254 264 5294 cum
300 5253 428 5293 ecce
448 5240 615 5296 miser
635 5240 723 5294 ille
743 5240 1124 5301 miserabiliter
1141 5239 1419 5300 arentibus
1431 5251 1718 5292 nervorum

135 5330 551 5400 compaginiths
588 5332 782 5391 merito
809 5347 918 5386 sua:
938 5329 1285 5402 procacitatis
1321 5337 1467 5383 totus
1512 5329 1565 5382 in
1607 5341 1722 5382 mo-

133 5421 272 5475 dum
317 5421 543 5489 sphanfa:
593 5423 957 5488 contrahitur,
1009 5423 1079 5477 ita
1117 5430 1173 5476 ut
1219 5435 1377 5475 crura
1426 5417 1720 5474 femoribus

136 5512 504 5567 adhaererent.
529 5512 696 5568 Nocte
720 5530 932 5583 quoque
981 5513 1282 5584 insequenti
1313 5528 1376 5568 os
1405 5526 1511 5582 quo
1535 5519 1720 5566 contu-

135 5601 375 5660 maciter
403 5601 612 5667 locutus
642 5602 844 5670 fuerat,
864 5603 915 5657 in
937 5601 1166 5674 effigiem
1195 5602 1244 5664 Χ
1266 5603 1458 5657 litterzc
1485 5599 1718 5665 maxillis

138 5692 273 5755 hinc
300 5691 423 5746 inde
451 5692 768 5750 altrinsecus
792 5695 998 5750 aversis
1016 5695 1301 5750 distortum
1324 5692 1570 5749 efficitur.
1605 5691 1718 5762 Hoc

1808 3333 1908 3388 sibi
1927 3331 2248 3402 contigerint
2269 3330 2339 3384 ob
2360 3330 2648 3400 ignaviam,
2674 3343 2855 3383 coram
2879 3326 3137 3386 fratribus
3165 3325 3389 3395 replicat

1809 3421 2078 3476 erunibus.
2128 3420 2332 3474 Dehinc
2367 3427 2490 3488 post
2529 3419 2826 3489 gratiarum
2862 3423 2915 3470 et
2961 3413 3136 3471 laudis
3180 3412 3385 3467 hostias

1811 3513 1920 3569 Deo
1957 3528 2054 3582 pro
2091 3512 2173 3566 sui
2206 3511 2598 3565 restauratione
2625 3524 2722 3578 per
2750 3506 3175 3562 sacratissimum
3203 3503 3390 3573 agoni-

1812 3603 2011 3657 thetam
2049 3599 2472 3670 praecordialiter
2510 3597 2803 3661 delibatus,
2862 3594 3086 3650 verbere
3122 3593 3234 3663 jam
3263 3606 3387 3646 eru—

1809 3694 1954 3749 ditus
1983 3692 2186 3755 divino,
2216 3690 2468 3762 gaudium
2492 3705 2675 3744 secum
2697 3686 3102 3752 circumferens,
3125 3683 3389 3740 familiare

1814 3787 2084 3858 tugurium
2135 3785 2368 3854 repetit,
2423 3782 2805 3853 evangelizans
2863 3777 3114 3835 omnibus
3149 3791 3390 3847 quaqua-

1813 3891 2027 3932 versnm
2075 3873 2142 3928 ad
2182 3873 2352 3929 sancti
2395 3872 2685 3941 exsequias
2715 3867 3128 3933 ebullientibus.,
3186 3863 3392 3920 nemini

1812 3967 2028 4036 impune
2065 3964 2393 4031 cedendum,
2447 3963 2541 4034 qui
2591 3960 2706 4031 ejus
2748 3960 3044 4018 solemnem
3094 3954 3393 4028 neglexerit

1812 4057 2009 4112 feriare
2039 4055 2292 4110 natalem.

2363 4164 2590 4221 CAPUT
2631 4161 2824 4218 XXIX.

1884 4297 2220 4359 Tabellarius
2239 4296 2459 4366 quidam
2482 4295 2714 4352 Rotf‘ridi
2734 4293 2968 4360 comitis,
2999 4291 3152 4361 cujus
3171 4291 3387 4363 quidem

1814 4407 2013 4450 nomen
2045 4389 2305 4445 memoria
2350 4388 2605 4454 excessit,
2638 4396 2867 4456 utroque
2895 4387 3029 4456 pede
3081 4385 3391 4445 claudicans

1815 4483 2098 4556 gradiendi
2128 4483 2386 4537 amiserat
2407 4480 2708 4536 libertatem
2733 4497 2748 4545 ;
2779 4479 2938 4532 unius
2962 4491 3176 4550 quoque
3200 4491 3393 4531 manus

1740 4599 1789 4658 ι)
1817 4577 2070 4638 ariditate
2113 4574 2373 4628 multatus
2412 4571 2680 4628 scribendi
2708 4569 3017 4640 perdiderat
3055 4566 3388 4622 facultatem.

1819 4667 2024 4722 Taliter
2104 4664 2372 4720 invalidus
2463 4662 2885 4734 propinquorum
2942 4658 3192 4720 manibus
3267 4665 3393 4711 ante

1817 4768 2064 4816 sanctum
2115 4768 2198 4812 est
2247 4757 2427 4811 notive
2465 4754 2758 4824 expositus.
2806 4751 2960 4806 Nulla
2999 4750 3394 4806 interveniente

1817 4865 1971 4905 mora
2002 4849 2368 4904 revirescente
2396 4861 2558 4901 manu
2584 4843 2814 4900 fraudati
2845 4858 3037 4898 sensus
3060 4857 3214 4896 usum
3241 4855 3393 4894 rece-

1817 4942 1918 5010 pit,
1947 4940 2300 5007 solidatisque
2317 4937 2535 4992 basibus
2559 4935 2610 4989 in
2636 4943 2778 4989 statu
2802 4949 2900 4988 suo
2919 4931 3163 5002 protinus
3182 4936 3392 4983 erectus

1820 5030 2082 5092 constitit,
2129 5043 2194 5084 ac
2231 5025 2510 5096 gradiendi
2556 5025 2754 5078 virtute
2800 5021 3095 5078 convaluit.
3149 5017 3193 5074 0
3231 5032 3392 5086 quam

1822 5118 2110 5176 ineffabilis
2140 5134 2204 5172 ac
2242 5117 2557 5176 admiranda
2592 5125 2675 5170 est
2704 5113 2898 5169 divina:
2931 5107 3396 5180 operationis-effi-

1820 5211 2008 5267 cacia!
2063 5208 2217 5263 Nulla
2264 5207 2367 5262 fuit
2412 5207 2658 5261 dilatatio
2702 5203 2970 5265 sanitatis,
3022 5200 3109 5254 ubi
3156 5198 3394 5268 expetita

1821 5311 1949 5359 sunt
2005 5300 2259 5370 suffragia
2293 5299 2566 5369 martyris.
2617 5297 2792 5352 Unum
2821 5294 2963 5350 enim
3015 5292 3264 5359 idemque
3318 5287 3394 5342 illi

1821 5393 1924 5448 fuit
1947 5402 2002 5448 et
2029 5391 2268 5456 venisse,
2296 5400 2350 5446 et
2370 5391 2596 5446 salutem
2625 5387 2991 5459 praeripuisse.
3022 5383 3206 5452 Itaque
3232 5381 3396 5435 totius

1821 5483 2065 5554 corporis
2086 5483 2289 5553 potitus
2301 5481 2622 5544 valetudine,
2648 5479 2892 5532 laudibus
2913 5476 3081 5531 Deum
3107 5471 3392 5541 glorificat,

1823 5574 2079 5630 athletam
2113 5573 2323 5629 Domini
2356 5570 2679 5640 magnificat,
2710 5568 3044 5640 propriisque
3071 5576 3273 5622 remeat
3299 5571 3394 5634 p'c-

1791 5667 1981 5722 -dibus
2019 5667 2112 5737 qui
2139 5665 2369 5719 aliorum
2395 5647 2614 5717 ev’ectus
2641 5659 2818 5716 fuerat
2853 5660 3120 5716 manibus.

211 5801 368 5879 (468)
405 5802 565 5866 Bcrta
594 5805 708 5867 hare
739 5821 875 5865 uxor
925 5805 1097 5864 fuerat
1136 5804 1193 5862 S.
1233 5803 1553 5878 Angilberti.
1584 5801 1718 5860 llinc
1752 5812 1900 5875 patet
1926 5817 2048 5861 eam
2070 5815 2213 5862 anno
2241 5796 2345 5864 826
2375 5789 2721 5873 Superfuisse.
