3902 6384
583 345 688 402 603

1146 452 1373 508 CAPUT
1414 454 1581 508 XXX.

659 532 898 600 Necdum
944 541 1061 612 ipse
1113 543 1254 598 atrio
1297 552 1636 609 excesserat,
1676 557 1803 599 ecce
1847 542 2162 598 muliercula

587 635 832 705 quaedam
865 634 1124 701 succedit,
1163 649 1382 689 manum
1411 634 1617 690 aridam
1646 635 1901 704 omnique
1938 635 2166 689 humore

587 726 927 790 exhaustam,
960 734 1084 778 cute
1120 732 1330 778 tantum
1360 725 1575 779 ossibus
1599 724 1925 794 superducta
1956 722 2167 779 cunctis

589 824 896 878 ostentans,
941 815 1131 885 pedem
1160 828 1371 883 quoque
1408 813 1570 869 simili
1613 814 1785 869 macie
1827 829 1892 869 ac
1922 812 2167 870 siccitate

591 907 933 978 squalentem
963 908 1196 963 habens.
1228 906 1360 973 Quae
1389 914 1449 960 ut
1473 906 1711 972 advenit,
1737 903 2009 974 extemplo
2037 918 2170 958 cou-

589 995 777 1060 valuit,
822 995 986 1050 etiam
1035 996 1290 1065 martyris
1333 1004 1558 1065 experta
1606 995 1882 1051 virtutem.
1930 992 2065 1047 Nam
2113 999 2170 1047 et

591 1099 782 1140 manus
810 1084 970 1139 nendi
999 1084 1341 1155 recuperavit
1385 1085 1646 1151 officium,
1676 1094 1732 1139 et
1762 1099 1858 1154 pes
1884 1080 2167 1154 gradiendi

591 1190 620 1228 ll
627 1190 769 1229 sum.

1149 1242 1378 1300 CAPUT
1416 1240 1609 1298 XXXI.

666 1332 763 1386 llla
794 1347 892 1403 pro
920 1332 1115 1402 adepta
1165 1334 1395 1389 valentia
1426 1342 1651 1389 ovanter
1686 1333 2000 1405 cgrediente
2025 1371 2040 1399 ,
2084 1332 2170 1388 vir

594 1421 813 1490 quidam
842 1421 1530 1477 clamlicans‘intromissus
1555 1432 1656 1477 est.
1689 1423 1787 1477 llic
1816 1423 1993 1478 triduo
2022 1420 2166 1477 solo-

592 1522 748 1565 tenus
769 1520 897 1564 ante
918 1521 1163 1565 sanctum
1197 1511 1488 1576 excubans,
1512 1511 1692 1567 sanari
1726 1511 1922 1566 meruit
1947 1520 2169 1583 accepto

593 1599 850 1671 martyris
875 1599 1148 1672 suffragio.

1143 1669 1367 1725 CAPUT
1405 1669 1619 1726 XXXII.

662 1759 994 1815 Gislebertus
1024 1758 1170 1830 (469)
1221 1758 1546 1813 Suessorum
1591 1773 1773 1814 comes
1820 1758 1964 1814 inter
2001 1759 2169 1815 virtu-

1469 340 1781 399 ODILONIS
1817 337 2124 397 MONACIII
2150 338 2208 395 S.
2248 340 2551 397 MEDABDI
2587 340 2936 399 SUESSION.

3680 346 3753 400 ωδ

2180 463 2228 518 Α
2258 454 2396 508 riam
2420 456 2818 523 procumberet,
2848 451 3120 522 extemplo
3144 453 3197 507 in
3221 451 3480 508 directum
3499 455 3752 523 subrigitur.

2264 554 2318 601 et
2367 560 2527 615 quam
2581 560 2853 614 nunquam
2894 552 3149 614 expertus
3201 541 3375 597 fuerat
3419 543 3754 616 integerrimam

2265 636 2489 705 adeptus
2502 643 2587 692 est
2602 635 2958 690 valetudinem
2985 651 2999 687 :
3028 634 3273 703 quodque
3297 633 3346 687 ei
3370 649 3472 687 non
3494 644 3569 689 est
3585 651 3753 692 conces-

2266 742 2385 782 sum
2442 740 2540 796 per
2583 733 2861 790 naturam,
2907 724 3132 796 adipisci
3175 724 3367 779 meruit
3411 724 3755 796 suﬂragantibus

2265 818 2470 887 egregii
2514 817 2773 888 martyris
2811 815 3127 873 meritorum
3163 816 3530 885 praarogativis
3556 831 3641 886 per
3660 817 3755 872 diti-

2266 907 2453 963 nitatis
2480 907 2803 979 potentiam.

2802 996 3029 1054 CAPUT
3067 996 3306 1053 XXXVI.

2338 1108 2581 1179 Longum
2614 1107 2771 1163 valde
2797 1123 2864 1163 ac
2900 1109 3154 1177 cuiquam
3195 1105 3526 1178 spermologo
3566 1106 3754 1164 difﬁcilli-

2267 1214 2413 1255 mum
2444 1205 2529 1254 est
2554 1198 2754 1254 viritim
2799 1213 2865 1254 ac
2907 1195 3263 1269 personaliter
3315 1211 3382 1251 ea
3418 1199 3639 1267 prosequi
3675 1214 3755 1266 qua:

2268 1303 2364 1358 per
2411 1288 2527 1357 ejus
2573 1287 2903 1345 venerabilia
2960 1288 3157 1343 merita
3223 1288 3306 1342 vis
3354 1287 3526 1342 divina
3573 1303 3756 1344 exercere

2269 1378 2593 1449 dignabatur
2620 1378 2675 1433 in
2714 1377 3098 1433 universalium
3135 1377 3451 1447 passionum
3492 1381 3754 1432 morborum-

2269 1485 2376 1539 que
2402 1470 2709 1540 generibus,
2736 1484 2857 1539 qua:
2882 1469 3132 1524 humanas
3163 1467 3459 1522 conditioni
3486 1475 3569 1521 aut
3587 1467 3755 1538 erigim-

2271 1559 2394 1614 liter
2437 1559 2668 1614 naturali
2719 1558 3075 1629 passibilitate
3138 1556 3412 1621 accidunt,
3468 1565 3553 1611 aut
3598 1556 3755 1611 fortuitu

2269 1649 2614 1719 proveniunt.
2658 1648 2791 1705 Cum
2827 1648 2971 1705 enim
2997 1663 3066 1704 ex
3110 1648 3323 1703 diversa
3372 1646 3517 1701 orbis
3552 1645 3756 1700 latitudine

2274 1737 2413 1793 fama
2444 1739 2702 1795 virtutum
2739 1736 2857 1808 ejus
2886 1738 3066 1794 excita
3111 1736 3515 1793 innumerabilis
3552 1736 3754 1791 hominum

598 1860 710 1905 tum
738 1850 965 1920 insignia
985 1892 1000 1915 ,
1025 1807 1220 1920 quibus
1250 1851 1434 1922 probis
1468 1851 1702 1919 pollebat
1732 1850 1991 1915 moribus,
2025 1850 2167 1906 elee-
2196 1807 2251 1867 Β
2272 1841 2619 1922 (Ξοηουτνβτθῑ
2639 1832 2945 1922 “limum”,
2972 1847 3038 1887 θπ
3065 1832 3319 1922 “mihi”
3348 1838 3521 1885 "me"
3538 1828 3753 1922 ad“???

601 1955 948 2011 niosynarum
976 1955 1190 2009 quoque
1216 1939 1529 2010 rompendia
1557 1939 1776 1994 Christo
1805 1940 1989 1995 sedule
2009 1956 2166 1994 com-

593 2031 831 2095 mittens,
856 2028 1113 2084 ccelorum
1137 2031 1284 2100 gazis
1306 2031 1473 2085 tutius
1498 2030 1755 2086 servanda
1780 2029 2008 2086 locabat.
2026 2018 2169 2087 Erat

594 2136 830 2193 namque
865 2121 915 2177 ei
955 2122 1095 2178 inter
1121 2121 1489 2192 prandendum
1524 2119 1791 2175 familiare
1828 2121 2048 2191 inopum
2078 2124 2175 2177 de-

599 2211 895 2281 biliumque
921 2225 1057 2281 quos
1090 2226 1290 2266 mensa:
1322 2226 1434 2267 sua:
1463 2211 1721 2266 dietarios
1747 2210 2041 2281 delegerat,
2069 2226 2170 2265 cn-

593 2320 707 2359 ram
754 2320 938 2375 agere,
991 2319 1193 2375 eosque
1246 2320 1313 2359 ex
1365 2304 1451 2359 bis
1496 2318 1616 2374 qua:
1653 2303 1756 2357 sibi
1791 2318 1859 2358 ex
1907 2304 2171 2357 industria

594 2385 967 2459 subtrahebat,
1024 2394 1113 2463 pie
1140 2392 1400 2448 refovere.
1432 2392 1674 2463 Denique
1706 2405 1844 2446 unus
1871 2408 1936 2447 ex
1969 2392 2056 2446 his
2076 2406 2174 2461 per

599 2486 701 2537 tria
732 2484 901 2537 lustra
932 2483 1123 2538 debilis
1151 2482 1397 2552 pedibus,
1427 2482 1755 2537 Walclterus
1779 2482 2019 2547 nomine,
2048 2497 2171 2536 cum

594 2582 720 2627 ante
745 2566 1013 2628 vivificmn
1044 2572 1301 2641 martyris
1330 2587 1525 2642 corpus
1546 2580 1748 2626 stratus
1772 2573 2172 2642 procumberet,

602 2661 654 2714 in
706 2662 827 2733 ipso
876 2662 1137 2717 orationis
1185 2662 1467 2716 conamine
1515 2661 1659 2717 iUico
1699 2676 1866 2716 sanus
1918 2662 1973 2716 in
2009 2664 2175 2732 pedes

594 2754 854 2817 constitit,
910 2754 1298 2822 repropitiante
1348 2752 1449 2807 sibi
1494 2752 1674 2806 divina
1727 2752 2013 2806 clementia
2078 2767 2176 2821 per

596 2843 783 2914 inclyti
819 2844 1076 2914 martyris
1128 2842 1403 2913 suffragia.
1453 2842 1745 2911 Pluresqne
1774 2840 1926 2896 fuere
1962 2857 2028 2895 ex
2059 2840 2176 2909 ejus

598 2930 904 2984 admirabili
937 2932 1348 2999 recuperatione
1381 2930 1476 2985 Dei
1519 2930 1827 2984 laudatores
1864 2943 2025 2999 quam
2063 2927 2176 2984 fueo

597 3028 719 3074 rant
747 3019 866 3090 ejus
893 3019 1189 3074 debilitatis
1212 3029 1371 3073 antea
1397 3021 1723 3089 cognitores.

1137 3107 1360 3164 CAPUT
1399 3108 1636 3163 XXXIII.

667 3199 819 3254 Tunc
864 3213 895 3253 e
931 3200 1160 3271 vestigio
1198 3210 1516 3268 prosecutus
1550 3200 1711 3254 homo
1747 3197 2037 3268 quispiam,
2068 3197 2174 3252 Eu-

598 3288 769 3345 rulfus
812 3289 1051 3353 nomine,
1105 3290 1373 3343 damnatis
1423 3289 1791 3358 quinquennio
1846 3287 2172 3354 luminibus,

597 3379 742 3434 illico
787 3387 846 3432 ut
886 3388 1013 3432 ante
1045 3379 1243 3434 Sancta
1291 3392 1604 3435 sanctorum
1647 3380 1920 3450 manipula
1957 3389 2177 3450 regente

595 3470 866 3540 pervenit,
891 3470 1151 3525 amissum
1200 3471 1370 3526 lustro
1392 3469 1507 3539 jam
1548 3471 1729 3526 lumen
1766 3472 2027 3527 divinitus
2053 3470 2173 3524 illu-

595 3568 805 3613 stratus
832 3558 1068 3629 perfecte
1100 3560 1361 3624 resumit,
1403 3569 1458 3614 et
1486 3562 1664 3615 varios
1704 3560 2055 3616 mundialium
2085 3576 2174 3618 re-

603 3663 724 3703 run.
751 3649 961 3705 colores
991 3651 1194 3707 intenta
1220 3651 1496 3706 oculorum
1526 3651 1643 3706 acie
1669 3661 1978 3708 contuetur.

1145 3741 1373 3797 CAPUT
1413 3741 1651 3797 XXXIV.

672 3830 931 3899 Sequenti
960 3841 1120 3886 nocte
1151 3842 1513 3901 opportunum
1557 3841 1766 3902 tempus
1803 3832 2025 3905 synaxis
2058 3850 2172 3889 ma-

601 3922 848 3976 tutinalis
874 3923 1189 3985 advenerat,
1230 3924 1351 3979 eum
1381 3939 1508 3981 ecce
1535 3926 1674 3979 inter
1715 3926 1996 3996 legendum
2036 3928 2171 3983 resi-

597 4011 847 4066 dentibus
898 4012 1052 4067 nobis
1088 4014 1371 4069 adducitur
1397 4014 1479 4068 vir
1505 4014 1794 4085 quispiam,
1842 4015 2170 4088 Baldegerus

600 4101 837 4165 nomine,
870 4101 962 4171 qui
1004 4103 1289 4158 novcnnali
1320 4104 1525 4159 circulo
1552 4104 1819 4160 fraudatis
1847 4105 2048 4161 lumine
2070 4124 2170 4177 pu-

603 4196 744 4266 pillis
771 4212 913 4252 czeca
946 4200 1233 4254 tenebatur
1253 4210 1432 4255 nocte.
1469 4201 1622 4255 lluuc
1654 4216 1804 4256 more
1827 4201 1988 4256 solito
2018 4219 2167 4257 mar-

599 4298 687 4357 tyr
718 4287 952 4358 inclytus
996 4290 1205 4344 Domini
1247 4293 1535 4347 miseratus
1584 4292 1727 4346 nulla
1779 4293 2169 4350 interveniente

601 4376 829 4441 morula,
862 4379 1139 4448 antiquum
1164 4382 1373 4437 videndi
1406 4400 1560 4438 usum
1594 4384 1791 4455 fugatis
1816 4386 2050 4441 tenebris
2078 4402 2165 4440 re-

599 4466 897 4535 serazisque
919 4467 1114 4524 refudit
1142 4471 1465 4538 luminibus,‘
1482 4483 1536 4529 et
1554 4473 1715 4543 jubar
1738 4475 1867 4530 solis
1888 4478 2028 4547 quod
2052 4478 2168 4533 diu-

603 4560 713 4612 tina
746 4571 1040 4630 negaverat
1068 4566 1306 4631 cmcitas,
1336 4567 1746 4624 irreverberatis
1766 4569 2015 4639 praestitit
2038 4585 2165 4627 con-

601 4650 739 4704 tueri
767 4650 1078 4708 luminibus.

1144 4722 1369 4781 CAPUT
1413 4726 1623 4783 XXXV.

669 4808 878 4867 Interea
913 4812 1039 4867 dum
1067 4813 1151 4869 bis
1187 4815 1376 4869 intenti
1412 4817 1654 4872 miraculi
1684 4826 1903 4888 stupore
1923 4829 2173 4878 teneren-

600 4907 693 4953 tur
721 4902 809 4970 qui
835 4902 1063 4959 aderant
1084 4907 1282 4978 populi,
1313 4902 1567 4977 puerulus
1587 4909 1829 4978 quidam,
1855 4910 2166 4984 Tedelgisus

600 4992 879 5059 vocabulo,
909 5010 938 5047 a
986 4996 1177 5065 primis
1207 4999 1477 5069 vagitibus
1520 4999 1821 5065 claudnlus,
1852 5016 2010 5071 quem
2051 5003 2165 5071 jam

600 5081 777 5137 dictus
838 5086 1161 5141 venerabilis
1210 5089 1487 5145 Rothadus
1547 5090 1774 5146 antistes
1820 5092 1960 5147 inter
2006 5109 2167 5164 pran-

601 5173 833 5229 dendum
870 5177 1111 5234 refovere
1136 5188 1509 5246 consueverat,
1542 5191 1669 5237 ante
1703 5182 1965 5239 tumulum
1993 5185 2166 5240 sancti

601 5277 631 5316 a
668 5265 978 5333 parentibus
1019 5267 1214 5323 allatus
1235 5279 1315 5325 est
1351 5278 1407 5324 et
1438 5271 1733 5340 expositus.
1779 5271 1877 5327 llic
1904 5274 2170 5329 universis

598 5354 799 5410 urbicis
850 5365 1011 5427 atque
1052 5359 1106 5414 in
1160 5360 1419 5417 suburbio
1455 5362 1646 5431 positis
1685 5370 1792 5416 tam
1835 5361 1969 5417 facie
2012 5371 2175 5417 notus

598 5456 723 5499 erat
750 5464 910 5516 quam
939 5451 1232 5508 debilitate.
1266 5452 1369 5521 Qui
1415 5454 1543 5508 dum
1573 5468 1729 5509 secus
1762 5452 1933 5509 sancti
1963 5468 2171 5510 memoo

639 5577 813 5657 .(469)
831 5580 1352 5657 Cislebertumltuuc
1368 5602 1472 5639 non
1496 5594 1715 5657 noverat
1738 5584 1980 5639 Andreas
2004 5584 2161 5641 CIICS-

598 5651 740 5721 nius,
764 5651 873 5721 qui
906 5653 957 5706 in
1010 5654 1256 5709 Historia:
1281 5655 1636 5709 Castillioneze
1675 5655 1764 5709 lib.
1810 5670 1883 5719 tv,
1920 5671 1967 5708 c.
2003 5657 2059 5721 5,
2092 5657 2167 5710 ait

597 5718 825 5783 primum
859 5720 1175 5777 Stlessorum
1207 5727 1475 5791 comitetur,
1507 5727 1657 5796 cujus
1682 5718 2163 5792 cxstctmcmdria,

2267 1920 2676 1991 Germaniasque
2697 1919 2892 1981 finibus
2921 1921 3299 1976 transmarinis
3319 1934 3524 1991 quoque
3544 1917 3753 1989 provincia

2269 2020 2417 2066 tanta
2443 2012 2785 2083 populorum.
2807 2012 3146 2068 immensitas
3171 2011 3497 2077 conﬂuebat,
3531 2019 3585 2065 ut
3605 2023 3760 2065 nunc.

2267 2100 2368 2157 loci
2398 2102 2565 2172 ipsius
2593 2102 2756 2158 situm
2784 2103 2876 2174 qui
2904 2103 3079 2173 ampla
3114 2103 3250 2158 satis
3285 2102 3556 2157 latitudine
3575 2100 3753 2157 dilatatur

2268 2191 2600 2246 locustarum
2641 2193 2811 2247 instar
2838 2199 3255 2262 przeoccuparet.
3309 2190 3455 2247 Inter
3487 2205 3623 2261 quos,
3650 2198 3748 2243 tanta

2270 2290 2389 2335 erat
2430 2282 2791 2336 numerositas
2840 2296 3128 2345 caecorum,
3170 2280 3504 2345 clauderent,
3536 2280 3753 2339 aridorum.

2270 2369 2712 2441 leprosorumque
2735 2411 2750 2437 ,
2810 2380 2867 2426 et
2909 2382 3395 2440 euersumenorum
3417 2411 3433 2437 ,
3485 2369 3751 2426 lunaticorut

2273 2478 2485 2534 quoque
2508 2464 3026 2534 omnigenarumque
3052 2463 3398 2520 debilitatum
3437 2459 3751 2517 incommodita-

2273 2556 2418 2612 tibus
2447 2558 2740 2626 prmpedita
2769 2556 3092 2626 frequentia,
3139 2566 3199 2611 ut
3228 2557 3442 2611 numeri
3470 2569 3684 2611 summam
3702 2552 3751 2605 ri-

2275 2646 2498 2701 deretur
2522 2640 2806 2701 excedere.
2837 2646 2894 2700 ln
2920 2646 3005 2700 his
3031 2646 3289 2700 onmibus
3317 2656 3426 2700 tam
3453 2644 3661 2715 frequens
3678 2650 3748 2696 ent

2274 2742 2404 2788 nutu
2439 2734 2734 2789 divinitatis
2769 2749 2865 2804 per
2885 2734 3254 2791 beatissimum
3298 2743 3576 2805 martyrem
3618 2731 3749 2785 sanitr

2278 2832 2387 2877 tum
2413 2822 2693 2888 exbibitio,
2733 2830 2939 2892 quanto
2964 2834 3019 2879 et
3053 2836 3239 2877 eorum
3274 2822 3371 2892 qui
3398 2821 3583 2877 medela
3612 2817 3747 2885 indige-

2277 2911 2408 2965 bant
2451 2911 2790 2978 numerosior
2824 2920 2941 2965 erat
2976 2910 3281 2966 concursio.
3321 2908 3629 2965 Sanabautur
3651 2903 3745 2960 deni-

2277 3018 2384 3072 que
2426 3016 2531 3057 non
2584 3010 2795 3056 tantum
2843 3003 3043 3057 viritim
3093 3011 3185 3055 aut
3235 3001 3595 3071 personaliter,
3627 3012 3745 3051 verum

2277 3095 2441 3150 etiam
2482 3093 2604 3149 deni
2652 3093 2960 3163 vigenique,
3002 3102 3089 3157 et,
3122 3102 3183 3148 ut
3207 3093 3282 3148 ita
3309 3093 3499 3155 dicam,
3535 3087 3744 3161 gregatim.

2280 3185 2413 3239 adeo
2440 3191 2499 3239 ut
2524 3184 2576 3238 in
2608 3183 2694 3240 die
2716 3184 3020 3255 vigiliarum
3052 3183 3226 3238 sancti
3253 3197 3325 3238 ac
3362 3179 3644 3238 venerabilis
3664 3191 3744 3230 coa-

2279 3275 2505 3331 fessoris
2551 3250 3062 3331 CbristivBenedicli
3113 3274 3350 3335 abbatis.
3419 3271 3744 3343 septuagiauet
3827 3250 3829 3311 4

2277 3364 2384 3420 duo
2431 3365 2725 3435 promiscui
2773 3380 2935 3421 sexus
2964 3372 3021 3420 et
3047 3364 3245 3428 :etatis,
3286 3363 3582 3435 promiscua:
3608 3369 3745 3428 quoque

2274 3462 2330 3511 et
2376 3432 2695 3521 debilitatis,
2739 3456 2857 3526 ipso
2898 3455 3206 3512 virtutifero
3248 3432 3484 3526 martyre
3515 3450 3742 3519 suffragante
3823 3432 3825 3513 ι

2278 3547 2637 3602 redderentur
2657 3546 2974 3602 incolumes.
3007 3546 3211 3601 Lumen
3252 3546 3382 3601 caeci
3408 3544 3536 3614 quod
3559 3550 3739 3606 nunquam
3821 3536 3823 3613 4

2274 3636 2483 3706 experti
2515 3636 2729 3691 fuerant
2759 3636 3152 3707 percipiebant,
3197 3635 3378 3690 claudi
3416 3645 3624 3706 gressum
3641 3639 3739 3697 quem

2273 3741 2382 3781 non
2407 3733 2687 3790 noverant,
2705 3724 3190 3795 consequebantur.
3219 3724 3355 3779 Erat
3374 3725 3423 3778 in
3448 3724 3524 3778 bis
3548 3720 3618 3789 qui
3634 3717 3736 3771 deio-

2275 3817 2435 3872 tionis
2460 3818 2679 3872 obtentu
2710 3816 2778 3871 ad
2800 3813 2915 3884 ejus
2941 3816 3267 3887 experienda
3300 3812 3605 3870 confluebant
3636 3808 3735 3861 teac-

2272 3909 2393 3965 ticia
2418 3910 2578 3964 timor
2602 3907 2918 3964 immodicus
2936 3907 3099 3963 cultui
3118 3907 3433 3962 reverentiae
3452 3893 3735 3959 mistuSJ’leri-

2270 4016 2376 4070 que
2396 4000 2539 4055 enim
2563 3999 2791 4054 crimina
2816 4013 2915 4053 sua
2958 3997 3132 4067 palam
3151 3997 3555 4067 profitebantur,
3594 3981 3733 4059 plurimi

2270 4107 2483 4163 quoque
2538 4092 2661 4163 igne
2718 4089 2997 4146 invisibili
3056 4088 3344 4144 visibiliter
3386 4073 3734 4142 urcbautur.$etl

2269 4184 2466 4253 quibus
2510 4192 2629 4238 erat
2654 4196 2807 4237 mens
2839 4182 3023 4238 sanior
3047 4179 3481 4251 circumspectius
3515 4168 3732 4241 satagewa

2271 4290 2377 4331 non
2416 4283 2545 4329 ante
2603 4273 2783 4344 templi
2814 4273 3018 4328 aditum
3051 4271 3313 4336 introire,
3336 4312 3339 4315 ι
3364 4282 3512 4338 quam
3537 4275 3581 4318 et
3601 4265 3731 4315 meum

2271 4366 2414 4421 intro
2460 4363 2817 4420 confessionis
2865 4377 2929 4418 ac
2973 4360 3340 4431 pmnitentize,
3380 4368 3576 4424 corpora
3598 4356 3732 4420 (ιυαῐυθ

2270 4458 2424 4528 aquis
2450 4457 2739 4513 diluerent.
2776 4456 2905 4511 Erat
2928 4455 3158 4525 denique
3208 4454 3262 4508 in
3310 4450 3522 4508 diversis
3543 4438 3730 4528 speciclllf5

2275 4522 2395 4619 qua:
2428 4548 2622 4604 votivis
2650 4547 2886 4603 donariis
2905 4545 2970 4601 ad
2994 4522 3388 4601 confessionem
3426 4539 3562 4606 hujus
3585 4522 3728 4623 prmi

2272 4640 2559 4697 lentissimi
2596 4654 2665 4695 ex
2713 4638 2942 4694 diversis
2976 4636 3272 4705 provinciis
3317 4643 3370 4688 et
3403 4624 3650 4700 “3350'ﬁlms
3678 4629 3725 4715 In

2272 4730 2508 4786 fidelium
2538 4729 2903 4787 offerebantur
2927 4727 3243 4790 devotione,
3285 4734 3391 4779 tam
3433 4723 3589 4788 ingens
3608 4720 3725 4777 (θρίων

2273 4830 2334 4876 ut
2376 4821 2632 4890 ponderis
2684 4820 2999 4888 numerique
3032 4831 3297 4871 summam
3356 4824 3480 4883 pene

2271 4888 2567 4978 excedere,
2617 4911 2753 4966 adeo
2800 4919 2861 4964 ut
2925 4908 3197 4979 octoginta
3250 4904 3473 4974 quinque
3522 4888 3721 4949 tnodiol‘um

2273 5005 2610 5061 diversorum
2633 5003 3016 5057 numisntatum
3045 4998 3252 5069 argenti
3286 4991 3513 5051 etnnulus
3542 4988 3722 5067 excrescf"

2274 5103 2384 5158 ret,
2411 5102 2606 5163 praater
2632 5091 2849 5148 monilia
2882 5091 3121 5145 virorum
3146 5102 3209 5143 ac
3234 5085 3527 5141 mulierum,
3561 5071 3719 5163 misso“?

2270 5162 2485 5254 quoque
2507 5183 2704 5238 diversi
2734 5181 2986 5251 ponderis
3024 5180 3233 5249 aliaque
3278 5189 3429 5236 vasa;
3470 5164 3565 5224 auri
3586 5162 3718 5231 quot“

2273 5283 2666 5346 nongentarum
2693 5275 2948 5330 librarum
2979 5286 3186 5327 summa
3210 5270 3373 5324 fieret.

2798 5363 3025 5421 CAPUT
3063 5360 3318 5418 xxxv".
3504 5440 3512 5443 Α

2344 5454 2451 5511 Sed
2477 5453 2604 5524 quia
2638 5468 2798 5509 omne
2841 5453 3042 5509 bonum
3092 5466 3300 5521 seraper
3349 5463 3380 5504 e
3427 5440 3572 5498 vicino
3591 5420 3711 5484 in“du

2268 5588 2438 5715 {uisse
2498 5587 2797 5650 Guidonem
2854 5587 3182 5660 temporibus
3217 5576 3440 5641 Lotbarii
3479 5581 3523 5629 cl
3560 5560 3713 5631 Βυεοηίί

2294 5661 2475 5715 iuncti.

2300 5672 2475 5730 zapeu.
