3902 6394
133 371 238 426 605

972 375 1060 431 DE
1098 373 1485 432 TRANSLA'J‘.
1527 375 1583 432 S.
1623 375 2024 432 SEBASTIANI
2061 377 2146 430 ET
2186 379 2243 436 S.
2281 375 2484 441 GIIEG.

3258 387 3363 444 606

132 485 442 550 comitatur,
472 493 748 556 cmperunt
783 488 996 558 plurimi
1043 475 1380 545 sacerdotum
1412 491 1508 545 zeli
1554 493 1698 545 ruhi-
1725 507 1770 564 Α
1802 494 1908 550 illic
1935 495 2048 550 fere
2074 501 2354 566 prresentia
2385 501 2680 572 corporali,
2721 502 2918 560 virtute
2956 515 3170 574 quoque
3207 501 3366 572 spiri-

131 572 260 642 gine
290 573 400 636 uri,
431 575 776 644 prohibentes
802 576 982 645 plebes
1011 579 1110 632 sibi
1139 581 1452 634 commissas
1473 581 1540 634 ad
1587 581 1702 650 ejus

133 667 250 714 toto
292 661 423 715 orbe
468 662 712 717 crebrius
755 674 974 732 experta
1029 668 1322 735 patrocinia
1381 682 1698 738 properare,

129 764 342 818 suaque
397 751 466 806 ad
527 751 644 820 ejus
697 755 956 823 praeclara
1004 758 1225 828 pignora
1263 767 1386 814 vota
1441 760 1698 830 perferre.

127 839 365 893 Aiebam
403 855 635 912 namque
661 845 859 899 rectius
899 845 1044 910 fore,
1066 856 1126 901 ut
1160 849 1402 904 ecclesiae
1429 850 1480 904 in
1509 851 1704 919 quibus

127 925 386 997 baptismi
417 929 645 1001 ﬁdeique
692 949 886 988 munus
923 949 1316 1007 perceperant,
1355 955 1422 994 ex
1451 941 1534 994 his
1560 940 1700 995 dita-

127 1025 322 1072 rentur
367 1021 676 1090 stipendiis,
740 1033 794 1079 et
843 1041 1029 1082 earum
1077 1031 1349 1085 alerentur
1405 1033 1580 1087 vidure
1641 1047 1704 1088 ac

125 1108 352 1176 pupilli:
386 1127 486 1166 nec
513 1128 632 1167 esse
657 1116 853 1170 bonum
889 1133 946 1173 se
983 1135 1140 1189 egere
1166 1162 1180 1186 ,
1217 1131 1272 1176 et
1311 1123 1446 1178 alios
1476 1123 1707 1179 ditesce-

125 1212 220 1260 re;
265 1213 322 1253 se
365 1203 698 1270 exspoliare,
731 1215 785 1261 et
825 1207 958 1263 alios
1011 1211 1252 1267 induere.
1297 1213 1465 1284 IIujus
1519 1214 1704 1270 livoris

123 1287 322 1358 rubigo
343 1292 477 1345 adeo
503 1296 771 1360 excrevit,
815 1307 875 1351 ut
899 1299 1061 1353 etiam
1107 1305 1460 1372 quorumdam
1499 1307 1704 1375 episco-

124 1389 324 1444 porum
352 1381 514 1435 corda
544 1383 801 1440 inﬁceret.
827 1387 902 1441 Ex
939 1389 1133 1458 quibus
1161 1391 1472 1460 Ostroldus,
1512 1396 1602 1465 qui
1638 1411 1702 1450 ea

125 1473 452 1534 tempestate
469 1470 710 1539 Lugduni
729 1475 778 1546 (4
787 1477 874 1548 70)
891 1481 1229 1550 przesidebat,
1245 1483 1369 1538 dmn
1399 1499 1701 1540 sermonem

121 1555 192 1609 de
221 1557 322 1612 hac
351 1573 410 1613 re
429 1559 707 1620 habiturus
731 1567 797 1620 ad
821 1569 1070 1638 pepnlum
1089 1573 1345 1643 pulpitum
1367 1577 1704 1632 conscendis-

121 1658 236 1712 set,
262 1661 539 1723 postquam
568 1657 774 1712 diutino
803 1669 1028 1715 tractatu
1053 1663 1117 1716 ad
1147 1665 1398 1732 populum
1420 1669 1706 1723 conciona-

121 1747 216 1792 tus
231 1750 332 1802 est,
365 1741 484 1797 inﬁt
512 1763 524 1796 :
549 1744 705 1812 Quid,
739 1747 1005 1817 inquiens,
1035 1749 1338 1809 Suessionis
1366 1757 1703 1826 pervagando

1803 587 1891 642 tali
1919 604 2167 658 praeesse,
2189 601 2245 644 et
2265 592 2517 659 prodesse
2538 608 2642 646 non
2667 593 2838 647 solum
2859 591 2960 648 loci
2985 592 3127 648 illius
3153 591 3362 658 incolis,

1800 679 1891 732 sed
1911 687 1964 733 et
1991 681 2236 735 omnibus
2250 679 2539 736 Galliarum
2554 683 2762 752 populis
2781 683 2908 756 Regi
2925 699 3042 738 meo
3063 691 3118 738 et
3139 683 3366 738 Domino

1799 784 1920 823 meo
1967 767 2193 823 ﬁdeliter
2237 771 2663 836 adhaerentibus,
2695 771 2826 826 mihi
2880 787 3093 841 quoque
3124 772 3366 842 meisque

1771 861 2167 926 .consortibus,
2219 861 2361 918 illius
2391 863 2637 918 videlicet
2663 865 2764 920 loci
2804 865 3046 934 patronis
3076 867 3248 936 dignis
3273 865 3368 920 ob-

1800 951 1998 1020 sequiis
2021 949 2333 1006 famulatum
2357 952 2800 1022 impendentibus.
2825 953 2918 1009 Ilis
2932 955 3106 1020 dictis,
3125 956 3364 1010 caelestia

1803 1042 2035 1109 reposcit
2085 1051 2206 1096 eam
2255 1042 2365 1096 suis
2413 1043 2750 1098 consortibus
2807 1045 3019 1114 gaudia.
3073 1045 3368 1114 Episcopus

1801 1130 1984 1185 dolore
2003 1131 2288 1185 verberum
2313 1141 2367 1186 et
2396 1131 2710 1188 confusione
2733 1133 3008 1198 insomnis,
3037 1143 3095 1189 ut
3117 1135 3370 1190 festinato

1799 1235 1960 1274 cursu
2017 1221 2104 1274 lux
2159 1221 2348 1276 diurna
2403 1223 2613 1288 redeat,
2648 1224 2872 1278 anhelus
2903 1233 3196 1293 exspectat.
3253 1223 3368 1291 Qua

1802 1307 2117 1362 mortalibus
2144 1307 2374 1376 reddita,
2412 1311 2631 1365 adscitis
2669 1313 3125 1368 consecretalibus
3172 1321 3225 1367 et
3277 1327 3370 1366 ne-

1801 1396 2053 1450 cessariis
2083 1397 2270 1451 amicis
2325 1398 2586 1452 visionem
2631 1400 2850 1468 pandit,
2900 1401 3039 1456 ictus
3085 1401 3370 1456 verberum

1805 1491 2070 1538 tumentes
2091 1500 2153 1538 ac
2175 1484 2365 1539 lividos
2387 1487 2609 1556 detegit.
2635 1487 2710 1541 llli
2739 1503 2866 1542 vero
2888 1489 3030 1542 anxii
3057 1487 3372 1558 plurimum-

1801 1587 1904 1642 que
1937 1573 2166 1638 turbati,
2219 1575 2400 1644 operis
2445 1577 2822 1642 exsecutione,
2869 1578 3010 1648 quod
3051 1579 3373 1649 imperatum

1803 1661 2057 1716 divinitus
2087 1661 2296 1730 fuerat,
2353 1667 2732 1720 maturandum
2785 1668 3105 1737 quantocius
3130 1682 3372 1723 commo-

1805 1763 1951 1808 nent.
1982 1753 2223 1825 Denique
2277 1755 2560 1812 instruitur
2608 1757 2732 1824 iter,
2775 1768 3034 1828 parantur
3057 1767 3114 1813 et
3148 1772 3373 1812 munera

121 1829 372 1922 quaeritis
392 1873 405 1895 ,
435 1835 586 1900 quasi
633 1833 1004 1892 Sebastianum
1053 1852 1346 1914 martyrem
1382 1842 1491 1899 illic
1517 1861 1700 1914 reper-
1734 1849 1775 1908 Β
1805 1843 2003 1916 inclyte
2027 1847 2248 1916 martyri
2285 1845 2916 1922 deferenda.Pedestrem
2947 1850 3132 1904 ducem
3161 1847 3376 1919 hymnis

125 1919 280 1971 turi?
330 1919 594 1979 Noveritis
638 1941 768 1982 sane
811 1930 934 1998 quia
963 1929 1146 1986 Romae
1203 1934 1400 1988 dudum
1459 1944 1580 2004 post
1616 1937 1696 1992 sui

121 2010 512 2069 delibationem
545 2017 814 2086 sepultus,
846 2019 1105 2078 hactenus
1134 2023 1202 2078 ibi
1226 2025 1372 2094 jacet
1421 2041 1451 2080 a
1488 2027 1700 2083 nemine

123 2111 332 2159 ιηοιυε.
378 2105 597 2162 Habe-tis
659 2109 744 2164 hic
783 2113 1088 2168 venerabile
1113 2115 1204 2170 Dei
1235 2115 1526 2172 Genitricis
1558 2125 1696 2173 tem-

121 2199 274 2267 plum
294 2243 309 2265 ,
341 2202 442 2256 hoc
473 2203 841 2274 frequentate,
879 2209 932 2263 in
961 2224 1025 2264 eo
1051 2219 1178 2266 vota
1227 2223 1405 2268 vestra
1431 2225 1618 2271 vovete
1647 2225 1703 2272 et

123 2291 361 2346 reddite.
416 2293 528 2351 Non
574 2312 707 2367 opus
761 2308 847 2355 est
890 2301 1042 2357 vobis
1081 2299 1334 2360 aliorsum
1383 2307 1600 2378 vagari,
1647 2317 1704 2364 et

123 2391 355 2439 externa
405 2388 600 2443 auxilia
654 2399 936 2460 expetere:
979 2391 1084 2450 Per
1131 2411 1250 2451 eam
1307 2413 1425 2468 qua:
1476 2398 1703 2456 ﬁdeliter

123 2476 386 2545 poscitis,
439 2480 616 2533 omnia
648 2479 991 2538 donabuntur
1037 2500 1068 2540 a
1109 2485 1355 2542 Domino.
1413 2487 1702 2560 Postquam

124 2565 337 2621 aﬂ'atim
379 2567 629 2639 populum
658 2569 924 2627 allocutus
957 2583 1074 2639 est,
1105 2575 1380 2632 redierunt
1423 2579 1622 2648 quique
1649 2580 1701 2634 in

124 2671 226 2710 sua
253 2675 266 2710 :
295 2657 410 2726 ipse
447 2659 551 2712 diei
599 2660 801 2716 ducens
823 2663 1049 2732 gaudia,
1075 2665 1252 2720 vicina
1285 2669 1537 2724 mmstitia
1568 2685 1706 2739 prae-

127 2761 364 2815 propere
388 2748 714 2804 deturbanda
737 2791 752 2814 ,
806 2751 949 2806 diem
999 2752 1141 2807 illam
1173 2755 1439 2813 ﬁnetenus
1468 2773 1572 2813 nox
1615 2775 1706 2814 su-

127 2840 455 2908 perveniens
512 2839 704 2898 clausit
749 2861 763 2897 :
823 2845 1106 2916 episcopus
1169 2864 1398 2918 pransus
1463 2851 1704 2906 cubitum

123 2929 327 2998 pergit.
357 2927 594 2985 Membra
637 2947 831 3002 sopore
864 2935 1096 2990 resoluta
1124 2954 1246 2992 cum
1290 2939 1400 3010 jam
1431 2941 1704 2995 contieinii

127 3033 348 3092 tempus
409 3024 786 3092 incumberet,
856 3043 982 3084 ecce
1051 3029 1136 3084 vir
1197 3031 1412 3112 quidam
1467 3031 1706 3102 ephebus

123 3113 490 3186 eurythmiam
536 3115 681 3188 (471)
729 3116 910 3173 domni
974 3117 1278 3176 Sebastiani
1322 3125 1700 3192 praatendens,

125 3215 260 3260 ante
299 3213 526 3262 stratum
575 3207 692 3278 ejus
747 3211 990 3267 constitit
1044 3213 1252 3269 duobus
1281 3229 1461 3270 secum
1515 3217 1700 3272 dextra
1729 3195 1771 3258 (εἶ

123 3305 376 3376 laevaque
403 3307 799 3375 assistentibus,
821 3310 1086 3380 similique
1105 3310 1310 3382 fulgore
1337 3313 1702 3378 rutilantibus,

125 3397 318 3453 infulis
377 3407 552 3454 tamen
607 3400 1004 3468 pontiﬁcalibus
1058 3402 1338 3456 redimitis.
1409 3403 1526 3472 Ipse
1575 3417 1704 3458 vero

125 3483 352 3538 militari
375 3483 654 3554 chlamyde
678 3484 1046 3551 amiciebatur,
1067 3486 1270 3556 virgam
1295 3501 1513 3540 auream
1543 3501 1704 3540 manu

127 3575 336 3628 ferens.
364 3573 474 3638 Qua
511 3574 722 3644 pulsato
751 3577 1000 3644 episc.0po
1023 3586 1321 3645 vocatoque
1364 3591 1429 3630 ex
1457 3575 1700 3642 nomine,

127 3663 220 3718 his
259 3677 380 3716 eum
413 3665 586 3718 verbis
629 3665 955 3734 increpando
1003 3664 1195 3720 all'atur
1237 3684 1250 3719 :
1303 3666 1446 3736 Ego,
1493 3665 1700 3735 inquit,

125 3769 254 3807 sum
285 3751 629 3808 Sebastianus
656 3752 905 3808 defensor
933 3755 1183 3810 Ecclesia:
1205 3795 1220 3820 ,
1253 3755 1341 3824 qui
1377 3753 1546 3808 Roma
1575 3753 1701 3808 olim

127 3859 234 3914 pro
259 3859 443 3898 amore
473 3843 674 3898 Christi
698 3845 927 3914 oppetii,
968 3859 1070 3913 qua
1106 3853 1160 3898 et
1196 3860 1419 3916 corpore
1447 3845 1704 3900 hactenus

125 3935 375 4005 sepultus
413 3934 597 4003 jacui:
631 3951 772 3989 nunc
813 3949 938 3990 vero
981 3936 1072 3989 Dei
1119 3935 1588 4004 praidestinatione
1633 3937 1702 3992 ob

123 4043 374 4082 amorem
405 4025 637 4082 Medardi
667 4025 1106 4096 Noviumagensis
1130 4027 1397 4096 episc0pi,
1429 4043 1586 4098 quem
1633 4027 1702 4082 ad

125 4122 321 4175 Itevam
343 4128 486 4174 stare
513 4121 689 4184 vides,
742 4134 842 4189 ego
893 4129 947 4174 et
980 4119 1068 4173 hic
1097 4119 1370 4174 dexterior
1411 4118 1703 4190 Gregorius

127 4211 391 4264 Romana:
430 4208 577 4262 urbis
607 4223 774 4278 papa,
827 4205 1134 4262 Suessionis
1159 4208 1308 4262 missi
1352 4223 1572 4272 sumus,
1623 4207 1701 4262 uti

125 4299 309 4354 locum
340 4297 485 4352 illum
517 4307 572 4352 et
595 4297 708 4368 ejus
746 4297 950 4352 incolas
974 4306 1158 4352 nostro
1185 4297 1483 4366 patrocinio
1524 4305 1702 4352 custo-

127 4390 378 4453 diamus,
420 4396 474 4442 et
497 4389 844 4444 custodiendo
883 4387 1180 4444 foveamus.
1230 4389 1308 4444 Tu
1357 4405 1486 4445 vero
1535 4390 1702 4446 livore

125 4479 329 4532 «luctus
377 4478 677 4546 procaciter
724 4477 880 4550 egisti
923 4479 1179 4534 hesterno
1235 4480 1520 4534 adversum
1581 4495 1700 4546 me,

127 4578 386 4623 avertens
419 4569 626 4638 plebem
661 4570 754 4624 tibi
780 4570 1156 4638 commissam,
1183 4586 1250 4626 ne
1293 4572 1360 4626 ad
1412 4572 1703 4628 confessio-

127 4675 260 4714 nem
287 4660 518 4714 uominis
540 4660 643 4714 mei
684 4671 874 4717 euntes
897 4671 1016 4718 vota
1043 4678 1139 4718 sua
1169 4663 1222 4717 in
1251 4663 1564 4734 obsequium
1597 4663 1704 4719 mei

127 4752 428 4809 deferrent.
477 4753 700 4822 Insuper
745 4752 882 4810 falso
927 4755 1244 4825 perhibuisti
1303 4773 1422 4811 mea
1469 4755 1704 4810 humana

125 4843 248 4900 illic
274 4844 484 4914 penitus
535 4858 642 4898 non
671 4843 880 4900 haberi.
927 4845 996 4902 Ut
1022 4855 1201 4902 autem
1232 4848 1408 4902 omnis
1429 4861 1706 4918 scrupuno-

127 4937 272 4991 sitas
293 4951 362 4990 ex
388 4935 489 4990 hoc
526 4936 594 4990 ab
623 4935 803 4992 animo
845 4945 936 4992 tuo
964 4936 1191 5006 pellatur
1211 4979 1226 5004 ,
1279 4938 1363 4992 his
1393 4939 1708 4994 verberibus

131 5027 288 5080 disce
315 5039 398 5078 me
427 5023 568 5088 illic,
599 5025 738 5080 sicut
787 5041 930 5080 nunc
953 5028 1130 5082 cernis
1150 5067 1166 5093 ,
1198 5029 1401 5100 absque
1435 5028 1540 5084 ulla
1590 5045 1712 5084 eor-

130 5115 288 5186 poris
315 5116 670 5172 diminutione
693 5117 819 5172 olim
870 5119 1168 5188 depositum
1191 5118 1344 5188 juxta
1384 5122 1710 5178 confessoris

135 5207 344 5262 Christi
367 5207 602 5262 Medardi
630 5209 908 5276 quiescere
938 5209 1218 5264 tumulum.
1244 5211 1368 5266 ILec
1392 5212 1531 5268 fatus
1559 5213 1708 5283 virga

135 5313 304 5368 quam
337 5313 495 5350 manu
540 5299 814 5368 gestabat,
844 5299 1038 5354 cecidit
1072 5315 1194 5354 cum
1245 5301 1559 5356 verberibus
1587 5301 1708 5369 plu-

137 5387 328 5454 rimis,
361 5388 678 5458 praacipieus
711 5390 825 5444 ita:
863 5377 1005 5444 Vade
1032 5389 1336 5444 Suessiouis
1365 5390 1586 5459 pedibus
1611 5407 1706 5444 nu-

137 5481 226 5534 dis
253 5480 541 5546 incedens,
592 5489 644 5536 et
689 5481 940 5554 stigmata
979 5482 1260 5537 verberum
1304 5497 1424 5551 quae
1454 5481 1542 5536 tibi
1576 5482 1710 5536 irro-

139 5567 296 5642 gavi,
335 5569 512 5639 palam
543 5573 749 5627 cunctis
778 5580 1022 5637 ostenta,
1067 5580 1126 5626 ut
1175 5573 1357 5626 norint
1400 5587 1587 5626 omnes
1626 5587 1710 5628 me

183 5680 362 5756 ,_(_470)
399 5682 614 5756 Clavati
658 5685 886 5752 scilicet,
941 5700 1058 5756 quae
1101 5685 1228 5742 urbs
1249 5683 1366 5739 aliis
1396 5682 1707 5740 Laudunuu.

141 5752 362 5818 dicitur,
395 5752 553 5826 vulgo
583 5752 748 5810 Luan.

1802 1951 2000 1992 canora
2053 1945 2228 1991 turma
2273 1937 2416 1994 lente
2450 1939 2794 2010 subsequitur
2838 1955 3116 2011 quousque
3155 1948 3374 1994 ventum

1801 2035 1883 2080 est
1912 2028 1977 2081 ad
2006 2027 2176 2082 locum
2199 2068 2214 2095 ,
2250 2029 2304 2082 in
2357 2045 2463 2100 quo
2499 2015 2686 2098 ingens
2723 2031 3017 2100 frequentia
3055 2031 3374 2101 pepulerunt

1800 2122 2102 2176 excubabat
2140 2131 2262 2177 ante
2300 2123 2553 2193 martyris
2600 2123 2880 2178 tumulum.
2930 2122 3088 2178 Omni
3135 2121 3376 2192 deposito

1801 2213 2120 2282 supercilio,
2168 2211 2496 2284 dejectisquc
2523 2214 2576 2272 in
2609 2221 2811 2268 terram
2855 2213 3120 2284 profundo
3171 2211 3378 2282 pudore

1803 2303 2110 2370 luminibus,
2144 2306 2252 2358 ruit
2283 2313 2584 2374 prostratus
2616 2305 2666 2359 in
2694 2305 2884 2360 faciem
2911 2313 3055 2358 tanta
3075 2304 3378 2358 humilitate

1802 2403 2002 2465 quanta
2026 2403 2079 2449 et
2107 2395 2286 2449 divina
2308 2404 2586 2464 correptus
2631 2394 2810 2449 fuerat
2843 2395 3150 2450 severitate.
3189 2393 3376 2450 Oratio

1804 2491 1856 2544 in
1886 2490 2102 2560 longum
2128 2491 2466 2560 protenditur
2485 2532 2500 2556 ,
2541 2491 2774 2560 gemitus
2797 2500 2850 2546 et
2894 2491 3122 2562 suspiria
3151 2506 3216 2546 ex
3246 2506 3376 2562 pro-

1805 2579 1969 2634 fundo
2035 2580 2268 2648 pectoris
2328 2579 2697 2650 proferuntur.
2759 2581 3024 2651 Explicita
3083 2581 3374 2646 oratione,

1767 2666 2036 2737 'capitulo
2091 2671 2416 2740 competenti
2464 2687 2493 2725 a
2533 2670 2633 2726 loci
2687 2670 2854 2740 ipsius
2897 2671 3215 2740 primatibus
3261 2670 3376 2741 ejus

1806 2760 2210 2814 commendatur
2256 2761 2594 2833 supplicatio.
2647 2761 2850 2816 Dehine
2913 2759 3194 2830 placabilia
3250 2768 3378 2816 vota

1807 2847 2184 2918 proferuntur,
2215 2849 2410 2905 exinde
2447 2851 2641 2904 nobilis
2669 2849 2899 2904 fratrum
2927 2851 3116 2906 concio
3147 2849 3379 2904 advoca-

1809 2950 1914 2994 tur.
1945 2940 2032 2994 Fit
2058 2941 2234 2996 delicti
2255 2940 2550 3008 confessio,
2585 2943 2884 2997 ostenditur
2911 2941 3102 2996 divinae
3137 2955 3377 2996 censura:

1807 3032 2096 3088 subsecuta
2126 3035 2422 3103 correptio,
2466 3035 2758 3104 spondetur
2798 3051 2890 3105 per
2911 3043 3068 3089 o’mne
3097 3033 3222 3087 vitae
3267 3047 3378 3088 sua:

1811 3130 2018 3190 tempus
2039 3119 2330 3178 ferventior
2363 3138 2488 3194 erga
2539 3124 2906 3178 beatissimum
2938 3132 3226 3195 martyrem
3253 3138 3376 3192 per-

1805 3227 2057 3266 mansura
2090 3213 2320 3270 devotio.
2360 3213 2545 3284 Itaque
2578 3215 2660 3269 vir
2685 3214 2774 3270 Dei
2813 3215 3036 3270 verbere
3071 3212 3376 3280 divinojam

1805 3303 2067 3356 eruditior
2093 3301 2298 3370 factus,
2355 3311 2536 3358 mente
2563 3305 2853 3371 sincerior,
2885 3320 3112 3373 corpore
3142 3303 3378 3374 vegetior

1805 3389 2180 3460 Lugdunensis
2228 3393 2496 3447 cathedra:
2555 3393 2801 3448 sublimia
2854 3403 3130 3465 gratanter
3186 3393 3379 3462 repetit

1805 3479 2040 3547 fastigia.
2071 3479 2238 3549 Hujus
2272 3481 2348 3536 rei
2380 3483 2556 3537 exitus
2583 3491 2731 3537 tanto
2761 3499 2902 3539 nunc
2925 3485 3104 3539 notior
3131 3484 3379 3538 ontuibns

1805 3571 2012 3623 exstitit
2042 3581 2243 3639 quanto
2274 3581 2326 3626 et
2371 3588 2613 3642 persona:
2658 3575 2888 3644 dignitas
2943 3575 3200 3628 famosior
3239 3575 3372 3636 fuit,

1802 3669 1858 3714 et
1888 3660 1992 3714 situ
2023 3661 2124 3715 loci
2153 3661 2204 3716 in
2231 3663 2574 3732 editoposito
2619 3679 2704 3718 res
2753 3665 2804 3718 in
2847 3663 2958 3719 sole
3009 3673 3158 3736 gesta
3203 3663 3376 3718 occuli

1803 3749 1904 3804 sub
1933 3751 2110 3805 modio
2131 3752 2350 3807 minime
2383 3753 2570 3822 putuit.
2607 3753 2941 3808 Venerabilis
2978 3770 3107 3825 ergo
3133 3755 3230 3818 vir,
3265 3751 3378 3821 jam

1802 3841 1976 3897 dictus
2025 3841 2307 3900 Ostroldus
2363 3847 2683 3915 episcopus,
2736 3847 2803 3902 ab
2848 3846 3051 3916 optimo
3106 3835 3377 3900 didascalo

1802 3931 1959 3985 docte
1994 3932 2182 3988 docilis
2207 3932 2382 3988 factus
2411 3936 2577 4004 cmpit
2599 3935 2764 3989 libere
2787 3935 3036 4005 privatim
3061 3934 3378 4004 publiceque

1802 4025 1995 4078 docere
2023 4039 2362 4093 nequaquam
2393 4023 2507 4080 fore
2541 4026 2846 4094 quempiam
2896 4041 2925 4078 a
2956 4025 3154 4080 divinis
3183 4025 3374 4078 verbe-

1803 4114 1952 4169 ribus
1975 4114 2291 4178 immunem,
2321 4131 2493 4187 neque
2514 4118 2760 4186 cuiquam
2797 4117 3009 4186 impune
3037 4117 3226 4171 cedere
3245 4155 3260 4178 ,
3287 4115 3377 4183 qui

1802 4205 2103 4262 Sebastiani
2129 4209 2380 4278 martyris
2430 4209 2768 4278 contemptui
2816 4207 3032 4260 duxerit
3065 4205 3378 4262 memoriam

1801 4298 2065 4352 excolere.
2093 4297 2181 4353 Sic
2207 4300 2366 4354 cessit
2395 4299 2746 4369 plurimorum
2775 4297 2972 4352 invidia
2995 4297 3244 4368 martyris
3271 4296 3380 4348 vir-

1803 4389 2004 4443 tutibus
2035 4389 2198 4452 victa,
2217 4399 2270 4444 et
2287 4405 2380 4458 per
2401 4391 2557 4444 unius
2577 4387 2818 4459 corporis
2836 4398 3012 4443 cutem
3035 4404 3064 4442 a
3089 4387 3376 4442 multorum

1803 4477 2054 4532 cordibus
2077 4477 2292 4532 invidia:
2317 4479 2466 4532 virus
2493 4479 2578 4532 tali
2622 4487 2704 4533 est
2727 4489 2976 4533 extusum
3013 4478 3372 4549 malignitate.

2318 4569 2546 4626 CAPUT
2585 4567 2866 4625 XXXVIII.

1881 4662 1937 4716 In
1966 4664 2242 4734 provincia
2284 4662 2620 4732 Aquitanim,
2653 4662 2706 4716 in
2735 4677 2869 4731 pago
2916 4662 3226 4727 Alvernico,
3259 4663 3380 4718 vico

1810 4753 2168 4818 Tudurninse,
2199 4762 2283 4809 est
2310 4753 2609 4809 emnobium
2641 4753 2848 4807 meritis
2891 4751 3045 4820 hujus
3073 4753 3381 4823 praecellen-

1812 4845 2003 4899 tissimi
2041 4845 2294 4914 martyris
2316 4859 2379 4898 ac
2402 4843 2614 4897 nomine
2639 4853 3011 4897 consecratum
3040 4860 3052 4895 :
3088 4843 3240 4911 cujus
3265 4842 3379 4911 pri-

1813 4937 1996 4991 maria:
2020 4934 2434 4990 constructionis
2462 4936 2600 4986 ratio
2621 4932 2988 5004 hujuscemodi
3020 4931 3253 4986 veridica
3278 4929 3382 4984 fer-

1817 5034 1901 5080 tur
1929 5025 2186 5078 relatione
2212 5022 2393 5076 fuisse.
2422 5021 2546 5076 Fuit
2575 5021 2626 5074 in
2656 5019 2840 5074 eadem
2880 5021 3099 5090 regione
3128 5021 3386 5073 sacerdos

1813 5117 2078 5186 quispiam
2103 5131 2312 5170 morum
2336 5115 2601 5184 probitate
2621 5113 2901 5177 notabilis,
2925 5121 3048 5165 actu
3071 5127 3134 5165 ac.
3163 5110 3382 5165 nomine

1813 5208 2036 5278 Magnus
2056 5246 2071 5270 ,
2102 5206 2196 5276 qui
2227 5215 2278 5260 et
2307 5221 2372 5257 ex
2399 5212 2590 5258 eventu
2624 5201 2836 5272 quod,ei
2867 5217 2969 5255 nou
3005 5199 3258 5264 fortuitu,
3287 5200 3382 5253 sed

1813 5306 1944 5351 nutu
1974 5296 2162 5350 deiﬁco
2191 5293 2466 5364 provenit,
2503 5293 2619 5347 loco
2647 5291 2720 5346 illi
2750 5305 2943 5342 nomen
2974 5288 3196 5352 indidit,
3228 5296 3285 5340 ut
3313 5289 3381 5342 ab

1813 5389 1928 5458 ipso
1951 5387 2375 5456 Magnus-Locus
2405 5385 2673 5438 diceretur
2700 5389 2933 5446 etesset,
2950 5378 3210 5448 siquidem
3240 5377 3386 5432 inter
3437 5369 3464 5443 _'

1813 5489 2005 5534 cuncta
2028 5477 2263 5544 ejusdem
2296 5473 2584 5544 provincia:
2607 5469 2930 5524 monasteria
2963 5467 3382 5522 famosissimum

1815 5569 2130 5624 hodieteuus
2175 5566 2406 5620 habetur
2435 5577 2498 5617 ac
2542 5559 2738 5616 nobile.
2771 5559 2870 5613 Hic
2899 5560 3080 5628 itaque
3105 5559 3227 5613 dum
3257 5557 3380 5612 fidei

1887 5683 2030 5752 (HI)
2071 5680 2272 5752 Nomen
2291 5678 2538 5752 Graecum
2559 5675 2614 5730 εὖ
2640 5685 2694 5730 et
2721 5676 2910 5748 ῥυθμός
2925 5715 2940 5742 ,
2967 5673 3248 5744 elegantem
3273 5673 3380 5744 [or-

1817 5747 1954 5806 mth
1991 5747 2088 5806 hoc
2116 5751 2234 5804 loco
2257 5747 2584 5817 signiﬁcans.
2722 5747 2729 5748 ί
2819 5747 2822 5748 ⁷
3059 5761 3066 5766 ·
