3848 5666
483 349 588 408 6οἹ

1308 350 1619 410 ODILONIS
1656 349 1958 410 MONACIII
1985 351 2043 408 S.
2072 350 2376 411 MEDARDI
2401 349 2753 412 SUESSIO‘N.

3624 351 3715 411 ωε

483 456 680 514 ardore
707 454 974 525 ferveret,
1002 455 1366 527 virtutumque
1403 461 1495 530 pio
1522 476 1704 516 amore
1746 461 2048 530 mentisque
2077 465 2124 524 Α
2152 471 2322 517 strato
2367 463 2652 523 conamine
2714 461 2968 518 substitit.
3031 459 3250 519 Vicibus
3311 461 3719 523 succedentibus

484 548 765 606 alacritate
790 557 1152 604 succresceret
1173 588 1190 616 ,
1220 549 1412 605 divinae
1437 551 1848 620 dispensationis
1873 553 2053 609 mode-

487 639 694 696 ramine
721 654 828 708 quo
853 638 1151 708 flagellatur
1177 640 1423 710 quisquis
1457 656 1488 694 a
1531 641 1641 696 Deo
1670 639 1930 711 diligitur,
1963 657 2056 694 va-

485 730 592 784 lida
626 728 775 789 febre
803 730 1110 806 corripitur.
1133 729 1296 798 Cujus
1345 731 1555 786 diutino
1592 731 1930 787 incommodo
1973 729 2057 786 in-

485 823 868 895 graveScente,
919 820 1125 876 viribus
1171 820 1389 887 fractis,
1431 822 1682 892 omnique
1735 821 1920 876 salutis
1962 835 2058 891 spe

483 910 796 976 destitutus,
817 919 1062 966 monetur
1083 925 1177 981 per
1195 912 1370 966 visum
1392 912 1618 968 celerem
1645 927 1888 981 gressum
1916 925 2055 980 prte-

486 999 704 1054 tendere
751 996 975 1052 Romam
1007 998 1400 1068 ire,martyris
1431 997 1746 1058 Sebastiani
1782 999 2054 1068 pretiosis-

483 1087 675 1141 simum
715 1089 1048 1144 mausoleum
1081 1087 1305 1143 fidenter
1335 1099 1588 1156 expetere
1604 1105 1629 1156 ;‘
1659 1089 1758 1142 illo.
1777 1103 1835 1143 se
1865 1089 2057 1144 libera-

483 1176 605 1233 liter
631 1179 946 1239 salvandum
974 1179 1092 1235 visu
1129 1177 1286 1232 discit
1313 1177 1569 1237 veridico.
1617 1177 1765 1234 illico
1808 1177 2053 1247 aliquan-

483 1266 654 1338 tisper
685 1268 924 1339 vegetior
951 1267 1220 1332 redditus,
1255 1267 1328 1322 nil
1358 1267 1422 1322 de
1448 1267 1672 1322 visionis
1701 1267 1894 1323 effectu
1927 1283 2058 1322 cun-

491 1366 686 1421 ctatus,
716 1357 1083 1416 facultatulam
1122 1373 1274 1414 suam
1317 1357 1554 1427 disponit
1581 1358 1650 1414 ob
1675 1359 1929 1429 longioris
1959 1359 2057 1414 virc

486 1445 888 1514 difﬁcultatem;
907 1463 1024 1518 qua:
1046 1457 1201 1502 erant
1223 1449 1526 1503 necessaria
1549 1458 1847 1519 opportune
1869 1448 2055 1516 sumit,

482 1535 709 1594 arduum
742 1535 879 1592 tanti.
917 1535 1124 1590 itineris
1157 1534 1395 1591 laborem
1444 1537 1820 1592 anhelantibus
1847 1539 1933 1606 pia
1963 1537 2060 1591 de-

482 1627 696 1682 votione
743 1627 1053 1696 praecordiis
1107 1627 1324 1681 humilis
1371 1643 1436 1682 ac
1487 1629 1789 1683 submissus
1841 1628 2052 1698 arripit.

483 1716 840 1787 Hodmporico
888 1719 1032 1790 (472)
1082 1719 1208 1774 licet
1253 1717 1536 1775 dilliculter
1574 1719 1823 1790 expleto,
1866 1716 2052 1773 mundi

2156 553 2382 610 Comites
2408 548 2523 620 ejus
2549 549 2833 606 arbuscula
2867 551 3192 608 inhrerentes
3219 567 3381 608 casso
3412 552 3612 607 sudant
3652 553 3718 606 la-

2154 639 2304 696 bore.
2336 639 2534 701 Volans
2557 642 2698 696 fama
2725 643 2792 696 ad
2818 650 2924 697 tam
2948 641 3148 711 grande
3174 641 3556 712 spectaculum
3582 643 3719 696 villa.

2157 743 2255 783 nos
2279 729 2556 801 contiguos
2577 730 2822 785 advocat.
2845 729 2983 784 Hinc
3005 731 3126 786 inde
3148 718 3340 801 vulgus
3362 731 3718 801 promiscuum

2156 819 2408 887 confluit,
2433 831 2488 876 et
2517 822 2616 876 hoc
2641 822 2814 892 ipsum
2841 821 3099 876 mutuatis
3128 822 3338 877 vicibus
3372 830 3718 886 attentantes,

2156 913 2298 983 quod
2327 927 2538 967 rumore
2560 912 2858 966 didicerant
2884 912 3208 982 experiendo
3252 911 3521 982 probant.
3562 911 3722 981 Depo-

2156 999 2274 1054 sitis
2313 999 2600 1056 sarcinulis
2627 1001 2713 1056 die
2759 1000 2848 1055 illo
2895 1001 3034 1055 inter
3065 1001 3201 1056 velle
3244 1017 3311 1056 ac
3334 1002 3485 1057 nolle
3513 1016 3720 1070 pausam

2156 1090 2408 1158 capiunt;
2445 1089 2808 1155 recentiores,
2841 1092 2933 1160 qui
2970 1092 3300 1146 advenerant
3330 1091 3650 1149 alternatim
3670 1106 3722 1151 se

2158 1179 2491 1248 ingerentes,
2523 1180 2739 1236 lacertis
2767 1183 3103 1252 stupentibus
3123 1198 3260 1238 vane
3290 1183 3594 1253 desipiunt.
3623 1183 3722 1239 Una.

2155 1268 2434 1339 decunque
2477 1271 2641 1328 variis
2688 1273 2926 1342 possessi
2975 1272 3324 1345 languoribus
3378 1283 3719 1330 concurrunt.

2157 1359 2424 1430 Operatur
2465 1362 2547 1417 vis
2577 1362 2766 1418 deitica
2798 1379 2895 1434 per
2935 1365 3186 1423 meritum
3208 1367 3294 1426 sui
3327 1366 3594 1436 martyris
3619 1380 3719 1419 om-

2157 1450 2351 1521 nigena
2398 1453 2778 1508 miraculorum
2826 1454 3014 1525 signa,
3059 1456 3215 1516 caecis
3265 1455 3486 1519 visum,
3535 1454 3724 1511 claudis

2158 1557 2399 1612 gressum
2448 1543 2718 1608 tribuens;
2764 1544 2896 1604 alios
2941 1545 3243 1606 truculento
3286 1560 3580 1616 possessus
3629 1547 3720 1601 dx-

2159 1649 2317 1690 mone
2371 1651 2645 1706 purgans,
2695 1637 3014 1706 quibusdam
3067 1639 3322 1694 audiendi
3374 1639 3720 1708 loquendique

2158 1724 2457 1779 naturalem
2477 1724 2749 1792 eﬂfectum,
2764 1727 2923 1782 noxio
2947 1737 3222 1793 evacuato,
3240 1728 3510 1800 largiens.
3533 1729 3718 1784 interea

483 1809 754 1867 dominam
803 1819 987 1880 optato
1032 1809 1246 1866 tandem
1291 1818 1414 1864 voto
1461 1809 1759 1881 ingreditur
1797 1808 2056 1869 Romam,
2088 1798 2132 1858 Β
2160 1812 2415 1875 dominus
2445 1812 2628 1881 fundi,
2658 1830 2765 1885 quo
2809 1816 2925 1878 haec
2967 1798 3604 1886 gerebantur,vcernens
3631 1830 3717 1873 tam

481 1901 852 1970 scandensque
883 1901 1138 1971 templum
1177 1911 1288 1957 toto
1326 1902 1456 1957 orbe
1502 1902 1743 1956 sanctius
1771 1909 1932 1970 atque
1981 1899 2058 1953 fa-

482 1988 717 2056 mosius,
749 2006 1001 2046 excessus
1026 2007 1152 2046 suos
1192 1991 1420 2060 plurima
1449 2007 1669 2062 precum
1721 1990 2059 2046 confessione

482 2081 592 2141 Deo
608 2097 702 2153 per
718 2097 954 2138 summos
971 2084 1208 2140 cmlestis
1232 2084 1394 2139 curiae
1419 2082 1666 2138 consules
1691 2080 2058 2152 praecordiali-

483 2180 567 2232 ιρι·
591 2173 893 2227 committit.
921 2174 1124 2228 Dehinc
1153 2173 1392 2229 lustratis
1420 2172 1618 2227 Christi
1645 2180 1938 2248 martyrum
1969 2185 2057 2226 se-

479 2260 715 2334 pulcris,
762 2277 988 2331 quorum
1035 2261 1419 2316 numerositate
1448 2271 1609 2330 atque
1651 2259 1894 2316 victoriis
1922 2260 2053 2319 urbs

485 2350 722 2406 Romana
765 2354 1021 2424 singulari
1056 2353 1310 2424 tripudiat
1355 2352 1668 2422 privilegio,
1716 2351 1962 2423 pervenit
1991 2350 2057 2405 ad

483 2446 826 2501 catacumbas
875 2447 1035 2500 tertio
1065 2447 1131 2500 ab
1175 2446 1308 2500 urbe
1355 2445 1638 2508 milliario;
1684 2443 2058 2514 ingressusque

482 2535 764 2592 ecclesiam
803 2537 854 2591 in
903 2554 1006 2609 qua
1057 2537 1327 2615 quondam
1371 2531 1515 2594 beati
1556 2535 1751 2592 Petrus
1779 2544 1835 2590 et
1861 2535 2059 2592 Paulus

484 2627 709 2696 apostoli
733 2628 932 2682 conditi
963 2626 1206 2695 fuerant,
1235 2630 1300 2683 ad
1327 2643 1554 2699 quorum
1579 2628 1805 2702 vestigia
1836 2627 2059 2698 belliger

485 2716 586 2771 iste
611 2717 1117 2785 victoriosissimus,
1161 2721 1226 2774 de
1255 2736 1361 2796 quo
1408 2736 1586 2776 sermo
1619 2723 1836 2788 texitur,
1879 2739 1938 2780 se
1966 2725 2060 2780 de-

484 2805 755 2877 legaverat
783 2809 1028 2876 sepeliri,
1066 2810 1241 2864 votiva
1275 2826 1433 2880 prece
1469 2812 1558 2866 diu
1608 2814 1870 2874 incubuit.
1921 2814 2058 2870 llinc

484 2900 552 2952 ab
587 2900 830 2954 oratione
869 2914 929 2956 se
975 2901 1256 2972 subrigens
1299 2902 1745 2970 perfectissimam
1776 2904 1932 2960 eil'ert
1979 2906 2062 2960 in-

489 2988 852 3048 columitatem
873 3030 888 3054 ,
920 2998 1028 3044 tam
1057 2991 1289 3049 robusta:
1322 2991 1559 3048 redditus
1587 2993 1862 3048 valitudini
1908 3010 1971 3050 ac
2012 2993 2060 3050 si

488 3076 633 3130 nulla
689 3094 924 3148 unquam
972 3078 1198 3134 febrium
1225 3083 1572 3149 accensione,
1605 3095 1698 3138 aut
1727 3083 1952 3154 alicujus
1979 3085 2058 3140 in-

2157 1903 2297 1961 mira.
2315 1917 2378 1959 ac
2401 1903 2666 1972 stupenda
2695 1903 2748 1965 in
2787 1919 2884 1970 sua
2914 1906 3127 1961 actitari
3171 1907 3382 1978 ditione
3413 1908 3612 1962 deiﬁca
3650 1924 3718 1962 εξ-
3808 1969 3809 1978 ἶ

2154 2002 2466 2058 cramenta,
2507 1993 2713 2051 adscito
2749 1994 2815 2049 de
2841 1993 3016 2052 oﬂicio
3060 1996 3373 2068 reipublicae
3428 1997 3716 2061 tabellario.

2157 2080 2295 2139 facta
2331 2081 2574 2153 legaliter
2601 2083 2885 2149 traditione
2921 2084 3183 2152 delegavit
3231 2099 3357 2140 eam
3404 2095 3602 2142 sancto
3620 2086 3716 2153 jure

2154 2179 2414 2246 perpetuo
2437 2172 2832 2242 possidendam.
2852 2171 2939 2227 Sic
2964 2188 3060 2243 per
3085 2176 3420 2241 incrementa
3444 2175 3718 2238 dierum,et

2155 2261 2329 2317 cultus
2356 2262 2629 2332 religionis
2656 2273 2712 2319 et
2738 2263 2840 2318 loci
2870 2264 3040 2331 situs,
3069 2280 3528 2338 quorumcunque
3566 2266 3715 2334 dapsi-

2155 2349 2308 2406 litate
2331 2352 2565 2409 fidelium
2586 2353 2833 2432 capiebat
2857 2362 3220 2433 augmentum.
3243 2355 3548 2425 Primoque
3575 2356 3625 2408 in
3643 2369 3715 2407 at.

2155 2445 2275 2500 dem
2308 2445 2457 2511 loco,
2483 2447 2724 2506 oratoria,
2757 2446 2889 2502 cella
2916 2447 3273 2513 construitur,
3305 2456 3592 2517 postremo
3618 2461 3714 2500 creo

2156 2544 2338 2595 scente
2371 2537 2652 2598 devotione
2696 2536 2931 2592 ﬁdelium
2962 2538 3348 2593 monasterium
3399 2537 3562 2608 (ηδ)
3608 2537 3713 2590 inibi

2157 2627 2524 2691 constituitur,
2557 2636 2611 2682 et
2630 2627 2836 2683 honore
2859 2641 2921 2682 ac
2943 2627 3158 2681 nomine
3179 2626 3569 2697 pretiosissimi
3593 2640 3710 2678 urar-

2161 2720 2294 2794 tyris
2322 2717 2520 2773 Christi
2554 2717 2855 2776 Sebastiani
2877 2717 3164 2792 episcopali
3191 2717 3576 2772 benedictione
3603 2730 3709 2768 eam

2158 2818 2431 2875 secratur;
2463 2809 2774 2867 monasticae
2801 2822 3017 2883 quoque
3039 2807 3314 2884 religionis
3351 2807 3492 2874 ordo
3520 2805 3616 2862 sub
3633 2806 3708 2860 ab-

2159 2897 2301 2954 batis
2324 2897 2589 2969 regimine
2623 2897 2986 2956 substituitur.

2687 2987 2914 3044 CAPUT
2955 2987 3192 3043 XXXIX.

2229 3080 2574 3136 Provectiore
2610 3078 2719 3148 jam
2752 3088 2992 3149 tempore
3012 3119 3027 3146 ,
3057 3094 3179 3134 cum
3207 3078 3390 3150 rigore
3421 3078 3710 3133 monastic:

488 3169 754 3223 commodi
777 3170 1059 3227 vexatione
1086 3170 1274 3226 fuisset
1296 3171 1546 3228 infectus.
1572 3174 1796 3240 Dehinc,
1821 3151 1880 3230 ut
1910 3189 2052 3242 reor,
2082 3151 2126 3212 (ἶ
2159 3171 2453 3240 disciplinae
2495 3169 2646 3225 locus
2697 3169 2836 3223 idem
2880 3177 3279 3232 succresceret,
3315 3168 3472 3222 fuere
3498 3169 3600 3220 duo
3627 3168 3708 3220 sub

487 3257 740 3313 instinctu
773 3258 1068 3316 illustratus
1100 3261 1314 3327 divino,
1363 3262 1635 3332 pulverem
1667 3266 1758 3334 qui
1788 3265 1930 3320 circa
1973 3281 2056 3322 se-

485 3348 728 3418 pulcrum
759 3350 874 3418 ejus
903 3361 1052 3418 erat,
1082 3353 1393 3425 detergens,
1424 3371 1544 3410 cum
1576 3372 1782 3411 summa
1811 3357 1929 3411 fidei
1959 3357 2053 3412 de-

485 3440 700 3496 votione
729 3443 974 3515 collegit,
999 3461 1228 3515 eumque
1253 3462 1351 3516 pro
1375 3462 1566 3518 magno
1599 3448 1650 3503 in
1681 3449 1910 3518 patriam
1930 3463 2052 3517 per-

485 3530 761 3586 ferendum
817 3548 997 3590 secum
1042 3537 1250 3604 reponit
1283 3537 1534 3592 thesauro
1583 3555 1598 3593 :
1645 3537 2055 3608 resalutatisque

484 3618 654 3676 beatis
697 3623 950 3694 apostolis
969 3663 982 3688 ,
1028 3625 1334 3694 sanctisque
1363 3627 1610 3681 omnibus
1640 3625 1936 3686 Romanam
1965 3642 2055 3682 ur-

486 3711 608 3765 bem
638 3714 750 3773 suis
775 3714 982 3768 meritis
1011 3730 1075 3768 ac
1107 3716 1396 3786 praesentia
1426 3716 1840 3781 illustrantibus,
1870 3716 2052 3787 genui-

487 3817 614 3854 uuln
643 3802 940 3870 Aquitania:
984 3804 1172 3874 plenus
1219 3806 1410 3875 gaudio
1440 3804 1632 3875 repetit
1657 3804 1849 3862 solum.
1882 3805 2050 3876 Quam

489 3890 794 3964 ingressus,
829 3901 1118 3963 antequam
1170 3893 1489 3957 familiarem
1518 3896 1775 3953 reviseret
1802 3897 2016 3952 domum
2036 3937 2053 3964 ,

489 3981 708 4041 devenit
737 3983 789 4036 in
835 3981 1008 4043 locum
1055 3984 1341 4056 quemdam
1384 4000 1645 4054 aquarum
1690 3987 1914 4048 decursu
1956 4000 2051 4047 ne-

488 4086 698 4124 morum
727 4088 938 4141 quoque
965 4074 1276 4134 animuitate
1301 4073 1766 4148 iocundissimum.
1811 4074 2054 4144 Cumque

2151 3261 2312 3315 ovino
2351 3260 2552 3316 vellere
2601 3260 2655 3314 in
2699 3260 2888 3316 eodem
2936 3260 3183 3314 coenobio
3214 3259 3705 3330 pseudo-monachi.

2152 3350 2243 3418 qui
2273 3349 2440 3403 caulis
2469 3350 2646 3421 gregis
2691 3348 2957 3404 Dominici
3005 3350 3202 3419 quibus
3233 3348 3606 3412 inoleverant,
3630 3347 3709 3401 ob-
3808 3361 3809 3421 η

2151 3453 2313 3496 scena
2342 3439 2601 3514 qualitate
2651 3438 2974 3494 dissidentes
2995 3479 3009 3504 ,
3041 3454 3418 3510 saepenumero
3445 3441 3512 3494 ab
3538 3440 3708 3493 abbate

2153 3545 2245 3589 seu
2269 3530 2555 3599 praeposito
2584 3530 2855 3601 redarguti
2873 3571 2888 3596 ,
2915 3530 3229 3586 commoniti
3261 3539 3430 3605 atque
3457 3529 3704 3600 correpti,

2153 3634 2274 3674 cum
2321 3619 2535 3694 procaci
2578 3619 2944 3696 inquietudine
2983 3618 3165 3674 cordis
3211 3634 3404 3675 aurem
3460 3619 3705 3673 subduce~

2151 3720 2293 3777 rent,
2338 3720 2396 3766 et
2435 3711 2762 3772 salutaribus
2808 3711 3025 3766 monitis
3073 3709 3384 3765 nullatenus
3438 3709 3706 3766 cederent.

2145 3797 2300 3874 juxta
2326 3815 2494 3856 sacrm
2520 3799 2654 3872 legis
2683 3799 2959 3864 instituta,
3007 3813 3077 3853 ne
3111 3813 3330 3853 omnem
3376 3813 3598 3868 gregem
3626 3797 3702 3849 ad-

2154 3889 2478 3945 taminarent
2505 3904 2634 3944 oves
2664 3889 2954 3954 morbida),
2997 3889 3285 3944 discidium
3315 3889 3398 3943 eis
3436 3903 3622 3942 severa
3643 3889 3707 3939 ia-

2151 3977 2402 4032 vcctione
2437 3992 2468 4031 a
2499 3992 2669 4032 sacrae
2693 3977 2921 4046 legionis
2951 3975 3318 4032 comminatur
3345 3989 3598 4046 corpore.
3619 3973 3709 4039 Qui:

2156 4067 2230 4122 illi
2281 4077 2588 4137 comperto,
2652 4066 2826 4122 noctis
2882 4058 3208 4138 intempesto
3256 4082 3496 4136 quaeque
3549 4077 3708 4132 rapere

486 4169 542 4214 et
577 4161 724 4215 locus
757 4163 926 4218 oculis
955 4163 1303 4228 blandiretur,
1338 4172 1392 4219 et
1419 4164 1550 4221 hora
1583 4164 1789 4220 tardior
1835 4179 2053 4219 succre-
2151 4167 2378 4234 potuere
2419 4156 2718 4212 clanculum
2767 4172 2799 4211 e
2845 4157 3177 4211 monasterio
3220 4156 3570 4219 auferentes.
3612 4154 3708 4221 fus:

485 4266 644 4307 scens
670 4253 819 4328 pigra
849 4254 1038 4308 itinere
1064 4269 1288 4325 corpora
1326 4258 1577 4310 suaderet
1604 4257 1898 4313 recreanda
1917 4295 1932 4322 ,
1962 4257 2059 4310 de.
2152 4247 2357 4318 elapsi.
2401 4247 2683 4315 utriusque
2727 4247 2987 4324 PmPOSili
3007 4285 3023 4312 9
3053 4247 3137 4302 SUi
3169 4247 3383 4311 scilicet
3412 4258 3472 4301 ει
3516 4261 3609 4318 ρετ
3632 4245 3708 4299 δεῖ

487 4344 672 4412 positis
702 4346 985 4400 sarcinulis
1027 4347 1254 4416 prandio
1296 4346 1594 4417 indulgent.
1623 4346 1767 4402 Inter
1805 4348 1917 4406 hate
1944 4349 2056 4411 sole

2157 4339 2454 4392 animarum
2483 4337 2634 4404 exitii
2662 4337 3003 4404 immemores
3024 4354 3173 4408 ,‘qua
3206 4340 3436 4409 prepria
3490 4338 3707 4393 ἱυίσὶιιὶηι

487 4441 675 4486 ruente
701 4433 870 4487 noctis
898 4435 1049 4502 quies
1076 4434 1257 4488 blandi
1301 4436 1512 4502 soporis
1546 4436 1720 4490 amica
1764 4436 2051 4492 subintrat.

487 4519 774 4592 Presbyter
818 4538 1029 4576 sacrum
1061 4539 1220 4591 quem
1266 4540 1447 4587 secum
1479 4525 1745 4579 detulerat
1780 4525 2052 4594 pulverem

488 4610 623 4665 collo
646 4611 948 4666 subducens
971 4653 985 4676 ,
1017 4612 1326 4672 ramuscula
1350 4614 1588 4678 arboris,
1637 4613 1915 4685 subcnjus
1946 4630 2055 4669 um-

491 4700 708 4758 braculo
747 4699 1128 4768 discubuerat,
1185 4703 1470 4777 appendit,
1525 4704 1719 4759 dehinc
1765 4705 2057 4774 temperius

490 4789 725 4843 cubitum
774 4804 832 4844 se
879 4791 1137 4856 collocat,
1171 4793 1322 4862 quasi
1376 4793 1464 4847 die
1509 4794 1746 4849 crastina
1790 4793 2055 4847 maturius

490 4881 843 4956 profecturus.
879 4885 1270 4958 Subsequentis
1317 4887 1419 4941 diei
1475 4887 1653 4961 primo
1681 4885 1943 4951 diluculo,
1977 4886 2058 4940 in-

492 4973 709 5027 structis
744 4975 1031 5028 sarcinulis
1060 4976 1159 5031 vim
1190 4990 1247 5030 se
1293 4975 1516 5037 reddere
1558 4976 1810 5051 cupiens,
1839 4977 2060 5048 apponit

493 5078 680 5118 manus
707 5067 771 5119 ad
800 5066 1016 5120 arboris.
1051 5081 1255 5120 ramum
1285 5081 1392 5138 quo
1431 5065 1702 5120 virtutifer
1725 5065 2060 5143 dependebat

494 5152 697 5221 pulvis,
729 5157 1100 5226 protensisque
1144 5162 1254 5208 toto
1279 5154 1464 5208 adnisu
1505 5153 1646 5208 ulnis
1674 5155 1892 5210 minime
1917 5155 2059 5219 hunc

494 5257 598 5295 non
628 5242 796 5296 solum
819 5257 1038 5312 capere,
1063 5244 1153 5296 sed
1184 5258 1279 5298 nec
1305 5243 1618 5313 contingere
1644 5243 1830 5302 valuit.
1857 5243 2056 5298 lterum

387 5361 409 5384 .
496 5331 687 5384 iterato
718 5347 775 5386 se
801 5333 867 5385 ad
896 5331 1208 5388 solvendum
1232 5347 1352 5386 eum
1375 5333 1668 5387 extendens
1686 5373 1700 5396 ,
1729 5333 2058 5402 pedibusque

495 5419 751 5487 quidquid
780 5421 1026 5475 manibus
1055 5435 1340 5475 occurrere
1379 5421 1554 5489 potuit
1594 5421 1912 5490 subjiciens,
1946 5419 2056 5474 fru-

569 5554 712 5632 (lt7‘2)
746 5555 800 5608 In
828 5554 1097 5632 nopnullis
1118 5554 1390 5632 codicibus
1411 5554 1666 5632 mendose
1702 5551 1897 5632 legitur
1920 5550 2058 5632 Opo-

499 5621 703 5666 nm-irn:
741 5639 831 5666 ςμιι
879 5625 1164 5666 linum-ira-
1198 5637 1296 5666 nm
1344 5623 1698 5666 Ilmlmnnricn
1721 5660 1732 5666 .
1765 5621 1816 5666 ἰιΙ
1861 5630 1944 5664 ρςι
1972 5621 2027 5664 ἰεῖ

2154 4429 2404 4486 voluntas
2438 4429 2700 4499 vagabant
2726 4429 2936 4495 incerti.
2976 4431 3219 4500 Denique
3263 4417 3482 4484 Italiam
3503 4473 3518 4495 ,
3551 4429 3702 4484 talium

2158 4518 2506 4592 receptricem
2533 4532 2824 4587 congruam
2858 4518 2958 4572 sibi
2989 4517 3250 4573 latebram
3298 4520 3705 4588 prospicientes,

2155 4609 2466 4679 abjeeto,.ne
2486 4623 2516 4663 a
2536 4607 2772 4677 quolibet
2793 4619 3327 4678 recognoscerentnr,
3347 4611 3564 4672 habitu,
3590 4611 3704 4662 adire

2154 4699 2502 4754 contendunt.
2525 4685 2639 4765 Qua
2662 4712 2782 4752 cum
2805 4699 3126 4767 morigerum
3150 4700 3608 4770 peregrinationis
3625 4711 3704 4752 sa:

2153 4787 2330 4843 locum
2377 4788 2734 4858 reperissent,
2765 4797 3050 4869 postquam
3096 4777 3208 4854 sua:
3240 4791 3487 4848 vesania:
3528 4789 3702 4846 satisfe-

2157 4893 2312 4944 cere,
2351 4879 2543 4934 votiva:
2569 4879 2978 4948 tranquillitatis
3006 4894 3070 4934 ac
3096 4879 3300 4943 intima:
3324 4882 3382 4935 in
3408 4881 3700 4936 monasteria

2157 4969 2465 5024 securitatis
2502 4968 2942 5034 reminiscentes,
2980 4966 3141 5030 taedio
3184 4977 3241 5023 et
3282 4968 3480 5034 labore
3521 4967 3698 5038 pratia

2158 5056 2434 5110 exsulatus
2455 5055 2725 5121 dissoluti,
2751 5070 2874 5137 spes
2897 5055 2940 5110 si
2974 5064 3222 5137 receptus
3252 5056 3336 5110 sui
3366 5057 3575 5126 sperari
3601 5068 3697 5125 pas-

2157 5153 2270 5211 set,
2302 5147 2660 5201 reversionem
2699 5132 2860 5222 quam
2911 5132 3140 5204 maxime
3184 5147 3522 5215 moliebant,
3550 5158 3599 5202 et
3625 5149 3699 5200 hac

2160 5241 2262 5296 sibi
2287 5241 2419 5295 lucri
2447 5240 2563 5296 fieri
2593 5241 2820 5295 invicem
2842 5237 3370 5294 sermocinabantur.
3395 5240 3480 5294 Ad
3509 5240 3614 5293 hac
3634 5253 3697 5289 ra-

2159 5329 2256 5383 bor
2279 5329 2616 5384 confusionis
2645 5345 2743 5398 pro
2768 5329 2849 5384 sui
2875 5327 3133 5398 qualitate
3156 5327 3358 5398 piaculi
3389 5337 3697 5398 [)th

2156 5419 2478 5498 omnimodis
2503 5419 2794 5474 inhibebat.
2821 5419 2962 5473 Inter
2980 5432 3129 5486 spem
3155 5425 3476 5487 metumque
3504 5429 3694 5485 suspen-

2166 5622 2188 5650 Δ
2227 5552 2374 5624 (475)
2421 5553 2797 5608 Μοηεειρτῖν·ν“
2850 5553 2864 5568 “
2901 5567 2946 5572 "
2989 5567 3022 5576 “
3052 5552 3066 5568 '
3095 5551 3132 5570 ·’
3193 5552 3205 5556 ³
3271 5553 3293 5564 ⁵
3389 5559 3398 5564 ’
3454 5566 3539 5580 “’“’
3586 5547 3696 5589 ⁸³⁵³⁵⁸
