3902 6400
130 421 246 481 609

1009 412 1099 480 os
1133 410 1517 481 TRANSLAT.
1561 421 1620 481 s.
1653 409 2062 482 'SEBAS‘I‘IANI
2096 411 2184 480 ET
2222 419 2281 482 's.
2322 416 2530 484 case.

3279 428 3382 491 6l0

128 537 216 593 sis
241 535 393 602 visus
416 541 501 592 est
529 533 608 590 eis
644 549 824 591 sermo
847 538 1207 595 conducibilis
1241 552 1386 606 :qno
1415 553 1706 608 suppresso
1733 542 1783 600 Α
1809 539 2201 593 condonavere.
2229 539 2363 596 Tum
2396 542 2627 614 denique
2662 552 2860 614 quanta
2891 555 3086 603 norunt
3116 540 3198 604 vel
3237 547 3382 607 salii-

126 632 398 696 crimine,
424 645 544 686 cum
575 628 796 684 honoris
822 638 1108 698 augmento
1134 628 1253 683 loco
1297 629 1711 682 restituerentur
1807 626 1957 681 ciunt
1984 628 2339 696 otiiciositate,
2385 648 2489 686 non
2525 634 2667 688 hunc
2705 651 2864 704 quem
2901 639 3108 694 cmlesti
3156 653 3379 698 munere

123 720 388 790 proprio,
419 718 627 775 scilicet
651 726 708 771 ut
734 718 834 772 via:
859 732 980 772 sese
1004 717 1278 772 laboribus
1313 717 1491 780 adhuc
1515 725 1707 772 exten-

122 811 358 876 derent,
384 809 610 864 Romam
654 809 798 862 irent
842 816 896 862 et
952 816 1267 863 sanctorum
1297 807 1530 876 aliquem
1560 821 1709 862 eme-

124 909 288 963 rent,
331 898 484 967 cujus
511 898 789 954 evectione
834 898 1218 969 indulgentiam
1255 899 1397 967 apud
1438 913 1566 954 suos
1593 914 1708 954 me-

123 999 386 1042 rerentur
405 996 461 1042 et
485 987 735 1058 gratiam.
769 985 882 1041 Hoc
908 987 1132 1041 animati
1166 995 1472 1041 commento
1495 987 1707 1043 coalitus

124 1077 218 1146 (ut
247 1074 525 1146 rebantur)
551 1075 653 1130 sibi
683 1075 952 1138 immisso,
983 1072 1218 1128 nefanda
1246 1072 1539 1128 frustrandi
1571 1075 1708 1128 fidu-

119 1170 213 1222 cia
238 1167 360 1237 vagi
381 1165 688 1237 Aquitanici
711 1181 833 1220 cum
855 1165 1064 1220 callidis
1089 1163 1380 1218 fabulaturi
1405 1163 1704 1220 Romulidis

119 1257 472 1325 perveniunt.
510 1254 884 1310 Reverendum
925 1253 1221 1308 antistitem
1267 1261 1322 1308 et
1373 1262 1580 1324 togatos
1623 1254 1703 1308 di-

123 1357 359 1401 vertunt
385 1355 684 1411 senatores,
723 1346 986 1416 juxtaque
1015 1344 1448 1400 Salomoniacam
1491 1353 1703 1398 senten-

121 1436 296 1500 tiam,
345 1435 429 1490 sui
481 1434 710 1489 sollicite
746 1434 1064 1503 perquirunt
1093 1432 1314 1488 similes.
1350 1433 1702 1504 Agglutinan-

119 1537 218 1580 tur
270 1527 423 1580 ocius
501 1525 623 1581 mali
690 1541 812 1580 cum
871 1525 1170 1595 pejoribus,
1220 1525 1516 1580 deteriores
1577 1534 1701 1578 cum

119 1619 518 1686 deterioribus,
567 1627 655 1685 et,
722 1619 864 1674 inter
919 1619 1128 1674 alterna
1179 1618 1484 1688 iusulsaque
1539 1617 1702 1674 collo-

117 1711 284 1778 quia,
331 1727 498 1782 genus
541 1712 882 1783 patriamque
929 1713 1242 1782 interrogati
1286 1714 1539 1783 produnt.
1585 1710 1700 1766 Sci-

118 1800 394 1854 scitantur
421 1802 614 1856 iterum
646 1803 774 1874 quid
816 1817 994 1857 causae
1028 1801 1325 1868 exstiterit,
1367 1816 1466 1872 pro
1513 1815 1620 1871 qua
1667 1816 1699 1854 a

1806 719 2067 788 Optimum
2089 719 2425 776 defensorem
2453 733 2506 778 et
2529 725 2990 797 inexpugnabilem
3014 739 3375 800 protectorem

1804 806 2035 862 Francia
2087 811 2450 878 promeruisse
2497 813 2796 883 gloriatur,
2838 819 3076 886 quinimo
3113 837 3234 876 eum
3285 821 3378 892 qui

1805 910 1906 951 nec
1951 897 2067 952 solo
2115 899 2308 969 dignus
2357 903 2616 958 vocabulo
2664 908 2918 978 martyris
2953 911 3170 966 omnino
3215 911 3380 966 fuerit

1803 987 2023 1056 proprio
2048 992 2240 1045 merito
2258 987 2588 1061 excipientes
2618 1003 2924 1066 tyrannum.
2955 999 3098 1055 inani
3128 1013 3220 1070 spe
3251 1005 3380 1058 totis

1802 1077 2219 1144 praecordiorum
2244 1080 2388 1134 libris
2405 1082 2734 1140 exsultantes
2753 1088 2954 1155 pernici
2977 1105 3161 1158 gressu
3188 1091 3378 1147 futu‘ne

1805 1167 1972 1254 ruinae
2019 1168 2298 1238 improvidi
2353 1175 2580 1243 patriam
2640 1180 2931 1247 repetiere;
2990 1185 3223 1254 dumque
3271 1183 3375 1242 sibi

1803 1246 2009 1328 lingunt
2051 1261 2252 1330 optima
2295 1265 2545 1331 praemia,
2597 1246 2829 1338 pessime
2868 1273 3052 1327 cmeati
3103 1246 3376 1345 nequeunt

1803 1346 1996 1401 intueri
2027 1350 2288 1434 supplicia
2317 1352 2484 1408 illicet
2509 1355 2779 1411 adfutura.
2817 1357 2980 1414 Fines
3007 1377 3148 1432 aegre
3177 1364 3376 1434 diuque

1801 1433 2088 1493 desiderati
2111 1441 2252 1496 ruris
2270 1443 2950 1518 priusquemmttingereut,
2974 1452 3121 1519 gravi
3143 1453 3223 1508 usi
3250 1433 3378 1509 con-

1801 1526 1923 1582 silio
1952 1541 2063 1596 pra:
2091 1544 2150 1584 se
2185 1532 2402 1586 nuntios
2428 1533 2663 1600 mittunt,
2695 1536 2786 1604 qui
2823 1539 3070 1594 amabilis
3104 1550 3156 1595 et
3179 1541 3380 1612 jugiter

1802 1615 2132 1674 honorabilis
2191 1614 2363 1676 sancti
2422 1621 2727 1680 Sebastiani
2785 1631 3040 1699 martyris
3090 1632 3376 1688 adventum

1798 1705 2134 1774 detegerem,
2164 1717 2219 1763 et
2239 1709 2493 1767 sublimes
2525 1729 2764 1783 quosque
2797 1716 2848 1770 in
2881 1721 3238 1789 susceptionis
3263 1721 3378 1788 ejus

1801 1792 1971 1848 oliicia
1995 1797 2324 1852 ranimarent.
2366 1798 2568 1856 Locum
2615 1805 2747 1858 tanti
2783 1808 3072 1874 spectaculi
3105 1809 3373 1880 delegunt,

122 1889 356 1944 remotis
383 1888 572 1960 procul
615 1891 811 1946 ﬁnibus
841 1892 971 1946 inibi
1017 1891 1271 1947 devenire
1314 1890 1610 1961 placuerit,
1649 1897 1705 1944 et
1732 1887 1778 1948 Β
1805 1891 1859 1936 εί
1884 1882 2024 1937 diem
2044 1899 2156 1953 QUO
2195 1885 2295 1940 Sibi
2339 1892 2565 1958 propere
2592 1905 2880 1948 occurrere
2917 1895 3144 1950 debeant
3179 1897 3377 1952 libera-

123 1978 254 2033 talia
307 1995 372 2035 ac
417 1989 563 2035 tanta
607 1982 922 2037 discrimina
970 1982 1268 2046 subierint,
1315 1990 1370 2036 et
1416 1981 1577 2036 veluti
1621 1981 1701 2036 cis

113 2079 560 2140 compaterentur
585 2083 965 2145 argumentose
1001 2081 1194 2128 cuncta
1239 2073 1575 2143 perquirunt.
1620 2069 1700 2125 llli

110 2169 302 2215 votum
335 2162 604 2231 pandunt.
655 2164 710 2218 in
757 2165 1024 2234 agendum
1087 2162 1208 2217 dari
1271 2163 1374 2218 sibi
1419 2163 1698 2219 dexteram

110 2249 430 2320 suppliciter
470 2261 717 2306 exorant.
776 2253 1164 2308 Monaster‘ium
1219 2247 1282 2306 'in
1331 2266 1426 2307 sua
1479 2252 1698 2320 regione

110 2342 494 2398 construxisse
526 2351 808 2412 asserunt,
833 2346 976 2414 quod
1003 2351 1312 2398 sanctarum
1342 2342 1579 2413 indigere
1599 2357 1698 2414 per

106 2435 296 2489 omnia
323 2435 635 2506 pignoribus
663 2436 1002 2506 profitentur.
1031 2433 1244 2490 Vers'uti
1280 2433 1574 2488 Romulidae
1595 2449 1692 2503 per

103 2526 268 2594 plura
285 2527 385 2580 sub
399 2540 496 2580 sua
510 2526 906 2590 observatione,
923 2527 988 2580 ab
1007 2527 1126 2594 ipso
1144 2527 1457 2594 ponltlicum
1485 2532 1695 2578 Summo

99 2615 632 2682 commissa‘inesse,
668 2623 722 2671 et
749 2616 1154 2686 quibuscunque
1183 2613 1372 2669 vellent
1412 2625 1512 2680 pro
1544 2609 1692 2667 libitu

103 2707 381 2776 praecipua
408 2705 655 2762 conferre
693 2723 850 2777 posse
879 2707 1154 2776 jactitaut.
1189 2704 1252 2758 lli
1298 2703 1522 2774 pecunia
1551 2703 1692 2771 apud

102 2811 204 2851 eos
229 2810 290 2850 se
313 2797 604 2866 impetrare
638 2796 808 2863 velle,
832 2798 874 2852 si
913 2812 998 2852 res
1036 2795 1258 2849 haberet
1287 2791 1538 2848 eﬂectum
1559 2832 1574 2858 ,
1607 2807 1694 2847 as-

99 2885 478 2942 serunt.Tunc
500 2887 573 2940 illi
591 2888 937 2942 securitatem
956 2887 1233 2942 obtinendi
1260 2900 1380 2955 quae
1407 2894 1688 2954 cuperent,

98 2982 150 3035 si
205 2990 388 3036 tamen
415 2981 757 3037 dictis‘lidem
783 2983 1115 3037 Iadhibereut
1133 3021 1148 3046 ,
1172 2981 1572 3051 promittentes,
1597 2995 1692 3035 vo-

97 3071 358 3126 cabulum
396 3073 567 3127 sancti
591 3085 750 3142 quem
782 3075 1119 3143 potissimum
1147 3072 1344 3128 vellent
1370 3072 1683 3142 exquirunt.

99 3157 488 3217 Sebastianum
517 3171 805 3233 martyrem
829 3165 1205 3233 pronuntiant;
1232 3179 1326 3218 sua
1355 3179 1451 3233 pro
1481 3180 1544 3218 eo
1573 3178 1689 3218 om-

1803 1966 1926 2026 liter
1963 1973 2321 2030 innotescunt.
2363 1977 2513 2033 Abba
2547 1982 2794 2049 praedicti
2821 1986 3139 2042 venerabilis
3180 1987 3280 2043 loci
3319 1992 3374 2044 e‘t

1802 2061 2026 2118 fratrum
2054 2066 2246 2136 pallida
2269 2071 2460 2124 concio
2496 2075 2805 2129 eorumdem
2835 2078 3104 2144 quondam
3143 2078 3370 2135 fratrum

1799 2167 2020 2209 suorum
2065 2156 2229 2211 oblita
2264 2159 2550 2226 scelerum,
2595 2165 3035 2233 congratulantur
3064 2185 3158 2239 per
3185 2187 3279 2227 eos
3305 2173 3374 2227 ab

1799 2241 1890 2296 illo
1912 2258 2180 2313 tsupremo
2205 2245 2346 2302 bono
2400 2257 2609 2303 tantum
2649 2254 2888 2320 potuisse
2923 2255 3107 2325 perlici
3151 2258 3368 2322 bonum,

1796 2341 1995 2398 eosque
2015 2339 2136 2400 post
2155 2346 2337 2388 casum
2359 2334 2630 2392 beatiores
2651 2340 2965 2408 praedicant,
2987 2343 3372 2402 eminentiores

1795 2432 1893 2472 suo
1923 2419 1976 2473 in
2007 2420 2231 2492 collegio
2261 2424 2499 2480 unanimi
2540 2424 2725 2482 favore
2764 2431 3133 2500 praejudicant.
3165 2427 3369 2490 Vexilla

1794 2505 2064 2562 veliﬁcant
2113 2511 2327 2578 crucis,
2378 2521 2574 2582 tropaea
2621 2525 2676 2570 et
2726 2517 3000 2587 splendida
3050 2529 3371 2592 espromunt

1791 2594 2126 2663 pbilacteria,
2165 2599 2268 2654 heu
2300 2601 2444 2670 proh
2487 2599 2925 2674 dolorlpessima
2964 2625 3063 2679 pro
3095 2605 3176 2666 his
3217 2628 3368 2668 com-

1792 2681 1992 2742 mercia
2040 2690 2286 2758 protinus
2331 2695 2616 2764 recepturi.
2667 2695 2931 2767 Populosa
2981 2717 3364 2774 usquequaque

1792 2778 1948 2832 turba
1991 2780 2092 2834 hoc
2137 2781 2412 2838 dulcisono
2455 2796 2669 2841 rumore
2699 2800 2945 2854 evocata,
2991 2792 3184 2861 plebeii
3243 2783 3368 2850 cum

1791 2866 2059 2922 nobilibus
2087 2879 2142 2924 et
2177 2884 2314 2938 pene
2354 2872 2514 2928 totius
2555 2875 2785 2932 nationis
2819 2889 3066 2948 potentes
3097 2881 3370 2955 religionis

1780 2955 2002 3012 fervore
2031 2961 2284 3030 succensi.
2309 2962 2520 3017 obviam
2543 2974 2666 3018 vota
2699 2982 2876 3021 secum
2907 2979 3062 3038 parta
3098 2971 3372 3028 ferventes

1789 3051 1991 3107 vadunt
2023 3053 2245 3110 alacres.
2288 3055 2424 3122 Quid
2465 3058 2653 3128 plura?
2687 3063 2958 3132 excipiunt
3008 3069 3217 3122 tandem
3260 3085 3366 3124 non

1791 3141 1986 3198 Christi
2024 3155 2319 3217 martyrem
2362 3148 2673 3218 gloriosum,
2703 3153 2794 3207 sed
2823 3155 3125 3212 antichristi
3165 3159 3371 3214 satelli-

100 3252 364 3320 nia,‘qua‘.
388 3251 439 3304 in
463 3266 696 3321 praesens
721 3253 918 3308 habere
938 3261 1207 3322 poterant,
1234 3251 1507 3321 multoque
1535 3262 1684 3323 post-
1712 3240 1759 3304 C
1792 3242 1896 3290 ιθιη
1928 3237 2326 3306 "uenientum;
2354 3255 2458 3295 n0n
2482 3241 2627 3296 illum
2651 3241 3070 3302 faanSi$Sitllllm
3092 3245 3368 3306 Romulea!

98 3340 327 3394 modum
359 3339 594 3408 pluriora
626 3349 787 3409 atque
821 3341 1136 3409 pretiosiora
1156 3339 1510 3408 jurejurando
1537 3357 1690 3411 spon-

99 3429 238 3483 dent
267 3428 554 3482 advectura
593 3428 711 3482 sine
755 3445 902 3484 mora
935 3431 999 3485 de
1027 3431 1224 3498 patria.
1254 3429 1356 3484 'llis
1382 3427 1689 3485 Romulidae

99 3519 459 3591 sponsionqu
507 3521 667 3576 illecti
712 3521 1025 3587 blanditiis,
1078 3524 1332 3591 temporis
1378 3523 1689 3592 opportuni-

97 3623 296 3679 tatem,
313 3628 392 3668 ne
417 3613 820 3679 denotarentur,
849 3615 1130 3686 explorare
1165 3616 1360 3670 debere
1384 3616 1687 3670 necessario

99 3703 437 3773 confingunt.
489 3704 604 3770 Quo
650 3715 861 3776 reperto
905 3715 959 3760 et
1002 3707 1170 3760 indito
1211 3705 1263 3760 in
1305 3707 1496 3760 eodem
1533 3721 1592 3760 se
1629 3721 1686 3760 re

97 3796 445 3852 exhibituros
476 3796 592 3852 loco
616 3793 862 3868 caligosae
890 3798 1062 3852 noctis
1090 3798 1317 3853 articulo
1340 3798 1680 3868 pollicentur,

97 3883 200 3939 ubi
227 3893 286 3937 et
327 3883 470 3951 ipsos
513 3884 700 3940 adesse
722 3896 972 3954 oportere
1015 3893 1276 3942 statuunt.
1318 3886 1525 3941 Interea
1557 3888 1682 3940 dum

96 3973 234 4043 quid
267 3971 348 4026 eis
385 3972 438 4025 in
476 3972 576 4027 hoc
610 3974 898 4029 interstitio
933 3975 1139 4030 subdoli
1169 3975 1348 4046 placiti
1379 3975 1683 4031 faciendum

97 4065 177 4120 sit
233 4073 455 4118 versuta
512 4074 688 4122 mente
750 4066 1142 4130 machinantur,
1203 4068 1683 4122 comminiscuntur

96 4153 350 4223 proximo
371 4151 487 4207 foro
517 4153 792 4222 Cujusdam
818 4155 1050 4211 Cazsaris
1073 4157 1491 4226 sarcophagum,
1511 4157 1680 4213 multa

96 4253 408 4297 aromatum
434 4243 760 4300 delibutione
807 4244 1088 4310 refertum,
1128 4247 1358 4315 denique
1386 4247 1460 4300 'ad
1500 4250 1683 4304 condi-

1791 3327 2060 3397 quondam
2109 3331 2296 3400 prima:
2345 3332 2568 3402 legionis
2619 3335 2956 3406 signiferum,
3007 3340 3102 3396 sed
3155 3341 3368 3398 Satanae

1790 3417 2158 3474 dulcissimum
2208 3421 2404 3493 glareis
2448 3425 2620 3496 cocyti
2661 3427 2988 3495 ministrum,
3034 3441 3196 3502 atque
3244 3450 3366 3490 cum

1788 3525 1982 3578 magna
2035 3511 2357 3581 hymnorum
2412 3515 2583 3584 gloria
2643 3517 2710 3570 ad
2787 3532 3131 3577 sacrosancta
3197 3541 3369 3593 usque

1787 3600 1956 3670 (proh
1994 3599 2211 3672 nefas!)
2262 3603 2518 3659 invehunt
2575 3607 2788 3662 altaria.
2847 3603 3059 3666 Festiva
3093 3608 3369 3670 celebrant

1785 3687 1979 3759 gaudia
2030 3688 2287 3745 luctuosis
2325 3708 2448 3747 mox
2483 3694 2763 3764 questibus
2799 3695 3154 3770 deturpanda,
3195 3717 3366 3773 eaque

1784 3781 2071 3848 quotannis
2115 3771 2428 3837 selemniter
2473 3787 2800 3842 recensenda
2843 3789 3192 3860 consignant,
3234 3771 3367 3848 line-

1786 3875 1941 3921 tenus
1991 3867 2160 3922 illicet
2205 3870 2464 3927 desitura.
2515 3873 2645 3930 Post
2703 3877 3016 3946 multiplicia
3077 3881 3362 3938 missarum

1784 3959 2212 4031 bymnorumquc
2249 3962 2441 4031 ollicia,
2491 3959 2661 4037 epulis
2705 3969 3022 4028 lautioribus
3068 3971 3208 4030 fessa
3254 3975 3364 4031 fra-

1781 4058 1925 4106 trum
1985 4061 2206 4109 caterva
2273 4055 2542 4112 refectorii
2599 4062 2964 4129 penetralibus
3016 4066 3361 4122 convivatura

1781 4143 2039 4196 succedit.
2070 4143 2212 4198 Inter
2249 4147 2618 4214 prandendum
2654 4147 2961 4205 humanitas
2995 4154 3170 4208 omnis
3209 4156 3361 4210 exhi-

1781 4231 1890 4286 bita
1918 4233 2155 4288 laetitiam
2180 4233 2412 4290 ubertim
2441 4236 2780 4307 multiplicat,
2809 4254 2970 4309 quam
3000 4243 3160 4298 nimis
3182 4241 3357 4300 vicina

97 4340 248 4385 ctam
289 4332 500 4386 venitur
545 4333 755 4388 horam.
785 4333 922 4390 Ante
953 4343 1220 4390 maturum
1253 4336 1350 4401 illi,
1400 4353 1533 4406 quos
1570 4339 1678 4393 voti
1778 4333 1834 4378 ει
1861 4325 2015 4380 valde
2051 4326 2210 4396 impia
2248 4327 2492 4385 οοιιῖυείο
2540 4329 2807 4386 deturbat
2850 4331 2983 4388 Nam
3025 4336 3150 4390 dum
3196 4336 3360 4393 licen-

95 4419 284 4481 ardor,
319 4418 602 4490 impatiens
629 4424 979 4488 exarstuab‘at,
1005 4433 1352 4480 accurrentes
1378 4425 1678 4482 Romulida:

1790 4415 1884 4470 lius
1934 4417 2112 4472 edulio
2163 4427 2218 4473 et
2275 4435 2425 4475 mero
2483 4419 2797 4492 indulgent,
2858 4432 2913 4478 et
2965 4436 3030 4479 ex
3094 4438 3359 4498 praecepto

95 4509 311 4564 lucrum
361 4510 628 4568 inhiantes
681 4513 868 4568 obvios
923 4513 1178 4570 habuere.
1234 4514 1518 4570 Silentium
1575 4532 1673 4572 ceu

1777 4506 1987 4563 abbatis
2035 4508 2118 4563 sui
2171 4507 2247 4563 illi
2295 4508 2402 4564 duo
2456 4510 2550 4580 qui
2609 4502 2893 4582 reliquium
2953 4515 3081 4571 illud
3139 4519 3358 4572 sacrile-

95 4601 318 4655 tremuli
369 4602 617 4668 innuunt,
652 4603 718 4658 ad
764 4603 907 4660 illius
953 4605 1326 4662 bomuncionis
1358 4609 1705 4664 Christianm'

1790 4612 1904 4666 gum
1926 4598 2096 4654 Roma
2119 4577 2554 4671 exportaverant,
2577 4603 2642 4658 ad
2665 4577 3073 4660 custodiendum
3099 4608 3354 4678 templum

94 4693 523 4761 regenerationis
565 4695 799 4764 expertis
836 4697 1074 4751 tumbam
1122 4699 1448 4767 pedetentim
1482 4715 1672 4768 perve-

93 4785 274 4838 niunt.
322 4782 380 4839 Si
430 4794 716 4856 martyrem
765 4788 1058 4856 expetitum
1101 4789 1283 4844 videre
1321 4799 1376 4845 et
1419 4791 1673 4861 consequi

92 4871 321 4937 vellent,
366 4875 680 4942 promissam
720 4888 1038 4944 expromere
1078 4886 1134 4930 et
1176 4879 1476 4948 appendere
1515 4895 1676 4950 pecu-

93 4963 244 5016 niam
265 4962 471 5032 jubcnl.
516 4964 850 5034 Revulsoque
888 4969 1202 5039 sarcophagi
1240 4971 1492 5039 operculo
1522 4973 1673 5026 miri-

93 5053 216 5106 fica:
238 5051 448 5107 virtutis
468 5056 686 5110 ambare
709 5055 887 5126 (vulgo
910 5057 1105 5127 ambre)
1130 5061 1368 5114 suaviter
1386 5060 1676 5119 redolentis

90 5141 198 5195 viri
224 5139 414 5196 faciem
441 5143 824 5199 demonstrant.
853 5145 1003 5212 Quod
1027 5146 1113 5200 isti
1135 5155 1474 5212 contuentes,
1499 5166 1672 5219 genua

89 5232 378 5288 celerrime
406 5243 753 5302 procurvaut,
784 5251 847 5291 ac
870 5237 1066 5291 suimet
1092 5237 1144 5289 in
1173 5237 1496 5305 adjutorium
1522 5240 1672 5294 ﬂebi—

91 5324 221 5378 liter
248 5323 518 5377 invocant.
545 5322 700 5380 Omni
730 5326 1050 5395 suspicionis
1078 5328 1445 5382 controversia
1482 5329 1672 5385 corde-

92 5426 257 5470 tenus
282 5413 578 5478 eliminata,
607 5415 714 5470 illis
735 5417 952 5470 omnino
975 5425 1158 5487 utpote
1186 5432 1464 5472 sacrorum
1494 5429 1672 5475 custo-

90 5504 256 5558 dibus
273 5519 336 5558 ex
361 5512 471 5558 toto
491 5506 718 5570 creduli,
742 5505 997 5576 quidquid
1019 5507 1070 5560 in
1086 5507 1432 5577 suppellectili
1457 5525 1554 5565 sua
1578 5510 1672 5564 ha-

88 5594 281 5659 buere,
311 5595 706 5665 promptissima
731 5596 1135 5664 deliberatione,
1164 5598 1252 5652 tali
1278 5600 1468 5655 techna
1495 5599 1666 5655 delusi

1781 4706 1850 4745 ne
1884 4691 1968 4746 vel
2009 4693 2075 4746 ad
2117 4695 2384 4748 modicum
2431 4693 2664 4748 lucernae
2699 4695 3027 4760 deciderent,
3070 4712 3193 4752 cum
3238 4700 3358 4754 aliis

1783 4783 2120 4847 residerent,
2172 4793 2306 4840 nutu
2357 4784 2538 4839 divino
2586 4785 2738 4853 cujus
2786 4787 3116 4844 dilectissimi
3172 4791 3356 4845 militis

1784 4872 1987 4927 cultum
2011 4873 2172 4928 miser
2202 4874 2505 4929 immeritus
2533 4885 2912 4943 usurpaverat,
2940 4877 3151 4948 fragore
3183 4879 3358 4932 horri-

1781 4963 1872 5019 bili
1917 4972 1971 5019 et
2000 4965 2214 5019 turbine
2248 4965 2596 5034 perturbatus
2629 4965 2810 5020 divino
2853 4977 3044 5021 sancto
3075 4967 3228 5022 altari
3257 4969 3353 5024 de—

1782 5065 1960 5111 trusus
1984 5057 2288 5125 pavimento
2309 5056 2522 5126 elapsus
2545 5056 2846 5126 iterumque
2867 5057 3108 5127 relapsus
3127 5060 3354 5122 corruit,

1778 5145 2036 5209 concidit,
2071 5160 2211 5199 nunc
2242 5146 2364 5210 hac,
2397 5160 2541 5199 nunc
2574 5144 2696 5200 illac
2732 5146 3027 5214 parietibus
3061 5161 3180 5201 sese
3206 5147 3354 5202 colli-

1779 5235 1930 5300 dens,
1961 5235 2262 5304 iterumque
2285 5250 2343 5289 se
2374 5235 2531 5290 modo
2551 5238 2730 5306 josum
2769 5235 2940 5305 (474),
2967 5251 3108 5290 nunc
3137 5252 3350 5291 sursum

1777 5323 2006 5379 efferens
2044 5325 2410 5390 contunditur,
2439 5327 2740 5380 conteritur
2764 5335 2818 5379 et
2855 5326 2910 5379 in
2946 5325 3115 5380 frusta
3149 5326 3352 5396 disper-

1776 5417 1937 5488 gitur,
1987 5417 2240 5487 martyris
2283 5431 2474 5472 nomcu
2520 5425 2574 5472 et
2602 5415 2772 5473 ollicia
2803 5431 2923 5486 quae
2960 5417 3191 5472 inaniter
3217 5433 3352 5487 pra:-

1777 5519 2102 5580 sumpserat,
2151 5525 2271 5563 cum
2305 5507 2536 5562 ludibrio
2580 5515 2634 5562 et
2670 5508 2933 5564 dedecore
2975 5508 3348 5578 pollinctoruut

1774 5601 2244 5661 spurcissimorum
2271 5600 2361 5669 qui
2383 5615 2505 5655 eum
2536 5599 2682 5655 illinc
2708 5599 3055 5666 advexerant,
3092 5601 3176 5656 his
3205 5617 3324 5656 mor

167 5727 330 5808 (4⁸14)Δ
357 5728 455 5808 Sic
469 5730 705 5808 antiquis
724 5731 901 5808 forum
941 5747 1032 5789 seu
1071 5731 1249 5802 jusum
1278 5749 1377 5806 pro
1400 5735 1661 5804 deorsum,
1702 5736 1844 5808 quod
1873 5750 1936 5790 ex
1979 5729 2277 5805 Augustino
2311 5731 2506 5803 prohat
2549 5729 2856 5799 Bollandus,
2888 5741 2942 5787 et
2971 5729 3188 5788 Vossius
3220 5732 3270 5786 ir

90 5801 186 5856 lib.
232 5813 268 5854 ll
303 5804 366 5855 de
398 5801 555 5858 Vitiis
591 5803 876 5858 sermonis.
