3848 5668
496 353 590 415 ﬁll

1341 348 1654 411 ODlLONlS
1692 345 1997 407 MONACHI
2027 343 2085 402 S.
2118 343 2420 401 MEDAliDl
2444 340 2792 402 SUESSION.
2848 412 2853 416 ἡ

3622 340 3709 397 612

494 466 686 522 talium
736 462 883 518 auris
930 460 1174 532 perditus
1215 460 1484 517 amittens.
1535 458 1743 529 Flagitii
1794 464 2062 521 auctores,
2093 459 2143 517 Α
2168 460 2347 508 autem
2391 460 2446 508 et
2480 452 2702 520 hujusce
2730 453 3001 523 religionis
3026 452 3094 507 ad
3132 451 3252 507 ﬁdei
3304 448 3476 507 robur
3499 459 3555 507 et
3594 461 3709 507 eon-

490 564 631 607 unus
660 550 958 606 truculento
988 550 1199 617 spiritu,
1229 547 1365 603 alter
1392 561 1549 602 sensu
1587 545 1764 600 inanis
1802 542 2048 610 efﬁcitur,

492 640 651 695 ambo
680 648 855 694 tamen
883 636 1012 706 quid
1053 645 1275 705 egeram
1302 646 1455 706 gestu
1489 647 1772 704 corporum
1811 640 2052 687 ostenta-

489 726 645 784 bant.-
672 727 883 797 Reliqui
929 741 1115 781 omnes
1149 726 1240 796 qui
1288 727 1529 791 aderant,
1567 731 1620 781 et
1660 722 1913 794 martyris
1936 719 2051 777 suf-

490 817 662 888 fragia
694 817 1062 886 virtutumque
1096 823 1371 886 pragmata
1414 815 1736 886 expetebant
1781 815 2053 883 insperato

488 915 547 962 et
591 921 862 977 nunquam
911 914 1135 975 experto
1182 913 1388 960 terrore
1437 904 1705 975 perculsi,
1755 903 2054 958 semineces

488 991 670 1063 fugam
707 1000 1054 1047 maturavere
1083 992 1297 1062 raptim.
1320 991 1705 1047 Prandentium
1732 991 1907 1045 aulam
1933 1005 2056 1061 per-

485 1084 691 1149 volant,
735 1084 838 1139 sibi
883 1081 1155 1138 subveniri
1202 1088 1259 1135 et
1302 1081 1547 1135 auxiliari
1590 1080 1797 1135 insanis
1833 1080 2054 1135 vocibus

485 1173 856 1244 proclamant;
885 1173 1024 1227 heu!
1067 1171 1270 1227 domini
1294 1169 1507 1237 Patres,
1531 1169 1799 1238 inquiunt,
1827 1171 2050 1237 surgite,

484 1273 791 1335 properate,
822 1262 1137 1327 succurrite,
1172 1277 1204 1315 a
1240 1260 1436 1317 saeculo
1470 1275 1732 1330 nusquam
1771 1261 2057 1317 consimile

486 1353 754 1422 piaculum
774 1352 969 1408 videte.
992 1351 1135 1407 Proh
1158 1352 1355 1423 pudor!
1385 1351 1764 1422 lmproperium
1788 1356 1978 1420 perpes
1998 1360 2054 1407 et

484 1443 650 1497 rubor
669 1442 997 1498 confusionis
1026 1456 1299 1512 nunquam
1322 1442 1643 1497 abolendus!
1677 1442 1791 1512 ipse
1809 1441 2053 1497 diabolus

485 1533 647 1590 hodie
672 1533 763 1590 hic
795 1534 958 1588 estin
989 1541 1218 1603 tyranno
1252 1533 1464 1587 allatus.
1496 1531 1764 1602 Quidquid
1792 1546 1904 1601 prae
1941 1546 2053 1585 ma-

485 1623 644 1678 nibus
669 1633 786 1678 erat
813 1623 1186 1692 prandentium
1212 1621 1441 1693 abjecto,
1473 1637 1595 1676 cum
1624 1621 2051 1690 validostrepitu

484 1712 686 1767 mensis
705 1712 1030 1777 exsilientes,
1059 1710 1333 1780 signaculo
1352 1719 1408 1765 et
1434 1711 1630 1765 virtute
1646 1719 1850 1764 sanctae
1874 1711 2051 1765 crucis

484 1802 730 1856 certatim
785 1802 1097 1858 communiti
1154 1802 1408 1870 templum
1466 1809 1780 1871 penetrant;
1839 1801 2048 1855 finitimi
2082 1813 2128 1875 Β
2155 1801 2446 1902 fragium
2470 1801 2692 1904 p'ignor'a
2719 1801 3069 1901 οὸηηαεηηι.

485 1907 698 1962 quoque
749 1894 839 1964 qui
890 1893 1172 1948 charitatis
1222 1892 1503 1948 affectione
1552 1894 1749 1947 retenti
1801 1892 2051 1958 fuerant,

481 1984 833 2054 undecunque
854 1985 1198 2040 decurrentes
1212 1984 1555 2038 conveniunt.
1571 1981 1707 2050 Quid
1728 1980 2057 2036 memorem?

482 2082 592 2130 tam
625 2076 959 2145 repentinum
987 2084 1041 2130 et
1079 2074 1408 2143 insperatum
1455 2074 1709 2144 gaudium
1740 2072 2056 2127 subitaneus

482 2175 538 2220 et
556 2182 830 2237 nunquam
855 2175 1133 2235 suspectus
1150 2175 1490 2235 praeoccupat
1510 2165 1698 2219 luctus.
1723 2164 2056 2218 Contueutur

482 2256 725 2310 cominus
751 2256 1056 2324 pavimento
1092 2253 1401 2323 prolapsum
1428 2253 1569 2307 illius
1595 2251 1963 2307 nefandissimi
2000 2259 2057 2305 et

481 2346 768 2401 miserrimi
814 2344 1045 2399 hominis
1086 2342 1449 2413 particulatim
1477 2342 1713 2397 cadaver
1759 2339 2053 2404 divulsum,

481 2436 770 2508 delentque
816 2451 876 2492 se
924 2436 979 2492 in
1022 2435 1252 2491 articulo
1282 2434 1475 2489 modici
1517 2432 1772 2504 temporis
1810 2432 2056 2488 amisisse

483 2527 759 2595 gaudium,
788 2526 932 2596 quod
969 2525 1374 2597 gratulabantur
1417 2525 1534 2579 sine
1571 2522 1677 2579 fine
1718 2537 2052 2578 mansurum.

481 2612 570 2669 Fit
592 2614 796 2669 clamor
819 2612 1097 2680 confusus,
1139 2614 1379 2668 omnium
1418 2622 1605 2684 stupor
1632 2612 1911 2667 attonitus.
1941 2609 2052 2665 Ad-

480 2718 696 2760 versum
744 2703 928 2774 tlagitii
968 2711 1218 2758 auctores
1268 2703 1497 2774 plurima
1538 2703 2055 2772 vulgiconcurreus

483 2815 677 2854 manus
716 2797 1067 2853 infremescit.
1108 2797 1212 2851 Alii
1254 2796 1570 2866 lapidandos
1610 2795 1923 2866 sacrilegos,
1962 2793 2051 2848 alii

484 2889 725 2961 patibulo
768 2888 1184 2959 appendendos,
1227 2888 1444 2958 quidam
1486 2888 1596 2959 igni
1640 2888 2052 2952 comburendos,

485 2990 580 3034 aut
617 2980 764 3035 letho
792 2993 1112 3050 quocunque
1135 2979 1400 3034 atrociore
1442 2978 1619 3050 puniri
1653 2978 1850 3033 debere
1892 2977 2055 3031 male-

483 3070 620 3126 dicis
647 3070 872 3140 eloquiis
906 3070 1253 3125 lacessientes
1281 3069 1673 3124 acclamabant.
1710 3067 1904 3124 Verum
1935 3067 2054 3137 qui-

483 3157 585 3214 bus
619 3168 736 3214 erat
774 3173 869 3214 cor
903 3158 1077 3214 docile
1111 3172 1175 3213 ac
1212 3172 1364 3213 mens
1393 3156 1669 3221 sincerior,
1716 3169 2049 3225 nequaquam
2079 3171 2124 3234 ο

483 3262 578 3304 eos
626 3248 862 3313 humano
900 3260 1060 3317 posse
1110 3246 1353 3313 damnari
1404 3245 1715 3317 prazjudicio
1766 3251 2049 3308 astruunt,

485 3352 624 3408 quos
677 3337 870 3392 divinae
921 3336 1221 3392 severitatis
1274 3350 1503 3392 censura
1545 3333 1658 3403 jam
1708 3332 1894 3404 plexos
1941 3332 2054 3389 fore

484 3425 685 3496 liquido
721 3427 1132 3483 contuebantur.
1164 3426 1373 3482 interea
1419 3423 1641 3481 collecta
1686 3422 2050 3494 particulatim

480 3519 764 3590 putredine
789 3518 1039 3589 dirempti
1078 3516 1222 3573 illius
1250 3515 1479 3572 infelicis
1512 3514 1791 3571 cadaveris
1826 3514 1880 3569 in
1909 3522 2051 3569 ster-

480 3606 764 3677 quiliuium
814 3606 961 3678 vulgi
1019 3615 1226 3663 stercus
1284 3605 1689 3677 spurcissimum
1747 3605 2051 3674 proiicitur,

481 3697 727 3752 obruitur
774 3704 829 3752 et
865 3696 1224 3767 proculcatur,
1267 3696 1623 3766 ultimamque
1665 3695 1715 3751 ei
1757 3698 1876 3751 vale
1924 3711 2053 3750 ana-

482 3785 661 3838 thema
717 3794 1029 3854 perpetuum
1086 3786 1432 3856 imprecatur.
1482 3785 1693 3841 Rastris
1745 3786 2051 3856 pavimenta

483 3876 795 3942 eraduutur,
846 3876 1001 3946 aquis
1048 3876 1341 3944 diluuntur,
1379 3886 1435 3933 et
1480 3892 1650 3934 sacra:
1701 3878 2052 3948 respersionis

482 3964 624 4021 unda
652 3966 1027 4036 puriﬁcautur.
1406 3982 1409 3983 '
1842 3974 1845 3979 '

1078 4077 1305 4136 CAPUT
1343 4077 1458 4134 XL.

546 4193 703 4248 Juvat
729 4193 963 4250 conferri
987 4194 1114 4250 huic
1134 4194 1275 4251 facto
1297 4194 1579 4267 antiquum
1609 4194 1755 4250 illius
1782 4194 1859 4249 rei
1888 4202 2052 4265 gesta:

477 4295 728 4340 eventum
767 4286 907 4355 quod
953 4286 1181 4357 contigit
1233 4287 1289 4341 in
1336 4287 1532 4357 populo
1577 4286 2048 4351 Aeharouitarum,

477 4390 705 4442 quorum
731 4377 862 4432 deus
889 4385 1006 4432 erat
1036 4378 1291 4434 Astarotb
1310 4417 1328 4443 ,
1351 4386 1413 4431 ut
1439 4378 1639 4448 Regum
1665 4376 1864 4446 promit
1890 4376 2054 4432 histo-

478 4465 582 4530 ria,
624 4468 714 4535 qui
755 4467 934 4537 templi
976 4469 1060 4523 sui
1105 4468 1337 4523 aditibus
1380 4469 1577 4524 Arcam
1622 4468 1716 4522 Dei
1758 4466 2046 4536 repositam
2075 4505 2125 4566 υ

478 4569 660 4612 secum
691 4558 935 4614 habitare
960 4562 1118 4613 domo
1147 4574 1253 4613 una
1278 4574 1382 4614 non
1408 4561 1700 4624 sustinens,
1729 4558 2043 4629 praepotenti

476 4647 708 4713 quodam
750 4648 973 4703 numine
1008 4664 1299 4705 concussus
1337 4651 1390 4704 in
1430 4658 1628 4704 terram
1667 4650 1792 4715 ruit,
1824 4647 2047 4717 ejusque

478 4733 713 4789 Calvaria
764 4736 817 4791 in
858 4737 1025 4807 ipsius
1074 4737 1201 4792 idoli
1246 4738 1430 4793 limine
1472 4753 1770 4807 manusque
1808 4737 2046 4807 prtecisas

475 4835 701 4883 truncus
724 4829 869 4885 iners
909 4844 1008 4887 suo
1037 4837 1095 4884 ut
1120 4839 1237 4885 erat
1270 4830 1560 4886 transﬁxus
1594 4829 1711 4885 loco
1739 4841 2044 4893 remanens,

418 4946 421 4951 ι
476 4922 822 4992 Opprobrium
848 4922 1286 4979 suiscultoribus
1312 4937 1548 4993 perenne
1577 4921 1811 4992 reliquit.
1844 4920 2043 4975 Verum

476 5005 632 5082 longe
659 5013 815 5068 aliter
839 5013 924 5068 his
948 5013 1142 5081 quibus
1169 5014 1376 5069 sincera
1399 5014 1453 5068 in
1479 5014 1601 5081 Deq
1621 5012 1751 5068 tides
1782 5019 1836 5067 et
1864 5026 2048 5083 prom-

474 5102 746 5171 ptissimus
773 5110 917 5167 erat,
949 5104 1159 5158 tametsi
1189 5105 1364 5159 minus
1403 5105 1614 5167 doctus,
1656 5112 1712 5157 et
1743 5102 1860 5158 ideo
1905 5102 2044 5157 male

475 5190 665 5246 illusus
710 5192 1020 5257 famulatus,
1062 5208 1223 5261 quam
1261 5192 1557 5264 Allophylis
1603 5196 1705 5249 rite
1751 5194 2040 5265 contigisse

2153 543 2434 605 stantiam,
2468 557 2536 597 ne
2568 542 2823 612 perfacile
2859 545 3081 599 incertis
3124 559 3412 600 assensum
3456 544 3706 606 tribuant.

2153 645 2288 685 neve
2328 641 2616 701 antequam
2645 632 2960 701 approbent,
2998 644 3240 689 sanetum
3286 633 3473 688 dicere
3496 632 3708 701 aliquem

2153 719 2460 775 mortalium
2502 721 2755 787 audeant,
2789 717 3053 790 juxtaque
3078 721 3373 776 Dominica:
3409 719 3711 775 eruditionis

2152 809 2423 875 instituta,
2469 825 2590 864 cum
2632 811 2867 866 dixerint
2906 829 2921 867 :
2963 810 3098 866 Ecce
3144 811 3286 866 Deus
3332 811 3443 875 hic,
3485 821 3577 863 aut
3619 826 3712 863 om

2151 897 2281 964 illic,
2316 899 2539 955 credere
2570 898 2865 971 refugiant,
2906 915 2975 956 ne
3013 916 3109 971 per
3137 900 3238 956 hoc
3271 899 3420 955 forte
3457 898 3707 955 diabolica

2154 989 2359 1045 fraudis
2380 990 2666 1045 occasione
2693 992 2926 1047 admissa
2951 990 3253 1062 posthabita
3282 990 3447 1045 latria
3482 989 3567 1045 sui
3587 989 3707 1045 Cou-

2154 1076 2342 1132 ditoris
2365 1078 2597 1148 quodam
2621 1078 2780 1135 modo
2806 1077 3076 1136 offendant
3102 1080 3157 1134 in
3181 1078 3518 1135 idololatria.

2736 1166 2961 1247 captir
2996 1190 3135 1247 XLI.

2226 1293 2394 1364 igitur
2419 1293 2649 1350 necdum
2697 1293 2935 1367 longmvo
2971 1293 3255 1367 permenso
3300 1294 3506 1366 spatio,
3538 1294 3710 1350 beatis-

2154 1381 2291 1436 simo
2318 1392 2373 1436 et
2400 1382 2683 1437 omnifaria
2727 1384 2883 1440 laude
2917 1385 3230 1455 dignissimo
3266 1397 3517 1456 martyre
3560 1385 3704 1440 Seba.

2154 1472 2331 1527 stiano
2359 1486 2524 1540 penes
2549 1472 2867 1529 Suessorum
2894 1475 3079 1529 urbem
3118 1475 3425 1530 honoriﬁce
3452 1474 3617 1539 illato,
3652 1490 3703 1528 ac

2154 1574 2275 1614 cum
2308 1575 2503 1630 magno
2537 1560 2768 1630 tripudio
2806 1556 3055 1633 excepto,
3085 1579 3206 1619 cum
3235 1562 3356 1632 ejus
3401 1564 3487 1635 (ut
3518 1568 3705 1635 praemi‘

2154 1647 2341 1719 simus)
2382 1650 2745 1720 prodigiorum
2784 1662 2947 1723 atque
2985 1653 3261 1721 signorum
3296 1652 3447 1706 fama
3489 1655 3706 1707 crebres-

2155 1748 2332 1805 ceret,
2378 1741 2444 1795 de
2479 1740 2609 1810 ipsis
2638 1757 2852 1812 quoque
2893 1742 3092 1798 ultimae
3118 1742 3249 1798 Tilre
3279 1742 3491 1797 ﬁnibus
3529 1744 3593 1798 ad
3617 1743 3708 1813 eius

3101 1835 3237 1891 abba
3267 1836 3527 1906 praedicti
3556 1850 3708 1889 mom-

2156 1923 2325 1989 sterii,
2351 1924 2418 1979 de
2445 1938 2551 1993 quo
2572 1939 2749 1980 sermo
2774 1926 2989 1982 habitus
3008 1934 3111 1993 est,
3134 1927 3365 1982 audiens
3390 1927 3522 1990 hoc,
3547 1927 3706 1997 gnatis

2154 2013 2389 2083 repletus
2441 2026 2745 2071 commonet
2795 2031 2922 2072 suos
2978 2018 3334 2087 hortaturque
3387 2018 3703 2073 celerrimum
3798 2010 3805 2025 '

2156 2103 2280 2159 illuc
2304 2106 2624 2175 protendere
2651 2120 2917 2176 gressum,
2950 2122 3008 2163 se
3043 2108 3232 2163 ducem
3261 2118 3322 2162 et
3355 2109 3620 2177 putrium
3644 2108 3708 2160 iti-

2154 2196 2335 2250 neris?
2385 2196 2674 2259 eahibens,
2724 2205 2815 2264 ut,
2859 2199 3001 2268 quod
3040 2214 3145 2254 non
3191 2207 3461 2270 poterant
3507 2199 3563 2252 in
3604 2208 3705 2258 tota,

2153 2293 2358 2353 partem
2382 2286 2573 2341 saltem
2593 2286 2679 2342 vel
2703 2288 2969 2343 modicam
2996 2298 3339 2345 mererentur
3356 2304 3434 2344 ex
3464 2298 3596 2344 toto.
3617 2289 3707 2355 Qua

2153 2388 2274 2429 cum
2298 2375 2694 2443 pervenissent,
2719 2384 2774 2431 et
2802 2393 2832 2431 a
2855 2377 3098 2435 Rodoi'no
3125 2381 3425 2449 praeposito
3458 2379 3706 2434 fratribus-

2153 2479 2258 2535 que
2301 2480 2368 2531 ex
2410 2480 2561 2521 more
2589 2469 2821 2537 suscepti
2855 2469 3138 2525 humanius
3165 2479 3487 2542 agerentur,
3520 2484 3705 2524 causam

2152 2556 2235 2611 sui
2266 2556 2476 2611 itineris
2502 2571 2600 2627 pro
2628 2572 2732 2628 qua
2763 2568 2966 2614 tantum
2991 2575 3127 2616 onus
3153 2562 3445 2627 subierint,
3475 2562 3705 2633 lacryua—

2153 2647 2334 2702 biliter
2360 2647 2612 2714 fundunt,
2643 2648 2941 2706 immeritos
2972 2652 3185 2721 quidem
3214 2652 3273 2706 se
3315 2653 3565 2708 muneris
3591 2652 3705 2723 qm!

2152 2739 2475 2809 expetebant
2497 2739 2825 2809 adipiscendi
2847 2726 3154 2811 profitentes
3176 2761 3191 2798 :
3218 2744 3314 2799 sed
3335 2744 3473 2814 quia
3492 2745 3701 2814 ejusdem

2151 2835 2307 2883 erant
2338 2829 2541 2885 ordinis
2584 2829 2754 2903 (475),
2799 2830 3051 2889 fraterna:
3085 2848 3212 2905 erga
3260 2849 3385 2890 sese
3426 2835 3700 2897 charitatis,

2152 2910 2257 2988 qua
2295 2919 2640 2990 singulariter
2678 2920 3142 2990 beatiﬁcabantur,
3191 2926 3469 2982 reminisci
3514 2937 3572 2981 et
3610 2927 3702 2998 vi

2151 3007 2305 3075 cujus
2347 3009 2706 3077 devenerant,
2755 3026 2973 3082 suaeque
3016 3014 3284 3070 devotioni
3336 3016 3702 3071 consulendum

2152 3099 2515 3168 precabantur
2558 3102 2772 3155 attenti.
2819 3102 2957 3159 Olim
2982 3144 2998 3171 ,
3038 3105 3321 3176 inquiunt,
3364 3107 3560 3164 Patres
3596 3126 3704 3163 con-

2154 3187 2360 3258 scripti,
2397 3191 2500 3245 duo
2517 3205 2582 3246 ex
2614 3192 2767 3248 nobis
2801 3194 3017 3263 quidam
3052 3206 3314 3252 exeuntes
3344 3197 3575 3254 Romam
3605 3214 3706 3268 pcr-

2155 3295 2474 3359 rexere‘pro
2517 3282 2619 3338 hoc
2658 3298 2765 3354 quo
2802 3285 2911 3340 Deo
2946 3285 3163 3342 favente
3188 3290 3447 3358 praesenti

2152 3379 2398 3440 patrono.
2453 3368 2594 3440 Quid
2646 3373 2849 3428 multa?
2899 3373 3154 3431 furtivum
3211 3377 3408 3433 dantes
3457 3379 3705 3449 pretim,

2152 3459 2437 3530 quemdam
2466 3454 2629 3532 cujus
2652 3462 2957 3533 ignoramus
2979 3464 3321 3532 vocabulum,
3348 3471 3577 3525 mercati
3604 3479 3706 3521 snt

2154 3557 2457 3620 tyrannum.
2498 3549 2651 3607 Hunc
2680 3553 2746 3607 ad
2776 3568 2875 3609 nos
2912 3553 3168 3611 miserum
3209 3564 3265 3611 et
3292 3557 3348 3611 in
3376 3557 3497 3627 ipso
3530 3560 3707 3628 pariter

2151 3638 2422 3696 deduxere
2452 3640 2742 3697 diabolum.
2784 3643 2884 3712 Qui
2923 3657 3203 3717 susceptus
3237 3661 3268 3702 a
3313 3648 3476 3703 uobis
3514 3650 3708 3718 quidm

2150 3737 2232 3783 est
2259 3729 2591 3798 solemniter,
2617 3731 2711 3787 sed
2736 3733 2845 3788 Deo
2879 3735 2948 3806 (si
2976 3735 3155 3790 dicere
3187 3735 3270 3792 fas
3297 3738 3393 3806 sit)
3420 3737 3709 3809 indignae

2122 3850 2127 3855 -
2150 3821 2400 3880 detrusus
2424 3825 2758 3882 mirabiliter.
2781 3827 2913 3883 Nam
2939 3844 3061 3885 cum
3095 3829 3265 3886 nescii
3298 3844 3474 3886 sacra:
3498 3829 3711 3901 \‘irg‘mis

2148 3913 2333 3970 Mariae
2360 3915 2508 3970 illum
2556 3933 2718 3988 super
2741 3934 2889 3973 aram
2934 3919 3401 3991 imposuissemus,
3434 3936 3502 3976 ac
3540 3921 3713 3976 festive

2150 4009 2658 4079 composuissemus,
2679 4011 3032 4082 pransurique
3052 4027 3172 4067 cum
3201 4013 3455 4083 pluribus
3480 4014 3575 4083 qui
3604 4026 3711 4067 coa-

2148 4108 2410 4153 venerant
2446 4100 2854 4167 resedissemus,
2880 4102 2947 4158 de
2971 4102 3151 4158 subito
3191 4103 3262 4158 ab
3304 4103 3472 4159 altari
3514 4104 3571 4158 in
3606 4118 3715 4158 aere

2150 4189 2381 4257 levatus,
2404 4192 2456 4247 in
2480 4198 2681 4246 terram
2697 4192 2861 4248 elisus
2879 4208 2999 4249 cum
3022 4195 3226 4266 ingenti
3248 4196 3491 4252 stridore
3508 4197 3711 4253 (ιθάῶ

2149 4287 2204 4334 et
2247 4279 2348 4335 sibi
2382 4280 2804 4351 obsequentihus
2844 4283 2934 4352 qui
2964 4284 3018 4337 in
3055 4284 3278 4340 basilica
3323 4295 3715 4350 remanserant.

2149 4368 2609 4440 horripilationem
2657 4371 2878 4426 nimiam
2928 4372 3147 4441 injecit,
3207 4377 3619 4447 exterritosque
3659 4378 3716 4431 ἑ

2150 4462 2378 4517 ecclesia
2419 4464 2770 4532 perturbavit.
2813 4463 2914 4532 Qui
2952 4480 3073 4520 cum
3122 4466 3193 4522 ad
3238 4482 3342 4522 nos
3390 4485 3570 4538 usque
3613 4469 3715 4539 pal-

2149 4553 2320 4608 lentes
2343 4561 2400 4609 et
2421 4569 2557 4623 pene
2582 4555 2860 4611 exanimes
2895 4556 3189 4611 intrassent
3225 4574 3351 4628 quae
3376 4561 3485 4616 sibi
3508 4561 3717 4616 acciti}?
3810 4553 3813 4587 Ὗ

2149 4653 2271 4697 sent
2310 4644 2365 4697 in
2405 4653 2691 4713 conspectu
2737 4654 3031 4701 conventus
3066 4647 3392 4704 universalis
3435 4651 3716 4706 teterrima

2148 4734 2371 4791 vocibus
2413 4734 2801 4791 insanientibus
2847 4737 3047 4792 similes
3093 4738 3378 4807 publicare
3421 4752 3714 4812 cmpernat.

2152 4823 2433 4881 Silentium
2478 4835 2662 4897 utpote
2712 4826 2790 4882 rei
2833 4836 2998 4899 gesta:
3049 4829 3222 4899 ignari
3273 4831 3568 4888 innuentes
3607 4832 3714 4888 trd-

2145 4915 2358 4971 latenus
2405 4925 2682 4971 cesserunt
2728 4917 3141 4988 imperantibus,
3198 4920 3367 4989 quin,
3419 4924 3567 4978 sicut
3619 4937 3715 4977 ce-

2144 5014 2378 5075 perant,
2430 5006 2791 5063 irreverenter
2842 5007 3107 5076 publicum
3158 5008 3477 5080 ignominia:
3526 5013 3711 5067 malum

2145 5097 2396 5155 clamosis
2421 5109 2845 5170 exsequerentur
2873 5099 3109 5154 vocibus.
3153 5100 3267 5156 Nos
3290 5105 3515 5159 concito
3538 5119 3712 5173 gressa

2144 5190 2427 5247 ecclesiam
2471 5189 2735 5262 ingressi,
2789 5189 2845 5245 in
2887 5188 3057 5245 frusta
3102 5200 3431 5260 quassatum
3482 5194 3711 5248 meum:

474 5281 840 5351 perpenditur.
881 5281 990 5337 illis
1026 5283 1168 5337 enim
1211 5283 1266 5337 in
1287 5282 1543 5338 ultionem
1572 5293 1626 5339 et
1647 5298 1880 5352 pinnam,
1922 5283 2041 5339 istis
2141 5278 2531 5350 disjectumque
2572 5278 2755 5346 illum,
2795 5280 2968 5351 qualis
3009 5289 3317 5350 quantusve
3362 5294 3489 5338 erat
3528 5283 3713 5338 nostris

548 5429 693 5500 (475)
730 5432 1006 5487 Monastici
1048 5432 1273 5489 scilicet.
1321 5432 1563 5488 Nondum
1602 5435 1745 5487 enim
1788 5436 2036 5491 monachi

478 5499 745 5548 """:'“‘Itttt
771 5503 1182 5554 nmnnslicorum
1204 5502 1446 5550 nrtlimtm
1471 5503 1755 5546 gitimam-iu
1779 5506 2035 5542 vnnnlu-ln

2142 5433 2292 5490 densi
2332 5434 2578 5515 coenobio
2605 5433 2880 5515 celebrati,
2910 5448 3028 5515 eum
3056 5450 3179 5515 cap.
3212 5436 3247 5491 5
3282 5439 3628 5515 praecipiunt,
3662 5446 3710 5515 ut

2144 5507 2388 5548 τηηηειριιί
2413 5507 2516 5550 uno
2542 5504 2633 5562 qui
2668 5504 2892 5568 Pippino
2922 5506 3055 5572 fugae
3084 5504 3367 5574 adjutores
3395 5504 3636 5572 fu'erant,
3660 5508 3709 5556 il

2958 5574 2968 5586 ί
3044 5584 3186 5614 τινα
3260 5586 3324 5631 ιιι
3358 5578 3583 5643 scilicet
3634 5575 3713 5630 bis
