3848 5698
81 366 176 420 613
255 357 258 360 “

987 367 1072 422 DE
1111 367 1494 422 TRANSLAT.
1528 369 1586 425 S.
1619 367 2020 424 SEBASTIANI
2063 373 2146 426 ΕΤ
2189 373 2246 428 S.
2277 373 2486 430 GREG.

3222 377 3321 436 6M

80 487 452 551 congruentem
487 479 698 536 actibus
737 487 980 536 sanctum
1025 481 1377 551 inspeximus.
1409 481 1522 536 Hoc
1557 497 1649 536 ru-
1674 487 1720 544 Α
1751 483 2115 553 multipliciter
2143 485 2295 544 ﬂoret
2319 490 2652 560 frequentius
2679 499 2842 560 atque
2869 466 3324 562 magnificentius,

79 586 221 626 more
249 573 452 642 passim
489 573 830 638 denotamur,
867 583 924 630 et
959 575 1284 644 importabili
1325 577 1649 647 impmperio

69 661 368 734 jaculamur
405 671 567 732 atque
607 663 1004 718 confundimur.
1039 663 1110 720 Ut
1147 665 1254 720 hoc
1289 681 1422 736 ergo
1447 668 1650 736 pudore

77 755 284 810 tandem
325 755 611 824 aliquando
645 769 834 812 carere
860 771 1143 825 queamus,
1181 757 1248 811 ad
1283 765 1516 812 vestram
1553 771 1649 812 ve-

73 846 368 902 nerabilem
407 851 785 916 paternitatem
817 848 1122 920 confugium
1163 848 1408 904 facimus.
1450 849 1649 920 Super-

73 947 152 992 est
179 947 238 992 ut
265 938 600 994 destitutioni
630 949 829 996 nostra:
857 942 1094 1010 compati
1125 949 1179 996 et
1205 941 1489 996 subvenire
1517 942 1648 997 bea-

72 1027 242 1081 titudo
269 1035 448 1082 vestra
475 1043 582 1082 non
607 1027 945 1100 dedignetur.
967 1029 1251 1084 Credimus
1277 1031 1476 1085 etenim
1509 1031 1647 1085 taniii

71 1117 244 1170 nostri
287 1131 386 1171 nos
425 1131 562 1172 onus
596 1119 959 1188 exposituros,
1007 1119 1052 1174 si
1091 1133 1128 1174 ‘a
1171 1119 1434 1174 charitate
1469 1129 1649 1175 vestra

69 1205 603 1276 quantulumcunque
639 1207 988 1278 reliquiarum
1027 1207 1449 1278 ejuseonsecuti
1481 1208 1648 1263 fueri-

70 1313 212 1352 mus.
257 1297 352 1352 His
396 1297 652 1366 acceptis,
697 1297 972 1354 Rodoinus
1001 1296 1240 1352 fraterno
1263 1297 1454 1353 affectu
1497 1313 1649 1352 com-

67 1401 259 1455 passus
287 1386 596 1450 condoluit,
635 1395 691 1441 et
727 1401 848 1442 cum
886 1387 1162 1442 voluntate
1200 1387 1378 1442 Patris
1412 1387 1648 1443 llilduini

67 1489 120 1531 et
163 1475 389 1532 fratrum
422 1491 688 1533 consensu
728 1478 987 1533 auxilium
1033 1480 1084 1534 in
1115 1480 1378 1550 agendum
1415 1495 1648 1550 spopon-

65 1569 166 1634 dit,
201 1569 482 1639 rclataque
507 1571 658 1640 prius
687 1587 870 1626 coram
899 1571 1158 1627 fratribus
1183 1588 1366 1638 causa,
1409 1589 1512 1628 non
1555 1575 1646 1628 ab-

63 1673 236 1713 nuere
263 1667 470 1724 votum,
515 1660 738 1729 inauper
773 1669 832 1714 ut
875 1663 1045 1716 sancti
1081 1671 1352 1718 cresceret
1383 1659 1648 1718 cultns'et

61 1748 402 1812 memoriale,
443 1749 546 1806 hoc
581 1765 640 1804 se
673 1751 962 1820 plurimum
991 1753 1243 1808 dixerunt
1273 1769 1473 1809 amare.
1515 1754 1646 1810 Illud

61 1835 243 1892 denuo
267 1839 466 1894 domno
493 1840 672 1896 abbati
701 1857 822 1896 cum
851 1843 1192 1909 innotuisset,
1219 1855 1274 1900 et
1300 1845 1390 1900 ille
1419 1844 1646 1901 fratrum
1677 1829 1722 1890 Β

59 1945 232 2000 super
262 1931 362 1986 hoc
395 1934 806 2002 postulationem
843 1936 1016 1992 abeo
1053 1951 1264 2007 quoque
1297 1939 1643 2008 percepisset,

57 2021 290 2078 linteum
315 2024 396 2078 eis
422 2039 518 2094 per
553 2025 892 2082 collationem
923 2027 1250 2082 venerabilis
1277 2027 1506 2082 Rotbadi
1547 2043 1645 2081 an-

59 2111 276 2178 tistitis,
305 2129 412 2182 quo
439 2113 650 2170 vivifica
689 2117 932 2171 membra
967 2117 1220 2186 martyris
1261 2116 1497 2170 involuta
1535 2116 1652 2169 fue-

55 2212 212 2268 rant,
241 2204 472 2260 conferri
499 2207 772 2276 preacepit.
806 2205 906 2272 Qui
933 2207 1060 2260 dum
1085 2207 1152 2262 ad
1179 2221 1314 2276 opus
1338 2208 1648 2262 assistereut

56 2305 116 2352 et
161 2296 386 2352 linteum
422 2297 488 2353 de
527 2299 683 2353 theca
721 2298 1026 2368 petentibus
1069 2297 1410 2352 tribuendum
1446 2297 1651 2366 profer-

55 2398 210 2456 rent,
251 2390 326 2446 illi
370 2389 648 2446 iracundia
689 2390 968 2454 succensi,
1011 2387 1268 2456 reliquias
1301 2388 1506 2450 sancti,
1543 2401 1648 2440 non

50 2479 285 2546 linteos,
325 2481 522 2550 quibus
558 2481 612 2536 in
643 2497 740 2536 sua
767 2483 988 2558 regione
1019 2480 1375 2542 abundarent,
1409 2494 1466 2534 se
1492 2493 1652 2548 expe-

51 2571 202 2626 tisse
231 2572 502 2628 dixerunt.
531 2572 736 2640 Quibus
761 2589 882 2628 cum
915 2589 944 2627 a
968 2572 1442 2629 circumstantibus
1471 2571 1651 2626 fratri-

49 2658 170 2715 bus
211 2677 320 2716 non
357 2661 513 2726 alter,
549 2663 644 2716 sed
683 2663 730 2716 is
766 2677 887 2718 esse
925 2661 1256 2726 firmaretur,
1287 2677 1394 2730 quo
1422 2677 1450 2714 a
1479 2660 1650 2714 Roma

47 2752 202 2806 illuc
231 2767 401 2821 usque
439 2752 554 2822 ejus
592 2754 992 2810 sanctissimum
1033 2769 1230 2823 corpus
1264 2754 1328 2808 ad
1363 2767 1425 2808 os
1463 2753 1652 2807 intrin-

49 2856 233 2897 secus
257 2841 442 2898 fuisset
467 2844 780 2910 obdnctum,
803 2844 946 2898 nulla
977 2845 1186 2898 ratione
1213 2843 1294 2897 eis
1317 2841 1648 2898 satisfactum

47 2940 152 2986 est
197 2941 258 2986 ut
303 2932 429 2988 illud
473 2935 794 3004 reciperent.
838 2934 1099 3000 Audistis,
1147 2933 1415 3002 inquiunt,
1467 2931 1648 2986 domni

47 3021 286 3087 Patres,
311 3021 424 3090 jam
457 3031 568 3078 toto
607 3024 726 3079 orbi
765 3025 1104 3082 notissimam
1146 3024 1513 3079 confusionem
1557 3037 1651 3076 no-

51 3121 242 3166 stram
282 3129 442 3182 quam
485 3124 665 3170 vestro
706 3115 970 3171 beneﬁcio
1009 3117 1393 3172 (estimavimus
1439 3114 1648 3169 diluen-

53 3203 218 3256 dam.
241 3201 350 3256 Cur
375 3203 658 3260 inhonesta
682 3214 866 3260 nostra
893 3206 1150 3261 innovare
1169 3206 1475 3261 conamini?
1495 3205 1652 3260 liceat

53 3307 170 3346 nos
202 3300 384 3346 vestra
411 3307 534 3348 cum
560 3294 732 3364 gratia
761 3295 993 3366 patriam
1027 3311 1130 3348 non
1163 3295 1490 3365 ingeminato
1519 3293 1654 3348 ludi-

53 3382 216 3444 brio,
259 3382 332 3438 ita
379 3391 438 3438 ut
479 3385 754 3452 venimus,
797 3385 1074 3455 expeditos
1117 3385 1312 3440 redire.
1357 3384 1652 3449 Rodoinns,

55 3475 377 3530 concitatos
405 3474 618 3530 illorum
643 3485 830 3532 contra
867 3493 926 3534 se
953 3479 1162 3533 animos
1191 3479 1400 3540 videns,
1432 3491 1530 3532 nec
1569 3493 1656 3532 sa-

59 3562 440 3619 tisfactionem
469 3581 626 3636 agere
665 3567 797 3622 satis
831 3583 1047 3634 curans,
1095 3567 1318 3622 linteum
1351 3569 1656 3638 diligentius

56 3649 348 3720 replicans
393 3653 586 3708 cistula
631 3656 925 3727 recolligit,
965 3671 1072 3712 non
1118 3657 1191 3712 ita
1229 3671 1289 3713 se
1327 3658 1528 3712 domini
1572 3657 1656 3712 sui

55 3745 410 3814 vilipendere
441 3747 908 3817 tegminadieens,
945 3750 1210 3820 simulque
1234 3751 1494 3821 adjiciens
1524 3767 1658 3821 quo-

55 3836 252 3902 niam,
277 3837 396 3892 aliis
423 3838 618 3906 quibus
644 3839 696 3893 in
727 3848 946 3910 pectore
971 3843 1244 3898 robustior
1271 3841 1405 3898 fides
1431 3843 1656 3907 valeret,

55 3927 255 3982 satius
283 3928 367 3982 his
391 3930 780 3984 communicari
807 3930 1085 3988 deberent.
1115 3932 1194 3988 illi
1219 3948 1346 3988 vero
1371 3949 1436 3989 eo
1460 3935 1657 3990 ibidem

57 4017 158 4072 die
203 4021 546 4084 commorati,
579 4029 862 4076 cernentes
902 4022 978 4076 nil
1020 4037 1080 4076 se
1121 4023 1174 4077 in
1217 4023 1320 4077 hoc
1357 4023 1502 4078 facto
1537 4039 1660 4092 pro-

56 4105 302 4171 fecisse,
331 4108 660 4176 pmnitudine
689 4110 792 4164 acti
823 4109 1126 4164 senioribus
1165 4109 1353 4166 accitis
1395 4112 1660 4183 supplices

58 4201 436 4256 obsecravere
459 4211 728 4269 quatenus
765 4216 864 4270 pro
899 4203 980 4257 eis
1019 4211 1244 4272 paterna
1285 4203 1484 4272 pietate
1521 4204 1660 4275 apud

57 4291 259 4344 virum
295 4289 678 4346 intercessores
703 4291 1019 4356 existerent,
1049 4307 1118 4346 ne
1143 4299 1252 4346 tam
1281 4293 1462 4347 tristes
1489 4303 1544 4348 et
1569 4307 1662 4348 va-

60 4383 158 4436 cui
199 4382 256 4434 in
289 4397 382 4435 sua
413 4397 442 4436 a
473 4393 659 4437 sancto
694 4383 783 4438 illo
821 4383 940 4439 loco
969 4385 1176 4454 regredi
1217 4393 1548 4454 paterentur.
1593 4385 1664 4440 At

63 4474 364 4529 Rodoinns
414 4490 630 4530 suorum
677 4475 927 4546 precibus
977 4473 1170 4542 ﬂexus,
1222 4491 1326 4530 non
1383 4485 1552 4530 totum
1602 4487 1662 4532 ut

61 4568 256 4638 prius,
295 4566 386 4620 sed
431 4575 638 4636 partem
681 4565 1024 4622 sacerdotum
1055 4567 1301 4621 manibus
1324 4575 1524 4621 sectam
1555 4563 1664 4620 lar.

62 4656 182 4726 giri
231 4654 414 4724 jussit.
461 4655 634 4736 Quam
681 4656 756 4710 illi
801 4657 966 4710 ηιιιιιο
1007 4657 1292 4726 gratiosius
1335 4671 1495 4730 quam
1542 4665 1666 4712 ante

64 4748 296 4802 devotis
347 4747 467 4802 fidei
529 4749 800 4818 mysteriis
847 4750 1205 4818 excipientes,
1258 4757 1313 4804 et
1370 4751 1666 4807 honorifice

61 4848 389 4910 prmparato
434 4840 630 4896 sacello
681 4851 1020 4912 reponentes,
1062 4844 1345 4899 missarum
1391 4844 1668 4900 solemniis

65 4933 308 4988 nomine
358 4933 611 5004 martyris
659 4933 762 4986 rite
807 4934 1128 5000 celebratis,
1180 4933 1428 5003 religiosa
1480 4949 1666 4991 secum

65 5039 210 5079 cum
243 5023 560 5091 hymnorum
589 5022 831 5078 melodiis
869 5023 1094 5078 fratrum
1130 5023 1420 5079 comitante
1446 5035 1662 5081 caterva

64 5117 159 5172 sic
187 5113 437 5168 feruntur
464 5130 525 5170 ac
553 5115 791 5186 propria.
820 5115 936 5181 Quo
961 5131 1080 5170 cum
1109 5115 1496 5185 pervenissent,
1528 5115 1668 5173 mul-

67 5215 270 5259 tarum
301 5203 552 5260 virtutum
596 5213 650 5259 et
697 5199 986 5258 sanitatum
1031 5205 1203 5275 gratia
1247 5205 1538 5261 clarificata
1587 5206 1668 5275 pi-

65 5307 260 5366 gnora
287 5292 452 5360 ἱρείυδ
479 5295 686 5352 meritis
714 5303 768 5348 et
797 5293 1010 5349 nomine
1039 5294 1434 5366 przucminentis
1465 5297 1666 5368 fastigii

65 5385 528 5445 contradiderunt
583 5392 638 5444 in
687 5389 828 5442 aula.
879 5389 977 5444 Ubi
1028 5405 1197 5460 usque
1245 5389 1296 5442 in
1349 5391 1668 5446 hodiernum

63 5479 204 5548 ejus
239 5477 423 5530 merita
455 5481 636 5553 vigent
675 5479 926 5549 gloriosa,
954 5482 1238 5551 palmaque
1267 5480 1522 5536 virtutum
1551 5483 1669 5551 ejus

65 5681 115 5698 υ
347 5610 409 5665 Et
447 5621 624 5671 tatnen
669 5614 724 5694 iu
763 5612 1030 5692 Chronico
1060 5613 1466 5692 Turonensimde
1505 5615 1673 5686 gestis

1747 587 1909 641 quam
1951 589 2014 628 eo
2043 575 2168 630 loco
2207 593 2312 648 quo
2341 579 2704 636 virtutiferum
2747 583 2864 652 ejus
2908 597 3102 653 corpus
3144 585 3324 640 debita
3391 631 3394 636 .

1747 660 1984 718 ﬁdelium
2039 667 2359 737 populorum
2415 671 2789 742 frequentatur
2842 675 3143 730 devotione.
3205 675 3328 731 Sint

1745 767 1876 824 ergo
1903 761 1962 808 et
1988 757 2144 812 nobis
2177 767 2232 813 et
2277 759 2382 815 illis
2424 771 2672 832 optamus
2716 764 2832 834 ejus
2867 763 3104 834 proﬂcua
3131 773 3328 834 patro-

1747 843 1907 910 cinia,
1939 845 2030 917 qui
2071 858 2376 904 nostrorum
2413 851 2716 922 dapsilitate
2754 865 2965 924 patrum
3007 855 3150 912 illius
3189 855 3325 912 tanti

1745 937 1988 1006 pignoris
2013 939 2309 994 meruimus
2334 957 2454 996 esse
2483 945 2790 1014 participes.

2323 1029 2548 1087 CAPUT
2587 1033 2741 1087 XLII.

1819 1113 2065 1174 Vidimus
2096 1120 2356 1190 quosdam
2381 1137 2482 1176 nec
2507 1123 2822 1192 spernendae
2849 1123 3133 1194 probitatis
3157 1126 3327 1194 viros,

1747 1207 1839 1276 qui
1881 1207 2092 1264 Suessae
2130 1210 2366 1264 civitatis
2403 1207 2708 1278 venturam,
2751 1228 2911 1281 quam
2953 1215 3328 1284 formidamus,

1749 1299 1958 1354 ruinam
2002 1301 2068 1353 ab
2105 1301 2191 1355 his
2233 1303 2322 1371 qui
2370 1303 2590 1357 audiere
2631 1319 2689 1359 se
2730 1313 3099 1372 protestantur
3141 1323 3329 1377 perce-

1747 1388 1910 1457 pisse.
1944 1389 2220 1444 Turricula
2263 1399 2380 1445 erat
2418 1393 2471 1446 in
2501 1391 2690 1446 eadem
2722 1392 2876 1457 urbe,
2920 1397 3143 1450 orientis
3185 1398 3329 1452 occi-

1747 1479 1880 1532 duas
1904 1489 2152 1550 spectans
2173 1479 2378 1551 plagas,
2405 1497 2566 1551 super
2592 1499 2751 1552 quam
2778 1485 2997 1554 spiritus
3023 1487 3326 1558 ambiguus,

1745 1581 1868 1622 cum
1887 1567 2002 1636 jam
2031 1569 2205 1624 noctis
2233 1580 2400 1626 tetras
2427 1588 2620 1626 aurora
2649 1575 2901 1644 cmpisset
2931 1577 3149 1630 umbras
3179 1591 3326 1646 spar-

1746 1675 1889 1730 gere,
1929 1663 2185 1718 terribilis
2225 1665 2507 1718 sententia:
2548 1675 2629 1719 ter
2669 1666 3048 1737 ingeminatam
3092 1667 3331 1736 profudit

1745 1766 1928 1808 vocem
1962 1754 2149 1808 dicens
2179 1771 2191 1808 :
2231 1753 2343 1820 γω,
2373 1771 2470 1820 rw,
2497 1771 2576 1809 ore
2603 1757 2720 1821 tibi,
2753 1753 2982 1822 Suessio,
3011 1757 3244 1813 Sodoma
3270 1767 3332 1814 ut

1749 1847 1876 1902 olim
1917 1855 1971 1902 et
2009 1847 2330 1912 Gomorrha,
2363 1847 2552 1902 validis
2591 1848 2792 1918 ignium
2831 1847 3061 1904 ﬂammis
3101 1865 3326 1906 concre-

1749 1939 1967 2003 manda,
1999 1947 2054 1994 et
2094 1940 2146 1992 in
2188 1953 2387 1994 vacuos
2421 1937 2723 1994 favillarum
2765 1940 2974 1994 cineres
3005 1941 3326 2010 redigenda!

1743 2029 1921 2085 invisa
1967 2045 2068 2084 nec
2116 2045 2146 2084 a
2184 2045 2452 2100 quoquam
2483 2030 2710 2101 cognita
2755 2045 3008 2100 persona,
3045 2031 3126 2084 sui
3171 2030 3330 2086 oﬂicii

1749 2120 2009 2189 mysterio
2039 2119 2242 2184 functa,
2275 2129 2425 2188 gestu
2456 2119 2655 2174 celebri
2685 2119 3006 2174 tenuissesc
3028 2117 3332 2189 perabdidit

1751 2209 1917 2264 auris.
1967 2211 2118 2264 l-lanc
2161 2209 2466 2264 lelhiferam
2507 2224 2692 2263 vocem
2731 2209 2824 2277 qui
2871 2219 2996 2262 tunc
3043 2219 3328 2277 antequatn

1751 2298 2016 2353 dicsceret
2049 2299 2208 2370 (sicut
2233 2298 2614 2370 praemisimus)
2651 2299 2874 2367 vigilare
2906 2305 3178 2367 poterant,
3207 2299 3332 2352 hor-

1751 2387 1980 2442 rilntitcr
2010 2387 2366 2454 intonantem,
2395 2403 2500 2442 non
2526 2387 2695 2442 solum
2729 2387 2782 2440 in
2823 2387 2934 2455 ipsa
2963 2387 3095 2441 urbe
3123 2386 3329 2450 civiles,

1757 2491 1939 2534 verum
1984 2478 2277 2533 suburbani
2321 2492 2753 2548 quaquaversum
2797 2478 3051 2547 degentes
3091 2477 3329 2531 audiere.

1752 2568 1915 2637 Cujus
1945 2568 2086 2623 fama
2121 2570 2185 2626 de
2213 2570 2434 2637 regione
2463 2570 2516 2623 in
2548 2569 2820 2640 regionem
2849 2567 3132 2637 pervolans
3159 2567 3335 2621 omni-

1749 2660 1850 2715 bus
1876 2659 2228 2714 celeberrima
2269 2660 2411 2714 facta
2443 2669 2544 2714 est.
2587 2659 2759 2724 Quam
2801 2673 2912 2711 rem
2957 2673 2986 2710 a
3031 2657 3213 2712 multis
3242 2657 3334 2725 qui

1751 2750 1952 2804 nostris
1981 2747 2295 2817 superfuere
2331 2748 2665 2818 temporibus
2707 2746 2821 2801 sine
2863 2745 3168 2815 suspicione
3212 2743 3333 2798 falsi

1751 2857 1988 2896 consono
2019 2841 2188 2895 relatu
2224 2841 2423 2906 audivi,
2457 2855 2682 2908 eamque
2711 2837 2838 2892 huic
2867 2837 3017 2906 operi
3043 2837 3335 2890 adnecten-

1752 2934 1875 2988 dam
1918 2943 2094 2988 ratum
2129 2933 2254 2986 duxi
2293 2934 2360 2987 ad
2388 2931 2774 2986 correctionem
2809 2930 3047 2984 omnium
3087 2929 3331 2983 eamdem

1751 3025 1939 3080 urbem
1971 3025 2407 3090 inhabitantium,
2459 3023 2689 3078 maxime
2733 3021 2944 3076 illorum
2984 3021 3074 3090 qui
3119 3035 3178 3074 se
3219 3027 3333 3072 tur-

1751 3117 1973 3186 pissimo
2014 3125 2068 3170 et
2096 3127 2300 3171 naturae
2337 3117 2580 3188 improbo
2606 3115 2831 3170 crimine
2873 3113 3076 3169 fmdare
3107 3129 3212 3167 non
3245 3127 3335 3167 ve-

1753 3217 1980 3263 rentur:
2015 3216 2069 3261 et
2112 3208 2215 3262 hoc
2253 3208 2402 3262 idem
2442 3207 2540 3277 ipsi
2581 3205 2771 3260 Patres
2809 3211 2866 3260 ct
2909 3205 3335 3274 prmdecessores

1753 3302 1921 3355 nostri
1967 3299 2058 3369 qui
2097 3299 2253 3354 nobis
2299 3301 2402 3354 ista
2434 3297 2761 3361 narrabant,
2811 3297 3020 3350 meritis
3067 3303 3122 3350 et
3167 3295 3337 3348 inter-

1752 3399 1914 3445 ventu
1947 3391 2106 3459 hujus
2147 3389 2317 3443 nostri
2361 3387 2589 3458 piissimi
2633 3386 2956 3458 protectoris
2983 3386 3331 3453 deputabant,

1753 3481 1895 3552 quod
1926 3494 2261 3548 nequaquam
2289 3479 2390 3533 hoc
2417 3493 2512 3531 sua
2545 3485 2864 3547 tempestate
2889 3475 3162 3544 impletum
3187 3471 3333 3544 (476)

1754 3571 2022 3625 videbant.
2053 3567 2390 3638 Adjiciebant
2414 3575 2676 3636 pratterea
2703 3565 3015 3636 priusquam
3045 3563 3136 3617 ille
3160 3561 3332 3616 Roma

1757 3663 2135 3724 deveheretur,
2167 3657 2466 3713 horrendas
2493 3655 2687 3725 sacpius
2727 3654 2802 3709 ibi
2846 3653 3198 3724 reproborum
3226 3651 3338 3722 spi-

1757 3753 1956 3808 rituum
1983 3765 2080 3820 per
2104 3749 2312 3820 plateas
2341 3761 2547 3818 perque
2572 3747 2714 3800 aedes
2737 3745 3011 3801 illusioncs
3033 3743 3338 3812 importune
3426 3795 3437 3808 ,

1754 3847 1964 3902 civibus
2003 3843 2360 3898 machinatus.
2409 3839 2516 3896 Sed
2562 3854 2628 3914 eo
2677 3837 2923 3892 veniente
2970 3850 3137 3904 vapor
3173 3833 3338 3888 veluti

1757 3935 1890 3990 fumi
1931 3947 2218 3998 evanuere,
2260 3931 2510 3986 universa
2551 3928 2732 3997 quieta
2771 3925 3134 3982 severitudine
3171 3923 3338 3977 bene-

1759 4025 1882 4080 licio
1912 4023 2027 4092 ejus
2053 4022 2212 4091 vulgo
2242 4023 2519 4091 disposita,
2544 4027 2596 4073 et
2621 4017 2868 4072 humanis
2896 4015 3192 4072 commodis
3219 4014 3342 4084 pla-

1760 4117 1879 4172 cido
1909 4113 2164 4169 famulatu
2195 4115 2453 4182 praestita.

2324 4199 2551 4255 CAPUT
2589 4197 2768 4252 XLIII.

1831 4296 2100 4351 Praeterea
2151 4293 2484 4348 memorandi
2533 4291 2760 4345 Caesaris
2811 4287 3119 4343 Chlodovici
3169 4287 3350 4357 qualis

1763 4394 2033 4456 quantove
2075 4383 2218 4438 circa
2260 4387 2502 4436 sanctum
2542 4379 2757 4434 devotio
2797 4378 2992 4444 fuerit,
3043 4378 3342 4447 largissima

1765 4477 1944 4548 operis
1987 4473 2240 4545 patefecit
2277 4471 2574 4528 exsecutio.
2603 4468 2891 4538 Comperto
2916 4481 3148 4538 namque
3177 4469 3344 4522 divini

1768 4567 2004 4622 numinis
2039 4563 2325 4634 praesentia
2363 4577 2460 4632 per
2495 4569 2782 4630 martyrem
2821 4557 3018 4612 Christi
3059 4557 3345 4611 incircum-

1765 4659 1966 4729 scripta
2000 4657 2129 4711 inibi
2155 4653 2357 4726 patrari
2386 4652 2664 4716 miracula,
2699 4649 2860 4720 regali
2886 4654 3080 4704 exutus
3109 4662 3346 4718 purpura

1767 4749 2254 4818 ealceamentisque
2297 4745 2454 4800 tertio
2499 4743 2673 4799 ferme
2717 4742 2891 4812 lapide
2939 4740 3182 4811 rejectis,
3225 4753 3350 4792 cum

1769 4843 1995 4912 conjuge
2045 4840 2206 4893 nudis
2259 4836 2324 4891 ad
2381 4833 2767 4916 ulnasterium
2821 4846 2931 4900 quo
2975 4830 3088 4901 jam
3145 4827 3354 4880 locatus

1769 4936 1972 4996 fuerat,
2007 4930 2273 5001 processit
2303 4927 2500 4997 plantis
2535 4943 2548 4979 :
2587 4933 2636 4978 et
2665 4923 2789 4994 quia
2819 4923 3026 4992 aliquos
3059 4917 3358 4986 ﬂagitiosos

1771 5025 2017 5079 audierat
2058 5019 2374 5106 imperatrix
2401 5015 2584 5072 Iudith
2610 5013 2660 5068 vi
2688 5013 2920 5082 quadam
2953 5003 3360 5106 impraafocabili

1771 5116 1826 5168 in
1862 5121 2126 5170 conventu
2173 5093 2393 5180 publico
2430 5106 2656 5164 crimina
2691 5117 2785 5156 sua
2821 5101 3121 5162 detexisse,
3163 5105 3221 5147 ct
3252 5093 3364 5146 odii

1773 5206 1938 5260 livore
1991 5203 2218 5258 interius
2265 5209 2518 5270 perustos
2564 5193 2738 5264 palam
2783 5192 3024 5246 exterius
3077 5181 3368 5241 metuendo

1774 5297 1936 5353 nimis
1963 5293 2213 5351 examine
2255 5291 2400 5361 ignis
2445 5285 2714 5345 atrocibus
2750 5281 3120 5342 concremari,
3165 5290 3264 5344 pro
3303 5287 3370 5324 eo

1774 5391 1916 5461 quod
1947 5389 2268 5458 priusquam
2300 5383 2422 5436 loco
2453 5377 2790 5437 devenircnt,
2819 5386 3042 5427 suorum
3079 5367 3370 5424 criminum

1776 5487 2044 5552 appetitus
2081 5476 2259 5547 dignis
2294 5471 2690 5527 confessionum
2728 5478 2789 5516 ac
2827 5461 3161 5530 poenitentiae
3197 5469 3373 5510 reme.

1778 5617 1885 5669 bnm
1935 5611 2232 5658 .anceinnie
2277 5613 2322 5644 of
2373 5601 2614 5646 parisina
2655 5613 2768 5636 rum
2809 5597 3075 5634 hrum-md;
3111 5603 3248 5628 "WW‘
3289 5587 3351 5618 λ’*
