3902 6420
532 367 638 424 615

1441 357 1758 422 ODlLONIS
1795 353 2101 420 MONACHI
2138 361 2197 418 S.
2225 355 2532 418 MEDARDI
2559 353 2908 420 SUESSION.
3641 361 3708 423 bii

531 483 637 538 diis
664 489 915 536 coercere
948 471 1337 545 neglexissent;
1380 475 1674 529 anxietatis
1699 472 1878 528 nimia:
1905 471 2114 542 procel-
2140 476 2189 535 Α
2215 471 2452 527 cteribus
2481 481 2788 537 exaratum,
2823 469 3146 541 laminisque
3180 467 3378 526 metalli
3409 468 3616 541 ejusdem
3631 477 3709 532 abs-

530 569 600 630 lis
639 564 810 634 elisa,
863 581 987 622 cum
1033 564 1487 635 pracognovisset
1532 565 1658 619 illuc
1706 563 1972 619 Caesarem
2017 563 2119 616 iter

532 666 840 734 disponere,
880 675 979 715 nec
1025 673 1083 714 se
1123 657 1192 712 ab
1234 671 1298 711 eo
1338 657 1542 726 absque
1581 657 1664 711 sui
1697 657 1896 710 rubore
1935 653 2118 709 dirimi

534 768 724 826 posse;
765 760 935 806 totam
965 763 1025 805 se
1064 748 1132 802 ad
1175 747 1462 818 pr0pitiam
1489 746 1866 818 Redemptoris
1895 745 2121 800 contulit

532 843 1011 913 omnipotentiam,
1058 854 1332 909 agensque
1370 853 1491 894 cum
1534 837 1931 892 'venerahilihus
1968 834 2118 905 (477)

535 925 908 990 sacerdotibus
945 930 1224 1000 culparum
1255 945 1474 985 suarum
1503 930 1695 986 secreti
1732 930 1973 1000 mysterii
2004 945 2121 984 mu-

535 1042 661 1091 nus,
694 1039 818 1080 cum
849 1022 1136 1078 Psalmista
1155 1020 1353 1075 orabat
1383 1029 1442 1075 ut
1469 1021 1538 1076 ab
1564 1020 1791 1076 occultis
1819 1019 1932 1074 suis
1965 1035 2122 1074 mun-

535 1116 684 1182 dari,
714 1122 770 1170 et
808 1114 876 1168 ab
909 1112 1106 1167 alienis
1133 1119 1438 1166 mereretur
1463 1111 1690 1167 absolvi.
1736 1110 2122 1181 Elecmos‘yna-

536 1222 656 1262 rum
694 1208 900 1261 interea
930 1203 1216 1273 impendiis
1244 1211 1671 1272 caeterorumque
1707 1203 1969 1257 honorum
1994 1206 2122 1271 ope-

536 1312 655 1351 rum
686 1293 1113 1351 exhibitionibus
1148 1307 1246 1361 per
1287 1291 1517 1362 spatium
1559 1290 1825 1362 interiecti
1864 1290 2124 1358 temporis

536 1387 680 1456 quod
705 1385 1034 1456 przescierat,
1066 1383 1446 1437 incunctanter
1474 1396 1692 1452 operam
1723 1379 1870 1435 dedit
1895 1397 1909 1434 :
1939 1380 2124 1449 sicque

536 1477 778 1539 demum,
812 1473 1076 1542 religiosa:
1105 1469 1376 1538 majestati
1399 1469 1580 1524 votiva
1607 1483 1789 1524 comes
1817 1466 2026 1533 effecta,
2055 1466 2124 1522 ad

538 1563 712 1619 sancti
758 1562 1012 1632 martyris
1056 1557 1242 1615 limina
1288 1559 1563 1630 prmelaris
1607 1557 1817 1614 meritis
1856 1557 2125 1627 praecipua

539 1652 868 1723 properavit.
895 1651 1136 1720 Cumque
1159 1649 1310 1704 Abba
1341 1648 1811 1705 reverentissimus
1839 1646 2125 1703 Hilduinus

540 1751 597 1797 et
619 1743 847 1797 fratrum
867 1750 1056 1796 ornata
1081 1742 1278 1796 cohors
1304 1749 1467 1795 tanta:
1488 1740 1792 1796 celsitudini
1815 1754 2122 1809 assurgens,

2216 576 2323 630 que
2367 561 2690 616 admistion‘e
2725 560 2989 631 cujusque
3045 561 3286 616 materiei
3335 562 3604 627 inclusum,
3635 567 3714 638 Iby-

2217 653 2721 722 miamateriumque
2745 654 2816 709 40
2850 665 2905 707 et
2939 653 2973 708 8
3002 652 3271 724 syclorum
3302 653 3531 723 ejusdem
3556 657 3714 723 speciei,

2217 750 2274 798 et
2298 751 2505 797 vastam
2535 741 2638 797 olei
2665 743 2981 812 amphoram
3003 745 3070 799 ad
3095 743 3374 798 luminaria
3399 746 3714 812 concinnanda,

2218 839 2398 886 mente
2426 831 2829 901 promptissima
2865 833 3093 900 obtulit;
3139 844 3405 889 monetam
3435 835 3577 890 etiam
3597 839 3716 906 publi-

2219 932 2339 973 cam
2367 932 2488 973 cum
2519 918 2800 974 incudibus
2821 918 2967 990 (480)
2997 929 3054 975 et
3083 929 3407 992 trapezetam
3435 930 3650 991 perpetuo
3666 923 3718 978 ia-

2219 1007 2424 1062 mulatu
2445 1007 2614 1063 sacris
2633 1007 2803 1078 ipsius
2826 1009 3216 1064 deservituram
3237 1010 3488 1064 subdidit.
3505 1012 3716 1066 Abbatiam

2220 1111 2433 1168 quoque
2451 1099 2864 1169 protomartyris
2887 1097 3144 1170 Stephani
3159 1098 3474 1155 Cauciacum
3489 1100 3717 1172 (lSlMua

2221 1186 2679 1256 septingentarum
2713 1186 3039 1242 familiarum
3062 1203 3184 1244 esse
3208 1188 3531 1258 perhibetur,
3555 1189 3609 1242 ad
3632 1199 3718 1244 tem-

2220 1275 2293 1346 pli
2337 1275 2597 1331 fabricam
2636 1278 2972 1346 spatiandam
3011 1277 3190 1344 dedit,
3234 1287 3292 1335 et
3328 1286 3578 1349 praecepto
3612 1282 3718 1350 regis

2224 1367 2560 1424 auctoritatis
2581 1383 2649 1424 ne
2669 1383 2700 1422 a
2721 1370 2962 1438 quolibet
2988 1370 3274 1426 temerario
3303 1371 3624 1440 abriperetur,
3639 1388 3718 1425 cum

2222 1458 2584 1515 obtestatione
2620 1469 2676 1515 et
2717 1460 3077 1516 anathematis
3119 1461 3462 1516 innodatione
3497 1461 3640 1515 annuli
3667 1463 3719 1517 sui

2225 1547 2583 1618 impressione
2630 1551 2842 1622 signato
2893 1552 3188 1607 roboravit.
3237 1551 3394 1618 Quod
3433 1565 3545 1605 cum
3589 1553 3720 1620 sapius

2224 1641 2613 1695 monasterium
2673 1641 2962 1708 inviseret,
3026 1651 3174 1697 tanta
3235 1641 3500 1697 devotioni
3554 1642 3722 1710 pristina

2225 1737 2564 1806 postmodum
2622 1739 2950 1794 incrementa
3008 1738 3234 1809 adjecit,
3291 1746 3353 1792 ut
3401 1753 3516 1794 cum
3558 1739 3720 1806 quadam

541 1831 736 1888 festivo
757 1840 1016 1902 apparatu
1037 1832 1320 1902 utriusque
1339 1846 1524 1886 eorum
1550 1846 1648 1900 pro
1668 1829 1874 1886 foribus
1901 1844 2123 1885 servans
2150 1809 2198 1870 Β
2227 1827 2313 1883 die
2366 1830 2433 1884 ad
2473 1838 2674 1885 sanctm
2701 1829 2914 1900 Sophim
2958 1831 3104 1902 (482)
3151 1831 3412 1902 capellam
3431 1872 3445 1896 ,
3491 1846 3591 1901 qua:
3627 1831 3722 1899 pab-

541 1925 830 1979 adventum
865 1923 1093 1988 veniret,
1133 1931 1188 1977 et
1232 1923 1446 1976 tandem
1487 1929 1766 1990 susceptos
1797 1920 1864 1974 ad
1891 1920 2128 1974 tumbam

545 2014 806 2085 martyris
850 2014 1066 2069 canoris
1109 2012 1332 2067 vocibus
1385 2011 1759 2080 concrepando
1805 2009 2128 2076 deduceret;

545 2105 602 2160 in
630 2105 815 2160 humili
845 2119 952 2174 quo
979 2111 1133 2159 erant
1173 2101 1361 2156 habitu
1398 2101 1672 2158 solotenus
1695 2113 1818 2155 cum
1843 2101 2008 2154 multa
2036 2115 2131 2155 no-

547 2194 737 2248 bilium
799 2192 1065 2264 phalange
1125 2191 1412 2247 substratis
1471 2183 1715 2247 cominus
1764 2191 1866 2246 sibi
1919 2189 2128 2260 palliis,

544 2293 832 2353 antequam
871 2283 1142 2354 margines
1172 2282 1499 2352 attingerent
1525 2281 1746 2346 altaris,
1776 2281 2046 2349 extemplo
2075 2280 2132 2334 in

546 2377 738 2435 faciem
786 2387 1035 2442 ruentes,
1085 2377 1449 2447 gemebundas
1493 2391 1558 2432 ac
1604 2376 1959 2447 lacrymarnm
2009 2388 2134 2432 rore

547 2470 788 2524 madidas
843 2483 1028 2538 preces
1077 2466 1265 2521 militis
1324 2466 1494 2536 ipsius
1546 2466 1735 2520 merita
1795 2465 2131 2532 recolentes,

548 2559 806 2629 piumque
857 2559 1270 2612 intercessorem
1317 2555 1632 2611 invocantes
1673 2553 1968 2609 universali
2024 2554 2130 2610 D04

548 2649 696 2703 mino
731 2647 1022 2718 protractis
1056 2646 1302 2716 suspiriis
1327 2644 1587 2702 effudere.
1622 2645 1749 2702 Inde
1791 2647 1859 2701 ab
1890 2645 2134 2700 oratione

551 2748 855 2808 surgentes,
884 2752 1042 2792 versu
1069 2751 1311 2806 congruo
1333 2737 1574 2791 omnium
1611 2736 1973 2791 assistentium
2009 2745 2135 2790 voto

549 2843 738 2884 eorum
779 2826 1192 2881 commendatur
1227 2825 1421 2879 oratio.
1456 2824 1626 2894 igitur
1651 2824 1828 2878 aulam
1857 2833 2019 2878 tantae
2047 2840 2136 2879 su-

550 2916 803 2974 blimitati
839 2917 1111 2986 provisam
1145 2915 1485 2986 introgressi,
1521 2914 1818 2984 imperialia
1847 2923 1900 2969 et
1923 2930 1986 2968 ea
2015 2930 2136 2984 quae

552 3013 686 3061 tunc
727 3004 956 3061 cultiora
1002 3003 1154 3058 fuere
1204 3013 1522 3058 ornamenta
1559 3004 1813 3068 reinduti,
1863 3011 1919 3058 et
1954 3004 2138 3059 diade-

552 3102 698 3148 mate
727 3093 945 3164 compti,
969 3093 1255 3146 missarum
1277 3092 1534 3147 solemnia
1551 3092 1732 3146 Caesar
1754 3091 2133 3146 consistorium

552 3183 820 3237 scandens
867 3184 920 3236 in
964 3183 1169 3237 honore
1213 3183 1468 3252 martyris
1515 3182 1642 3242 fecit
1687 3182 1982 3237 decantari.
2027 3181 2128 3248 Qui

553 3289 678 3329 cum
725 3273 793 3328 ad
841 3273 1188 3342 Evangelium
1231 3283 1451 3327 ventum
1499 3281 1601 3336 est,
1646 3272 1868 3350 calicem
1910 3287 2133 3327 aureum

553 3381 680 3422 cum
727 3374 944 3434 palena,
997 3364 1168 3434 patris
1214 3364 1295 3419 sui
1340 3363 1514 3434 Magni
1563 3363 1740 3417 Caroli
1792 3377 2134 3432 monogram-

555 3465 701 3512 mate
730 3457 875 3527 (478)
914 3456 1200 3525 insignita,
1236 3455 1486 3510 manibus
1516 3455 1748 3524 proliriis
1781 3455 1924 3510 inter
1956 3456 2136 3526 legen-

555 3549 682 3604 dum
717 3547 970 3617 ponderis
1009 3547 1242 3616 ingentis
1281 3546 1471 3611 tenuit,
1507 3555 1562 3600 et
1592 3561 1714 3601 cum
1743 3547 2013 3602 oblatione
2048 3562 2130 3602 sa-

554 3635 756 3692 cranda
782 3635 954 3691 eidem
976 3634 1196 3689 dicavit.
1229 3633 1358 3691 Post
1376 3634 1732 3704 expletiouem
1755 3650 1969 3705 quoque
2000 3637 2137 3692 cele-

555 3726 709 3781 brem
731 3724 796 3779 ad
817 3723 1040 3790 vestigia
1073 3723 1187 3791 ejus
1207 3739 1329 3779 cum
1351 3724 1574 3795 conjuge
1594 3726 1843 3780 accessit.
1866 3725 1988 3790 Ubi,
2011 3742 2132 3781 cum

559 3828 677 3891 sese
719 3811 926 3882 prolixa
959 3812 1204 3867 oratione
1240 3811 1346 3866 Deo
1388 3828 1483 3882 per
1515 3824 1759 3868 sanctum
1798 3815 2134 3869 commenda-

557 3905 780 3968 vissent,
803 3899 1134 3973 complexiva
1155 3909 1210 3956 et
1238 3903 1385 3957 oumi
1417 3918 1530 3957 aevo
1553 3903 1947 3960 reminiscenda
1980 3907 2134 3960 devo-

559 3993 706 4048 tione
735 3991 1044 4062 singillatim
1083 4004 1114 4043 a
1148 3999 1433 4046 stemmate
1456 4008 1624 4062 usque
1657 3993 1971 4050 subuculam
1992 3994 2136 4051 cultu

557 4082 723 4153 regali
746 4080 919 4147 exuti,
940 4088 1165 4149 uterque
1189 4081 1408 4151 martyri
1430 4081 1561 4135 inibi
1587 4097 1892 4150 reposuere.
1909 4083 2016 4138 Tox
2027 4093 2138 4139 tum

558 4171 813 4240 deinceps
843 4184 1121 4225 sacrorum
1155 4170 1562 4242 Evangeliorum
1587 4171 1732 4243 (479)
1757 4173 1937 4230 aureis
1956 4175 2140 4231 chara-

631 4281 780 4354 (477)
817 4279 1065 4336 Pluribus
1099 4281 1467 4354 sacerdotibus
1501 4298 1607 4337 non
1648 4299 1772 4338 raro
1802 4293 1915 4340 tum
1953 4286 2137 4344 ﬁebat.

561 4352 782 4422 Secreta
813 4360 1158 4422 peccatorum
1187 4352 1474 4418 confessio,
1502 4362 1560 4406 tt
1596 4354 1878 4422 probatum
1909 4357 1962 4411 in
2001 4357 2141 4414 Prat-

562 4421 761 4476 fatioue
787 4420 965 4475 sis-culi
992 4437 1073 4474 ιιι.

2229 1921 2304 1977 ῑὶο
2327 1920 2574 1994 (485-84)
2596 1923 2910 1989 inhaerebat,
2924 1933 3176 1978 oraturus
3201 1925 3528 1994 procederet,
3547 1924 3600 1976 ad
3615 1923 3719 1976 limen

2229 2012 2559 2076 substiterit,
2585 2026 2814 2080 eamque
2856 2027 2885 2066 a
2909 2011 3040 2066 foris
3085 2013 3316 2067 intuitus
3344 2013 3609 2082 optativum
3630 2009 3721 2062 illico

2231 2099 2420 2166 David,
2450 2115 2555 2169 quo
2594 2101 2646 2154 in
2676 2102 3037 2157 construendo
3073 2103 3286 2157 Domini
3333 2100 3639 2156 tabernaculo
3663 2115 3721 2152 θη·

2230 2191 2464 2255 belabat,
2503 2192 2697 2254 baculo
2735 2191 2981 2248 flaventis
3021 2193 3138 2246 auri
3185 2192 3414 2247 innixus
3445 2189 3722 2246 decantarent

2230 2285 2418 2340 dicens
2453 2301 2468 2338 :
2521 2283 2652 2340 Hice
2703 2285 2902 2356 requies
2942 2300 3058 2339 mea
3095 2286 3150 2340 in
3181 2283 3435 2338 stvculum
3476 2281 3649 2346 tiranii,
3671 2262 3721 2331 lii:

2230 2375 2474 2431 habitabo
2491 2377 2742 2446 quoniam
2766 2374 2895 2446 elegi
2918 2392 3032 2430 eam
3057 2375 3228 2445 (Psal.
3257 2379 3446 2440 τειχει,
3476 2373 3570 2440 Μ).
3595 2370 3720 2424 Mirum

2232 2466 2405 2521 dictu!
2442 2465 2607 2520 veluti
2634 2465 2939 2522 assistentis
2968 2465 3225 2536 martyris
3249 2466 3370 2521 haec
3389 2473 3555 2520 essent
3574 2461 3722 2517 auribus

2231 2557 2380 2623 data,
2408 2556 2575 2625 ipsius
2600 2554 2841 2626 ejusdem
2865 2555 2992 2611 solis
3019 2555 3226 2625 vesperi
3258 2556 3501 2625 prodiere
3519 2551 3722 2622 magniﬁca

2233 2646 2638 2716 triumphatoris
2657 2645 2858 2716 egregii
2890 2646 3163 2716 signorum
3185 2651 3410 2715 tropaea.
3438 2641 3557 2697 Nam
3577 2640 3722 2696 octode

2232 2738 2337 2794 cim
2359 2753 2520 2794 sexus
2536 2739 2816 2807 utriusque
2831 2737 3122 2794 sanitatum
3144 2737 3451 2792 curationes
3463 2732 3723 2806 praesenssuh

2234 2829 2423 2886 eadem
2465 2837 2649 2896 nocte,
2680 2829 2992 2898 priusquam
3018 2829 3263 2884 cubitum
3295 2841 3509 2900 pergere
3532 2826 3724 2896 disposue-

2234 2919 2325 2983 rit,
2357 2933 2579 2974 cernere
2612 2919 2933 2986 promeruit.
2959 2917 3376 2973 Contuebantur
3417 2919 3611 2971 istorum
3631 2913 3722 2981 εὶιιιο

2235 3009 2445 3064 ceruina
2495 3008 2692 3078 fugatis
2733 3007 2972 3066 tenebris
3015 3007 3208 3077 iubare
3275 3007 3534 3062 rutilantis
3578 3002 3723 3057 luminis

2236 3099 2608 3170 splendentia:
2637 3099 2867 3153 aliorum
2911 3113 3078 3153 uncas
3122 3112 3322 3153 manus
3361 3106 3414 3153 et
3440 3095 3613 3150 arentia
3648 3093 3723 3145 bra

2233 3192 2358 3248 chia
2386 3191 2545 3256 laxa;
2591 3205 2746 3246 suras
2774 3205 3000 3246 enerves
3033 3199 3090 3246 et
3124 3189 3357 3261 vestigia
3393 3197 3571 3243 retorta
3605 3185 3724 3254 vigore

2229 3283 2401 3350 magis
2442 3282 2567 3336 dato
2595 3294 2756 3350 quam
2807 3281 3015 3335 reddito
3055 3281 3317 3335 directius
3349 3288 3608 3350 proteusa;
3637 3287 3722 3342 quo-

2229 3373 2474 3427 rumdam
2504 3385 2664 3426 aures
2706 3371 2967 3442 sanguine
2993 3369 3240 3434 fluentes,
3283 3385 3418 3440 quas
3443 3364 3723 3424 surditasdim

2231 3465 2343 3519 tina
2385 3464 2755 3528 damnaverat,
2788 3477 2933 3517 nunc
2956 3462 3094 3517 lenis
3134 3469 3189 3516 et
3213 3462 3397 3516 tenuis
3418 3474 3564 3515 sonus
3589 3463 3722 3526 appro—

2231 3551 2395 3607 babat
2422 3551 2578 3606 valde
2611 3550 2954 3622 perspicuas;
2993 3550 3291 3619 pessimum
3337 3551 3390 3604 in
3419 3540 3722 3618 quodam,sed

2232 3642 2500 3697 devictum
2539 3649 2589 3695 et
2614 3639 2890 3695 exclusum
2926 3647 3175 3706 potenter
3211 3639 3488 3694 sinistrum
3529 3635 3723 3707 spiritum,

2233 3730 2393 3801 leprze
2407 3729 2642 3785 maculas
2652 3729 2880 3784 abolitas
2892 3728 3182 3784 furentium
3199 3725 3724 3798 insipientesritedemu-

2234 3831 2375 3877 tatas
2402 3829 2630 3877 mentes.
2646 3819 2742 3876 His
2766 3820 2832 3874 ad
2850 3828 3033 3874 votum
3050 3818 3245 3874 fruitus
3268 3818 3451 3875 Caesar
3468 3817 3593 3873 nullo
3610 3815 3724 3869 incre-

2234 3913 2472 3970 dulitatis
2485 3927 2670 3966 errore
2681 3911 2797 3982 ejus
2815 3919 3033 3980 pectore
3047 3919 3319 3975 movente,
3349 3909 3537 3964 amoris
3559 3899 3722 3975 supremi

2235 4013 2291 4061 et
2317 4001 2751 4074 incomparabilis
2777 4000 3031 4056 affectum
3061 4015 3189 4072 erga
3224 4010 3512 4072 martyrem
3549 4002 3722 4052 sanctum

2236 4095 2464 4152 sollicite
2486 4094 2538 4148 in
2561 4101 2834 4163 posterum
2864 4107 2923 4146 se
2955 4091 3181 4147 devovet
3225 4100 3644 4148 conservaturum.
3672 4083 3726 4138 1η·

2236 4185 2569 4244 enarrabiles
2605 4183 2838 4253 gemitus
2884 4192 2940 4238 et
2979 4183 3208 4252 suspiria
3238 4181 3454 4238 fletuum
3491 4178 3723 4235 uimbisre-

2237 4309 2380 4352 nunc
2404 4294 2679 4365 prioratus
2699 4292 2951 4365 abbatize,
2975 4291 3311 4365 Medardensi
3324 4291 3598 4365 subjectus.
3618 4284 3727 4365 istius

2239 4352 2550 4436 monasterii
2595 4374 2664 4436 et
2695 4352 2954 4436 Bettoleni
3003 4363 3117 4436 ejus
3156 4363 3366 4436 abbatis
3407 4352 3463 4436 fit
3502 4356 3659 4414 mentio
3689 4352 3724 4406 iu

2241 4431 2362 4493 Vita
2392 4435 2450 4490 S.
2480 4433 2792 4488 Drausionis
2821 4432 3053 4502 episcopi
3085 4431 3499 4502 Suessionensis.

633 4490 781 4570 (Πβ)
822 4489 1629 4575 “Quogl‘amnllg.signum_seu
1671 4507 1863 4575 nomen
1903 4495 2140 4575 cujusvis
2167 4506 2217 4566 ι)
2264 4489 2458 4575 ⁷(482)
2501 4489 2971 4575 Hactenus__is't_ius
3002 4489 3225 4575 capella;
3255 4504 3526 4575 parietinae
3542 4492 3722 4575 quedam

561 4559 838 4635 proprium
869 4561 1119 4612 continuo
1145 4559 1654 4635 _litterarum__ductu
1691 4559 1986 4635 scriptum:
2016 4567 2133 4635 Quo

563 4627 834 4700 scribendi
861 4641 1055 4700 genere
1081 4627 1283 4697 primus
1311 4645 1342 4685 e
1371 4631 1583 4700 regibus
1611 4627 1817 4688 nostris
1840 4651 1966 4692 usus
1993 4627 2136 4694 vide-

564 4710 653 4754 tur
681 4698 903 4752 Carolus
931 4697 1169 4766 Magnus.

635 4767 782 4840 (479)
823 4766 1092 4840 llactenus
1133 4767 1185 4820 in
1227 4783 1292 4823 eo
1323 4769 1649 4825 monasterio
1687 4783 2000 4829 asservatur
2033 4776 2136 4832 iste

563 4837 719 4916 liber,
755 4837 850 4892 sed
885 4837 1331 4916 laminisntantum
1371 4841 1640 4916 argenteis
1667 4853 1972 4916 coopertus,
2000 4862 2136 4916 quas

565 4910 871 4980 lngrannu_s_
898 4907 1065 4980 abbas
1107 4905 1231 4980 fieri
1258 4905 1486 4973 curavit,
1523 4905 1782 4980 apposita'
1801 4914 1904 4968 hac
1945 4905 2138 4971 ius-cri-

566 4926 863 4980 lngrannus
898 4926 1064 4961 abbas
1107 4926 1222 4962 ueri
1258 4926 1486 4973 curavu,
1523 4926 1552 4963 a
1592 4926 1762 4978 postta
1801 4926 1904 4968 hac
1945 4926 2137 4971 Inscri-

566 4981 787 5049 ptione:
820 4974 949 5049 ῌιιιε
989 4975 1168 5049 tabula
1206 4978 1345 5049 facta
1381 4990 1453 5032 est
1485 4997 1516 5032 a
1651 4981 1918 5048 lngranno
1954 4986 2137 5041 abbate

565 5045 724 5129 huius
752 5046 1016 5133 logcigngg
1040 5045 1665 5133 ίξρὸίΑίεκαῃάνίμεηὶὶ
1692 5045 1780 5133 1D,
1803 5055 1953 5133 regni.
1969 5053 2140 5133 Ludo-

565 5114 662 5172 vici
691 5115 919 5185 junioris
947 5114 1282 5188 23._Librum
1315 5129 1488 5188 niuem
1512 5118 1677 5188 ipsum
1709 5114 1890 5175 obtulit
1921 5121 2141 5178 Ludovi-

566 5203 658 5240 cus
694 5185 1088 5266 imperaturJB.
1135 5185 1440 5266 Sebastiano
1587 5191 1869 5266 receptione
1908 5192 2140 5262 ejusdem

566 5253 809 5326 martyris
833 5253 1011 5326 inclyti
1036 5264 1084 5307 et
1104 5272 1257 5326 papa’
1282 5256 1518 5326 Gregorii
1547 5253 1918 5312 urbis-Roma}.

638 5323 783 5395 (480)
823 5323 1076 5397 Adeoque
1095 5323 1187 5394 jus
1211 5323 1771 5397 condendmmoneue,
1797 5329 1940 5397 quod
1974 5331 2138 5387 etiam

565 5394 808 5466 pluribus
844 5394 1053 5468 ordinis
1084 5396 1250 5449 nostri
1297 5394 1931 5468 emnobiiﬁsucoucessum.
1974 5399 2140 5468 Hujus

568 5465 796 5520 monetae
837 5465 1126 5533 specimiua
1171 5465 1412 5533 quaedam
1453 5465 1670 5520 exhibet
1713 5466 1968 5523 Claudius
2010 5465 2141 5525 Dor-

568 5533 743 5603 maius
781 5533 934 5603 initio
962 5534 1209 5589 secundae
1243 5534 1410 5603 partis
1447 5534 1684 5588 historiae
1714 5537 2135 5594 Suessionensis.

638 5602 785 5680 (ξεί)
837 5601 1212 5680 Οευείθεεηδε.
1244 5601 1665 5680 intortasterium,
1699 5606 1876 5680 _vulgo
1926 5607 2141 5680 Choisy,

567 5671 731 5744 patt_i(_)
753 5687 916 5744 supra
939 5673 1330 5744 compendium,
1357 5673 1469 5727 fere
1493 5674 1556 5727 ad
1578 5671 1917 5730 Confluentes
1940 5671 2140 5735 Axon'aé

569 5741 623 5798 in
652 5741 904 5808 (Esiam,
945 5741 1273 5806 Chiidcberti
1311 5744 1452 5800 tertii
1494 5745 1764 5816 sepultura
1802 5747 2139 5819 insignitum,

2239 4564 2564 4646 supersunt,
2608 4583 2666 4628 et
2703 4571 3001 4646 collegium
3025 4564 3410 4646 canonicbrum
3453 4570 3502 4646 3.
3539 4564 3719 4646 Sophia.

2239 4641 2393 4716 cuius
2422 4645 2476 4716 in
2513 4643 2753 4716 oratorio
2775 4641 3003 4716 Walteri
3049 4641 3365 4716 Ivetotensis
3393 4641 3588 4716 caedem,
3609 4645 3722 4709 quau)

2239 4733 2269 4774 a
2294 4707 2570 4772 Clothario
2595 4715 2783 4784 primo_
2819 4713 3262 4784 factanrprimus
3309 4707 3723 4784 asseruitﬁtiagui‘

2240 4803 2385 4852 nus,
2438 4777 2703 4854 patratam
2760 4780 2926 4854 fuisse
2991 4777 3166 4854 aiunt.
3206 4784 3281 4854 in
3345 4781 3484 4854 brevi
3510 4777 3720 4854 _Ch_rouiw

2240 4843 2550 4913 monasterii
2587 4852 2818 4921 ecclesia
2850 4858 3049 4905 sanctae
3091 4851 3306 4921 Sophia:
3349 4851 3479 4921 apud
3507 4848 3557 4901 S.
3581 4843 3719 4921 Medat-

2242 4911 2368 4983 dum
2394 4926 2462 4980 ab
2488 4921 2713 4978 Arnulfo
2740 4920 2989 4991 episcopo
3017 4911 3180 4978 auno'
3198 4923 3334 4977 “43
3367 4911 3584 4974 dedicata
3607 4911 3719 4964 fuisse

2242 4998 2459 5054 dicitur.
2621 5052 2624 5055 ,

2320 5048 2560 5138 (183-84)
2575 5052 2719 5138 _llinc
2735 5073 2884 5138 patet
2906 5061 3047 5138 regis
3083 5061 3341 5138 palatium
3367 5048 3716 5138 monasterio-au:

2239 5129 2485 5207 junctum
2516 5129 2698 5187 fuisse.
2730 5129 3217 5207 Ntrmenhaaenus
3247 5133 3432 5207 retinet
3457 5129 3581 5207 locus
3603 5130 3717 5207 plere

2243 5191 2538 5262 bratorium
2557 5213 2768 5275 sanctae
2795 5202 3035 5275 Sophia),
3058 5204 3205 5275 quod
3233 5217 3297 5275 es
3319 5191 3713 5275 imitationem-

2245 5273 2736 5344 Stantitmpolitanze
2767 5268 3008 5344 ejusdem
3059 5268 3289 5326 nominis
3306 5268 3530 5344 basilica
3552 5268 3712 5344 ἱπιρειξξς

2245 5323 2750 5401 ῐόἓίὧ”“ίῖἔί⁷ἆῑξῐῶἶι
2774 5323 3018 5397 "Esi—iii
3059 5323 3122 5396 in
3135 5323 3354 5412 sua...
3396 5340 3490 5393 Leo
3529 5323 3709 5412 ρορέῃηίῗ

2245 5417 2449 5484 aliquot
2480 5413 2597 5484 dies
2640 5422 2879 5484 moratus
2916 5423 3002 5484 est
3046 5402 3188 5466 αηηό
3231 5409 3471 5484 804,__ex_
3493 5402 3712 5484 Annalibus

2245 5467 2627 5554 ill-eitensibus;
2655 5481 2879 5536 Carolus
2907 5481 3115 5554 Calvus
3148 5467 3427 5554 anno‘8'45
3462 5480 3624 5554 legatos

2247 5537 2397 5610 coiai
2415 5537 2564 5624 papa:
2592 5537 2728 5624 ipso
2754 5553 3081 5624 monasterio
3105 5551 3392 5624 honorifice
3429 5537 3600 5624 recepit
3616 5581 3628 5604 ν

2246 5612 2500 5693 ᾱε·ιη‹ιὺε’
2531 5612 2854 5693 Ludovicus
2880 5636 3002 5693 rex_
3019 5622 3203 5676 Natale
3244 5621 3441 5676 Domini
3496 5612 3707 5672 celebratii

2247 5691 2399 5750 anno
2416 5694 2542 5756 878,
2560 5708 2625 5746 ex
2649 5692 2945 5748 Annalibus
2975 5691 3320 5747 Bcrtiu'tanis.
