3902 6430
129 467 218 523 617

926 455 1012 512 DE
1049 457 1433 514 TRANSLAT.
1485 459 1542 510 Ξ.
1585 453 1984 512 SEBASTIANI
2035 455 2120 510 ET
2160 459 2219 513 S.
2258 459 2464 514 GBEG.

3229 437 3337 517 as

129 592 286 650 spersa
321 569 662 641 mnltipticans
686 611 700 635 ,
740 586 861 626 eum
911 571 1072 626 veluti
1124 588 1288 626 carne
1341 581 1656 640 praesentem
1691 579 1733 632 Α
1765 571 1867 632 via,
1898 579 1953 625 et
1984 557 2092 640 ipsa
2113 569 2245 626 'cutn
2273 589 2480 628 summa
2518 583 2893 642 pt‘ospecttoue
2933 573 3214 628 custodum
3248 591 3341 644 pa-

129 675 343 726 cet-nerei
365 664 653 728 excolebat,
681 664 1044 718 venerabatur
1063 673 1120 717 et
1151 664 1576 733 deprecabatur:
1610 667 1666 714 ct

125 763 232 832 quia
260 761 368 814 sine
397 755 730 810 luesitatione
765 754 908 823 quo-.l
945 753 1325 824 expostulabat
1372 751 1558 807 donari
1599 751 1667 805 ab

123 867 182 904 eo
206 849 295 902 sibi
331 860 476 916 posse
501 845 749 908 credidit,
781 845 886 898 voti
913 859 1138 913 compos
1161 842 1392 897 effectus
1433 843 1666 912 idipstam

121 944 324 1009 adeptus
355 949 437 994 est
475 936 785 992 salubriter.
819 933 958 1002 Quid
997 943 1176 988 autem
1227 933 1390 986 fuerit
1414 935 1557 1002 quod
1591 933 1664 984 ita

123 1049 228 1084 rtlttt
263 1033 466 1100 rogasse
495 1026 875 1098 praemisimus,
925 1025 1096 1080 series
1141 1025 1475 1092 subsequens
1502 1063 1518 1087 ,
1557 1023 1667 1076 into

123 1123 244 1176 idem
287 1124 338 1174 in
381 1120 518 1176 serie
553 1119 977 1174 secretissimum
1027 1131 1181 1171 suum
1219 1126 1440 1170 enarret
1486 1129 1668 1168 sacra-

125 1221 355 1268 mentum.

645 1297 876 1356 CAPUT
921 1299 1108 1354 XLIV.

183 1413 200 1445 ε
227 1393 438 1448 Fractus
455 1392 660 1446 robusti
681 1392 808 1446 olim
835 1391 1038 1445 brachii
1065 1391 1206 1445 vires
1227 1405 1328 1460 ego
1343 1389 1668 1452 Ludovicus,

119 1487 279 1540 Caesar
309 1485 595 1554 imperator
636 1483 907 1552 Augustus
933 1522 946 1546 ,
989 1481 1085 1536 Dei
1121 1481 1468 1551 dispensante
1497 1478 1670 1550 gratia

119 1575 219 1630 sibi
255 1574 490 1628 Romano
531 1573 808 1643 imperans
832 1613 846 1636 ,
877 1587 998 1626 cum
1027 1571 1136 1626 late
1169 1571 1222 1625 in
1243 1609 1248 1618 .
1271 1570 1496 1640 pepulos
1533 1567 1672 1636 juris

119 1666 330 1720 habenas
382 1663 788 1718 immoderatius
843 1661 1224 1717 relaxavisscm
1264 1701 1276 1724 ,
1342 1658 1672 1729 indulgentia

117 1763 274 1808 nostra
296 1753 508 1823 quidam
539 1751 785 1806 dissoluti
816 1750 1176 1820 impugnando
1219 1749 1494 1817 pietatem,
1551 1747 1671 1800 inli-

117 1847 324 1900 delitatis
373 1859 670 1914 prorupere
715 1843 1108 1898 crudelitatem.
1157 1841 1309 1908 Quod
1363 1841 1560 1894 malum
1609 1853 1674 1894 eo

1771 662 1946 725 lebat,
1977 663 2169 716 insedit
2195 665 2376 718 animo
2405 665 2524 718 illac
2569 666 2666 718 ire.
2705 665 2821 731 Quo
2851 681 2971 719 cum
3005 665 3338 722 devertissem

1769 756 2005 808 omnimu
2045 756 2286 826 vestigiis
2332 755 2664 826 provolutus,
2707 757 2877 810 morbi
2923 771 3030 826 quo
3077 755 3346 812 aﬂiciebar

1769 844 1979 915 plagam
2013 845 2235 899 medicis
2273 845 2603 914 sapientibus
2632 845 2808 899 retuli.
2841 844 3047 911 Quibus
3075 854 3131 898 ut
3159 846 3344 914 quanti

1771 935 2054 990 levznuinis
2100 936 2239 1005 apud
2273 935 2534 1005 propitios
2581 935 2827 988 dominos
2870 935 3179 990 obtinerent
3221 951 3347 1005 snp-

1771 1027 1984 1096 plicavi,
2013 1035 2070 1080 et
2097 1037 2153 1080 ut
2188 1043 2288 1096 pro
2339 1028 2522 1096 requie
2561 1026 2805 1096 conjugis
2841 1020 3004 1095 quam
3035 1035 3348 1095 exemptam

1773 1119 1881 1171 vita
1905 1119 2232 1182 arbitrabar,
2261 1119 2455 1172 missas
2477 1117 2835 1180 celebrarent,
2859 1125 2917 1170 et
2941 1117 3200 1172 attentius
3229 1131 3351 1170 ora-

1775 1219 1916 1274 rent,
1941 1209 2306 1265 venerabilem
2337 1209 2736 1280 religiositatem
2767 1222 2953 1263 eorum
2981 1211 3178 1264 obnixe
3205 1207 3350 1264 ema-

1767 1299 1960 1371 gitavi.
1994 1299 2096 1366 Qui
2121 1299 2502 1355 afﬂictionibus
2529 1309 2586 1354 et
2623 1299 2856 1354 miseriis
2887 1299 3020 1353 meis
3055 1299 3348 1369 prudenter

1773 1389 2064 1458 compassi,
2095 1404 2192 1458 per
2221 1390 2408 1445 merita
2431 1398 2488 1444 et
2509 1388 2875 1444 interventum
2902 1399 3209 1444 sanctorum
3233 1387 3353 1458 qui-

1773 1481 1874 1537 bus
1899 1481 2290 1546 deserviebant,
2313 1479 2474 1534 veluti
2498 1479 2798 1534 futurorum
2819 1480 3029 1550 pratscii
3053 1479 3353 1543 proximam

1769 1573 2050 1644 pollicitati
2087 1567 2222 1628 Sunt
2272 1573 2339 1626 ab
2389 1571 2766 1642 Omnipotente
2822 1571 3130 1626 adfuturam
3175 1572 3356 1626 mede-

1777 1665 1903 1728 lam,
1933 1664 1977 1718 si
2017 1673 2193 1718 tamen
2225 1663 2346 1718 ﬁdei
2389 1665 2744 1718 sacramentis
2783 1665 3027 1716 animmn
3059 1677 3356 1717 accommo-

1777 1756 1982 1810 darem.
2033 1753 2124 1811 Sic
2150 1754 2218 1809 ab
2257 1755 2334 1809 eis
2365 1755 2500 1809 bene
2531 1753 2864 1808 confortatus
2900 1763 3024 1823 post
3054 1745 3356 1808 orationem

1723 1913 1730 1916 _
1778 1847 1846 1901 ab
1879 1845 1982 1900 illis
2011 1845 2269 1900 deductus
2309 1845 2452 1900 uotis
2481 1846 2740 1916 ergastuli
2779 1845 2950 1899 antris
2971 1886 2985 1908 ,
3018 1845 3092 1898 ita
3141 1845 3358 1898 demum

120 1953 266 2006 usque
315 1937 592 1991 incanduit
635 1946 696 1990 ut
741 1934 888 2005 ipsos
924 1947 1136 2004 quoque
1175 1932 1473 2001 praedulces
1521 1939 1672 1985 natos
1701 1933 1749 1994 Β
1777 1952 1894 1991 smn
1927 1935 2228 1991 restitutus.
2277 1935 2548 2005 Sequente
2576 1936 2746 1990 noctis
2778 1937 2968 1990 umbra
2999 1935 3236 2006 COgitatu
3273 1949 3360 1990 se-

119 2045 246 2084 meos
271 2029 320 2082 in
348 2045 430 2084 me
459 2017 667 2084 Ismvire
696 2025 1080 2096 compulerint,
1124 2035 1177 2080 et
1227 2039 1408 2079 serum
1442 2024 1508 2078 de
1543 2039 1676 2078 nece

119 2121 186 2172 sui
213 2120 462 2190 genitoris
493 2129 730 2173 tractare
775 2117 1024 2172 fecerint.
1074 2115 1156 2169 Ad
1203 2115 1380 2170 locum
1421 2114 1498 2168 sic
1539 2113 1676 2168 forte

121 2213 324 2272 venitur,
361 2212 450 2282 qui
487 2226 555 2264 ex
599 2221 794 2265 eventu
831 2217 1002 2278 ruptae
1048 2207 1170 2262 ﬁdei
1207 2207 1356 2276 pacis
1395 2215 1451 2261 et
1497 2221 1677 2261 sacra-

119 2315 394 2359 mentorum
425 2304 922 2374 Mentitus-cumpus
945 2301 1094 2374 (485)
1122 2316 1188 2356 ex
1209 2310 1332 2354 tunc
1353 2300 1674 2370 appellatur.

119 2394 202 2448 llic
227 2409 304 2448 me
329 2395 508 2449 omnis
543 2407 683 2464 pene
727 2407 968 2464 meorum
1007 2391 1237 2446 militum
1289 2405 1479 2444 manus
1525 2390 1679 2443 desc-

121 2501 244 2549 rcus,
279 2501 360 2552 eo,
389 2495 447 2540 ut
493 2485 688 2550 retuli,
716 2483 1015 2554 perduellio
1061 2483 1202 2538 ﬁlios
1254 2497 1403 2538 meos
1451 2483 1680 2536 horren-

119 2575 225 2629 dum
255 2575 457 2631 facinus
489 2575 734 2641 involvit,
768 2585 823 2631 et
849 2574 1094 2645 praeﬁces
1119 2574 1340 2630 sceleris
1381 2590 1502 2630 esse
1537 2573 1671 2628 dele-

119 2666 202 2735 git,
229 2668 414 2722 insonti
448 2668 584 2723 mihi
617 2667 784 2722 multa
811 2667 972 2723 morti
999 2668 1230 2722 obnoxia
1259 2668 1619 2736 imputantcs;
1645 2681 1678 2720 a

118 2771 368 2826 tranquam
387 2757 547 2812 laesis
574 2757 942 2827 multipliciter
963 2757 1124 2812 laesus
1148 2765 1202 2811 et
1225 2757 1460 2824 delusus,
1496 2757 1682 2811 nefan-

121 2837 560 2902 dot-uaractnum
591 2863 835 2904 meorum
871 2863 978 2902 non
1025 2847 1331 2913 immemor,
1375 2847 1682 2917 aequissimo

121 2935 198 2989 lutei
212 2935 406 3006 judicio
437 2940 557 2994 haec
589 2955 676 2994 me
706 2940 864 3008 digne
889 2940 1096 3012 perpeti
1139 2940 1574 3004 comminisceus,
1597 2955 1684 2994 ca-

117 3039 199 3079 sus
249 3029 626 3097 aequanimiter
691 3027 954 3084 ferebam.
1026 3029 1337 3084 Suessionis
1405 3029 1682 3084 civitatem

115 3117 287 3174 deinde
317 3121 538 3176 inimica
567 3121 794 3176 cohorte
843 3121 1105 3188 vallatus,
1138 3123 1206 3178 ad
1245 3132 1554 3178 sanctorum
1593 3121 1684 3176 do-

120 3213 361 3268 minorum
409 3231 658 3270 meorum
714 3215 1018 3272 ccenobium
1077 3215 1368 3284 perductus
1417 3232 1534 3270 sum
1567 3257 1580 3280 ,
1623 3224 1680 3270 et

115 3305 222 3370 quia
261 3307 508 3362 sciebant
557 3323 642 3360 me
683 3307 830 3360 illum
883 3307 1058 3362 locum
1104 3307 1326 3379 diligere
1369 3307 1680 3377 plurimum,
1710 3289 1752 3346 (ἶ

115 3397 524 3453 consiliabantur
562 3399 690 3452 inibi
733 3413 818 3452 me
847 3397 1066 3452 fortuitu
1105 3408 1225 3469 post
1255 3398 1685 3469 desperationem

117 3501 284 3556 sponte
309 3509 457 3546 arma
495 3493 818 3562 positurum.
853 3494 969 3558 Quo
1003 3508 1124 3546 cum
1153 3507 1238 3546 me
1267 3493 1476 3562 publica
1510 3503 1690 3546 custo-

115 3579 190 3628 dia
219 3584 598 3645 arctavisseut,
631 3591 899 3650 quatenus
927 3583 1070 3650 quod
1107 3583 1688 3638 callidetractaverant

115 3683 260 3735 apere
312 3682 759 3727 consummaverit
793 3715 807 3737 ,
851 3671 1114 3742 quosdam
1167 3675 1532 3728 submiserunt
1596 3673 1688 3744 qui

115 3773 318 3816 uxorem
351 3763 504 3834 (486)
547 3779 724 3818 meam
775 3765 825 3817 in
880 3764 1206 3819 monasterio
1253 3764 1520 3836 virginum
1567 3779 1690 3818 san-

111 3849 459 3910 ctimonialem
531 3855 726 3910 factam
777 3857 858 3910 vel
900 3857 1081 3926 (quod
1137 3855 1318 3910 verius
1371 3855 1688 3927 audissent)

113 3953 360 4000 mortuam
426 3947 563 4001 mihi
615 3947 944 4002 nuntiarent.
1007 3949 1197 4002 Filium
1248 3961 1461 4018 quoque
1511 3963 1688 4000 meum

109 4037 376 4100 parvulum
402 4048 457 4094 et
489 4040 834 4094 innocentiam
868 4041 1117 4094 Carolum
1146 4042 1296 4095 bonae
1341 4041 1534 4094 indolis
1565 4057 1695 4109 pue-

113 4125 297 4194 rulum,
327 4143 494 4198 quem
529 4141 788 4196 noverant
839 4146 950 4201 pra}
993 4131 1244 4187 omnibus
1275 4131 1404 4184 mihi
1432 4131 1690 4186 amantis-

111 4217 327 4286 simum,
364 4233 650 4277 attonsum
683 4233 737 4278 et
781 4224 1168 4278 monachorum
1217 4223 1495 4276 firmarent
1526 4223 1690 4278 coetui

109 4309 370 4366 adnisum.
415 4313 578 4382 Quod
614 4328 713 4384 ego
759 4313 1014 4379 audiens,
1043 4323 1096 4369 et
1137 4329 1222 4369 me
1264 4314 1541 4368 continere
1587 4330 1691 4369 non

112 4400 282 4457 valens
310 4444 324 4470 ,
384 4407 594 4475 quippe
642 4403 735 4474 qui
775 4403 926 4474 regni
963 4405 1156 4460 decore
1207 4405 1468 4474 spoliatus
1494 4445 1508 4470 ,
1559 4421 1691 4460 con-

105 4485 226 4559 iuge
287 4496 546 4564 privatus
583 4535 598 4560 ,
650 4494 872 4565 filioque
939 4511 1112 4550 essent
1179 4497 1447 4560 orbatus,
1504 4495 1728 4551 dicbus'

111 4596 206 4635 non
237 4588 428 4653 paucis
476 4587 688 4658 cjulaus
739 4587 886 4641 nullo
914 4587 1250 4642 consolatore
1295 4586 1530 4652 ft'uitus,
1574 4587 1692 4640 lan-

107 4676 276 4739 guoris
323 4677 708 4733 violentissimi
751 4678 1008 4749 paulatim
1059 4695 1144 4734 me
1187 4681 1583 4750 perscutiebatn
1624 4695 1692 4734 cx

110 4761 332 4819 tristitiae
386 4768 764 4839 magnitudine
792 4769 1012 4822 testibus
1050 4769 1202 4823 aduri
1247 4787 1258 4822 :
1315 4778 1368 4824 et
1397 4769 1520 4839 quia
1557 4785 1692 4840 prte-

109 4861 184 4906 ter
212 4857 380 4913 Deum
415 4861 814 4916 consolatorem
867 4862 1136 4916 neminem
1185 4861 1381 4917 habere
1426 4870 1688 4934 poteram,

108 4948 354 5010 quoniam
387 4951 633 5020 quidem
691 4953 869 5006 aditus
922 4961 976 5006 ct
1011 4952 1336 5020 colloquium
1393 4954 1693 5020 negabatur

103 5038 351 5092 omnibus
377 5080 392 5104 ,
435 5042 508 5094 ad
545 5041 827 5096 ecclesiam
874 5051 1078 5095 tantum
1117 5051 1174 5095 et
1216 5045 1280 5096 ad
1329 5043 1524 5096 fratres
1575 5059 1698 5096 raro

174 5215 337 5296 {485)
357 5218 655 5296 Theganus
681 5221 738 5274 in
760 5235 877 5296 cap.
894 5219 970 5274 42
985 5230 1140 5296 vocat
1165 5237 1404 5296 rumpunt
1429 5239 1694 5296 magnum,

103 5290 188 5361 qui
214 5299 288 5340 est
319 5291 465 5344 inter
491 5290 858 5361 Argentariam
907 5302 954 5344 et
989 5291 1274 5356 Basileam,
1305 5293 1392 5360 qui
1423 5290 1584 5361 usque
1605 5295 1708 5346 lto-

105 5355 184 5408 die
227 5370 452 5430 uocatur
481 5355 988 5429 Campus-mendacii
1023 5402 1040 5426 ,
1073 5377 1130 5414 eo
1168 5355 1410 5430 quod-ibi
1445 5355 1700 5430 plurimu-

107 5427 493 5504 runrﬁrIeliIQs
505 5427 766 5504 exstincta
791 5431 882 5504 sit.
905 5431 1044 5504 Lege
1066 5431 1166 5504 hac
1181 5427 1252 5504 de
1281 5447 1338 5486 re
1359 5427 1698 5504 Anonynmm

182 5495 320 5550 libro
347 5503 416 5552 de
451 5499 576 5555 Vita
601 5503 850 5555 Ludovici
896 5495 1119 5570 Augusti
1153 5503 1220 5556 ad
1244 5519 1444 5558 annum
1488 5495 1614 5568 8'53,
1645 5515 1700 5559 et

107 5563 300 5618 inn-nm
337 5585 402 5624 ll.
443 5571 510 5625 de
537 5571 714 5626 Gcstis
741 5571 909 5626 Wala:
940 5563 1148 5626 abbatis
1173 5571 1335 5626 infra.

174 5636 324 5708 (-386)
367 5639 564 5696 Judittt
597 5642 822 5706 scilicet,
856 5639 1008 5707 cujus
1033 5643 1318 5696 occasione
1351 5652 1430 5698 tot
1450 5645 1700 5700 excitata:

105 5707 356 5768 procella:
389 5723 542 5781 sunt,
573 5729 692 5781 qua:
716 5729 857 5766 anno
885 5713 988 5766 8.30
1011 5713 1239 5780 primum
1265 5713 1316 5766 in
1349 5713 1702 5770 Lauduncnse

107 5779 508 5834 inouastcrium
555 5779 612 5834 δύ.
661 5781 839 5834 Marbe
887 5779 1092 5834 retrusa
1125 5823 1138 5844 ,
1188 5783 1308 5836 (lein
1363 5785 1594 5840 l’ictavis
1645 5789 1698 5840 in

100 5848 420 5902 cwuobinm
470 5852 529 5904 ὃ.
563 5851 937 5922 ltadcgundis,
985 5853 1141 5905 tertio
1174 5863 1294 5921 post
1337 5871 1476 5910 anno
1516 5857 1698 5912 Derto—

563 5970 832 6028 ΡΑἹἪΟΙ..
883 5973 923 6026 (ἶ
937 5973 982 6028 Χ
999 5973 1046 6029 Χ
1061 5973 1193 6038 ΧΗ.

1779 2029 1904 2083 dulo
1927 2029 2250 2083 lucicomum
2287 2029 2657 2082 desiderabam
2681 2043 2905 2083 cernere
2933 2027 3083 2083 sidus
3112 2047 3124 2081 :
3156 2029 3360 2098 ingres-

1779 2137 1978 2190 susque
2003 2131 2207 2176 sanctte
2229 2119 2483 2174 Trinitati
2513 2119 2662 2191 (487)
2695 2121 2926 2174 vicinum
2969 2121 3203 2175 carceris
3243 2135 3362 2174 ora-

1779 2213 1998 2278 torium,
2041 2221 2162 2280 post
2213 2211 2584 2266 matutinalcm
2633 2211 2994 2281 expletioncm
3039 2211 3185 2266 solus
3231 2211 3362 2265 inibi

1779 2315 2124 2376 pernoctans,
2155 2319 2277 2359 cum
2308 2319 2404 2373 per
2441 2303 2733 2358 fenestram
2771 2312 2920 2358 extra
2955 2303 3204 2357 intuitum
3231 2297 3362 2356 diri-

1779 2413 1984 2470 gerem,
2012 2397 2295 2466 quemdam
2325 2395 2607 2451 custodum
2641 2396 2778 2450 ultra
2810 2395 2950 2450 vires
2977 2397 3246 2450 immerito
3275 2406 3355 2450 ta-

1781 2503 1902 2542 men
1935 2487 2066 2540 mihi
2114 2485 2366 2541 infestum
2391 2526 2407 2552 ,
2438 2485 2538 2540 sub
2573 2485 2800 2540 imbrice
2823 2485 3075 2540 cominus
3099 2485 3258 2540 video
3289 2485 3370 2556 ja-

1777 2583 2011 2638 centem,
2059 2583 2134 2640 et,
2191 2591 2256 2629 ne
2303 2575 2382 2628 vel
2432 2575 2742 2644 permodico
2793 2575 3044 2631 maccrici
3100 2574 3366 2630 foramine

1777 2663 2046 2730 elabercr,
2078 2664 2194 2734 ipso
2219 2673 2360 2719 statu
2385 2679 2605 2719 servare
2628 2665 2954 2732 cupientem.
2981 2667 3149 2730 Quem
3172 2679 3363 2720 somno
3442 2709 3452 2720 .

1779 2766 1836 2810 et
1884 2771 2035 2810 mero
2083 2757 2315 2826 sapitum
2364 2756 2793 2825 deprehendens,
2843 2755 2986 2809 inter
3034 2756 3140 2809 alta
3185 2757 3368 2811 cordis

1781 2849 2014 2919 suspiria
2043 2847 2325 2904 ridiculum
2355 2849 2484 2903 mihi
2514 2864 2670 2903 omen
2700 2847 2890 2903 melius
2928 2859 3220 2918 aspectans
3273 2850 3368 2904 ob-

1781 2940 1978 2995 oritur.
2005 2939 2295 2994 Enimvero
2313 2955 2438 2994 cum
2467 2940 2539 2993 ita
2564 2939 2813 2994 dilusum
2851 2939 3123 2994 solotenus
3153 2953 3208 2995 ct
3250 2939 3367 3008 ejus

1781 3043 1966 3082 ensem
1998 3027 2266 3098 frequenti
2291 3029 2600 3094 cervicalis,
2635 3045 2742 3099 quo
2774 3029 3116 3098 superfuerat
3160 3029 3370 3100 exposi-

1787 3130 1894 3185 tus,
1921 3121 2139 3190 repulsu
2161 3121 2399 3176 viderem
2427 3131 2590 3192 penes
2607 3121 2919 3176 fundamina
2947 3121 3370 3191 basiliczeimpe-

1787 3231 1934 3278 xum,
1965 3215 2164 3269 scalam
2189 3216 2402 3270 conicite
2430 3231 2550 3286 qua?
2578 3217 2644 3271 ad
2671 3218 3044 3272 accendendus
3089 3215 3236 3272 fares
3272 3232 3373 3270 au-

1787 3307 1910 3378 gnlo
1939 3307 2112 3360 fuerat
2157 3307 2390 3376 reposita
2420 3307 2660 3372 subiens,
2690 3305 2983 3364 funiculum
3015 3307 3126 3362 otio
3157 3317 3372 3378 torpen-

1791 3405 1893 3449 lem
1926 3412 2086 3465 super
2117 3413 2144 3448 a
2195 3397 2537 3467 laquearibus
2587 3398 2716 3452 solvi
2747 3417 2759 3451 :
2793 3399 3145 3467 comiuusque
3185 3399 3370 3452 ltastas

1789 3485 1984 3554 quibus
2017 3486 2204 3541 vexilla
2240 3499 2479 3558 tempore
2519 3489 2828 3543 litaui:.trtnn
2861 3489 3081 3544 ferenda
3115 3499 3376 3558 aptantur:

1791 3580 2130 3648 conspiciens
2155 3621 2168 3644 ,
2200 3581 2286 3633 uni
2327 3596 2512 3634 earum
2550 3579 2843 3635 funiculum
2871 3598 2993 3635 cum
3025 3580 3216 3651 laqueo
3251 3580 3376 3634 sub-

1791 3673 1951 3726 ncttui
1985 3655 2187 3742 perque
2218 3673 2462 3726 eamdem
2503 3670 2797 3724 fenestram
2830 3672 2955 3742 jeci.
2995 3669 3106 3725 llac
3132 3687 3376 3740 corrpre-

1791 3763 2016 3819 liensum
2045 3775 2160 3819 arte
2191 3780 2500 3818 mucronem
2531 3763 2743 3828 sustuli,
2771 3764 2932 3834 inun
2965 3763 3098 3818 altas
3123 3773 3175 3818 et
3215 3779 3374 3833 squa-

1792 3860 1963 3914 lentes
1991 3858 2092 3910 fcci
2131 3857 2328 3928 jactari
2357 3857 2601 3922 latrinas,
2635 3867 2933 3926 vocatoque
2975 3855 3090 3924 ejus
3121 3857 3335 3910 nomine
3359 3897 3377 3920 ,

1793 3953 1878 4005 aio
1909 3951 1974 4005 ad
2005 3967 2125 4004 cum
2160 3967 2172 4002 :
2207 3949 2252 4004 Ο
2281 3959 2464 4003 custos
2497 3950 2741 4020 pervigil,
2777 3959 2989 4004 tuorum
3024 3964 3147 4018 spes
3189 3948 3374 4002 fidissi-

1795 4061 1899 4104 ma,
1930 4043 2224 4112 vigilasne?
2256 4043 2334 4096 Ad
2381 4044 2493 4097 lucc
2537 4043 2624 4097 ille
2655 4060 2670 4095 :
2703 4041 2901 4111 Vigilo,
2932 4052 2985 4094 et
3018 4042 3151 4095 bene
3195 4040 3374 4108 vigilo.

1795 4135 1892 4189 (lui
1927 4135 2121 4188 iterum
2165 4149 2302 4202 ego:
2339 4133 2402 4186 Et
2447 4134 2573 4202 quid
2618 4133 2823 4188 struis?
2863 4133 2926 4186 Et
2967 4131 3053 4186 ille
3085 4150 3098 4184 :
3140 4129 3275 4196 Quid
3315 4129 3378 4184 de

1796 4225 1900 4290 bis,
1933 4225 2123 4293 inquit,
2153 4223 2247 4281 tibi
2271 4224 2294 4276 ?
2322 4223 2528 4278 Rursus
2549 4239 2649 4293 ego
2677 4240 2689 4275 :
2723 4223 2778 4276 Si
2810 4223 2902 4277 tibi
2935 4221 3071 4275 forte
3100 4220 3376 4288 repentina

1797 4316 2092 4370 necessitas
2116 4323 2370 4386 cogeret,
2422 4314 2646 4368 forsitan
2689 4313 2898 4384 gladius
2945 4329 3106 4366 manu
3140 4313 3375 4366 abesset.

1795 4409 1889 4462 lllo
1918 4411 1982 4462 ad
2009 4415 2170 4475 caput
2199 4407 2414 4462 brachia
2447 4416 2798 4460 convertente
2830 4415 2884 4459 et
2921 4420 3048 4459 cum
3095 4405 3198 4459 huc
3231 4403 3378 4460 illuc-

1797 4517 1902 4570 que
1931 4499 2255 4570 quaeritantc
2291 4514 2304 4550 :
2335 4495 2390 4550 Si
2422 4513 2525 4560 tne,
2557 4495 2690 4563 dixi,
2719 4496 2798 4550 sic
2824 4495 3184 4560 eustodisscs,
3220 4495 3381 4549 hodie

1717 4593 1772 4688 D'
1801 4609 1884 4648 me
1939 4607 2277 4662 nequaquam
2323 4589 2414 4646 hic
2461 4589 2760 4645 habuisses.
2806 4588 3112 4658 Quidquid,
3165 4588 3380 4658 inquit,

1803 4685 1928 4739 illud
1959 4693 2041 4739 est
2067 4684 2208 4754 quod
2241 4681 2307 4737 de
2330 4697 2586 4736 mucrone
2610 4691 2788 4735 actmn
2815 4690 2918 4746 est,
2951 4681 3083 4736 satis
3115 4697 3384 4752 superque

1801 4787 1853 4832 te
1888 4787 1946 4830 ut
1966 4775 2152 4845 jussus
2183 4791 2302 4830 sum
2338 4769 2566 4839 sert’avi,
2596 4781 2650 4828 et
2693 4787 2912 4828 servare
2952 4773 3152 4826 curabo
3183 4781 3237 4826 et
3260 4787 3380 4842 ego.

1801 4871 1947 4924 Vade
1982 4884 2131 4940 ergo,
2171 4877 2225 4922 et
2254 4869 2306 4922 in
2337 4882 2559 4922 munere
2589 4865 2860 4922 ﬁdelitalis
2897 4865 3056 4934 hujus
3079 4875 3132 4920 et
3167 4865 3381 4936 vigilia-

1805 4980 1922 5018 rum
1959 4973 2172 5016 tuarum
2221 4961 2312 5016 illo
2361 4960 2411 5014 in
2451 4959 2567 5015 loco
2587 4959 2922 5028 competenti
2964 4956 3383 5012 armamentorio

1803 5071 1964 5124 quem
2001 5053 2227 5122 turpiter
2262 5053 2488 5106 amisisti
2523 5052 2773 5122 recollige
2815 5065 3147 5106 mucronem.
3181 5049 3380 5103 Eadem

1807 5243 1932 5282 nam
1963 5225 2198 5296 relegata
2230 5235 2328 5280 est.
2358 5224 2584 5280 Carolus
2611 5241 2738 5279 vero
2779 5225 3010 5296 Promis:
3037 5226 3384 5296 commenda-

1807 5307 1894 5352 tus
1947 5306 2028 5350 est
2057 5295 2217 5362 {nec
2265 5307 2440 5366 tamen
2483 5305 2768 5358 attonsus,
2819 5305 2876 5358 ut
2917 5295 3116 5366 legitur
3159 5295 3214 5350 iu
3261 5295 3382 5350 Vita

1807 5367 2060 5421 Ludovici
2091 5365 2336 5435 Augusti.
2625 5413 2632 5416 _

1877 5437 2051 5510 (487)
2097 5436 2414 5510 llincntarus
2466 5453 2605 5510 anno
2646 5439 2735 5510 sui
2791 5436 3114 5510 episcopatus
3164 5438 3384 5510 septimo

1805 5505 2062 5580 synodum
2091 5508 2122 5559 It
2164 5507 2270 5559 buit
2308 5505 2967 5580 contprovinriulentapud
2993 5505 3382 5580 Suessionicam

1807 5575 1984 5632 urbem
2025 5579 2076 5630 in
2108 5579 2419 5630 monasterio
2457 5575 2514 5630 S.
2561 5575 2824 5640 Medea-di,
2855 5575 2910 5629 in
2945 5578 3160 5634 ecclesia
3184 5589 3383 5634 sancta:

1810 5649 2086 5702 Trinitatis
2117 5649 2312 5700 honore
2341 5657 2574 5707 sacrata,
2608 5657 2740 5701 teste
2773 5648 3085 5704 Frodoardo
3111 5649 3164 5704 in
3203 5650 3384 5704 llistoo

1807 5722 1905 5790 rint
1933 5718 2023 5770 lgb.
2057 5734 2150 5790 tu,
2171 5733 2292 5790 cap.
2324 5719 2396 5790 f2;
2429 5733 2547 5784 qua:
2585 5718 2810 5772 ecclesia
2839 5721 2944 5772 alia
2972 5731 3090 5774 erat
3125 5739 3151 5772 a
3185 5721 3386 5790 princi—

1808 5789 1935 5858 pili,
1973 5803 2090 5857 qua:
2118 5785 2175 5838 ll.
2207 5785 2618 5858 lilat‘iiesacrata
2645 5799 2795 5852 erat,
2829 5800 2888 5844 ut
2916 5800 3126 5846 constat
3147 5785 3212 5845 cit
3241 5791 3382 5844 litte-

1811 5856 1882 5915 ris
1907 5856 2357 5912 exauctoratinnis
2389 5856 2636 5912 Ludovici
2673 5859 2918 5924 Augusti.

2793 5977 2868 6036 20
