3902 6414
585 420 696 475 ﬁl!

1448 418 2116 478 οΒ1ιοΝ15.11οΝΑο111
2157 419 2220 476 s.
2257 421 2556 479 MEDARDI
2597 423 2943 482 susssros.
2981 439 2984 442 ~
3341 407 3347 411 “
3652 437 3714 493 ια)
3753 475 3760 486 .

593 535 704 604 ipsa
733 533 818 589 die
846 533 1062 603 quidam
1113 531 1338 588 fratrum
1376 535 1718 605 explorantes
1738 576 1753 600 ,
1796 534 1961 590 totius
1987 548 2164 588 causa:
2193 537 2237 596 Α
2267 535 2450 590 orbem
2472 534 2894 601 considerarem,
2921 543 2976 590 et
2997 535 3229 590 vicinam
3259 534 3591 594 desolationem
3614 561 3715 613 quam

591 641 726 682 mete
763 625 1006 681 veritatis
1034 636 1276 681 tenorem
1309 641 1405 696 per
1440 625 1770 681 Hardninum
1795 663 1811 692 ,
1857 625 1949 695 qui
1977 626 2160 695 quoti-

589 714 750 770 diano
779 715 1079 770 ministerio
1117 725 1242 769 ante
1267 730 1353 770 me
1393 715 1586 770 missas
1613 716 1838 786 psallere
1871 729 2164 770 consueve-

590 814 714 870 rat,
741 807 941 874 scripto
971 805 1253 860 miserunt.
1299 805 1539 874 Cumque
1563 805 1630 860 de
1659 820 1807 860 more
1834 807 1882 860 ei
1929 804 2160 860 oblatio-

589 911 685 951 nes
707 896 852 967 (488)
879 897 986 952 Deo
1009 897 1341 962 mactandas,
1371 897 1606 951 maxime
1631 912 1730 967 pro
1758 897 2000 968 co:.jugis
2029 911 2163 952 mea!

588 986 947 1053 absolutione,
969 1001 1130 1056 quam
1171 985 1422 1042 humanis
1454 997 1756 1055 exemptam
1789 987 1951 1042 rebus
1976 986 2162 1040 crede-

588 1075 735 1140 bam,
762 1074 1010 1130 offerrem
1033 1091 1050 1141 ;
1073 1074 1164 1128 ille
1186 1089 1361 1129 meam
1393 1075 1601 1131 cautius
1623 1075 1894 1145 stringens
1920 1090 2158 1141 manum,

589 1181 744 1220 secus
767 1165 937 1221 altare
963 1165 1251 1236 esse1(489)
1276 1166 1428 1220 dixit.
1454 1166 1585 1222 Post
1611 1175 2036 1221 consummatam
2066 1167 2163 1222 ho-

580 1255 780 1319 stiam,
827 1271 1016 1311 omnes
1059 1271 1180 1310 cum
1229 1255 1375 1312 foras
1401 1255 1600 1327 egressi
1645 1255 1903 1323 fuissent,
1947 1255 2160 1312 substiti

587 1346 757 1410 solus,
783 1355 837 1400 et
857 1345 1054 1402 sacello
1069 1346 1372 1417 .projectam
1399 1347 1653 1418 colligens
1685 1347 1915 1404 rotulam
1934 1388 1950 1413 ,
1979 1348 2163 1403 vivere

586 1452 842 1502 uxorem,
889 1444 944 1491 et
989 1437 1061 1491 nil
1098 1437 1150 1491 in
1188 1437 1352 1492 lilium
1401 1453 1578 1492 meum
1625 1438 1830 1494 sinistri
1879 1447 2160 1510 operatum

589 1527 812 1596 cognovi
840 1567 856 1592 ,
884 1535 939 1582 et
965 1525 1244 1597 perplures
1266 1527 1485 1597 jamque
1523 1528 1778 1598 pmniteri
1815 1529 1955 1599 quod
1986 1527 2164 1582 taliter

593 1617 750 1672 fidem
788 1619 1054 1688 rnperint,
1094 1627 1148 1675 et
1175 1635 1206 1673 a
1256 1635 1342 1674 me
1373 1619 1758 1685 discesserint,
1788 1617 2162 1690 ferocibusque

589 1706 785 1762 animis
813 1708 1059 1762 certatim
1106 1708 1504 1764 restitutionem
1540 1709 1691 1780 regni
1733 1707 1936 1763 moliri.
1966 1707 2116 1775 Quod
2140 1746 2158 1775 ,

585 1797 699 1852 Deo
729 1796 938 1852 favente
965 1811 1158 1866 resque
1203 1798 1256 1853 in
1290 1799 1481 1854 melius
1505 1814 1602 1870 per
1636 1807 1907 1854 ostentum
1951 1807 2162 1854 sancto-

2263 624 2624 697 praescieram,
2678 624 3059 691 formidarem;
3107 641 3257 681 reum
3300 641 3381 680 me
3416 642 3551 698 super
3573 631 3714 687 hocin-

2261 715 2467 780 veniri,
2501 729 2705 784 proque
2753 715 2855 770 hoc
2897 716 3114 772 aeternis
3165 715 3428 786 Suppliciis
3464 719 3652 776 damnari
3677 727 3716 778 ab

2261 804 2352 860 illo
2391 807 2715 870 metuebam,
2759 806 2850 875 qui
2889 807 3262 861 universorum
3293 807 3479 862 Auctor
3497 821 3672 867 exstaret
3687 825 3718 867 ri

2261 894 2544 958 Dominus,
2585 895 2856 966 judexque
2894 906 3155 952 venturus
3201 896 3470 968 unicuique
3513 904 3717 956 secundum

2260 1000 2426 1055 opera
2455 996 2600 1042 esset
2640 987 2961 1042 redditurus.
3003 986 3095 1042 Ille
3141 987 3318 1043 taliter
3347 1002 3426 1042 me
3450 990 3718 1046 tristaricon-

2260 1077 2518 1146 spiciens,
2573 1078 2772 1133 diutius
2815 1078 3030 1148 quidem
3101 1080 3398 1134 consultum
3445 1083 3614 1147 tenuit,
3649 1095 3720 1138 ent

2260 1165 2403 1219 enim
2438 1165 2522 1220 vir
2553 1167 2603 1218 in
2632 1165 2879 1221 omnibus
2913 1166 3274 1221 fidelissimus.
3298 1167 3370 1222 Et
3389 1183 3496 1222 cum
3517 1168 3605 1237 jam
3623 1171 3719 1226 uber-

2260 1253 2457 1308 rimum
2493 1269 2733 1312 meorum
2767 1254 2986 1309 fletuum
3016 1255 3241 1310 imbrem
3264 1254 3402 1311 ferre
3425 1259 3720 1330 ncquiret,ipu

2260 1358 2474 1414 quoque
2518 1359 2586 1400 ex
2615 1345 2716 1400 hoc
2756 1354 3034 1414 permotus
3077 1346 3130 1401 in
3179 1345 3438 1416 lacrymas
3480 1349 3717 1416 ruit:0nid.

2259 1432 2454 1502 inquit,
2489 1434 2689 1503 optime
2715 1431 2915 1498 Cmsar,
2948 1433 3043 1488 tibi
3081 1442 3135 1488 et
3174 1433 3278 1488 tuis
3306 1434 3518 1503 graviter
3540 1436 3722 1491 destitutis

2263 1525 2376 1578 haec
2425 1524 2677 1593 prodesse
2723 1523 3012 1592 poterunt?
3053 1539 3146 1594 per
3185 1533 3235 1588 te
3280 1525 3638 1582 consolabuntur
3651 1530 3722 1580 uni-

2257 1613 2422 1668 versi.
2461 1612 2714 1667 llilaritas
2744 1622 2829 1666 tua
2857 1613 2902 1667 si
2945 1615 3153 1670 maestis
3184 1614 3424 1684 parebat,
3448 1615 3636 1671 dolorem
3653 1633 3723 1671 om-

2258 1719 2381 1759 nem
2407 1702 2717 1758 cvacuabat.
2759 1703 2899 1769 Noli,
2930 1704 3142 1759 domine
3170 1711 3230 1759 et‘
3249 1705 3599 1772 gloriosissime
3622 1708 3724 1777 impe-

2260 1803 2442 1859 rator,
2477 1794 2583 1849 noli
2629 1795 2730 1849 hoc
2771 1795 2944 1849 servis
2996 1794 3100 1849 tuis
3130 1795 3341 1850 letbalis
3369 1796 3572 1850 tristitia:
3605 1799 3724 1851 vulnus

585 1901 706 1940 rum
737 1902 955 1942 suorum
985 1887 1415 1956 transfundente,
1441 1891 1506 1944 ad
1534 1889 1832 1960 perfectum
1869 1890 2157 1946 deduxere.
2192 1884 2235 1944 Β
2264 1884 2316 1940 in
2343 1893 2416 1951 te,
2447 1884 2533 1939 cui
2555 1900 2766 1940 summa
2792 1900 3003 1956 semper
3021 1887 3328 1957 jocunditas
3352 1928 3367 1954 ,
3393 1887 3552 1944 vultus
3574 1891 3724 1944 serenis-

585 1978 788 2033 Vcrum
825 1992 1129 2048 quanquam
1173 1980 1452 2049 angustius
1480 1979 1632 2050 regni
1674 1988 1986 2050 recuperato
2015 1977 2162 2034 fasti-

584 2070 673 2141 gio
708 2070 947 2140 pristinae
990 2069 1268 2141 dignitatis
1315 2068 1624 2141 perfruerer
1666 2070 1873 2142 gloria,
1917 2085 2159 2126 meorum

587 2171 824 2217 attamen
864 2177 968 2216 non
1019 2163 1303 2217 immemor
1344 2172 1592 2218 votorum
1639 2177 1704 2218 ac
1749 2163 2158 2232 precationum,

582 2253 778 2322 quibus
803 2251 1313 2307 excellentissimum
1339 2262 1630 2327 martyrem
1662 2252 2041 2308 Sebastianum
2072 2267 2160 2308 ro-

577 2358 859 2412 gavcram,
889 2351 943 2396 et
966 2357 1052 2397 me
1075 2343 1453 2399 incunctanter
1481 2353 1825 2414 accepturum
1849 2343 2160 2398 credebam.

578 2433 901 2503 .lnsurgente
955 2447 1143 2488 rursus
1208 2433 1504 2504 perduellio
1556 2449 1677 2489 cum
1733 2434 1937 2503 passim
2009 2431 2159 2505 regni

587 2523 843 2592 quietudo
869 2531 1317 2592 propngnaretur,
1352 2531 1406 2577 et.
1446 2522 1595 2591 pacis
1639 2521 1997 2591 tranquillitas
2038 2536 2164 2575 con-

583 2611 920 2678 funderetur,
952 2627 1049 2682 pro
1087 2613 1172 2668 bis
1200 2620 1444 2667 sanctum
1476 2612 1870 2684 supplicaturus
1889 2652 1906 2679 ,
1933 2613 2000 2667 ad
2028 2626 2162 2682 prte-

584 2706 786 2760 dictum
814 2705 1017 2760 accessi
1059 2703 1256 2760 locum.
1288 2704 1355 2758 Et
1385 2704 1508 2772 quia
1557 2720 1930 2775 smpeuumero
1973 2705 2024 2758 in
2070 2706 2162 2759 lm-

563 2797 876 2873 juscemodi
907 2795 1134 2866 privatis
1161 2810 1252 2850 seu
1281 2794 1510 2865 publicis
1537 2796 1653 2866 ejus
1684 2805 1982 2867 praepotens
2009 2795 2161 2848 auxi-

583 2888 712 2942 lium
757 2886 969 2943 fueram
1012 2897 1307 2956 expertus,
1359 2902 1519 2958 super
1556 2888 1642 2942 bis
1683 2903 1898 2958 quoque
1945 2887 2159 2941 solitum

578 2995 686 3050 quo
716 2979 979 3050 impertiri
1007 2963 1607 3050 dignaretur‘precabar
1632 2979 1869 3034 enixius.
1903 2979 2157 3032 Proxima

582 3080 774 3126 ruente
826 3080 985 3127 nocte
1030 3071 1154 3126 illud
1200 3070 1341 3141 quod
1371 3079 1497 3124 ante
1536 3069 1650 3125 dies
1692 3084 2028 3139 rogaveram,
2064 3083 2160 3124 no-

585 3172 780 3215 cturno
824 3160 940 3215 visu
985 3161 1191 3230 accipio
1255 3159 1670 3215 evidentissimis
1717 3159 1925 3213 indiciis
1971 3159 2038 3212 ab
2085 3172 2152 3213 eo

2260 1976 2381 2033 simi
2436 1976 2837 2031 obnubilatione
2892 1976 3067 2046 palam
3111 1987 3403 2034 ostentare.
3451 1979 3548 2035 Hoc
3591 1990 3724 2036 tuorum

2259 2065 2482 2120 multum
2538 2065 2702 2121 corda
2761 2065 3087 2136 brachiaque
3137 2068 3528 2136 dissolventur,
3572 2071 3725 2125 hostium

2256 2155 2401 2211 vires
2432 2156 2624 2210 robora
2663 2156 2987 2226 concipient.
3041 2157 3329 2230 Singulare
3365 2160 3415 2216 id
3440 2161 3649 2216 duntaxat
3665 2162 3726 2212 tuis

2257 2258 2379 2300 esse
2423 2245 2581 2301 debet
2617 2255 2910 2314 secretum,
2960 2247 3101 2316 quod
3136 2247 3208 2302 ita
3246 2249 3324 2304 tui
3353 2249 3563 2319 pectoris
3589 2249 3726 2304 turbnt

2257 2335 2433 2404 potuit
2461 2333 2793 2389 laetissimum
2841 2351 3162 2407 semperque
3191 2339 3561 2409 quietissimum
3585 2350 3725 2394 statua.

2258 2421 2355 2478 His
2384 2421 2634 2489 fortasse,
2667 2425 2712 2478 si
2743 2423 2972 2481 fideliter
2995 2427 3069 2481 tui
3097 2429 3371 2498 compassi
3416 2429 3616 2495 fuerint,
3639 2430 3726 2482 dabi-

2259 2519 2349 2566 tur
2378 2522 2436 2566 ut
2459 2513 2842 2569 consolationis
2873 2517 3106 2571 remedia
3135 2517 3352 2575 valeant
3387 2522 3620 2590 reperire:
3653 2520 3726 2573 etsi

2258 2617 2414 2661 secus
2440 2604 2554 2659 fieri
2602 2605 2878 2675 nequibit,
2917 2605 3089 2664 levius
3127 2609 3400 2682 deinceps,
3427 2627 3534 2666 cum
3557 2609 3669 2678 hujus
3685 2612 3726 2661 rei

2257 2696 2440 2768 plures
2485 2697 2750 2767 coeperint
2796 2696 2928 2752 ellici
2988 2701 3301 2772 participes,
3352 2704 3497 2759 feres.
3543 2703 3644 2757 Tum
3673 2715 3729 2769 ego

2257 2801 2378 2858 quae
2428 2787 2568 2843 fideli
2609 2804 2865 2844 noveram
2896 2794 3242 2861 persuasione
3293 2797 3430 2850 edita
3475 2794 3728 2850 consolatam

2259 2880 2364 2934 mei
2412 2881 2577 2936 verba
2631 2869 2952 2952 suscipiens,
3000 2885 3048 2939 ei
3084 2901 3305 2941 causam
3336 2888 3562 2950 reddidi,
3585 2896 3624 2940 et
3655 2885 3728 2950 quid

2258 2967 2449 3024 lateret
2495 2971 2675 3035 corde,
2713 2971 2888 3026 detexi
2937 2974 3180 3042 protinus
3226 2991 3344 3032 ore.
3385 2977 3606 3032 Sanctum
3640 2973 3728 3027 illum

2258 3057 2433 3114 locum
2462 3074 2546 3114 me
2579 3061 2846 3116 amovisse
2873 3061 3160 3131 plurimmn
3190 3065 3329 3131 dixi,
3359 3081 3506 3136 quem
3539 3079 3621 3118 non
3647 3061 3728 3113 ultra

2259 3164 2345 3204 me
2378 3150 2580 3215 videre,
2612 3151 2786 3206 sancti
2824 3154 3076 3226 martyris
3117 3171 3442 3226 agnoveram
3479 3152 3727 3210 revelatioue.

581 3251 818 3316 cwlitus,
849 3259 909 3306 ut
935 3265 1076 3316 reor,
1103 3223 1237 3304 inihi
1265 3251 1622 3305 condonatum
1645 3267 1659 3303 :
1687 3260 1740 3304 et
1763 3264 1884 3302 cum
1903 3249 2156 3319 ingruen-
2182 3223 2228 3286 C
2261 3235 2453 3296 Votum
2498 3241 2719 3312 insuper
2745 3223 2980 3308 vovisse,
3017 3223 3173 3314 cujus
3192 3245 3438 3303 effectum
3472 3244 3729 3318 prohibuith

583 3344 718 3399 tium
751 3343 984 3399 cladium
1015 3341 1168 3396 ruina
1200 3339 1344 3396 nulla
1369 3349 1644 3411 pateretur
1691 3341 1900 3394 ratione
1944 3346 2156 3408 optatas

577 3437 712 3492 inibi
737 3436 1012 3508 duplicare
1041 3450 1240 3500 moras,
1270 3435 1398 3489 hinc
1415 3433 1695 3506 digressus
1721 3433 2034 3489 discrimine
2068 3448 2155 3489 me

580 3541 679 3598 pro
703 3525 1006 3608 commissis
1031 3541 1061 3580 a
1086 3525 1196 3580 Deo
1216 3523 1429 3596 populis
1452 3525 1720 3579 tentabam
1748 3523 2074 3593 impendere,
2101 3531 2158 3577 ct

579 3615 865 3672 certamini
888 3656 905 3682 ,
932 3615 983 3670 si
1009 3631 1097 3671 res
1141 3615 1428 3686 exegisset,
1458 3615 1686 3670 viriliter
1724 3616 1998 3670 exhibere.
2021 3613 2156 3669 Hinc

583 3721 672 3760 me
703 3704 1150 3776 proficiscentem
1199 3705 1519 3775 praepositus
1570 3702 1729 3772 hujus
1776 3703 1900 3759 almi
1945 3702 2154 3775 collegii

582 3799 888 3853 Tenthcrus
911 3798 1472 3866 nomineprosecutus
1498 3835 1514 3862 ,
1546 3796 1713 3851 nostri
1743 3810 1924 3851 comes
1963 3793 2157 3852 efﬁcie-

581 3890 742 3945 batur
767 3887 1005 3943 itineris.
1030 3886 1270 3956 Cumque
1289 3901 1454 3957 penes
1480 3901 1565 3941 me
1591 3886 1877 3956 equitaret,
1900 3885 2156 3956 etprocul

579 3997 609 4036 a
636 3990 825 4038 sancto
849 3981 967 4037 loco
995 3980 1392 4046 divelleremur,
1423 3988 1584 4050 caput
1613 3989 1966 4050 retorquens,
1997 3990 2052 4036 et
2102 3981 2154 4036 in

577 4073 823 4129 eumdem
883 4072 1039 4144 (proh
1077 4071 1282 4144 dolor!)
1313 4072 1556 4126 ultimum
1609 4082 1882 4143 aspectum
1932 4088 2159 4129 conver-

578 4175 718 4229 tens,
755 4165 930 4220 intimi
965 4165 1142 4221 cordis
1192 4179 1424 4220 mmrore
1470 4165 1748 4232 turbatus,
1801 4181 2152 4235 supercxcre-

574 4266 791 4312 scentes
827 4255 1104 4326 profunda:
1145 4255 1418 4310 maestitia:
1473 4255 1664 4311 fluctus
1716 4256 1960 4312 inhibere
2013 4256 2154 4312 ultra

578 4362 685 4401 non
741 4346 903 4400 valui.
963 4345 1155 4401 Tristis
1202 4356 1256 4401 et
1311 4361 1546 4402 mmrens
1599 4361 1813 4401 amaras
1866 4346 2154 4402 fundebam

579 4435 864 4506 lacrymas,
891 4436 1160 4491 letbaliter
1189 4438 1505 4496 conclusus.
1555 4439 1680 4507 quid
1723 4440 1984 4508 agendum
2022 4438 2152 4494 mibi
2224 4483 2230 4490 .

580 4526 758 4595 potius
789 4523 928 4581 foret
948 4526 1101 4580 valde
1137 4541 1447 4595 suspensus.
1478 4526 1668 4583 Votum
1705 4536 1893 4583 sancto
1922 4530 2151 4584 devove-

579 4632 721 4682 ram,
763 4616 916 4684 cujus
959 4617 1213 4687 Operandi
1244 4618 1382 4671 diem
1422 4617 1697 4687 praefixum
1724 4618 1989 4674 videbam.
2017 4620 2152 4676 Vita:

580 4708 649 4761 ab
677 4721 743 4761 eo
793 4707 950 4760 linem
987 4720 1350 4777 perceperant,
1389 4708 1538 4778 cujus
1581 4723 1666 4762 me
1715 4709 2014 4781 transgredi
2047 4725 2152 4764 non

578 4797 744 4852 licere
790 4804 960 4850 metas
1008 4795 1262 4851 sciebam.
1322 4796 1561 4866 Denique
1620 4797 1962 4852 commissum
2022 4798 2152 4854 mihi

579 4890 800 4961 regendi
841 4889 1204 4945 Christianum
1237 4903 1266 4942 a
1304 4890 1412 4944 Deo
1439 4890 1719 4959 imperium
1763 4890 1901 4944 baud
1933 4889 2150 4960 ignora-

577 4985 703 5040 bam
732 5024 747 5050 ,
805 4981 960 5052 cujus
1002 4997 1171 5051 usque
1217 4981 1352 5034 adeo
1397 4997 1518 5036 cum
1567 4996 1781 5036 omnem
1840 4980 2150 5036 labefactari

651 5094 796 5167 (488)
840 5093 1077 5149 llostiam
1097 5093 1545 5167 vocamus._llinc
1578 5093 1891 5167 intelligitur
1920 5097 2149 5166 viguisse

580 5163 741 5221 etiam
779 5163 890 5218 tum
937 5179 1140 5234 morem
1167 5177 1348 5234 .penes
1379 5163 1542 5218 laicos
1565 5163 1824 5234 efferendi
1858 5163 2061 5222 hostias
2093 5169 2145 5223 in

579 5239 748 5293 missa
768 5233 1191 5295 consecrandus,
1215 5247 1330 5297 seu,
1357 5243 1414 5286 ut
1441 5233 1813 5302 loquebantur,
1837 5238 2147 5293 mactandas

574 5317 633 5362 et
664 5305 1036 5362 immolandas.
1085 5303 1231 5358 Ordo
1263 5302 1580 5357 Romanus:
1613 5304 1930 5372 Apportante
1973 5308 2147 5361 archi-

578 5379 800 5430 diacouo
844 5375 1043 5428 oblatas
1092 5376 1146 5427 in
1191 5383 1400 5441 patena,
1431 5389 1464 5425 α
1505 5372 1646 5426 nullo
1691 5375 2004 5441 immolatus,
2046 5387 2143 5431 etc.

574 5446 897 5515 Quanquam
924 5445 1087 5515 etiam
1119 5441 1475 5515 consecrandi
1519 5443 1829 5515 verbohnon
1865 5460 1990 5497 raro
2030 5457 2147 5500 ute-

578 5511 796 5570 bantur.
840 5517 974 5569 Usus
1004 5514 1091 5567 ille
1131 5511 1385 5566 oﬁerendi
1435 5513 1638 5567 hostias
1665 5513 1862 5568 diutius
1901 5529 2147 5583 perseve.

582 5586 723 5638 ravit
750 5598 913 5652 penes
941 5584 1252 5646 monachos,
1284 5592 1341 5636 ut
1366 5592 1576 5637 constat
1598 5598 1664 5636 ex
1689 5583 2142 5641 Consuetudinum

578 5655 1007 5711 Cluniacensiqu
1043 5653 1134 5707 lib.
1165 5668 1224 5712 ll.
1253 5666 1370 5722 cap.
1399 5653 1485 5707 50.

652 5725 798 5792 (489)
839 5724 1037 5794 Nempe
1069 5725 1294 5778 rotulam
1320 5738 1410 5780 seu
1440 5722 1690 5788 rotnlnm,
1728 5722 1780 5778 id
1807 5734 1887 5781 est
1918 5727 2144 5783 scbedu-

2258 3330 2538 3388 fluctuatio
2565 3333 2741 3388 collati
2776 3335 2984 3405 imperii
3012 3354 3026 3391 :
3056 3346 3111 3392 et
3139 3339 3241 3392 nisi
3273 3339 3530 3394 formidini
3558 3339 3610 3391 ab
3626 3334 3728 3390 hosti-

2255 3421 2355 3477 bus
2389 3422 2749 3493 imputaretur
2771 3465 2786 3490 ,
2825 3435 2918 3480 aut
2944 3426 3059 3494 ejus
3085 3429 3246 3498 (quod
3274 3445 3433 3500 supra
3463 3428 3635 3485 modum
3653 3439 3728 3495 per-

2259 3516 2644 3572 timescendum
2668 3519 2806 3590 erat)
2823 3517 2889 3572 ab
2910 3517 3290 3589 Omnipotcnte
3316 3522 3464 3577 ruina
3487 3522 3727 3590 exigeretur;

2257 3620 2429 3670 arma,
2482 3621 2775 3676 purpuram
2831 3616 2884 3670 et
2935 3616 3218 3663 stemmata
3275 3625 3434 3681 quam
3481 3605 3731 3664 libentissim:

2257 3692 2452 3747 ibidem
2489 3709 2575 3749 me
2603 3693 2869 3764 deponere
2907 3693 3054 3766 (490)
3087 3697 3342 3754 voluisse.
3371 3700 3490 3754 Inde
3512 3699 3569 3752 ab
3590 3711 3638 3749 eo
3658 3708 3730 3745 cum

2256 3784 2525 3841 salubrius
2570 3785 2853 3840 consilium
2898 3785 3014 3841 dari
3059 3789 3282 3858 expetii,
3313 3791 3414 3845 tale
3443 3786 3635 3860 percepi.
3668 3783 3729 3835 Bo-

2256 3894 2406 3944 num,
2455 3878 2644 3947 inquit,
2678 3887 2859 3934 votum
2884 3887 3053 3943 tuum,
3079 3879 3464 3951 gloriosissime
3490 3880 3656 3938 Crsar.
3677 3872 3731 3926 sed

2257 3968 2399 4023 sicut
2424 3969 2611 4024 beatus
2632 3969 2790 4024 docet
2818 3967 3127 4040 Gregorius,
3155 3971 3291 4026 nihil
3325 3971 3433 4028 Deo
3463 3972 3582 4026 bona
3611 3965 3732 4018 volun-

2258 4065 2366 4112 tate
2405 4059 2586 4114 ditius.
2617 4059 2866 4131 Magnum
2894 4060 3111 4129 quidem
3155 4070 3241 4116 est
3289 4063 3428 4133 quod
3453 4071 3586 4132 optas
3605 4069 3733 4110 renun-

2257 4141 2392 4202 tiare
2417 4148 2633 4214 saeculo,
2665 4159 2720 4204 et
2739 4149 2988 4204 omnibus
3013 4165 3133 4220 qua:
3154 4153 3419 4220 pOSSidcs,
3445 4147 3658 4219 siquidem
3675 4156 3732 4210 per

2255 4235 2358 4292 hoc
2386 4237 2588 4292 Christi
2639 4238 2879 4292 imitator
2906 4254 3024 4294 esse
3072 4254 3282 4308 posses.
3309 4241 3498 4296 Verum
3533 4236 3731 4292 multorum

2255 4327 2403 4383 salus
2430 4342 2459 4382 a
2486 4328 2679 4397 quibus
2697 4328 2994 4399 perficitur,
3027 4330 3339 4401 multiplicia
3364 4333 3415 4386 in
3444 4328 3631 4400 singulis
3647 4337 3731 4392 prm-

2254 4418 2362 4472 mia
2414 4417 2712 4488 pollicetur.
2757 4419 2888 4474 Illud
2934 4420 3055 4484 tibi,
3103 4421 3246 4476 istud
3288 4423 3526 4477 omnibus
3560 4412 3730 4473 consulit.

2255 4509 2502 4580 Magnum
2542 4510 2668 4564 illud
2689 4551 2703 4575 ,
2731 4511 2824 4566 sed
2856 4511 3147 4566 maximum
3177 4521 3263 4568 est
3307 4514 3463 4569 istud.
3491 4511 3584 4566 Hoc
3611 4509 3645 4560 si
3666 4519 3729 4557 ne:

2254 4607 2431 4670 potest
2456 4601 2668 4670 operari
2699 4600 2977 4665 voluntas,
3011 4602 3063 4655 in
3100 4601 3208 4657 isto
3248 4603 3443 4674 poterit
3472 4590 3728 4656 remunean

2252 4692 2490 4760 Denique
2517 4691 2567 4746 in
2605 4689 2714 4746 Deo
2742 4691 2795 4746 id
2827 4690 2926 4746 fuit
2951 4692 3198 4748 mirabile
3238 4695 3406 4765 magis
3427 4735 3442 4757 ,
3464 4689 3582 4761 quod
3606 4687 3729 4754 digna-

2252 4789 2339 4836 tus
2367 4789 2449 4836 est
2478 4783 2611 4836 mori
2639 4797 2737 4852 pro
2761 4782 2954 4837 servis.
2973 4781 3268 4838 Cbarilatis
3287 4791 3600 4854 augmentum
3617 4771 3729 4839 mai"s

2250 4871 2392 4926 idem
2423 4871 2536 4940 ipse
2563 4873 2957 4926 commendavit
2980 4887 3134 4937 esse,
3174 4875 3217 4928 si
3254 4875 3375 4944 quis
3405 4888 3495 4944 pro
3517 4872 3644 4925 fratre
3662 4877 3726 4915 ποι
3816 4871 3817 4946 1

2256 4963 2553 5018 dubitasset
2589 4962 2822 5016 animam
2861 4978 3090 5032 ponere;
3126 4963 3253 5018 fecit
3289 4965 3427 5034 quod
3457 4960 3639 5017 docuit:
3669 4963 3728 5020 pro

2253 5072 2379 5134 [amo
2411 5087 2516 5140 qua
2553 5071 2620 5127 de
2655 5069 2899 5143 conjugis
2937 5081 2994 5127 et
3035 5072 3128 5126 filii
3173 5073 3346 5128 salute
3384 5072 3564 5128 certior
3602 5062 3726 5120 redde

2253 5151 2472 5283 τθῖἶξό)
2503 5211 2616 5266 Huc
2652 5209 2931 5283 referenda
2980 5220 3108 5283 sunt
3126 5211 3386 5283 Anonymi
3415 5209 3568 5283 verba
3590 5205 3633 5283 in.
3655 5197 3726 5283 eius

2251 5274 2373 5337 Vita
2417 5274 2485 5335 ad
2520 5296 2719 5334 annum
2765 5281 2888 5344 811,
2922 5282 3010 5336 ubi
3037 5283 3112 5334 ait
3149 5274 3469 5335 Ludovicum
3499 5279 3569 5330 avi
3604 5274 3725 5344 Cario:

2251 5352 2432 5406 manui
2457 5351 2657 5404 imitari
2687 5351 2933 5420 gestiisse
2967 5351 3315 5406 memorabile
3347 5347 3639 5420 exemplum,
3660 5349 3723 5420 rust
3816 5347 3817 5420 ᾖ

2253 5420 2544 5491 refragatio
2581 5415 2766 5490 patris,
2795 5421 2876 5475 vel
2911 5421 3086 5489 potius
3117 5421 3308 5491 divinm
3337 5415 3723 5491 voluntatis‘nnuxs
3816 5415 3817 5491 ξ

2250 5477 2457 5544 obicem
2490 5477 2827 5558 praebuisset.
2858 5477 3172 5559 Quanquam
3205 5489 3452 5544 Lothario
3471 5501 3573 5541 cuin
3600 5477 3724 5557 factio-
3816 5477 3817 5534 i

2247 5561 2464 5626 nissum
2495 5561 2797 5615 hominibus
2823 5561 3043 5628 jnbcnte
3079 5575 3201 5613 eum
3228 5561 3301 5613 ire
3329 5561 3382 5611 in
3419 5560 3719 5628 ηιοηαξζςηινιτ

2247 5642 2293 5682 et
2320 5623 2391 5683 ibi
2418 5646 2528 5683 esse
2556 5629 2794 5700 omnibus
2824 5622 3016 5683 'diebus
3038 5632 3155 5700 uiue
3191 5645 3334 5694 sum;
3372 5629 3524 5680 renuit
3558 5622 3720 5700 ἱΗςηπίζί

2247 5701 2502 5753 consensit
2530 5699 2782 5753 voluntati
2808 5716 2984 5752 eorum
3007 5739 3020 5764 ,
3054 5699 3238 5753 nolens
3267 5699 3468 5752 scilicet
3493 5706 3583 5746 tum
3605 5701 3720 5740 tttlttn'

2249 5784 2432 5824 eorum
2458 5770 2647 5823 cedere
2677 5769 2927 5836 perfidize,
2956 5785 3021 5823 ex
3054 5769 3285 5840 Tbegani
3311 5784 3422 5837 cap.
3453 5764 3529 5819 43.
