  <div class='ocr_page' id='page_1' title='image "/cluster/home/n/w/nwhite01/storage/ocr_20150623/132/hvd.32044015471733/316.png"; bbox 0 0 3902 6412; ppageno 0'>
   <div class='ocr_carea' id='block_1_1' title="bbox 97 448 193 505">
    <p class='ocr_par' dir='ltr' id='par_1_1' title="bbox 97 448 193 505">
     <span class='ocr_line' id='line_1_1' title="bbox 97 448 193 505; baseline 0.021 -2"><span class='ocrx_word' id='word_1_1' title='bbox 97 448 193 505; x_wconf 63' lang='lat' dir='ltr'><strong>Gil</strong></span> 
     </span>
    </p>
   </div>
   <div class='ocr_carea' id='block_1_2' title="bbox 748 444 2750 507">
    <p class='ocr_par' dir='ltr' id='par_1_2' title="bbox 748 444 2750 507">
     <span class='ocr_line' id='line_1_2' title="bbox 748 444 2750 507; baseline 0.001 -5"><span class='ocrx_word' id='word_1_2' title='bbox 748 447 838 504; x_wconf 82' lang='lat' dir='ltr'><strong>DE</strong></span> <span class='ocrx_word' id='word_1_3' title='bbox 874 444 1240 504; x_wconf 74' lang='lat' dir='ltr'><strong>TRANSLAT</strong></span> <span class='ocrx_word' id='word_1_4' title='bbox 1291 445 1350 503; x_wconf 87' lang='lat' dir='ltr'><strong>S.</strong></span> <span class='ocrx_word' id='word_1_5' title='bbox 1393 445 1790 502; x_wconf 73' lang='lat' dir='ltr'><strong>SEBASTIANI</strong></span> <span class='ocrx_word' id='word_1_6' title='bbox 1832 446 1915 500; x_wconf 87' lang='lat' dir='ltr'><strong>ET</strong></span> <span class='ocrx_word' id='word_1_7' title='bbox 1957 445 2010 502; x_wconf 88' lang='lat' dir='ltr'><strong>S.</strong></span> <span class='ocrx_word' id='word_1_8' title='bbox 2052 447 2256 506; x_wconf 75' lang='lat' dir='ltr'><strong>GREG.</strong></span> <span class='ocrx_word' id='word_1_9' title='bbox 2289 482 2356 490; x_wconf 93' lang='lat'><strong><em>—</em></strong></span> <span class='ocrx_word' id='word_1_10' title='bbox 2393 448 2750 507; x_wconf 76' lang='lat' dir='ltr'><strong>APPENDlX.</strong></span> 
     </span>
    </p>
   </div>
   <div class='ocr_carea' id='block_1_3' title="bbox 3241 448 3343 504">
    <p class='ocr_par' dir='ltr' id='par_1_3' title="bbox 3241 448 3343 504">
     <span class='ocr_line' id='line_1_3' title="bbox 3241 448 3343 504; baseline 0.01 -1"><span class='ocrx_word' id='word_1_11' title='bbox 3241 448 3343 504; x_wconf 65' lang='lat'><strong>6‘22</strong></span> 
     </span>
    </p>
   </div>
   <div class='ocr_carea' id='block_1_4' title="bbox 96 547 3346 636">
    <p class='ocr_par' dir='ltr' id='par_1_4' title="bbox 96 547 3346 636">
     <span class='ocr_line' id='line_1_4' title="bbox 96 547 3346 636; baseline 0.001 -22"><span class='ocrx_word' id='word_1_12' title='bbox 96 561 257 615; x_wconf 86' lang='lat' dir='ltr'><strong>nobis</strong></span> <span class='ocrx_word' id='word_1_13' title='bbox 282 547 516 614; x_wconf 84' lang='lat' dir='ltr'><strong>animam</strong></span> <span class='ocrx_word' id='word_1_14' title='bbox 542 559 738 629; x_wconf 87' lang='lat' dir='ltr'><strong>posuit.</strong></span> <span class='ocrx_word' id='word_1_15' title='bbox 778 559 1003 614; x_wconf 84' lang='lat' dir='ltr'><strong>Pertulit</strong></span> <span class='ocrx_word' id='word_1_16' title='bbox 1042 559 1299 614; x_wconf 86' lang='lat' dir='ltr'><strong>Dominus</strong></span> <span class='ocrx_word' id='word_1_17' title='bbox 1325 566 1580 620; x_wconf 74' lang='lat' dir='ltr'><strong>mortem,</strong></span> <span class='ocrx_word' id='word_1_18' title='bbox 1613 565 1671 610; x_wconf 92' lang='lat' dir='ltr'><strong>ut</strong></span> <span class='ocrx_word' id='word_1_19' title='bbox 1697 560 1746 619; x_wconf 80' lang='grc' dir='ltr'><strong>Α</strong></span> <span class='ocrx_word' id='word_1_20' title='bbox 1772 560 1924 630; x_wconf 81' lang='lat' dir='ltr'><strong>logus</strong></span> <span class='ocrx_word' id='word_1_21' title='bbox 1974 563 2185 616; x_wconf 92' lang='lat' dir='ltr'><strong>tandem</strong></span> <span class='ocrx_word' id='word_1_22' title='bbox 2226 564 2481 618; x_wconf 75' lang='lat' dir='ltr'><strong>thematis</strong></span> <span class='ocrx_word' id='word_1_23' title='bbox 2521 565 2677 632; x_wconf 89' lang='lat' dir='ltr'><strong>hujus</strong></span> <span class='ocrx_word' id='word_1_24' title='bbox 2719 562 2839 636; x_wconf 83' lang='lat' dir='ltr'><strong>styli</strong></span> <span class='ocrx_word' id='word_1_25' title='bbox 2887 563 3203 619; x_wconf 84' lang='lat' dir='ltr'><strong>verecundia</strong></span> <span class='ocrx_word' id='word_1_26' title='bbox 3241 563 3346 618; x_wconf 86' lang='lat' dir='ltr'><strong>im-</strong></span> 
     </span>
    </p>
   </div>
   <div class='ocr_carea' id='block_1_5' title="bbox 97 649 1673 720">
    <p class='ocr_par' dir='ltr' id='par_1_5' title="bbox 97 649 1673 720">
     <span class='ocr_line' id='line_1_5' title="bbox 97 649 1673 720; baseline -0.002 -15"><span class='ocrx_word' id='word_1_27' title='bbox 97 666 291 705; x_wconf 86' lang='lat' dir='ltr'><strong>servus</strong></span> <span class='ocrx_word' id='word_1_28' title='bbox 318 650 582 720; x_wconf 92' lang='lat' dir='ltr'><strong>reciperet</strong></span> <span class='ocrx_word' id='word_1_29' title='bbox 604 650 936 716; x_wconf 78' lang='lat' dir='ltr'><strong>dignitatem,</strong></span> <span class='ocrx_word' id='word_1_30' title='bbox 965 666 1067 704; x_wconf 89' lang='lat' dir='ltr'><strong>non</strong></span> <span class='ocrx_word' id='word_1_31' title='bbox 1097 649 1400 705; x_wconf 76' lang='lat' dir='ltr'><strong>necessitati</strong></span> <span class='ocrx_word' id='word_1_32' title='bbox 1428 664 1673 704; x_wconf 85' lang='lat' dir='ltr'><strong>succum-</strong></span> 
     </span>
    </p>
   </div>
   <div class='ocr_carea' id='block_1_6' title="bbox 97 740 1669 810">
    <p class='ocr_par' dir='ltr' id='par_1_6' title="bbox 97 740 1669 810">
     <span class='ocr_line' id='line_1_6' title="bbox 97 740 1669 810; baseline -0.001 -14"><span class='ocrx_word' id='word_1_33' title='bbox 97 744 278 806; x_wconf 87' lang='lat' dir='ltr'><strong>hens,</strong></span> <span class='ocrx_word' id='word_1_34' title='bbox 329 741 421 796; x_wconf 92' lang='lat' dir='ltr'><strong>sed</strong></span> <span class='ocrx_word' id='word_1_35' title='bbox 471 741 718 810; x_wconf 78' lang='lat' dir='ltr'><strong>pla‘smati</strong></span> <span class='ocrx_word' id='word_1_36' title='bbox 768 756 866 796; x_wconf 91' lang='lat' dir='ltr'><strong>suo</strong></span> <span class='ocrx_word' id='word_1_37' title='bbox 923 741 1263 796; x_wconf 75' lang='lat' dir='ltr'><strong>inelfabiliter</strong></span> <span class='ocrx_word' id='word_1_38' title='bbox 1331 740 1669 796; x_wconf 85' lang='lat' dir='ltr'><strong>subveniens.</strong></span> 
     </span>
    </p>
   </div>
   <div class='ocr_carea' id='block_1_7' title="bbox 95 831 1677 900">
    <p class='ocr_par' dir='ltr' id='par_1_7' title="bbox 95 831 1677 900">
     <span class='ocr_line' id='line_1_7' title="bbox 95 831 1677 900; baseline 0.002 -16"><span class='ocrx_word' id='word_1_39' title='bbox 95 832 258 898; x_wconf 83' lang='lat' dir='ltr'><strong>Quod</strong></span> <span class='ocrx_word' id='word_1_40' title='bbox 302 845 592 900; x_wconf 81' lang='lat' dir='ltr'><strong>sequamur</strong></span> <span class='ocrx_word' id='word_1_41' title='bbox 649 831 989 900; x_wconf 76' lang='lat' dir='ltr'><strong>exemplum,</strong></span> <span class='ocrx_word' id='word_1_42' title='bbox 1053 832 1105 885; x_wconf 93' lang='lat' dir='ltr'><strong>in</strong></span> <span class='ocrx_word' id='word_1_43' title='bbox 1153 847 1272 886; x_wconf 88' lang='lat' dir='ltr'><strong>sese</strong></span> <span class='ocrx_word' id='word_1_44' title='bbox 1319 832 1571 896; x_wconf 89' lang='lat' dir='ltr'><strong>ostendit,</strong></span> <span class='ocrx_word' id='word_1_45' title='bbox 1623 840 1677 887; x_wconf 89' lang='lat' dir='ltr'><strong>et</strong></span> 
     </span>
    </p>
   </div>
   <div class='ocr_carea' id='block_1_8' title="bbox 97 919 1677 998">
    <p class='ocr_par' dir='ltr' id='par_1_8' title="bbox 97 919 1677 998">
     <span class='ocr_line' id='line_1_8' title="bbox 97 919 1677 998; baseline 0 -24"><span class='ocrx_word' id='word_1_46' title='bbox 97 919 255 975; x_wconf 82' lang='lat' dir='ltr'><strong>danti</strong></span> <span class='ocrx_word' id='word_1_47' title='bbox 289 935 505 990; x_wconf 83' lang='lat' dir='ltr'><strong>operam</strong></span> <span class='ocrx_word' id='word_1_48' title='bbox 531 919 766 988; x_wconf 87' lang='lat' dir='ltr'><strong>palmam</strong></span> <span class='ocrx_word' id='word_1_49' title='bbox 793 919 1028 998; x_wconf 68' lang='lat' dir='ltr'><strong>victoriae</strong></span> <span class='ocrx_word' id='word_1_50' title='bbox 1057 921 1323 990; x_wconf 80' lang='lat' dir='ltr'><strong>promisit,</strong></span> <span class='ocrx_word' id='word_1_51' title='bbox 1364 929 1417 974; x_wconf 87' lang='lat' dir='ltr'><strong>et</strong></span> <span class='ocrx_word' id='word_1_52' title='bbox 1460 935 1677 990; x_wconf 89' lang='lat' dir='ltr'><strong>perma-</strong></span> 
     </span>
    </p>
   </div>
   <div class='ocr_carea' id='block_1_9' title="bbox 97 1010 1675 1083">
    <p class='ocr_par' dir='ltr' id='par_1_9' title="bbox 97 1010 1675 1083">
     <span class='ocr_line' id='line_1_9' title="bbox 97 1010 1675 1083; baseline -0.001 -17"><span class='ocrx_word' id='word_1_53' title='bbox 97 1029 242 1068; x_wconf 89' lang='lat' dir='ltr'><strong>nens</strong></span> <span class='ocrx_word' id='word_1_54' title='bbox 283 1011 562 1081; x_wconf 73' lang='lat' dir='ltr'><strong>prtemium</strong></span> <span class='ocrx_word' id='word_1_55' title='bbox 610 1013 868 1081; x_wconf 84' lang='lat' dir='ltr'><strong>reposuit.</strong></span> <span class='ocrx_word' id='word_1_56' title='bbox 901 1010 1036 1079; x_wconf 86' lang='lat' dir='ltr'><strong>Quia</strong></span> <span class='ocrx_word' id='word_1_57' title='bbox 1076 1027 1203 1083; x_wconf 87' lang='lat' dir='ltr'><strong>ergo</strong></span> <span class='ocrx_word' id='word_1_58' title='bbox 1263 1027 1475 1083; x_wconf 85' lang='lat' dir='ltr'><strong>gregem</strong></span> <span class='ocrx_word' id='word_1_59' title='bbox 1521 1027 1675 1066; x_wconf 90' lang='lat' dir='ltr'><strong>suum</strong></span> 
     </span>
    </p>
   </div>
   <div class='ocr_carea' id='block_1_10' title="bbox 95 1099 1677 1172">
    <p class='ocr_par' dir='ltr' id='par_1_10' title="bbox 95 1099 1677 1172">
     <span class='ocr_line' id='line_1_10' title="bbox 95 1099 1677 1172; baseline -0.001 -16"><span class='ocrx_word' id='word_1_60' title='bbox 95 1101 350 1172; x_wconf 84' lang='lat' dir='ltr'><strong>regimini</strong></span> <span class='ocrx_word' id='word_1_61' title='bbox 403 1110 580 1158; x_wconf 86' lang='lat' dir='ltr'><strong>vestro</strong></span> <span class='ocrx_word' id='word_1_62' title='bbox 625 1102 932 1166; x_wconf 89' lang='lat' dir='ltr'><strong>commisit;</strong></span> <span class='ocrx_word' id='word_1_63' title='bbox 968 1117 1066 1170; x_wconf 91' lang='lat' dir='ltr'><strong>pro</strong></span> <span class='ocrx_word' id='word_1_64' title='bbox 1106 1117 1192 1166; x_wconf 86' lang='lat' dir='ltr'><strong>eo,</strong></span> <span class='ocrx_word' id='word_1_65' title='bbox 1221 1099 1268 1157; x_wconf 91' lang='lat' dir='ltr'><strong>si</strong></span> <span class='ocrx_word' id='word_1_66' title='bbox 1313 1115 1533 1156; x_wconf 88' lang='lat' dir='ltr'><strong>necesse</strong></span> <span class='ocrx_word' id='word_1_67' title='bbox 1587 1102 1677 1168; x_wconf 88' lang='lat' dir='ltr'><strong>sit,</strong></span> 
     </span>
    </p>
   </div>
   <div class='ocr_carea' id='block_1_11' title="bbox 97 1191 1682 1264">
    <p class='ocr_par' dir='ltr' id='par_1_11' title="bbox 97 1191 1682 1264">
     <span class='ocr_line' id='line_1_11' title="bbox 97 1191 1682 1264; baseline 0.003 -19"><span class='ocrx_word' id='word_1_68' title='bbox 97 1207 278 1263; x_wconf 85' lang='lat' dir='ltr'><strong>usque</strong></span> <span class='ocrx_word' id='word_1_69' title='bbox 314 1193 380 1247; x_wconf 87' lang='lat' dir='ltr'><strong>ad</strong></span> <span class='ocrx_word' id='word_1_70' title='bbox 422 1201 650 1246; x_wconf 88' lang='lat' dir='ltr'><strong>mortem</strong></span> <span class='ocrx_word' id='word_1_71' title='bbox 703 1193 1086 1247; x_wconf 87' lang='lat' dir='ltr'><strong>decertandum</strong></span> <span class='ocrx_word' id='word_1_72' title='bbox 1133 1191 1287 1248; x_wconf 76' lang='lat' dir='ltr'><strong>vobis</strong></span> <span class='ocrx_word' id='word_1_73' title='bbox 1327 1194 1532 1264; x_wconf 81' lang='lat' dir='ltr'><strong>insigne</strong></span> <span class='ocrx_word' id='word_1_74' title='bbox 1577 1195 1682 1249; x_wconf 90' lang='lat' dir='ltr'><strong>erit</strong></span> 
     </span>
    </p>
   </div>
   <div class='ocr_carea' id='block_1_12' title="bbox 97 1279 1682 1353">
    <p class='ocr_par' dir='ltr' id='par_1_12' title="bbox 97 1279 1682 1353">
     <span class='ocr_line' id='line_1_12' title="bbox 97 1279 1682 1353; baseline 0.003 -20"><span class='ocrx_word' id='word_1_75' title='bbox 97 1289 270 1349; x_wconf 88' lang='lat' dir='ltr'><strong>atque</strong></span> <span class='ocrx_word' id='word_1_76' title='bbox 321 1279 602 1334; x_wconf 83' lang='lat' dir='ltr'><strong>laudabile.</strong></span> <span class='ocrx_word' id='word_1_77' title='bbox 667 1279 760 1335; x_wconf 82' lang='lat' dir='ltr'><strong>His</strong></span> <span class='ocrx_word' id='word_1_78' title='bbox 815 1280 1110 1336; x_wconf 90' lang='lat' dir='ltr'><strong>luculenter</strong></span> <span class='ocrx_word' id='word_1_79' title='bbox 1159 1297 1187 1335; x_wconf 93' lang='lat' dir='ltr'><strong>a</strong></span> <span class='ocrx_word' id='word_1_80' title='bbox 1247 1283 1505 1353; x_wconf 67' lang='lat' dir='ltr'><strong>prtedieto</strong></span> <span class='ocrx_word' id='word_1_81' title='bbox 1567 1283 1682 1338; x_wconf 80' lang='lat' dir='ltr'><strong>viro</strong></span> 
     </span>
    </p>
   </div>
   <div class='ocr_carea' id='block_1_13' title="bbox 96 1370 1684 1443">
    <p class='ocr_par' dir='ltr' id='par_1_13' title="bbox 96 1370 1684 1443">
     <span class='ocr_line' id='line_1_13' title="bbox 96 1370 1684 1443; baseline 0.004 -20"><span class='ocrx_word' id='word_1_82' title='bbox 96 1370 401 1426; x_wconf 82' lang='lat' dir='ltr'><strong>instructus</strong></span> <span class='ocrx_word' id='word_1_83' title='bbox 452 1379 506 1425; x_wconf 90' lang='lat' dir='ltr'><strong>et</strong></span> <span class='ocrx_word' id='word_1_84' title='bbox 555 1370 772 1426; x_wconf 84' lang='lat' dir='ltr'><strong>fortiter</strong></span> <span class='ocrx_word' id='word_1_85' title='bbox 822 1371 878 1426; x_wconf 90' lang='lat' dir='ltr'><strong>in</strong></span> <span class='ocrx_word' id='word_1_86' title='bbox 929 1373 1192 1443; x_wconf 83' lang='lat' dir='ltr'><strong>agendum</strong></span> <span class='ocrx_word' id='word_1_87' title='bbox 1248 1375 1540 1439; x_wconf 86' lang='lat' dir='ltr'><strong>animatus,</strong></span> <span class='ocrx_word' id='word_1_88' title='bbox 1596 1389 1684 1429; x_wconf 82' lang='lat' dir='ltr'><strong>me</strong></span> 
     </span>
    </p>
   </div>
   <div class='ocr_carea' id='block_1_14' title="bbox 95 1460 1682 1538">
    <p class='ocr_par' dir='ltr' id='par_1_14' title="bbox 95 1460 1682 1538">
     <span class='ocr_line' id='line_1_14' title="bbox 95 1460 1682 1538; baseline 0.004 -26"><span class='ocrx_word' id='word_1_89' title='bbox 95 1460 300 1514; x_wconf 78' lang='lat' dir='ltr'><strong>iterum</strong></span> <span class='ocrx_word' id='word_1_90' title='bbox 351 1461 650 1530; x_wconf 85' lang='lat' dir='ltr'><strong>iterumque</strong></span> <span class='ocrx_word' id='word_1_91' title='bbox 688 1462 959 1516; x_wconf 86' lang='lat' dir='ltr'><strong>sanctitati</strong></span> <span class='ocrx_word' id='word_1_92' title='bbox 1001 1462 1141 1517; x_wconf 86' lang='lat' dir='ltr'><strong>illius</strong></span> <span class='ocrx_word' id='word_1_93' title='bbox 1164 1471 1218 1517; x_wconf 92' lang='lat' dir='ltr'><strong>et</strong></span> <span class='ocrx_word' id='word_1_94' title='bbox 1248 1462 1479 1519; x_wconf 77' lang='lat' dir='ltr'><strong>fratrum</strong></span> <span class='ocrx_word' id='word_1_95' title='bbox 1506 1473 1682 1538; x_wconf 83' lang='lat' dir='ltr'><strong>atten-</strong></span> 
     </span>
    </p>
   </div>
   <div class='ocr_carea' id='block_1_15' title="bbox 97 1551 1683 1619">
    <p class='ocr_par' dir='ltr' id='par_1_15' title="bbox 97 1551 1683 1619">
     <span class='ocr_line' id='line_1_15' title="bbox 97 1551 1683 1619; baseline 0.004 -15"><span class='ocrx_word' id='word_1_96' title='bbox 97 1552 216 1606; x_wconf 88' lang='lat' dir='ltr'><strong>tius</strong></span> <span class='ocrx_word' id='word_1_97' title='bbox 260 1551 676 1616; x_wconf 83' lang='lat' dir='ltr'><strong>commendans,</strong></span> <span class='ocrx_word' id='word_1_98' title='bbox 710 1554 922 1608; x_wconf 84' lang='lat' dir='ltr'><strong>tametsi</strong></span> <span class='ocrx_word' id='word_1_99' title='bbox 955 1570 1059 1609; x_wconf 91' lang='lat' dir='ltr'><strong>non</strong></span> <span class='ocrx_word' id='word_1_100' title='bbox 1090 1563 1149 1608; x_wconf 82' lang='grc' dir='ltr'>ιιι</span> <span class='ocrx_word' id='word_1_101' title='bbox 1182 1565 1305 1609; x_wconf 91' lang='lat' dir='ltr'><strong>ante</strong></span> <span class='ocrx_word' id='word_1_102' title='bbox 1337 1556 1504 1611; x_wconf 89' lang='lat' dir='ltr'><strong>tristis</strong></span> <span class='ocrx_word' id='word_1_103' title='bbox 1527 1596 1542 1619; x_wconf 92' lang='lat'><strong>,</strong></span> <span class='ocrx_word' id='word_1_104' title='bbox 1579 1572 1683 1610; x_wconf 88' lang='lat' dir='ltr'><strong>non</strong></span> 
     </span>
    </p>
   </div>
   <div class='ocr_carea' id='block_1_16' title="bbox 94 1644 1688 1720">
    <p class='ocr_par' dir='ltr' id='par_1_16' title="bbox 94 1644 1688 1720">
     <span class='ocr_line' id='line_1_16' title="bbox 94 1644 1688 1720; baseline 0.005 -25"><span class='ocrx_word' id='word_1_105' title='bbox 94 1651 285 1697; x_wconf 82' lang='lat' dir='ltr'><strong>tamen</strong></span> <span class='ocrx_word' id='word_1_106' title='bbox 333 1644 466 1698; x_wconf 87' lang='lat' dir='ltr'><strong>adeo</strong></span> <span class='ocrx_word' id='word_1_107' title='bbox 490 1644 768 1699; x_wconf 80' lang='lat' dir='ltr'><strong>discedere</strong></span> <span class='ocrx_word' id='word_1_108' title='bbox 803 1646 928 1701; x_wconf 89' lang='lat' dir='ltr'><strong>hinc</strong></span> <span class='ocrx_word' id='word_1_109' title='bbox 963 1647 1220 1716; x_wconf 77' lang='lat' dir='ltr'><strong>praevalui</strong></span> <span class='ocrx_word' id='word_1_110' title='bbox 1258 1646 1447 1704; x_wconf 70' lang='lat' dir='ltr'><strong>laetus:</strong></span> <span class='ocrx_word' id='word_1_111' title='bbox 1491 1651 1688 1720; x_wconf 85' lang='lat' dir='ltr'><strong>quippe</strong></span> 
     </span>
    </p>
   </div>
   <div class='ocr_carea' id='block_1_17' title="bbox 97 1733 1685 1807">
    <p class='ocr_par' dir='ltr' id='par_1_17' title="bbox 97 1733 1685 1807">
     <span class='ocr_line' id='line_1_17' title="bbox 97 1733 1685 1807; baseline 0.006 -23"><span class='ocrx_word' id='word_1_112' title='bbox 97 1733 194 1800; x_wconf 92' lang='lat' dir='ltr'><strong>qui</strong></span> <span class='ocrx_word' id='word_1_113' title='bbox 231 1748 367 1802; x_wconf 91' lang='lat' dir='ltr'><strong>quos</strong></span> <span class='ocrx_word' id='word_1_114' title='bbox 396 1733 692 1788; x_wconf 80' lang='lat' dir='ltr'><strong>dilexeram</strong></span> <span class='ocrx_word' id='word_1_115' title='bbox 734 1735 926 1802; x_wconf 81' lang='lat' dir='ltr'><strong>unice,</strong></span> <span class='ocrx_word' id='word_1_116' title='bbox 975 1751 1284 1807; x_wconf 89' lang='lat' dir='ltr'><strong>supremum</strong></span> <span class='ocrx_word' id='word_1_117' title='bbox 1322 1753 1410 1794; x_wconf 84' lang='lat' dir='ltr'><strong>me</strong></span> <span class='ocrx_word' id='word_1_118' title='bbox 1451 1738 1685 1794; x_wconf 84' lang='lat' dir='ltr'><strong>sciebam</strong></span> 
     </span>
    </p>
   </div>
   <div class='ocr_carea' id='block_1_18' title="bbox 96 1823 698 1879">
    <p class='ocr_par' dir='ltr' id='par_1_18' title="bbox 96 1823 698 1879">
     <span class='ocr_line' id='line_1_18' title="bbox 96 1823 698 1879; baseline 0 -3"><span class='ocrx_word' id='word_1_119' title='bbox 96 1824 478 1879; x_wconf 87' lang='lat' dir='ltr'><strong>transmittere</strong></span> <span class='ocrx_word' id='word_1_120' title='bbox 506 1823 640 1878; x_wconf 83' lang='lat' dir='ltr'><strong>vale.</strong></span> <span class='ocrx_word' id='word_1_121' title='bbox 681 1843 698 1876; x_wconf 71' lang='grc' dir='ltr'><strong><em>ι</em></strong></span> 
     </span>
    </p>
   </div>
   <div class='ocr_carea' id='block_1_19' title="bbox 680 1913 1105 1971">
    <p class='ocr_par' dir='ltr' id='par_1_19' title="bbox 680 1913 1105 1971">
     <span class='ocr_line' id='line_1_19' title="bbox 680 1913 1105 1971; baseline -0.002 -1"><span class='ocrx_word' id='word_1_122' title='bbox 680 1913 910 1971; x_wconf 78' lang='lat' dir='ltr'><strong>CAPUT</strong></span> <span class='ocrx_word' id='word_1_123' title='bbox 944 1914 1105 1969; x_wconf 76' lang='lat' dir='ltr'><strong>XLV.</strong></span> 
     </span>
    </p>
   </div>
   <div class='ocr_carea' id='block_1_20' title="bbox 174 2001 1688 2078">
    <p class='ocr_par' dir='ltr' id='par_1_20' title="bbox 174 2001 1688 2078">
     <span class='ocr_line' id='line_1_20' title="bbox 174 2001 1688 2078; baseline 0.005 -24"><span class='ocrx_word' id='word_1_124' title='bbox 174 2001 346 2072; x_wconf 78' lang='lat' dir='ltr'><strong>Igitur</strong></span> <span class='ocrx_word' id='word_1_125' title='bbox 365 2018 484 2057; x_wconf 86' lang='lat' dir='ltr'><strong>eum</strong></span> <span class='ocrx_word' id='word_1_126' title='bbox 507 2004 622 2058; x_wconf 59' lang='lat' dir='ltr'><strong>hare</strong></span> <span class='ocrx_word' id='word_1_127' title='bbox 642 2003 904 2060; x_wconf 74' lang='lat' dir='ltr'><strong>fratribus</strong></span> <span class='ocrx_word' id='word_1_128' title='bbox 923 2006 1101 2060; x_wconf 61' lang='lat' dir='ltr'><strong>aetatis</strong></span> <span class='ocrx_word' id='word_1_129' title='bbox 1120 2016 1174 2060; x_wconf 89' lang='lat' dir='ltr'><strong>et</strong></span> <span class='ocrx_word' id='word_1_130' title='bbox 1197 2005 1472 2078; x_wconf 77' lang='lat' dir='ltr'><strong>religionis</strong></span> <span class='ocrx_word' id='word_1_131' title='bbox 1496 2008 1688 2062; x_wconf 78' lang='lat' dir='ltr'><strong>met-ito</strong></span> 
     </span>
    </p>
   </div>
   <div class='ocr_carea' id='block_1_21' title="bbox 99 2096 1689 2168">
    <p class='ocr_par' dir='ltr' id='par_1_21' title="bbox 99 2096 1689 2168">
     <span class='ocr_line' id='line_1_21' title="bbox 99 2096 1689 2168; baseline 0.004 -20"><span class='ocrx_word' id='word_1_132' title='bbox 99 2097 444 2165; x_wconf 85' lang='lat' dir='ltr'><strong>primoribus</strong></span> <span class='ocrx_word' id='word_1_133' title='bbox 473 2097 642 2151; x_wconf 88' lang='lat' dir='ltr'><strong>relata</strong></span> <span class='ocrx_word' id='word_1_134' title='bbox 671 2096 921 2161; x_wconf 84' lang='lat' dir='ltr'><strong>fuissent,</strong></span> <span class='ocrx_word' id='word_1_135' title='bbox 953 2109 1243 2168; x_wconf 88' lang='lat' dir='ltr'><strong>martyrem</strong></span> <span class='ocrx_word' id='word_1_136' title='bbox 1285 2109 1529 2154; x_wconf 88' lang='lat' dir='ltr'><strong>sanctum</strong></span> <span class='ocrx_word' id='word_1_137' title='bbox 1559 2116 1689 2154; x_wconf 90' lang='lat' dir='ltr'><strong>una-</strong></span> 
     </span>
    </p>
   </div>
   <div class='ocr_carea' id='block_1_22' title="bbox 96 2188 1690 2259">
    <p class='ocr_par' dir='ltr' id='par_1_22' title="bbox 96 2188 1690 2259">
     <span class='ocr_line' id='line_1_22' title="bbox 96 2188 1690 2259; baseline 0.003 -19"><span class='ocrx_word' id='word_1_138' title='bbox 96 2188 328 2241; x_wconf 90' lang='lat' dir='ltr'><strong>uimitcr</strong></span> <span class='ocrx_word' id='word_1_139' title='bbox 372 2188 703 2243; x_wconf 79' lang='lat' dir='ltr'><strong>exorandum</strong></span> <span class='ocrx_word' id='word_1_140' title='bbox 770 2189 1198 2254; x_wconf 78' lang='lat' dir='ltr'><strong>constituerunt,</strong></span> <span class='ocrx_word' id='word_1_141' title='bbox 1256 2199 1521 2259; x_wconf 77' lang='lat' dir='ltr'><strong>quatenus</strong></span> <span class='ocrx_word' id='word_1_142' title='bbox 1572 2189 1690 2258; x_wconf 89' lang='lat' dir='ltr'><strong>ejus</strong></span> 
     </span>
    </p>
   </div>
   <div class='ocr_carea' id='block_1_23' title="bbox 97 2276 1687 2347">
    <p class='ocr_par' dir='ltr' id='par_1_23' title="bbox 97 2276 1687 2347">
     <span class='ocr_line' id='line_1_23' title="bbox 97 2276 1687 2347; baseline 0.001 -17"><span class='ocrx_word' id='word_1_143' title='bbox 97 2276 350 2340; x_wconf 86' lang='lat' dir='ltr'><strong>oracula,</strong></span> <span class='ocrx_word' id='word_1_144' title='bbox 398 2276 442 2330; x_wconf 88' lang='lat' dir='ltr'><strong>si</strong></span> <span class='ocrx_word' id='word_1_145' title='bbox 497 2276 920 2345; x_wconf 88' lang='lat' dir='ltr'><strong>quoquo-modo</strong></span> <span class='ocrx_word' id='word_1_146' title='bbox 971 2277 1085 2332; x_wconf 79' lang='lat' dir='ltr'><strong>fieri</strong></span> <span class='ocrx_word' id='word_1_147' title='bbox 1135 2285 1338 2347; x_wconf 86' lang='lat' dir='ltr'><strong>posset,</strong></span> <span class='ocrx_word' id='word_1_148' title='bbox 1390 2292 1575 2331; x_wconf 90' lang='lat' dir='ltr'><strong>eorum</strong></span> <span class='ocrx_word' id='word_1_149' title='bbox 1636 2278 1687 2332; x_wconf 88' lang='lat' dir='ltr'><strong>itt</strong></span> 
     </span>
    </p>
   </div>
   <div class='ocr_carea' id='block_1_24' title="bbox 99 2365 1689 2432">
    <p class='ocr_par' dir='ltr' id='par_1_24' title="bbox 99 2365 1689 2432">
     <span class='ocr_line' id='line_1_24' title="bbox 99 2365 1689 2432; baseline 0.003 -15"><span class='ocrx_word' id='word_1_150' title='bbox 99 2365 339 2419; x_wconf 83' lang='lat' dir='ltr'><strong>salutem</strong></span> <span class='ocrx_word' id='word_1_151' title='bbox 394 2374 736 2419; x_wconf 80' lang='lat' dir='ltr'><strong>verterentur</strong></span> <span class='ocrx_word' id='word_1_152' title='bbox 791 2367 842 2418; x_wconf 91' lang='lat' dir='ltr'><strong>in</strong></span> <span class='ocrx_word' id='word_1_153' title='bbox 900 2365 1024 2420; x_wconf 92' lang='lat' dir='ltr'><strong>alia.</strong></span> <span class='ocrx_word' id='word_1_154' title='bbox 1085 2365 1235 2432; x_wconf 85' lang='lat' dir='ltr'><strong>Quod</strong></span> <span class='ocrx_word' id='word_1_155' title='bbox 1290 2382 1410 2420; x_wconf 90' lang='lat' dir='ltr'><strong>cum</strong></span> <span class='ocrx_word' id='word_1_156' title='bbox 1464 2366 1689 2421; x_wconf 83' lang='lat' dir='ltr'><strong>sollicite</strong></span> 
     </span>
    </p>
   </div>
   <div class='ocr_carea' id='block_1_25' title="bbox 97 2453 1689 2527">
    <p class='ocr_par' dir='ltr' id='par_1_25' title="bbox 97 2453 1689 2527">
     <span class='ocr_line' id='line_1_25' title="bbox 97 2453 1689 2527; baseline 0.003 -21"><span class='ocrx_word' id='word_1_157' title='bbox 97 2463 384 2522; x_wconf 85' lang='lat' dir='ltr'><strong>peractum</strong></span> <span class='ocrx_word' id='word_1_158' title='bbox 430 2453 524 2518; x_wconf 86' lang='lat' dir='ltr'><strong>sit,</strong></span> <span class='ocrx_word' id='word_1_159' title='bbox 567 2453 712 2524; x_wconf 83' lang='lat' dir='ltr'><strong>digni</strong></span> <span class='ocrx_word' id='word_1_160' title='bbox 766 2462 1001 2509; x_wconf 90' lang='lat' dir='ltr'><strong>attamen</strong></span> <span class='ocrx_word' id='word_1_161' title='bbox 1049 2455 1351 2510; x_wconf 87' lang='lat' dir='ltr'><strong>nullatenus</strong></span> <span class='ocrx_word' id='word_1_162' title='bbox 1398 2472 1559 2527; x_wconf 89' lang='lat' dir='ltr'><strong>super</strong></span> <span class='ocrx_word' id='word_1_163' title='bbox 1589 2458 1689 2511; x_wconf 92' lang='lat' dir='ltr'><strong>hoc</strong></span> 
     </span>
    </p>
   </div>
   <div class='ocr_carea' id='block_1_26' title="bbox 97 2543 1690 2615">
    <p class='ocr_par' dir='ltr' id='par_1_26' title="bbox 97 2543 1690 2615">
     <span class='ocr_line' id='line_1_26' title="bbox 97 2543 1690 2615; baseline 0.002 -17"><span class='ocrx_word' id='word_1_164' title='bbox 97 2544 273 2598; x_wconf 80' lang='lat' dir='ltr'><strong>auditi</strong></span> <span class='ocrx_word' id='word_1_165' title='bbox 315 2543 496 2607; x_wconf 89' lang='lat' dir='ltr'><strong>fuere,</strong></span> <span class='ocrx_word' id='word_1_166' title='bbox 524 2544 780 2614; x_wconf 85' lang='lat' dir='ltr'><strong>quoniam</strong></span> <span class='ocrx_word' id='word_1_167' title='bbox 817 2545 1033 2614; x_wconf 85' lang='lat' dir='ltr'><strong>quidem</strong></span> <span class='ocrx_word' id='word_1_168' title='bbox 1066 2547 1166 2601; x_wconf 90' lang='lat' dir='ltr'><strong>hoc</strong></span> <span class='ocrx_word' id='word_1_169' title='bbox 1205 2546 1690 2615; x_wconf 72' lang='lat' dir='ltr'><strong>prmdestiuationis</strong></span> 
     </span>
    </p>
   </div>
   <div class='ocr_carea' id='block_1_27' title="bbox 100 2637 1688 2706">
    <p class='ocr_par' dir='ltr' id='par_1_27' title="bbox 100 2637 1688 2706">
     <span class='ocr_line' id='line_1_27' title="bbox 100 2637 1688 2706; baseline 0.003 -17"><span class='ocrx_word' id='word_1_170' title='bbox 100 2651 384 2706; x_wconf 89' lang='lat' dir='ltr'><strong>nunquam</strong></span> <span class='ocrx_word' id='word_1_171' title='bbox 438 2637 784 2691; x_wconf 69' lang='lat' dir='ltr'><strong>immutandze</strong></span> <span class='ocrx_word' id='word_1_172' title='bbox 840 2639 1082 2692; x_wconf 88' lang='lat' dir='ltr'><strong>constitit</strong></span> <span class='ocrx_word' id='word_1_173' title='bbox 1143 2638 1254 2694; x_wconf 90' lang='lat' dir='ltr'><strong>Dei.</strong></span> <span class='ocrx_word' id='word_1_174' title='bbox 1306 2637 1438 2693; x_wconf 84' lang='lat' dir='ltr'><strong>Nam</strong></span> <span class='ocrx_word' id='word_1_175' title='bbox 1499 2639 1688 2694; x_wconf 89' lang='lat' dir='ltr'><strong>eodem</strong></span> 
     </span>
    </p>
   </div>
   <div class='ocr_carea' id='block_1_28' title="bbox 99 2727 1689 2804">
    <p class='ocr_par' dir='ltr' id='par_1_28' title="bbox 99 2727 1689 2804">
     <span class='ocr_line' id='line_1_28' title="bbox 99 2727 1689 2804; baseline 0.003 -23"><span class='ocrx_word' id='word_1_176' title='bbox 99 2727 307 2783; x_wconf 89' lang='lat' dir='ltr'><strong>itinere</strong></span> <span class='ocrx_word' id='word_1_177' title='bbox 359 2737 549 2784; x_wconf 88' lang='lat' dir='ltr'><strong>contra</strong></span> <span class='ocrx_word' id='word_1_178' title='bbox 610 2728 778 2784; x_wconf 82' lang='lat' dir='ltr'><strong>lilium</strong></span> <span class='ocrx_word' id='word_1_179' title='bbox 834 2729 1127 2801; x_wconf 89' lang='lat' dir='ltr'><strong>legitimum</strong></span> <span class='ocrx_word' id='word_1_180' title='bbox 1191 2739 1245 2785; x_wconf 93' lang='lat' dir='ltr'><strong>et</strong></span> <span class='ocrx_word' id='word_1_181' title='bbox 1308 2732 1689 2804; x_wconf 86' lang='lat' dir='ltr'><strong>homonymum</strong></span> 
     </span>
    </p>
   </div>
   <div class='ocr_carea' id='block_1_29' title="bbox 99 2819 1690 2896">
    <p class='ocr_par' dir='ltr' id='par_1_29' title="bbox 99 2819 1690 2896">
     <span class='ocr_line' id='line_1_29' title="bbox 99 2819 1690 2896; baseline 0.004 -25"><span class='ocrx_word' id='word_1_182' title='bbox 99 2820 314 2872; x_wconf 86' lang='lat' dir='ltr'><strong>ducens</strong></span> <span class='ocrx_word' id='word_1_183' title='bbox 370 2819 687 2883; x_wconf 80' lang='lat' dir='ltr'><strong>exercitum,</strong></span> <span class='ocrx_word' id='word_1_184' title='bbox 736 2819 789 2873; x_wconf 89' lang='lat' dir='ltr'><strong>itt</strong></span> <span class='ocrx_word' id='word_1_185' title='bbox 838 2822 1066 2890; x_wconf 91' lang='lat' dir='ltr'><strong>quadam</strong></span> <span class='ocrx_word' id='word_1_186' title='bbox 1115 2821 1285 2875; x_wconf 89' lang='lat' dir='ltr'><strong>insula</strong></span> <span class='ocrx_word' id='word_1_187' title='bbox 1339 2820 1508 2876; x_wconf 80' lang='lat' dir='ltr'><strong>Rheni</strong></span> <span class='ocrx_word' id='word_1_188' title='bbox 1541 2823 1690 2896; x_wconf 76' lang='grc'>(491)</span> 
     </span>
    </p>
   </div>
   <div class='ocr_carea' id='block_1_30' title="bbox 100 2913 1690 2984">
    <p class='ocr_par' dir='ltr' id='par_1_30' title="bbox 100 2913 1690 2984">
     <span class='ocr_line' id='line_1_30' title="bbox 100 2913 1690 2984; baseline 0.004 -19"><span class='ocrx_word' id='word_1_189' title='bbox 100 2914 222 2966; x_wconf 83' lang='lat' dir='ltr'><strong>vita</strong></span> <span class='ocrx_word' id='word_1_190' title='bbox 259 2913 524 2983; x_wconf 84' lang='lat' dir='ltr'><strong>corporali</strong></span> <span class='ocrx_word' id='word_1_191' title='bbox 574 2913 818 2980; x_wconf 91' lang='lat' dir='ltr'><strong>functus,</strong></span> <span class='ocrx_word' id='word_1_192' title='bbox 865 2929 1186 2984; x_wconf 84' lang='lat' dir='ltr'><strong>perennem,</strong></span> <span class='ocrx_word' id='word_1_193' title='bbox 1220 2926 1278 2971; x_wconf 89' lang='lat' dir='ltr'><strong>ttt</strong></span> <span class='ocrx_word' id='word_1_194' title='bbox 1311 2932 1514 2981; x_wconf 88' lang='lat' dir='ltr'><strong>reumr,</strong></span> <span class='ocrx_word' id='word_1_195' title='bbox 1565 2933 1690 2973; x_wconf 91' lang='lat' dir='ltr'><strong>cum</strong></span> 
     </span>
    </p>
   </div>
   <div class='ocr_carea' id='block_1_31' title="bbox 101 3007 1688 3080">
    <p class='ocr_par' dir='ltr' id='par_1_31' title="bbox 101 3007 1688 3080">
     <span class='ocr_line' id='line_1_31' title="bbox 101 3007 1688 3080; baseline 0.004 -21"><span class='ocrx_word' id='word_1_196' title='bbox 101 3014 301 3060; x_wconf 87' lang='lat' dir='ltr'><strong>sancto</strong></span> <span class='ocrx_word' id='word_1_197' title='bbox 324 3021 483 3076; x_wconf 90' lang='lat' dir='ltr'><strong>quem</strong></span> <span class='ocrx_word' id='word_1_198' title='bbox 511 3007 914 3078; x_wconf 90' lang='lat' dir='ltr'><strong>incomparabili</strong></span> <span class='ocrx_word' id='word_1_199' title='bbox 939 3007 1113 3064; x_wconf 81' lang='lat' dir='ltr'><strong>fuerat</strong></span> <span class='ocrx_word' id='word_1_200' title='bbox 1145 3025 1330 3064; x_wconf 87' lang='lat' dir='ltr'><strong>amore</strong></span> <span class='ocrx_word' id='word_1_201' title='bbox 1357 3009 1688 3080; x_wconf 76' lang='lat' dir='ltr'><strong>complexus,</strong></span> 
     </span>
    </p>
   </div>
   <div class='ocr_carea' id='block_1_32' title="bbox 98 3098 1690 3172">
    <p class='ocr_par' dir='ltr' id='par_1_32' title="bbox 98 3098 1690 3172">
     <span class='ocr_line' id='line_1_32' title="bbox 98 3098 1690 3172; baseline 0.005 -22"><span class='ocrx_word' id='word_1_202' title='bbox 98 3098 228 3167; x_wconf 83' lang='lat' dir='ltr'><strong>ejus</strong></span> <span class='ocrx_word' id='word_1_203' title='bbox 275 3098 587 3153; x_wconf 90' lang='lat' dir='ltr'><strong>meritorum</strong></span> <span class='ocrx_word' id='word_1_204' title='bbox 631 3101 850 3154; x_wconf 89' lang='lat' dir='ltr'><strong>obtentu</strong></span> <span class='ocrx_word' id='word_1_205' title='bbox 892 3109 974 3156; x_wconf 90' lang='lat' dir='ltr'><strong>est</strong></span> <span class='ocrx_word' id='word_1_206' title='bbox 1017 3101 1261 3172; x_wconf 89' lang='lat' dir='ltr'><strong>adeptus.</strong></span> <span class='ocrx_word' id='word_1_207' title='bbox 1290 3101 1454 3170; x_wconf 84' lang='lat' dir='ltr'><strong>Cujus</strong></span> <span class='ocrx_word' id='word_1_208' title='bbox 1482 3104 1690 3158; x_wconf 61' lang='lat' dir='ltr'><strong>exuviae</strong></span> 
     </span>
    </p>
   </div>
   <div class='ocr_carea' id='block_1_33' title="bbox 100 3185 1685 3264">
    <p class='ocr_par' dir='ltr' id='par_1_33' title="bbox 100 3185 1685 3264">
     <span class='ocr_line' id='line_1_33' title="bbox 100 3185 1685 3264; baseline 0.006 -26"><span class='ocrx_word' id='word_1_209' title='bbox 100 3185 290 3241; x_wconf 74' lang='lat' dir='ltr'><strong>Mettis</strong></span> <span class='ocrx_word' id='word_1_210' title='bbox 320 3187 371 3240; x_wconf 92' lang='lat' dir='ltr'><strong>in</strong></span> <span class='ocrx_word' id='word_1_211' title='bbox 413 3186 634 3242; x_wconf 82' lang='lat' dir='ltr'><strong>basilica</strong></span> <span class='ocrx_word' id='word_1_212' title='bbox 667 3189 836 3243; x_wconf 87' lang='lat' dir='ltr'><strong>sancti</strong></span> <span class='ocrx_word' id='word_1_213' title='bbox 868 3189 1104 3254; x_wconf 81' lang='lat' dir='ltr'><strong>Arnulti,</strong></span> <span class='ocrx_word' id='word_1_214' title='bbox 1141 3205 1171 3245; x_wconf 87' lang='lat' dir='ltr'><strong>a</strong></span> <span class='ocrx_word' id='word_1_215' title='bbox 1207 3206 1314 3261; x_wconf 89' lang='lat' dir='ltr'><strong>quo</strong></span> <span class='ocrx_word' id='word_1_216' title='bbox 1341 3208 1508 3261; x_wconf 83' lang='lat' dir='ltr'><strong>genus</strong></span> <span class='ocrx_word' id='word_1_217' title='bbox 1539 3193 1685 3264; x_wconf 67' lang='lat'><strong>(492)</strong></span> 
     </span>
    </p>
   </div>
   <div class='ocr_carea' id='block_1_34' title="bbox 101 3280 1688 3355">
    <p class='ocr_par' dir='ltr' id='par_1_34' title="bbox 101 3280 1688 3355">
     <span class='ocr_line' id='line_1_34' title="bbox 101 3280 1688 3355; baseline 0.004 -22"><span class='ocrx_word' id='word_1_218' title='bbox 101 3281 357 3342; x_wconf 78' lang='lat' dir='ltr'><strong>duxerat,</strong></span> <span class='ocrx_word' id='word_1_219' title='bbox 406 3280 708 3345; x_wconf 65' lang='lat' dir='ltr'><strong>celebratae,</strong></span> <span class='ocrx_word' id='word_1_220' title='bbox 750 3291 856 3335; x_wconf 91' lang='lat' dir='ltr'><strong>tam</strong></span> <span class='ocrx_word' id='word_1_221' title='bbox 889 3297 1048 3352; x_wconf 90' lang='lat' dir='ltr'><strong>opum</strong></span> <span class='ocrx_word' id='word_1_222' title='bbox 1096 3285 1455 3353; x_wconf 89' lang='lat' dir='ltr'><strong>pretiosarum</strong></span> <span class='ocrx_word' id='word_1_223' title='bbox 1495 3301 1688 3355; x_wconf 84' lang='lat' dir='ltr'><strong>quam-</strong></span> 
     </span>
    </p>
   </div>
   <div class='ocr_carea' id='block_1_35' title="bbox 98 3368 1688 3445">
    <p class='ocr_par' dir='ltr' id='par_1_35' title="bbox 98 3368 1688 3445">
     <span class='ocr_line' id='line_1_35' title="bbox 98 3368 1688 3445; baseline 0.006 -23"><span class='ocrx_word' id='word_1_224' title='bbox 98 3385 214 3438; x_wconf 88' lang='lat' dir='ltr'><strong>quc</strong></span> <span class='ocrx_word' id='word_1_225' title='bbox 241 3368 493 3424; x_wconf 80' lang='lat' dir='ltr'><strong>ﬁscorum</strong></span> <span class='ocrx_word' id='word_1_226' title='bbox 521 3371 777 3441; x_wconf 79' lang='lat' dir='ltr'><strong>regalium</strong></span> <span class='ocrx_word' id='word_1_227' title='bbox 803 3371 1060 3427; x_wconf 82' lang='lat' dir='ltr'><strong>dilatione</strong></span> <span class='ocrx_word' id='word_1_228' title='bbox 1086 3384 1211 3427; x_wconf 86' lang='lat' dir='ltr'><strong>sunt</strong></span> <span class='ocrx_word' id='word_1_229' title='bbox 1237 3374 1519 3445; x_wconf 89' lang='lat' dir='ltr'><strong>insigniter</strong></span> <span class='ocrx_word' id='word_1_230' title='bbox 1541 3391 1688 3431; x_wconf 86' lang='lat' dir='ltr'><strong>com-</strong></span> 
     </span>
    </p>
   </div>
   <div class='ocr_carea' id='block_1_36' title="bbox 99 3461 1688 3538">
    <p class='ocr_par' dir='ltr' id='par_1_36' title="bbox 99 3461 1688 3538">
     <span class='ocr_line' id='line_1_36' title="bbox 99 3461 1688 3538; baseline 0.005 -22"><span class='ocrx_word' id='word_1_231' title='bbox 99 3461 390 3516; x_wconf 76' lang='lat' dir='ltr'><strong>mendaue.</strong></span> <span class='ocrx_word' id='word_1_232' title='bbox 441 3463 508 3517; x_wconf 84' lang='lat' dir='ltr'><strong>Et</strong></span> <span class='ocrx_word' id='word_1_233' title='bbox 551 3463 825 3534; x_wconf 87' lang='lat' dir='ltr'><strong>quoniam,</strong></span> <span class='ocrx_word' id='word_1_234' title='bbox 860 3472 919 3519; x_wconf 91' lang='lat' dir='ltr'><strong>ut</strong></span> <span class='ocrx_word' id='word_1_235' title='bbox 963 3480 1029 3520; x_wconf 92' lang='lat' dir='ltr'><strong>eo</strong></span> <span class='ocrx_word' id='word_1_236' title='bbox 1070 3466 1446 3521; x_wconf 90' lang='lat' dir='ltr'><strong>manifestante</strong></span> <span class='ocrx_word' id='word_1_237' title='bbox 1491 3482 1688 3538; x_wconf 88' lang='lat' dir='ltr'><strong>cogno-</strong></span> 
     </span>
    </p>
   </div>
   <div class='ocr_carea' id='block_1_37' title="bbox 98 3552 1683 3627">
    <p class='ocr_par' dir='ltr' id='par_1_37' title="bbox 98 3552 1683 3627">
     <span class='ocr_line' id='line_1_37' title="bbox 98 3552 1683 3627; baseline 0.008 -28"><span class='ocrx_word' id='word_1_238' title='bbox 98 3552 308 3616; x_wconf 73' lang='lat' dir='ltr'><strong>vimus,</strong></span> <span class='ocrx_word' id='word_1_239' title='bbox 338 3561 522 3606; x_wconf 79' lang='lat' dir='ltr'><strong>votum</strong></span> <span class='ocrx_word' id='word_1_240' title='bbox 551 3554 768 3623; x_wconf 77' lang='lat' dir='ltr'><strong>explere</strong></span> <span class='ocrx_word' id='word_1_241' title='bbox 803 3555 1002 3620; x_wconf 85' lang='lat' dir='ltr'><strong>renuit,</strong></span> <span class='ocrx_word' id='word_1_242' title='bbox 1035 3572 1133 3611; x_wconf 90' lang='lat' dir='ltr'><strong>nec</strong></span> <span class='ocrx_word' id='word_1_243' title='bbox 1162 3558 1318 3610; x_wconf 88' lang='lat' dir='ltr'><strong>toties</strong></span> <span class='ocrx_word' id='word_1_244' title='bbox 1343 3566 1683 3627; x_wconf 82' lang='lat' dir='ltr'><strong>pcreptatum</strong></span> 
     </span>
    </p>
   </div>
   <div class='ocr_carea' id='block_1_38' title="bbox 97 3641 1684 3719">
    <p class='ocr_par' dir='ltr' id='par_1_38' title="bbox 97 3641 1684 3719">
     <span class='ocr_line' id='line_1_38' title="bbox 97 3641 1684 3719; baseline 0.005 -24"><span class='ocrx_word' id='word_1_245' title='bbox 97 3641 399 3711; x_wconf 71' lang='lat' dir='ltr'><strong>sepulturae</strong></span> <span class='ocrx_word' id='word_1_246' title='bbox 444 3643 619 3699; x_wconf 85' lang='lat' dir='ltr'><strong>locum</strong></span> <span class='ocrx_word' id='word_1_247' title='bbox 676 3645 730 3700; x_wconf 85' lang='lat' dir='ltr'><strong>in</strong></span> <span class='ocrx_word' id='word_1_248' title='bbox 773 3645 938 3702; x_wconf 83' lang='lat' dir='ltr'><strong>fundo</strong></span> <span class='ocrx_word' id='word_1_249' title='bbox 993 3647 1249 3719; x_wconf 80' lang='lat' dir='ltr'><strong>martyris</strong></span> <span class='ocrx_word' id='word_1_250' title='bbox 1299 3648 1499 3704; x_wconf 87' lang='lat' dir='ltr'><strong>habere</strong></span> <span class='ocrx_word' id='word_1_251' title='bbox 1557 3663 1684 3719; x_wconf 91' lang='lat' dir='ltr'><strong>pro-</strong></span> 
     </span>
    </p>
   </div>
   <div class='ocr_carea' id='block_1_39' title="bbox 98 3733 540 3787">
    <p class='ocr_par' dir='ltr' id='par_1_39' title="bbox 98 3733 540 3787">
     <span class='ocr_line' id='line_1_39' title="bbox 98 3733 540 3787; baseline 0.014 -3"><span class='ocrx_word' id='word_1_252' title='bbox 98 3733 330 3787; x_wconf 79' lang='lat' dir='ltr'><strong>meruit.</strong></span> <span class='ocrx_word' id='word_1_253' title='bbox 535 3737 540 3742; x_wconf 79' lang='grc'><strong>’</strong></span> 
     </span>
    </p>
   </div>
   <div class='ocr_carea' id='block_1_40' title="bbox 641 3826 1114 3888">
    <p class='ocr_par' dir='ltr' id='par_1_40' title="bbox 641 3826 1114 3888">
     <span class='ocr_line' id='line_1_40' title="bbox 641 3826 1114 3888; baseline -0.008 0"><span class='ocrx_word' id='word_1_254' title='bbox 641 3886 644 3888; x_wconf 24' lang='grc' dir='ltr'>γ</span> <span class='ocrx_word' id='word_1_255' title='bbox 675 3826 903 3884; x_wconf 83' lang='lat' dir='ltr'><strong>CAPUT</strong></span> <span class='ocrx_word' id='word_1_256' title='bbox 935 3828 1114 3884; x_wconf 74' lang='lat' dir='ltr'><strong>XLVI.</strong></span> 
     </span>
    </p>
   </div>
   <div class='ocr_carea' id='block_1_41' title="bbox 174 3911 1687 3993">
    <p class='ocr_par' dir='ltr' id='par_1_41' title="bbox 174 3911 1687 3993">
     <span class='ocr_line' id='line_1_41' title="bbox 174 3911 1687 3993; baseline 0.007 -27"><span class='ocrx_word' id='word_1_257' title='bbox 174 3911 370 3969; x_wconf 82' lang='lat' dir='ltr'><strong>Totius</strong></span> <span class='ocrx_word' id='word_1_258' title='bbox 405 3914 553 3970; x_wconf 88' lang='lat' dir='ltr'><strong>orbis</strong></span> <span class='ocrx_word' id='word_1_259' title='bbox 597 3915 822 3971; x_wconf 77' lang='lat' dir='ltr'><strong>Romani</strong></span> <span class='ocrx_word' id='word_1_260' title='bbox 867 3919 1108 3990; x_wconf 90' lang='lat' dir='ltr'><strong>principe</strong></span> <span class='ocrx_word' id='word_1_261' title='bbox 1134 3919 1242 3974; x_wconf 86' lang='lat' dir='ltr'><strong>vita</strong></span> <span class='ocrx_word' id='word_1_262' title='bbox 1275 3929 1545 3990; x_wconf 75' lang='lat' dir='ltr'><strong>exempto,</strong></span> <span class='ocrx_word' id='word_1_263' title='bbox 1573 3922 1687 3993; x_wconf 86' lang='lat' dir='ltr'><strong>epi-</strong></span> 
     </span>
    </p>
   </div>
   <div class='ocr_carea' id='block_1_42' title="bbox 176 4089 1685 4163">
    <p class='ocr_par' dir='ltr' id='par_1_42' title="bbox 176 4089 1685 4163">
     <span class='ocr_line' id='line_1_42' title="bbox 176 4089 1685 4163; baseline 0.002 -19"><span class='ocrx_word' id='word_1_264' title='bbox 176 4089 329 4163; x_wconf 50' lang='lat' dir='ltr'><strong>tfﬂl)</strong></span> <span class='ocrx_word' id='word_1_265' title='bbox 353 4089 535 4163; x_wconf 60' lang='lat' dir='ltr'><strong>frope</strong></span> <span class='ocrx_word' id='word_1_266' title='bbox 567 4089 912 4163; x_wconf 84' lang='lat' dir='ltr'><strong>lngilenlteim</strong></span> <span class='ocrx_word' id='word_1_267' title='bbox 940 4090 1076 4163; x_wconf 86' lang='lat' dir='ltr'><strong>infra</strong></span> <span class='ocrx_word' id='word_1_268' title='bbox 1108 4091 1458 4163; x_wconf 81' lang='lat' dir='ltr'><strong>Magontiam,</strong></span> <span class='ocrx_word' id='word_1_269' title='bbox 1481 4107 1548 4149; x_wconf 83' lang='lat' dir='ltr'><strong>ex</strong></span> <span class='ocrx_word' id='word_1_270' title='bbox 1573 4091 1685 4147; x_wconf 84' lang='lat' dir='ltr'><strong>An-</strong></span> 
     </span>
    </p>
   </div>
   <div class='ocr_carea' id='block_1_43' title="bbox 96 4157 1158 4216">
    <p class='ocr_par' dir='ltr' id='par_1_43' title="bbox 96 4157 1158 4216">
     <span class='ocr_line' id='line_1_43' title="bbox 96 4157 1158 4216; baseline 0.004 -4"><span class='ocrx_word' id='word_1_271' title='bbox 96 4160 323 4213; x_wconf 83' lang='lat' dir='ltr'><strong>nalibus</strong></span> <span class='ocrx_word' id='word_1_272' title='bbox 353 4157 710 4216; x_wconf 50' lang='lat' dir='ltr'><strong>Fuldensib&#39;tts</strong></span> <span class='ocrx_word' id='word_1_273' title='bbox 737 4170 792 4215; x_wconf 86' lang='lat' dir='ltr'><strong>et</strong></span> <span class='ocrx_word' id='word_1_274' title='bbox 814 4162 1158 4216; x_wconf 86' lang='lat' dir='ltr'><strong>Bertinianis.</strong></span> 
     </span>
    </p>
   </div>
   <div class='ocr_carea' id='block_1_44' title="bbox 175 4229 1687 4302">
    <p class='ocr_par' dir='ltr' id='par_1_44' title="bbox 175 4229 1687 4302">
     <span class='ocr_line' id='line_1_44' title="bbox 175 4229 1687 4302; baseline 0.001 -20"><span class='ocrx_word' id='word_1_275' title='bbox 175 4229 325 4302; x_wconf 65' lang='lat'><strong>(499.)</strong></span> <span class='ocrx_word' id='word_1_276' title='bbox 355 4229 406 4283; x_wconf 91' lang='lat' dir='ltr'><strong>Id</strong></span> <span class='ocrx_word' id='word_1_277' title='bbox 437 4231 606 4284; x_wconf 82' lang='lat' dir='ltr'><strong>cuivis</strong></span> <span class='ocrx_word' id='word_1_278' title='bbox 642 4241 858 4302; x_wconf 81' lang='lat' dir='ltr'><strong>notum,</strong></span> <span class='ocrx_word' id='word_1_279' title='bbox 891 4247 1079 4302; x_wconf 87' lang='lat' dir='ltr'><strong>nempe</strong></span> <span class='ocrx_word' id='word_1_280' title='bbox 1106 4247 1170 4286; x_wconf 80' lang='lat' dir='ltr'><strong>ex</strong></span> <span class='ocrx_word' id='word_1_281' title='bbox 1209 4231 1449 4302; x_wconf 80' lang='lat' dir='ltr'><strong>Angisilo</strong></span> <span class='ocrx_word' id='word_1_282' title='bbox 1481 4231 1539 4286; x_wconf 87' lang='lat' dir='ltr'><strong>S.</strong></span> <span class='ocrx_word' id='word_1_283' title='bbox 1583 4232 1687 4286; x_wconf 84' lang='lat' dir='ltr'><strong>Ar-</strong></span> 
     </span>
    </p>
   </div>
   <div class='ocr_carea' id='block_1_45' title="bbox 96 4301 1683 4370">
    <p class='ocr_par' dir='ltr' id='par_1_45' title="bbox 96 4301 1683 4370">
     <span class='ocr_line' id='line_1_45' title="bbox 96 4301 1683 4370; baseline 0.001 -18"><span class='ocrx_word' id='word_1_284' title='bbox 96 4309 232 4353; x_wconf 79' lang='lat' dir='ltr'><strong>nutu</strong></span> <span class='ocrx_word' id='word_1_285' title='bbox 287 4301 395 4355; x_wconf 88' lang='lat' dir='ltr'><strong>lilio</strong></span> <span class='ocrx_word' id='word_1_286' title='bbox 445 4301 707 4370; x_wconf 86' lang='lat' dir='ltr'><strong>processit</strong></span> <span class='ocrx_word' id='word_1_287' title='bbox 753 4301 1006 4370; x_wconf 90' lang='lat' dir='ltr'><strong>Pippiuus</strong></span> <span class='ocrx_word' id='word_1_288' title='bbox 1048 4301 1445 4357; x_wconf 84' lang='lat' dir='ltr'><strong>llaristallensis</strong></span> <span class='ocrx_word' id='word_1_289' title='bbox 1486 4301 1683 4361; x_wconf 67' lang='lat' dir='ltr'><strong>dictus,</strong></span> 
     </span>
    </p>
   </div>
   <div class='ocr_carea' id='block_1_46' title="bbox 1774 650 3349 724">
    <p class='ocr_par' dir='ltr' id='par_1_46' title="bbox 1774 650 3349 724">
     <span class='ocr_line' id='line_1_46' title="bbox 1774 650 3349 724; baseline 0.002 -20"><span class='ocrx_word' id='word_1_290' title='bbox 1774 650 2002 720; x_wconf 85' lang='lat' dir='ltr'><strong>pellente</strong></span> <span class='ocrx_word' id='word_1_291' title='bbox 2039 654 2320 721; x_wconf 84' lang='lat' dir='ltr'><strong>ponendus</strong></span> <span class='ocrx_word' id='word_1_292' title='bbox 2343 664 2445 708; x_wconf 91' lang='lat' dir='ltr'><strong>est.</strong></span> <span class='ocrx_word' id='word_1_293' title='bbox 2479 654 2749 723; x_wconf 89' lang='lat' dir='ltr'><strong>Siquidem</strong></span> <span class='ocrx_word' id='word_1_294' title='bbox 2795 663 3054 724; x_wconf 89' lang='lat' dir='ltr'><strong>quantum</strong></span> <span class='ocrx_word' id='word_1_295' title='bbox 3083 653 3150 708; x_wconf 92' lang='lat' dir='ltr'><strong>ad</strong></span> <span class='ocrx_word' id='word_1_296' title='bbox 3189 653 3349 708; x_wconf 88' lang='lat' dir='ltr'><strong>meri-</strong></span> 
     </span>
    </p>
   </div>
   <div class='ocr_carea' id='block_1_47' title="bbox 1777 742 3348 816">
    <p class='ocr_par' dir='ltr' id='par_1_47' title="bbox 1777 742 3348 816">
     <span class='ocr_line' id='line_1_47' title="bbox 1777 742 3348 816; baseline 0.003 -21"><span class='ocrx_word' id='word_1_297' title='bbox 1777 749 1888 796; x_wconf 90' lang='lat' dir='ltr'><strong>tum</strong></span> <span class='ocrx_word' id='word_1_298' title='bbox 1929 742 2062 797; x_wconf 83' lang='lat' dir='ltr'><strong>tanti</strong></span> <span class='ocrx_word' id='word_1_299' title='bbox 2109 745 2362 814; x_wconf 82' lang='lat' dir='ltr'><strong>martyris</strong></span> <span class='ocrx_word' id='word_1_300' title='bbox 2406 755 2460 799; x_wconf 88' lang='lat' dir='ltr'><strong>et</strong></span> <span class='ocrx_word' id='word_1_301' title='bbox 2495 747 2560 800; x_wconf 89' lang='lat' dir='ltr'><strong>ad</strong></span> <span class='ocrx_word' id='word_1_302' title='bbox 2611 747 2850 801; x_wconf 86' lang='lat' dir='ltr'><strong>materiae</strong></span> <span class='ocrx_word' id='word_1_303' title='bbox 2889 753 3094 816; x_wconf 87' lang='lat' dir='ltr'><strong>spectat</strong></span> <span class='ocrx_word' id='word_1_304' title='bbox 3121 745 3348 815; x_wconf 85' lang='lat' dir='ltr'><strong>dignita-</strong></span> 
     </span>
    </p>
   </div>
   <div class='ocr_carea' id='block_1_48' title="bbox 1777 834 3350 904">
    <p class='ocr_par' dir='ltr' id='par_1_48' title="bbox 1777 834 3350 904">
     <span class='ocr_line' id='line_1_48' title="bbox 1777 834 3350 904; baseline 0.002 -18"><span class='ocrx_word' id='word_1_305' title='bbox 1777 839 1904 896; x_wconf 84' lang='lat' dir='ltr'><strong>tem,</strong></span> <span class='ocrx_word' id='word_1_306' title='bbox 1961 840 2167 886; x_wconf 89' lang='lat' dir='ltr'><strong>mtttum</strong></span> <span class='ocrx_word' id='word_1_307' title='bbox 2215 842 2299 887; x_wconf 90' lang='lat' dir='ltr'><strong>est</strong></span> <span class='ocrx_word' id='word_1_308' title='bbox 2360 848 2518 888; x_wconf 89' lang='lat' dir='ltr'><strong>omne</strong></span> <span class='ocrx_word' id='word_1_309' title='bbox 2567 835 2707 904; x_wconf 85' lang='lat' dir='ltr'><strong>&#39;quod</strong></span> <span class='ocrx_word' id='word_1_310' title='bbox 2753 835 2819 890; x_wconf 89' lang='lat' dir='ltr'><strong>de</strong></span> <span class='ocrx_word' id='word_1_311' title='bbox 2882 849 2947 889; x_wconf 86' lang='lat' dir='ltr'><strong>eo</strong></span> <span class='ocrx_word' id='word_1_312' title='bbox 3004 834 3350 903; x_wconf 82' lang='lat' dir='ltr'><strong>quantumvis</strong></span> 
     </span>
    </p>
   </div>
   <div class='ocr_carea' id='block_1_49' title="bbox 1778 920 3352 992">
    <p class='ocr_par' dir='ltr' id='par_1_49' title="bbox 1778 920 3352 992">
     <span class='ocr_line' id='line_1_49' title="bbox 1778 920 3352 992; baseline 0 -15"><span class='ocrx_word' id='word_1_313' title='bbox 1778 921 2011 977; x_wconf 88' lang='lat' dir='ltr'><strong>humana</strong></span> <span class='ocrx_word' id='word_1_314' title='bbox 2041 920 2284 975; x_wconf 79' lang='lat' dir='ltr'><strong>facundia</strong></span> <span class='ocrx_word' id='word_1_315' title='bbox 2317 921 2414 975; x_wconf 90' lang='lat' dir='ltr'><strong>fari</strong></span> <span class='ocrx_word' id='word_1_316' title='bbox 2435 931 2634 992; x_wconf 88' lang='lat' dir='ltr'><strong>potest,</strong></span> <span class='ocrx_word' id='word_1_317' title='bbox 2658 924 2906 992; x_wconf 90' lang='lat' dir='ltr'><strong>quoniam</strong></span> <span class='ocrx_word' id='word_1_318' title='bbox 2933 924 3148 992; x_wconf 87' lang='lat' dir='ltr'><strong>quidem</strong></span> <span class='ocrx_word' id='word_1_319' title='bbox 3176 923 3352 977; x_wconf 89' lang='lat' dir='ltr'><strong>omnis</strong></span> 
     </span>
    </p>
   </div>
   <div class='ocr_carea' id='block_1_50' title="bbox 1777 1011 3349 1067">
    <p class='ocr_par' dir='ltr' id='par_1_50' title="bbox 1777 1011 3349 1067">
     <span class='ocr_line' id='line_1_50' title="bbox 1777 1011 3349 1067; baseline -0.001 -1"><span class='ocrx_word' id='word_1_320' title='bbox 1777 1025 1956 1066; x_wconf 89' lang='lat' dir='ltr'><strong>sermo</strong></span> <span class='ocrx_word' id='word_1_321' title='bbox 2001 1011 2267 1065; x_wconf 84' lang='lat' dir='ltr'><strong>humanus</strong></span> <span class='ocrx_word' id='word_1_322' title='bbox 2311 1011 2536 1066; x_wconf 86' lang='lat' dir='ltr'><strong>inferior</strong></span> <span class='ocrx_word' id='word_1_323' title='bbox 2580 1021 2664 1067; x_wconf 89' lang='lat' dir='ltr'><strong>est</strong></span> <span class='ocrx_word' id='word_1_324' title='bbox 2710 1012 2862 1067; x_wconf 89' lang='lat' dir='ltr'><strong>laude</strong></span> <span class='ocrx_word' id='word_1_325' title='bbox 2905 1012 3132 1066; x_wconf 73' lang='lat' dir='ltr'><strong>coslesti.</strong></span> <span class='ocrx_word' id='word_1_326' title='bbox 3175 1011 3349 1066; x_wconf 85' lang='lat' dir='ltr'><strong>Pauca</strong></span> 
     </span>
    </p>
   </div>
   <div class='ocr_carea' id='block_1_51' title="bbox 1777 1101 3353 1171">
    <p class='ocr_par' dir='ltr' id='par_1_51' title="bbox 1777 1101 3353 1171">
     <span class='ocr_line' id='line_1_51' title="bbox 1777 1101 3353 1171; baseline 0.002 -19"><span class='ocrx_word' id='word_1_327' title='bbox 1777 1101 1992 1171; x_wconf 88' lang='lat' dir='ltr'><strong>quidem</strong></span> <span class='ocrx_word' id='word_1_328' title='bbox 2021 1109 2144 1154; x_wconf 89' lang='lat' dir='ltr'><strong>sunt</strong></span> <span class='ocrx_word' id='word_1_329' title='bbox 2177 1115 2296 1169; x_wconf 72' lang='lat' dir='ltr'><strong>qua:</strong></span> <span class='ocrx_word' id='word_1_330' title='bbox 2327 1101 2394 1155; x_wconf 87' lang='lat' dir='ltr'><strong>de</strong></span> <span class='ocrx_word' id='word_1_331' title='bbox 2430 1115 2495 1156; x_wconf 92' lang='lat' dir='ltr'><strong>eo</strong></span> <span class='ocrx_word' id='word_1_332' title='bbox 2525 1102 2769 1157; x_wconf 83' lang='lat' dir='ltr'><strong>oratione</strong></span> <span class='ocrx_word' id='word_1_333' title='bbox 2806 1101 3002 1156; x_wconf 91' lang='lat' dir='ltr'><strong>inculta</strong></span> <span class='ocrx_word' id='word_1_334' title='bbox 3037 1108 3353 1171; x_wconf 90' lang='lat' dir='ltr'><strong>prosecutus</strong></span> 
     </span>
    </p>
   </div>
   <div class='ocr_carea' id='block_1_52' title="bbox 1779 1193 3351 1265">
    <p class='ocr_par' dir='ltr' id='par_1_52' title="bbox 1779 1193 3351 1265">
     <span class='ocr_line' id='line_1_52' title="bbox 1779 1193 3351 1265; baseline -0.003 -15"><span class='ocrx_word' id='word_1_335' title='bbox 1779 1209 1935 1256; x_wconf 88' lang='lat' dir='ltr'><strong>sum,</strong></span> <span class='ocrx_word' id='word_1_336' title='bbox 1983 1193 2221 1265; x_wconf 88' lang='lat' dir='ltr'><strong>pluriora</strong></span> <span class='ocrx_word' id='word_1_337' title='bbox 2279 1204 2335 1251; x_wconf 91' lang='lat' dir='ltr'><strong>et</strong></span> <span class='ocrx_word' id='word_1_338' title='bbox 2406 1208 2543 1264; x_wconf 89' lang='lat' dir='ltr'><strong>pene</strong></span> <span class='ocrx_word' id='word_1_339' title='bbox 2593 1194 3002 1250; x_wconf 86' lang='lat' dir='ltr'><strong>innumerabilia</strong></span> <span class='ocrx_word' id='word_1_340' title='bbox 3059 1193 3351 1248; x_wconf 85' lang='lat' dir='ltr'><strong>fastidiosis</strong></span> 
     </span>
    </p>
   </div>
   <div class='ocr_carea' id='block_1_53' title="bbox 1780 1282 3355 1355">
    <p class='ocr_par' dir='ltr' id='par_1_53' title="bbox 1780 1282 3355 1355">
     <span class='ocr_line' id='line_1_53' title="bbox 1780 1282 3355 1355; baseline 0 -17"><span class='ocrx_word' id='word_1_341' title='bbox 1780 1282 2070 1338; x_wconf 86' lang='lat' dir='ltr'><strong>lectoribus</strong></span> <span class='ocrx_word' id='word_1_342' title='bbox 2114 1285 2396 1354; x_wconf 76' lang='lat' dir='ltr'><strong>ignescens</strong></span> <span class='ocrx_word' id='word_1_343' title='bbox 2441 1284 2616 1340; x_wconf 90' lang='lat' dir='ltr'><strong>omisi.</strong></span> <span class='ocrx_word' id='word_1_344' title='bbox 2662 1284 2950 1340; x_wconf 79' lang='lat' dir='ltr'><strong>Enimvero</strong></span> <span class='ocrx_word' id='word_1_345' title='bbox 2985 1292 3229 1355; x_wconf 88' lang='lat' dir='ltr'><strong>superest</strong></span> <span class='ocrx_word' id='word_1_346' title='bbox 3256 1284 3355 1338; x_wconf 56' lang='lat' dir='ltr'><strong>itm</strong></span> 
     </span>
    </p>
   </div>
   <div class='ocr_carea' id='block_1_54' title="bbox 1783 1372 3356 1446">
    <p class='ocr_par' dir='ltr' id='par_1_54' title="bbox 1783 1372 3356 1446">
     <span class='ocr_line' id='line_1_54' title="bbox 1783 1372 3356 1446; baseline -0.001 -18"><span class='ocrx_word' id='word_1_347' title='bbox 1783 1372 2028 1429; x_wconf 87' lang='lat' dir='ltr'><strong>dietenus</strong></span> <span class='ocrx_word' id='word_1_348' title='bbox 2063 1373 2114 1428; x_wconf 88' lang='lat' dir='ltr'><strong>id</strong></span> <span class='ocrx_word' id='word_1_349' title='bbox 2153 1373 2591 1446; x_wconf 86' lang='lat' dir='ltr'><strong>chartophylacio</strong></span> <span class='ocrx_word' id='word_1_350' title='bbox 2627 1382 2812 1430; x_wconf 86' lang='lat' dir='ltr'><strong>nostro</strong></span> <span class='ocrx_word' id='word_1_351' title='bbox 2850 1374 3099 1430; x_wconf 86' lang='lat' dir='ltr'><strong>seltedula</strong></span> <span class='ocrx_word' id='word_1_352' title='bbox 3126 1373 3356 1429; x_wconf 79' lang='lat' dir='ltr'><strong>Rodoini</strong></span> 
     </span>
    </p>
   </div>
   <div class='ocr_carea' id='block_1_55' title="bbox 1782 1460 3358 1525">
    <p class='ocr_par' dir='ltr' id='par_1_55' title="bbox 1782 1460 3358 1525">
     <span class='ocr_line' id='line_1_55' title="bbox 1782 1460 3358 1525; baseline 0 -9"><span class='ocrx_word' id='word_1_353' title='bbox 1782 1461 1848 1516; x_wconf 82' lang='lat' dir='ltr'><strong>ad</strong></span> <span class='ocrx_word' id='word_1_354' title='bbox 1876 1460 2277 1517; x_wconf 86' lang='lat' dir='ltr'><strong>memorabilem</strong></span> <span class='ocrx_word' id='word_1_355' title='bbox 2316 1461 2624 1516; x_wconf 84' lang='lat' dir='ltr'><strong>Hilduinum</strong></span> <span class='ocrx_word' id='word_1_356' title='bbox 2656 1463 2904 1518; x_wconf 87' lang='lat' dir='ltr'><strong>abbatem</strong></span> <span class='ocrx_word' id='word_1_357' title='bbox 2931 1463 3270 1525; x_wconf 88' lang='lat' dir='ltr'><strong>transmissa,</strong></span> <span class='ocrx_word' id='word_1_358' title='bbox 3302 1461 3358 1516; x_wconf 75' lang='lat' dir='ltr'><strong>in</strong></span> 
     </span>
    </p>
   </div>
   <div class='ocr_carea' id='block_1_56' title="bbox 1785 1551 3356 1622">
    <p class='ocr_par' dir='ltr' id='par_1_56' title="bbox 1785 1551 3356 1622">
     <span class='ocr_line' id='line_1_56' title="bbox 1785 1551 3356 1622; baseline 0.003 -20"><span class='ocrx_word' id='word_1_359' title='bbox 1785 1565 1890 1620; x_wconf 90' lang='lat' dir='ltr'><strong>qua</strong></span> <span class='ocrx_word' id='word_1_360' title='bbox 1921 1565 2210 1606; x_wconf 89' lang='lat' dir='ltr'><strong>numerosa</strong></span> <span class='ocrx_word' id='word_1_361' title='bbox 2237 1551 2526 1621; x_wconf 88' lang='lat' dir='ltr'><strong>plurimum</strong></span> <span class='ocrx_word' id='word_1_362' title='bbox 2555 1551 2936 1622; x_wconf 85' lang='lat' dir='ltr'><strong>eapitulatione</strong></span> <span class='ocrx_word' id='word_1_363' title='bbox 2961 1553 3219 1608; x_wconf 88' lang='lat' dir='ltr'><strong>virtutum</strong></span> <span class='ocrx_word' id='word_1_364' title='bbox 3242 1552 3356 1620; x_wconf 90' lang='lat' dir='ltr'><strong>ejus</strong></span> 
     </span>
    </p>
   </div>
   <div class='ocr_carea' id='block_1_57' title="bbox 1787 1639 3354 1711">
    <p class='ocr_par' dir='ltr' id='par_1_57' title="bbox 1787 1639 3354 1711">
     <span class='ocr_line' id='line_1_57' title="bbox 1787 1639 3354 1711; baseline 0.001 -17"><span class='ocrx_word' id='word_1_365' title='bbox 1787 1639 2014 1710; x_wconf 86' lang='lat' dir='ltr'><strong>insignia</strong></span> <span class='ocrx_word' id='word_1_366' title='bbox 2086 1639 2327 1694; x_wconf 76' lang='lat' dir='ltr'><strong>breviata</strong></span> <span class='ocrx_word' id='word_1_367' title='bbox 2398 1641 2752 1711; x_wconf 87' lang='lat' dir='ltr'><strong>personaliter</strong></span> <span class='ocrx_word' id='word_1_368' title='bbox 2810 1641 3080 1698; x_wconf 82' lang='lat' dir='ltr'><strong>habentur</strong></span> <span class='ocrx_word' id='word_1_369' title='bbox 3133 1642 3354 1706; x_wconf 83' lang='lat' dir='ltr'><strong>inserta,</strong></span> 
     </span>
    </p>
   </div>
   <div class='ocr_carea' id='block_1_58' title="bbox 1787 1729 3361 1802">
    <p class='ocr_par' dir='ltr' id='par_1_58' title="bbox 1787 1729 3361 1802">
     <span class='ocr_line' id='line_1_58' title="bbox 1787 1729 3361 1802; baseline 0.003 -20"><span class='ocrx_word' id='word_1_370' title='bbox 1787 1744 2016 1800; x_wconf 87' lang='lat' dir='ltr'><strong>quorum</strong></span> <span class='ocrx_word' id='word_1_371' title='bbox 2039 1745 2246 1784; x_wconf 92' lang='lat' dir='ltr'><strong>summa</strong></span> <span class='ocrx_word' id='word_1_372' title='bbox 2279 1729 2330 1784; x_wconf 94' lang='lat' dir='ltr'><strong>in</strong></span> <span class='ocrx_word' id='word_1_373' title='bbox 2355 1745 2548 1784; x_wconf 91' lang='lat' dir='ltr'><strong>conum</strong></span> <span class='ocrx_word' id='word_1_374' title='bbox 2582 1731 2812 1798; x_wconf 90' lang='lat' dir='ltr'><strong>redacta,</strong></span> <span class='ocrx_word' id='word_1_375' title='bbox 2845 1732 3016 1802; x_wconf 83' lang='lat' dir='ltr'><strong>surgit</strong></span> <span class='ocrx_word' id='word_1_376' title='bbox 3044 1733 3098 1786; x_wconf 94' lang='lat' dir='ltr'><strong>in</strong></span> <span class='ocrx_word' id='word_1_377' title='bbox 3126 1732 3361 1787; x_wconf 82' lang='lat' dir='ltr'><strong>millibus</strong></span> 
     </span>
    </p>
   </div>
   <div class='ocr_carea' id='block_1_59' title="bbox 1789 1821 3357 1893">
    <p class='ocr_par' dir='ltr' id='par_1_59' title="bbox 1789 1821 3357 1893">
     <span class='ocr_line' id='line_1_59' title="bbox 1789 1821 3357 1893; baseline 0.003 -22"><span class='ocrx_word' id='word_1_378' title='bbox 1789 1828 2020 1890; x_wconf 87' lang='lat' dir='ltr'><strong>quatuor</strong></span> <span class='ocrx_word' id='word_1_379' title='bbox 2067 1830 2282 1874; x_wconf 91' lang='lat' dir='ltr'><strong>centum</strong></span> <span class='ocrx_word' id='word_1_380' title='bbox 2345 1821 2705 1891; x_wconf 82' lang='lat' dir='ltr'><strong>septuaginta.</strong></span> <span class='ocrx_word' id='word_1_381' title='bbox 2757 1821 2941 1891; x_wconf 88' lang='lat' dir='ltr'><strong>Itaque</strong></span> <span class='ocrx_word' id='word_1_382' title='bbox 3003 1830 3110 1875; x_wconf 87' lang='lat' dir='ltr'><strong>tant</strong></span> <span class='ocrx_word' id='word_1_383' title='bbox 3159 1822 3357 1893; x_wconf 80' lang='lat' dir='ltr'><strong>ingenti</strong></span> 
     </span>
    </p>
   </div>
   <div class='ocr_carea' id='block_1_60' title="bbox 1718 1908 3360 1983">
    <p class='ocr_par' dir='ltr' id='par_1_60' title="bbox 1718 1908 3360 1983">
     <span class='ocr_line' id='line_1_60' title="bbox 1718 1908 3360 1983; baseline -0.001 -16"><span class='ocrx_word' id='word_1_384' title='bbox 1718 1908 1760 1967; x_wconf 85' lang='grc' dir='ltr'><strong>Β</strong></span> <span class='ocrx_word' id='word_1_385' title='bbox 1789 1911 2016 1966; x_wconf 88' lang='lat' dir='ltr'><strong>materia</strong></span> <span class='ocrx_word' id='word_1_386' title='bbox 2042 1912 2212 1966; x_wconf 79' lang='lat' dir='ltr'><strong>vietus</strong></span> <span class='ocrx_word' id='word_1_387' title='bbox 2230 1952 2244 1975; x_wconf 93' lang='lat'><strong>,</strong></span> <span class='ocrx_word' id='word_1_388' title='bbox 2278 1926 2494 1966; x_wconf 91' lang='lat' dir='ltr'><strong>manum</strong></span> <span class='ocrx_word' id='word_1_389' title='bbox 2523 1913 2605 1966; x_wconf 91' lang='lat' dir='ltr'><strong>ori</strong></span> <span class='ocrx_word' id='word_1_390' title='bbox 2641 1927 2947 1983; x_wconf 87' lang='lat' dir='ltr'><strong>opponens,</strong></span> <span class='ocrx_word' id='word_1_391' title='bbox 2977 1911 3360 1967; x_wconf 89' lang='lat' dir='ltr'><strong>eruditioribus</strong></span> 
     </span>
    </p>
   </div>
   <div class='ocr_carea' id='block_1_61' title="bbox 1790 2002 3360 2073">
    <p class='ocr_par' dir='ltr' id='par_1_61' title="bbox 1790 2002 3360 2073">
     <span class='ocr_line' id='line_1_61' title="bbox 1790 2002 3360 2073; baseline 0.001 -19"><span class='ocrx_word' id='word_1_392' title='bbox 1790 2002 2092 2072; x_wconf 89' lang='lat' dir='ltr'><strong>quibusque</strong></span> <span class='ocrx_word' id='word_1_393' title='bbox 2116 2012 2279 2071; x_wconf 90' lang='lat' dir='ltr'><strong>atque</strong></span> <span class='ocrx_word' id='word_1_394' title='bbox 2309 2003 2657 2069; x_wconf 85' lang='lat' dir='ltr'><strong>doctioribus,</strong></span> <span class='ocrx_word' id='word_1_395' title='bbox 2687 2011 2741 2058; x_wconf 91' lang='lat' dir='ltr'><strong>et</strong></span> <span class='ocrx_word' id='word_1_396' title='bbox 2762 2004 2852 2073; x_wconf 85' lang='lat' dir='ltr'><strong>qui</strong></span> <span class='ocrx_word' id='word_1_397' title='bbox 2883 2003 3110 2058; x_wconf 89' lang='lat' dir='ltr'><strong>necdum</strong></span> <span class='ocrx_word' id='word_1_398' title='bbox 3140 2005 3191 2058; x_wconf 91' lang='lat' dir='ltr'><strong>in</strong></span> <span class='ocrx_word' id='word_1_399' title='bbox 3220 2003 3360 2057; x_wconf 90' lang='lat' dir='ltr'><strong>hanc</strong></span> 
     </span>
    </p>
   </div>
   <div class='ocr_carea' id='block_1_62' title="bbox 1791 2092 3363 2164">
    <p class='ocr_par' dir='ltr' id='par_1_62' title="bbox 1791 2092 3363 2164">
     <span class='ocr_line' id='line_1_62' title="bbox 1791 2092 3363 2164; baseline -0.001 -17"><span class='ocrx_word' id='word_1_400' title='bbox 1791 2093 1962 2149; x_wconf 91' lang='lat' dir='ltr'><strong>lucem</strong></span> <span class='ocrx_word' id='word_1_401' title='bbox 1991 2093 2262 2163; x_wconf 87' lang='lat' dir='ltr'><strong>prodiere,</strong></span> <span class='ocrx_word' id='word_1_402' title='bbox 2289 2093 2702 2148; x_wconf 89' lang='lat' dir='ltr'><strong>succedentibus</strong></span> <span class='ocrx_word' id='word_1_403' title='bbox 2721 2109 2892 2164; x_wconf 81' lang='lat' dir='ltr'><strong>usque</strong></span> <span class='ocrx_word' id='word_1_404' title='bbox 2914 2095 2965 2147; x_wconf 91' lang='lat' dir='ltr'><strong>in</strong></span> <span class='ocrx_word' id='word_1_405' title='bbox 2997 2095 3154 2149; x_wconf 82' lang='lat' dir='ltr'><strong>tinem</strong></span> <span class='ocrx_word' id='word_1_406' title='bbox 3181 2092 3363 2148; x_wconf 63' lang='lat' dir='ltr'><strong>saeculi</strong></span> 
     </span>
    </p>
   </div>
   <div class='ocr_carea' id='block_1_63' title="bbox 1791 2184 3362 2256">
    <p class='ocr_par' dir='ltr' id='par_1_63' title="bbox 1791 2184 3362 2256">
     <span class='ocr_line' id='line_1_63' title="bbox 1791 2184 3362 2256; baseline -0.001 -16"><span class='ocrx_word' id='word_1_407' title='bbox 1791 2185 2121 2255; x_wconf 85' lang='lat' dir='ltr'><strong>temporibus</strong></span> <span class='ocrx_word' id='word_1_408' title='bbox 2166 2185 2279 2239; x_wconf 70' lang='lat' dir='ltr'><strong>haec</strong></span> <span class='ocrx_word' id='word_1_409' title='bbox 2307 2185 2487 2239; x_wconf 89' lang='lat' dir='ltr'><strong>omnia</strong></span> <span class='ocrx_word' id='word_1_410' title='bbox 2522 2185 2799 2240; x_wconf 81' lang='lat' dir='ltr'><strong>tractanda</strong></span> <span class='ocrx_word' id='word_1_411' title='bbox 2829 2184 3091 2256; x_wconf 82' lang='lat' dir='ltr'><strong>relinquo.</strong></span> <span class='ocrx_word' id='word_1_412' title='bbox 3125 2185 3362 2254; x_wconf 82' lang='lat' dir='ltr'><strong>Quisque</strong></span> 
     </span>
    </p>
   </div>
   <div class='ocr_carea' id='block_1_64' title="bbox 1789 2272 3360 2343">
    <p class='ocr_par' dir='ltr' id='par_1_64' title="bbox 1789 2272 3360 2343">
     <span class='ocr_line' id='line_1_64' title="bbox 1789 2272 3360 2343; baseline 0 -16"><span class='ocrx_word' id='word_1_413' title='bbox 1789 2289 1919 2328; x_wconf 87' lang='lat' dir='ltr'><strong>sane</strong></span> <span class='ocrx_word' id='word_1_414' title='bbox 1955 2272 2266 2328; x_wconf 84' lang='lat' dir='ltr'><strong>fastidiosus</strong></span> <span class='ocrx_word' id='word_1_415' title='bbox 2297 2272 2511 2326; x_wconf 87' lang='lat' dir='ltr'><strong>lautiori</strong></span> <span class='ocrx_word' id='word_1_416' title='bbox 2537 2273 2713 2327; x_wconf 90' lang='lat' dir='ltr'><strong>edulio</strong></span> <span class='ocrx_word' id='word_1_417' title='bbox 2741 2274 2947 2343; x_wconf 82' lang='lat' dir='ltr'><strong>appetis</strong></span> <span class='ocrx_word' id='word_1_418' title='bbox 2981 2274 3191 2337; x_wconf 87' lang='lat' dir='ltr'><strong>satiari,</strong></span> <span class='ocrx_word' id='word_1_419' title='bbox 3218 2274 3360 2327; x_wconf 90' lang='lat' dir='ltr'><strong>hunc</strong></span> 
     </span>
    </p>
   </div>
   <div class='ocr_carea' id='block_1_65' title="bbox 1789 2361 3362 2433">
    <p class='ocr_par' dir='ltr' id='par_1_65' title="bbox 1789 2361 3362 2433">
     <span class='ocr_line' id='line_1_65' title="bbox 1789 2361 3362 2433; baseline -0.001 -15"><span class='ocrx_word' id='word_1_420' title='bbox 1789 2371 2029 2418; x_wconf 88' lang='lat' dir='ltr'><strong>nostrum</strong></span> <span class='ocrx_word' id='word_1_421' title='bbox 2078 2361 2339 2416; x_wconf 88' lang='lat' dir='ltr'><strong>furfurem</strong></span> <span class='ocrx_word' id='word_1_422' title='bbox 2393 2371 2753 2433; x_wconf 90' lang='lat' dir='ltr'><strong>postponens,</strong></span> <span class='ocrx_word' id='word_1_423' title='bbox 2803 2363 3127 2418; x_wconf 88' lang='lat' dir='ltr'><strong>sanctissimi</strong></span> <span class='ocrx_word' id='word_1_424' title='bbox 3185 2363 3362 2417; x_wconf 87' lang='lat' dir='ltr'><strong>Patris</strong></span> 
     </span>
    </p>
   </div>
   <div class='ocr_carea' id='block_1_66' title="bbox 1786 2454 3364 2526">
    <p class='ocr_par' dir='ltr' id='par_1_66' title="bbox 1786 2454 3364 2526">
     <span class='ocr_line' id='line_1_66' title="bbox 1786 2454 3364 2526; baseline -0.002 -15"><span class='ocrx_word' id='word_1_425' title='bbox 1786 2455 2056 2511; x_wconf 77' lang='lat' dir='ltr'><strong>Ambrosii</strong></span> <span class='ocrx_word' id='word_1_426' title='bbox 2113 2469 2282 2524; x_wconf 87' lang='lat' dir='ltr'><strong>opus,</strong></span> <span class='ocrx_word' id='word_1_427' title='bbox 2333 2455 2476 2525; x_wconf 91' lang='lat' dir='ltr'><strong>quod</strong></span> <span class='ocrx_word' id='word_1_428' title='bbox 2521 2454 2586 2509; x_wconf 90' lang='lat' dir='ltr'><strong>de</strong></span> <span class='ocrx_word' id='word_1_429' title='bbox 2635 2455 2796 2526; x_wconf 87' lang='lat' dir='ltr'><strong>hujus</strong></span> <span class='ocrx_word' id='word_1_430' title='bbox 2837 2454 3110 2523; x_wconf 90' lang='lat' dir='ltr'><strong>triumpho</strong></span> <span class='ocrx_word' id='word_1_431' title='bbox 3160 2454 3364 2508; x_wconf 83' lang='lat' dir='ltr'><strong>caelibis</strong></span> 
     </span>
    </p>
   </div>
   <div class='ocr_carea' id='block_1_67' title="bbox 1787 2548 3366 2620">
    <p class='ocr_par' dir='ltr' id='par_1_67' title="bbox 1787 2548 3366 2620">
     <span class='ocr_line' id='line_1_67' title="bbox 1787 2548 3366 2620; baseline -0.004 -14"><span class='ocrx_word' id='word_1_432' title='bbox 1787 2552 1991 2617; x_wconf 89' lang='lat' dir='ltr'><strong>edidit,</strong></span> <span class='ocrx_word' id='word_1_433' title='bbox 2035 2550 2346 2620; x_wconf 90' lang='lat' dir='ltr'><strong>inquirens,</strong></span> <span class='ocrx_word' id='word_1_434' title='bbox 2374 2549 2425 2604; x_wconf 92' lang='lat' dir='ltr'><strong>in</strong></span> <span class='ocrx_word' id='word_1_435' title='bbox 2465 2565 2530 2604; x_wconf 90' lang='lat' dir='ltr'><strong>eo</strong></span> <span class='ocrx_word' id='word_1_436' title='bbox 2553 2550 2791 2620; x_wconf 78' lang='lat' dir='ltr'><strong>reperies</strong></span> <span class='ocrx_word' id='word_1_437' title='bbox 2815 2549 3071 2604; x_wconf 87' lang='lat' dir='ltr'><strong>ferculum</strong></span> <span class='ocrx_word' id='word_1_438' title='bbox 3099 2548 3366 2603; x_wconf 88' lang='lat' dir='ltr'><strong>ditissime</strong></span> 
     </span>
    </p>
   </div>
   <div class='ocr_carea' id='block_1_68' title="bbox 1789 2639 3366 2711">
    <p class='ocr_par' dir='ltr' id='par_1_68' title="bbox 1789 2639 3366 2711">
     <span class='ocr_line' id='line_1_68' title="bbox 1789 2639 3366 2711; baseline -0.005 -12"><span class='ocrx_word' id='word_1_439' title='bbox 1789 2643 2068 2707; x_wconf 89' lang='lat' dir='ltr'><strong>refertum,</strong></span> <span class='ocrx_word' id='word_1_440' title='bbox 2108 2641 2261 2709; x_wconf 86' lang='lat' dir='ltr'><strong>cujus</strong></span> <span class='ocrx_word' id='word_1_441' title='bbox 2297 2640 2553 2696; x_wconf 87' lang='lat' dir='ltr'><strong>delicioso</strong></span> <span class='ocrx_word' id='word_1_442' title='bbox 2593 2641 2875 2696; x_wconf 88' lang='lat' dir='ltr'><strong>admodum</strong></span> <span class='ocrx_word' id='word_1_443' title='bbox 2932 2640 3143 2711; x_wconf 76' lang='lat' dir='ltr'><strong>siligine</strong></span> <span class='ocrx_word' id='word_1_444' title='bbox 3189 2639 3366 2709; x_wconf 88' lang='lat' dir='ltr'><strong>palato</strong></span> 
     </span>
    </p>
   </div>
   <div class='ocr_carea' id='block_1_69' title="bbox 1788 2732 3221 2807">
    <p class='ocr_par' dir='ltr' id='par_1_69' title="bbox 1788 2732 3221 2807">
     <span class='ocr_line' id='line_1_69' title="bbox 1788 2732 3221 2807; baseline -0.006 -14"><span class='ocrx_word' id='word_1_445' title='bbox 1788 2737 1986 2793; x_wconf 88' lang='lat' dir='ltr'><strong>mentis</strong></span> <span class='ocrx_word' id='word_1_446' title='bbox 2015 2737 2299 2807; x_wconf 82' lang='lat' dir='ltr'><strong>degustato</strong></span> <span class='ocrx_word' id='word_1_447' title='bbox 2325 2733 2720 2790; x_wconf 84' lang='lat' dir='ltr'><strong>delectabiliter</strong></span> <span class='ocrx_word' id='word_1_448' title='bbox 2741 2732 2945 2804; x_wconf 89' lang='lat' dir='ltr'><strong>poteris</strong></span> <span class='ocrx_word' id='word_1_449' title='bbox 2967 2732 3221 2804; x_wconf 86' lang='lat' dir='ltr'><strong>saginari.</strong></span> 
     </span>
    </p>
   </div>
   <div class='ocr_carea' id='block_1_70' title="bbox 1859 2844 3368 2919">
    <p class='ocr_par' dir='ltr' id='par_1_70' title="bbox 1859 2844 3368 2919">
     <span class='ocr_line' id='line_1_70' title="bbox 1859 2844 3368 2919; baseline -0.005 -15"><span class='ocrx_word' id='word_1_450' title='bbox 1859 2849 2126 2919; x_wconf 82' lang='lat' dir='ltr'><strong>Explicuit</strong></span> <span class='ocrx_word' id='word_1_451' title='bbox 2163 2847 2432 2917; x_wconf 83' lang='lat' dir='ltr'><strong>epitomen</strong></span> <span class='ocrx_word' id='word_1_452' title='bbox 2469 2846 2849 2919; x_wconf 82' lang='lat' dir='ltr'><strong>miraculorum</strong></span> <span class='ocrx_word' id='word_1_453' title='bbox 2889 2844 3198 2919; x_wconf 79' lang='lat' dir='ltr'><strong>Sebastiani</strong></span> <span class='ocrx_word' id='word_1_454' title='bbox 3245 2859 3368 2919; x_wconf 61' lang='lat' dir='ltr'><strong>ago-</strong></span> 
     </span>
    </p>
   </div>
   <div class='ocr_carea' id='block_1_71' title="bbox 1789 2915 3368 2990">
    <p class='ocr_par' dir='ltr' id='par_1_71' title="bbox 1789 2915 3368 2990">
     <span class='ocr_line' id='line_1_71' title="bbox 1789 2915 3368 2990; baseline -0.003 -17"><span class='ocrx_word' id='word_1_455' title='bbox 1789 2915 1956 2974; x_wconf 60' lang='lat' dir='ltr'><strong>nistaf</strong></span> <span class='ocrx_word' id='word_1_456' title='bbox 1994 2915 2380 2990; x_wconf 81' lang='lat' dir='ltr'><strong>insignissimi:</strong></span> <span class='ocrx_word' id='word_1_457' title='bbox 2417 2917 2570 2990; x_wconf 85' lang='lat' dir='ltr'><strong>cujus</strong></span> <span class='ocrx_word' id='word_1_458' title='bbox 2628 2932 2822 2971; x_wconf 88' lang='lat' dir='ltr'><strong>nomen</strong></span> <span class='ocrx_word' id='word_1_459' title='bbox 2841 2931 2912 2990; x_wconf 75' lang='lat' dir='ltr'><strong>ex</strong></span> <span class='ocrx_word' id='word_1_460' title='bbox 2957 2915 3154 2983; x_wconf 82' lang='lat' dir='ltr'><strong>Argivo</strong></span> <span class='ocrx_word' id='word_1_461' title='bbox 3185 2915 3238 2968; x_wconf 91' lang='lat' dir='ltr'><strong>in</strong></span> <span class='ocrx_word' id='word_1_462' title='bbox 3267 2915 3368 2968; x_wconf 88' lang='lat' dir='ltr'><strong>La-</strong></span> 
     </span>
    </p>
   </div>
   <div class='ocr_carea' id='block_1_72' title="bbox 1790 2986 3372 3058">
    <p class='ocr_par' dir='ltr' id='par_1_72' title="bbox 1790 2986 3372 3058">
     <span class='ocr_line' id='line_1_72' title="bbox 1790 2986 3372 3058; baseline -0.005 -15"><span class='ocrx_word' id='word_1_463' title='bbox 1790 2989 1960 3044; x_wconf 91' lang='lat' dir='ltr'><strong>tinum</strong></span> <span class='ocrx_word' id='word_1_464' title='bbox 1986 2991 2064 3044; x_wconf 74' lang='lat' dir='ltr'><strong>vir</strong></span> <span class='ocrx_word' id='word_1_465' title='bbox 2094 2986 2379 3058; x_wconf 70' lang='lat' dir='ltr'><strong>intperialis</strong></span> <span class='ocrx_word' id='word_1_466' title='bbox 2410 2991 2524 3043; x_wconf 80' lang='lat' dir='ltr'><strong>sive</strong></span> <span class='ocrx_word' id='word_1_467' title='bbox 2550 2986 2914 3058; x_wconf 70' lang='lat' dir='ltr'><strong>imperatorias</strong></span> <span class='ocrx_word' id='word_1_468' title='bbox 2941 3001 3173 3058; x_wconf 88' lang='lat' dir='ltr'><strong>sonans,</strong></span> <span class='ocrx_word' id='word_1_469' title='bbox 3204 2999 3372 3038; x_wconf 85' lang='lat' dir='ltr'><strong>aureo</strong></span> 
     </span>
    </p>
   </div>
   <div class='ocr_carea' id='block_1_73' title="bbox 1789 3057 3368 3128">
    <p class='ocr_par' dir='ltr' id='par_1_73' title="bbox 1789 3057 3368 3128">
     <span class='ocr_line' id='line_1_73' title="bbox 1789 3057 3368 3128; baseline -0.004 -14"><span class='ocrx_word' id='word_1_470' title='bbox 1789 3059 1932 3114; x_wconf 91' lang='lat' dir='ltr'><strong>illius</strong></span> <span class='ocrx_word' id='word_1_471' title='bbox 1963 3057 2291 3113; x_wconf 89' lang='lat' dir='ltr'><strong>immaculati</strong></span> <span class='ocrx_word' id='word_1_472' title='bbox 2337 3059 2473 3128; x_wconf 78' lang='lat' dir='ltr'><strong>Agni</strong></span> <span class='ocrx_word' id='word_1_473' title='bbox 2519 3057 2802 3128; x_wconf 63' lang='lat' dir='ltr'><strong>volumine</strong></span> <span class='ocrx_word' id='word_1_474' title='bbox 2818 3057 3222 3128; x_wconf 76' lang='lat' dir='ltr'><strong>characteribus</strong></span> <span class='ocrx_word' id='word_1_475' title='bbox 3250 3070 3368 3128; x_wconf 85' lang='lat' dir='ltr'><strong>spe-</strong></span> 
     </span>
    </p>
   </div>
   <div class='ocr_carea' id='block_1_74' title="bbox 1787 3125 3369 3194">
    <p class='ocr_par' dir='ltr' id='par_1_74' title="bbox 1787 3125 3369 3194">
     <span class='ocr_line' id='line_1_74' title="bbox 1787 3125 3369 3194; baseline -0.005 -8"><span class='ocrx_word' id='word_1_476' title='bbox 1787 3129 2104 3186; x_wconf 87' lang='lat' dir='ltr'><strong>ciosissimis</strong></span> <span class='ocrx_word' id='word_1_477' title='bbox 2156 3125 2714 3183; x_wconf 54' lang='lat' dir='ltr'><strong>habetur&#39;insertum.</strong></span> <span class='ocrx_word' id='word_1_478' title='bbox 2766 3125 2830 3179; x_wconf 86' lang='lat' dir='ltr'><strong>Et</strong></span> <span class='ocrx_word' id='word_1_479' title='bbox 2875 3127 2994 3180; x_wconf 90' lang='lat' dir='ltr'><strong>ideo</strong></span> <span class='ocrx_word' id='word_1_480' title='bbox 3038 3125 3211 3179; x_wconf 85' lang='lat' dir='ltr'><strong>laudis</strong></span> <span class='ocrx_word' id='word_1_481' title='bbox 3253 3125 3369 3194; x_wconf 88' lang='lat' dir='ltr'><strong>ejus</strong></span> 
     </span>
    </p>
   </div>
   <div class='ocr_carea' id='block_1_75' title="bbox 1791 3194 3369 3270">
    <p class='ocr_par' dir='ltr' id='par_1_75' title="bbox 1791 3194 3369 3270">
     <span class='ocr_line' id='line_1_75' title="bbox 1791 3194 3369 3270; baseline -0.003 -18"><span class='ocrx_word' id='word_1_482' title='bbox 1791 3200 1946 3270; x_wconf 90' lang='lat' dir='ltr'><strong>plena</strong></span> <span class='ocrx_word' id='word_1_483' title='bbox 1968 3208 2052 3270; x_wconf 91' lang='lat' dir='ltr'><strong>est</strong></span> <span class='ocrx_word' id='word_1_484' title='bbox 2085 3207 2247 3263; x_wconf 90' lang='lat' dir='ltr'><strong>terra,</strong></span> <span class='ocrx_word' id='word_1_485' title='bbox 2277 3209 2330 3270; x_wconf 88' lang='lat' dir='ltr'><strong>et</strong></span> <span class='ocrx_word' id='word_1_486' title='bbox 2357 3197 2668 3252; x_wconf 88' lang='lat' dir='ltr'><strong>memoriale</strong></span> <span class='ocrx_word' id='word_1_487' title='bbox 2697 3196 2812 3266; x_wconf 91' lang='lat' dir='ltr'><strong>ejus</strong></span> <span class='ocrx_word' id='word_1_488' title='bbox 2827 3211 2943 3270; x_wconf 66' lang='lat' dir='ltr'><strong>non</strong></span> <span class='ocrx_word' id='word_1_489' title='bbox 2969 3194 3369 3270; x_wconf 76' lang='lat' dir='ltr'><strong>derelinquetur</strong></span> 
     </span>
    </p>
   </div>
   <div class='ocr_carea' id='block_1_76' title="bbox 1793 3263 3368 3337">
    <p class='ocr_par' dir='ltr' id='par_1_76' title="bbox 1793 3263 3368 3337">
     <span class='ocr_line' id='line_1_76' title="bbox 1793 3263 3368 3337; baseline -0.004 -13"><span class='ocrx_word' id='word_1_490' title='bbox 1793 3263 1848 3324; x_wconf 87' lang='lat' dir='ltr'><strong>in</strong></span> <span class='ocrx_word' id='word_1_491' title='bbox 1891 3269 2081 3324; x_wconf 71' lang='lat' dir='ltr'><strong>saecula</strong></span> <span class='ocrx_word' id='word_1_492' title='bbox 2110 3308 2124 3330; x_wconf 92' lang='lat'><strong>,</strong></span> <span class='ocrx_word' id='word_1_493' title='bbox 2167 3269 2418 3337; x_wconf 90' lang='lat' dir='ltr'><strong>quoniam</strong></span> <span class='ocrx_word' id='word_1_494' title='bbox 2451 3275 2638 3336; x_wconf 87' lang='lat' dir='ltr'><strong>regnat</strong></span> <span class='ocrx_word' id='word_1_495' title='bbox 2663 3263 2783 3322; x_wconf 82' lang='lat' dir='ltr'><strong>eum</strong></span> <span class='ocrx_word' id='word_1_496' title='bbox 2818 3264 3034 3321; x_wconf 88' lang='lat' dir='ltr'><strong>Christo</strong></span> <span class='ocrx_word' id='word_1_497' title='bbox 3055 3263 3282 3320; x_wconf 86' lang='lat' dir='ltr'><strong>feliciter</strong></span> <span class='ocrx_word' id='word_1_498' title='bbox 3314 3264 3368 3318; x_wconf 91' lang='lat' dir='ltr'><strong>in</strong></span> 
     </span>
    </p>
   </div>
   <div class='ocr_carea' id='block_1_77' title="bbox 1793 3339 2432 3409">
    <p class='ocr_par' dir='ltr' id='par_1_77' title="bbox 1793 3339 2432 3409">
     <span class='ocr_line' id='line_1_77' title="bbox 1793 3339 2432 3409; baseline -0.006 -14"><span class='ocrx_word' id='word_1_499' title='bbox 1793 3348 1991 3395; x_wconf 67' lang='lat' dir='ltr'><strong>aeterna</strong></span> <span class='ocrx_word' id='word_1_500' title='bbox 2019 3339 2207 3409; x_wconf 85' lang='lat' dir='ltr'><strong>gloria.</strong></span> <span class='ocrx_word' id='word_1_501' title='bbox 2240 3339 2432 3392; x_wconf 82' lang='lat' dir='ltr'><strong>Amen.</strong></span> 
     </span>
    </p>
   </div>
   <div class='ocr_carea' id='block_1_78' title="bbox 2307 3447 2850 3503">
    <p class='ocr_par' dir='ltr' id='par_1_78' title="bbox 2307 3447 2850 3503">
     <span class='ocr_line' id='line_1_78' title="bbox 2307 3447 2850 3503; baseline -0.002 -1"><span class='ocrx_word' id='word_1_502' title='bbox 2307 3447 2394 3503; x_wconf 77' lang='lat' dir='ltr'><strong>Ex</strong></span> <span class='ocrx_word' id='word_1_503' title='bbox 2415 3449 2589 3502; x_wconf 82' lang='lat' dir='ltr'><strong>codice</strong></span> <span class='ocrx_word' id='word_1_504' title='bbox 2616 3447 2850 3502; x_wconf 75' lang='lat' dir='ltr'><strong>Joliano.</strong></span> 
     </span>
    </p>
   </div>
   <div class='ocr_carea' id='block_1_79' title="bbox 1862 3551 3360 3628">
    <p class='ocr_par' dir='ltr' id='par_1_79' title="bbox 1862 3551 3360 3628">
     <span class='ocr_line' id='line_1_79' title="bbox 1862 3551 3360 3628; baseline -0.007 -13"><span class='ocrx_word' id='word_1_505' title='bbox 1862 3556 2128 3615; x_wconf 87' lang='lat' dir='ltr'><strong>Gondacri</strong></span> <span class='ocrx_word' id='word_1_506' title='bbox 2154 3557 2422 3620; x_wconf 85' lang='lat' dir='ltr'><strong>monachi,</strong></span> <span class='ocrx_word' id='word_1_507' title='bbox 2453 3565 2659 3628; x_wconf 82' lang='lat' dir='ltr'><strong>martyr</strong></span> <span class='ocrx_word' id='word_1_508' title='bbox 2687 3551 3050 3616; x_wconf 87' lang='lat' dir='ltr'><strong>memorande,</strong></span> <span class='ocrx_word' id='word_1_509' title='bbox 3070 3559 3360 3615; x_wconf 87' lang='lat' dir='ltr'><strong>memento,</strong></span> 
     </span>
    </p>
   </div>
   <div class='ocr_carea' id='block_1_80' title="bbox 1863 3642 3218 3716">
    <p class='ocr_par' dir='ltr' id='par_1_80' title="bbox 1863 3642 3218 3716">
     <span class='ocr_line' id='line_1_80' title="bbox 1863 3642 3218 3716; baseline -0.005 -13"><span class='ocrx_word' id='word_1_510' title='bbox 1863 3646 2060 3703; x_wconf 88' lang='lat' dir='ltr'><strong>Codice</strong></span> <span class='ocrx_word' id='word_1_511' title='bbox 2095 3646 2185 3716; x_wconf 92' lang='lat' dir='ltr'><strong>qui</strong></span> <span class='ocrx_word' id='word_1_512' title='bbox 2215 3661 2379 3716; x_wconf 89' lang='lat' dir='ltr'><strong>parvo</strong></span> <span class='ocrx_word' id='word_1_513' title='bbox 2414 3647 2672 3700; x_wconf 86' lang='lat' dir='ltr'><strong>virtutum</strong></span> <span class='ocrx_word' id='word_1_514' title='bbox 2705 3651 2990 3699; x_wconf 87' lang='lat' dir='ltr'><strong>stemmata</strong></span> <span class='ocrx_word' id='word_1_515' title='bbox 3025 3642 3218 3711; x_wconf 90' lang='lat' dir='ltr'><strong>scripsi</strong></span> 
     </span>
    </p>
   </div>
   <div class='ocr_carea' id='block_1_81' title="bbox 1855 3736 3222 3811">
    <p class='ocr_par' dir='ltr' id='par_1_81' title="bbox 1855 3736 3222 3811">
     <span class='ocr_line' id='line_1_81' title="bbox 1855 3736 3222 3811; baseline -0.004 -15"><span class='ocrx_word' id='word_1_516' title='bbox 1855 3739 2040 3796; x_wconf 88' lang='lat' dir='ltr'><strong>Laude</strong></span> <span class='ocrx_word' id='word_1_517' title='bbox 2071 3749 2181 3805; x_wconf 91' lang='lat' dir='ltr'><strong>tua,</strong></span> <span class='ocrx_word' id='word_1_518' title='bbox 2215 3740 2413 3811; x_wconf 90' lang='lat' dir='ltr'><strong>possim</strong></span> <span class='ocrx_word' id='word_1_519' title='bbox 2437 3756 2543 3810; x_wconf 90' lang='lat' dir='ltr'><strong>qtto</strong></span> <span class='ocrx_word' id='word_1_520' title='bbox 2574 3755 2796 3811; x_wconf 88' lang='lat' dir='ltr'><strong>regnum</strong></span> <span class='ocrx_word' id='word_1_521' title='bbox 2821 3738 3077 3794; x_wconf 89' lang='lat' dir='ltr'><strong>scandere</strong></span> <span class='ocrx_word' id='word_1_522' title='bbox 3101 3736 3222 3792; x_wconf 60' lang='lat' dir='ltr'><strong>caeli</strong></span> 
     </span>
    </p>
   </div>
   <div class='ocr_carea' id='block_1_82' title="bbox 1834 3825 3362 3900">
    <p class='ocr_par' dir='ltr' id='par_1_82' title="bbox 1834 3825 3362 3900">
     <span class='ocr_line' id='line_1_82' title="bbox 1834 3825 3362 3900; baseline -0.003 -15"><span class='ocrx_word' id='word_1_523' title='bbox 1834 3829 2085 3900; x_wconf 57' lang='lat' dir='ltr'><strong>&#39;Adjutus</strong></span> <span class='ocrx_word' id='word_1_524' title='bbox 2115 3831 2317 3886; x_wconf 87' lang='lat' dir='ltr'><strong>sanctis</strong></span> <span class='ocrx_word' id='word_1_525' title='bbox 2344 3829 2609 3900; x_wconf 89' lang='lat' dir='ltr'><strong>precibus,</strong></span> <span class='ocrx_word' id='word_1_526' title='bbox 2639 3844 2865 3899; x_wconf 90' lang='lat' dir='ltr'><strong>quarum</strong></span> <span class='ocrx_word' id='word_1_527' title='bbox 2889 3827 3169 3899; x_wconf 85' lang='lat' dir='ltr'><strong>juvamine</strong></span> <span class='ocrx_word' id='word_1_528' title='bbox 3210 3825 3362 3881; x_wconf 91' lang='lat' dir='ltr'><strong>multi</strong></span> 
     </span>
    </p>
   </div>
   <div class='ocr_carea' id='block_1_83' title="bbox 1857 3918 3148 3995">
    <p class='ocr_par' dir='ltr' id='par_1_83' title="bbox 1857 3918 3148 3995">
     <span class='ocr_line' id='line_1_83' title="bbox 1857 3918 3148 3995; baseline -0.005 -17"><span class='ocrx_word' id='word_1_529' title='bbox 1857 3923 2111 3995; x_wconf 89' lang='lat' dir='ltr'><strong>Corporis</strong></span> <span class='ocrx_word' id='word_1_530' title='bbox 2137 3937 2201 3977; x_wconf 89' lang='lat' dir='ltr'><strong>ac</strong></span> <span class='ocrx_word' id='word_1_531' title='bbox 2227 3921 2418 3976; x_wconf 71' lang='lat' dir='ltr'><strong>anima.-</strong></span> <span class='ocrx_word' id='word_1_532' title='bbox 2447 3930 2731 3992; x_wconf 89' lang='lat' dir='ltr'><strong>captarunt</strong></span> <span class='ocrx_word' id='word_1_533' title='bbox 2756 3935 2978 3975; x_wconf 89' lang='lat' dir='ltr'><strong>munera</strong></span> <span class='ocrx_word' id='word_1_534' title='bbox 3007 3918 3148 3973; x_wconf 81' lang='lat' dir='ltr'><strong>laeta.</strong></span> 
     </span>
    </p>
   </div>
   <div class='ocr_carea' id='block_1_84' title="bbox 1784 4085 3360 4163">
    <p class='ocr_par' dir='ltr' id='par_1_84' title="bbox 1784 4085 3360 4163">
     <span class='ocr_line' id='line_1_84' title="bbox 1784 4085 3360 4163; baseline -0.008 -13"><span class='ocrx_word' id='word_1_535' title='bbox 1784 4109 1852 4150; x_wconf 81' lang='lat' dir='ltr'><strong>ex</strong></span> <span class='ocrx_word' id='word_1_536' title='bbox 1897 4092 2125 4163; x_wconf 81' lang='lat' dir='ltr'><strong>Pippino</strong></span> <span class='ocrx_word' id='word_1_537' title='bbox 2171 4089 2397 4163; x_wconf 81' lang='lat' dir='ltr'><strong>Carolus</strong></span> <span class='ocrx_word' id='word_1_538' title='bbox 2449 4091 3125 4163; x_wconf 83' lang='lat' dir='ltr'><strong>princeps__coguomettto_</strong></span> <span class='ocrx_word' id='word_1_539' title='bbox 3159 4085 3360 4163; x_wconf 71' lang='lat' dir='ltr'><strong>Tudes,</strong></span> 
     </span>
    </p>
   </div>
   <div class='ocr_carea' id='block_1_85' title="bbox 1786 4156 3362 4231">
    <p class='ocr_par' dir='ltr' id='par_1_85' title="bbox 1786 4156 3362 4231">
     <span class='ocr_line' id='line_1_85' title="bbox 1786 4156 3362 4231; baseline -0.007 -11"><span class='ocrx_word' id='word_1_540' title='bbox 1786 4179 1854 4220; x_wconf 79' lang='lat' dir='ltr'><strong>ex</strong></span> <span class='ocrx_word' id='word_1_541' title='bbox 1874 4156 2071 4220; x_wconf 75' lang='lat' dir='ltr'><strong>Carolo</strong></span> <span class='ocrx_word' id='word_1_542' title='bbox 2097 4161 2352 4231; x_wconf 86' lang='lat' dir='ltr'><strong>Pippiuus</strong></span> <span class='ocrx_word' id='word_1_543' title='bbox 2378 4156 2468 4215; x_wconf 67' lang='lat' dir='ltr'><strong>rei</strong></span> <span class='ocrx_word' id='word_1_544' title='bbox 2495 4156 2672 4216; x_wconf 86' lang='lat' dir='ltr'><strong>Caroli</strong></span> <span class='ocrx_word' id='word_1_545' title='bbox 2696 4156 2871 4230; x_wconf 79' lang='lat' dir='ltr'><strong>Magni</strong></span> <span class='ocrx_word' id='word_1_546' title='bbox 2903 4166 3074 4228; x_wconf 87' lang='lat' dir='ltr'><strong>pater,</strong></span> <span class='ocrx_word' id='word_1_547' title='bbox 3105 4156 3362 4212; x_wconf 84' lang='lat' dir='ltr'><strong>Ludovici</strong></span> 
     </span>
    </p>
   </div>
   <div class='ocr_carea' id='block_1_86' title="bbox 1788 4249 1940 4289">
    <p class='ocr_par' dir='ltr' id='par_1_86' title="bbox 1788 4249 1940 4289">
     <span class='ocr_line' id='line_1_86' title="bbox 1788 4249 1940 4289; baseline 0.013 -2"><span class='ocrx_word' id='word_1_548' title='bbox 1788 4249 1940 4289; x_wconf 81' lang='lat' dir='ltr'><strong>avus.</strong></span> 
     </span>
    </p>
   </div>
   <div class='ocr_carea' id='block_1_87' title="bbox 130 4401 3348 4436">
    <p class='ocr_par' dir='ltr' id='par_1_87' title="bbox 130 4401 3348 4436">
     <span class='ocr_line' id='line_1_87' title="bbox 130 4401 3348 4436; baseline -0.001 -18"><span class='ocrx_word' id='word_1_549' title='bbox 130 4401 3348 4436; x_wconf 83' lang='lat'><strong>__________________________________________.</strong></span> 
     </span>
    </p>
   </div>
   <div class='ocr_carea' id='block_1_88' title="bbox 1353 4523 2062 4650">
    <p class='ocr_par' dir='ltr' id='par_1_88' title="bbox 1353 4523 2062 4650">
     <span class='ocr_line' id='line_1_88' title="bbox 1353 4523 2062 4650; baseline -0.013 -8"><span class='ocrx_word' id='word_1_550' title='bbox 1353 4523 2062 4650; x_wconf 88' lang='lat' dir='ltr'><strong>APPENDIX</strong></span> 
     </span>
    </p>
   </div>
   <div class='ocr_carea' id='block_1_89' title="bbox 497 4715 2962 4802">
    <p class='ocr_par' dir='ltr' id='par_1_89' title="bbox 497 4715 2962 4802">
     <span class='ocr_line' id='line_1_89' title="bbox 497 4715 2962 4802; baseline -0.006 -17"><span class='ocrx_word' id='word_1_551' title='bbox 497 4730 575 4785; x_wconf 81' lang='lat' dir='ltr'><strong>De</strong></span> <span class='ocrx_word' id='word_1_552' title='bbox 595 4729 862 4785; x_wconf 82' lang='lat' dir='ltr'><strong>miraculis</strong></span> <span class='ocrx_word' id='word_1_553' title='bbox 887 4731 1055 4786; x_wconf 78' lang='lat' dir='ltr'><strong>sancti</strong></span> <span class='ocrx_word' id='word_1_554' title='bbox 1079 4729 1339 4802; x_wconf 66' lang='lat' dir='ltr'><strong>Gregorii,</strong></span> <span class='ocrx_word' id='word_1_555' title='bbox 1365 4727 1530 4801; x_wconf 76' lang='lat' dir='ltr'><strong>deque</strong></span> <span class='ocrx_word' id='word_1_556' title='bbox 1554 4725 1823 4782; x_wconf 73' lang='lat' dir='ltr'><strong>nonnullis</strong></span> <span class='ocrx_word' id='word_1_557' title='bbox 1844 4723 1963 4779; x_wconf 75' lang='lat' dir='ltr'><strong>aliis</strong></span> <span class='ocrx_word' id='word_1_558' title='bbox 1994 4721 2210 4779; x_wconf 76' lang='lat' dir='ltr'><strong>cmuobii</strong></span> <span class='ocrx_word' id='word_1_559' title='bbox 2239 4721 2409 4777; x_wconf 82' lang='lat' dir='ltr'><strong>sancti</strong></span> <span class='ocrx_word' id='word_1_560' title='bbox 2439 4717 2681 4774; x_wconf 68' lang='grc' dir='ltr'><strong>Ματιηνάὶ</strong></span> <span class='ocrx_word' id='word_1_561' title='bbox 2713 4715 2962 4788; x_wconf 73' lang='lat' dir='ltr'><strong>reliquiis.</strong></span> 
     </span>
    </p>
   </div>
   <div class='ocr_carea' id='block_1_90' title="bbox 172 4920 3359 5038">
    <p class='ocr_par' dir='ltr' id='par_1_90' title="bbox 172 4920 3359 5038">
     <span class='ocr_line' id='line_1_90' title="bbox 172 4920 3359 5038; baseline -0.004 -14"><span class='ocrx_word' id='word_1_562' title='bbox 172 4969 228 5022; x_wconf 85' lang='grc'>1.</span> <span class='ocrx_word' id='word_1_563' title='bbox 270 4968 460 5022; x_wconf 76' lang='lat' dir='ltr'><strong>Exstat</strong></span> <span class='ocrx_word' id='word_1_564' title='bbox 499 4967 551 5023; x_wconf 91' lang='lat' dir='ltr'><strong>in</strong></span> <span class='ocrx_word' id='word_1_565' title='bbox 589 4966 882 5038; x_wconf 86' lang='lat' dir='ltr'><strong>appendice</strong></span> <span class='ocrx_word' id='word_1_566' title='bbox 918 4967 986 5023; x_wconf 88' lang='lat' dir='ltr'><strong>ad</strong></span> <span class='ocrx_word' id='word_1_567' title='bbox 1031 4975 1230 5038; x_wconf 87' lang='lat' dir='ltr'><strong>tomum</strong></span> <span class='ocrx_word' id='word_1_568' title='bbox 1267 4967 1311 5023; x_wconf 87' lang='lat' dir='ltr'><strong>ll</strong></span> <span class='ocrx_word' id='word_1_569' title='bbox 1347 4920 1520 5022; x_wconf 77' lang='lat' dir='ltr'><strong>Martii</strong></span> <span class='ocrx_word' id='word_1_570' title='bbox 1563 4967 1682 5022; x_wconf 85' lang='lat' dir='ltr'><strong>Bol-</strong></span> <span class='ocrx_word' id='word_1_571' title='bbox 1709 4949 1760 5006; x_wconf 83' lang='grc' dir='ltr'>Ῑ)</span> <span class='ocrx_word' id='word_1_572' title='bbox 1788 4962 1968 5038; x_wconf 53' lang='lat' dir='ltr'><strong>alario:</strong></span> <span class='ocrx_word' id='word_1_573' title='bbox 1994 4970 2104 5015; x_wconf 91' lang='lat' dir='ltr'><strong>tum</strong></span> <span class='ocrx_word' id='word_1_574' title='bbox 2131 4960 2379 5038; x_wconf 74' lang='lat' dir='ltr'><strong>patratis,</strong></span> <span class='ocrx_word' id='word_1_575' title='bbox 2407 4923 2750 5038; x_wconf 42' lang='lat' dir='ltr'><strong>quemhllugo</strong></span> <span class='ocrx_word' id='word_1_576' title='bbox 2769 4958 3359 5038; x_wconf 56' lang='lat' dir='ltr'><strong>[farsi_tus_cotnposttit.</strong></span> 
     </span>
    </p>
   </div>
   <div class='ocr_carea' id='block_1_91' title="bbox 91 5037 1682 5109">
    <p class='ocr_par' dir='ltr' id='par_1_91' title="bbox 91 5037 1682 5109">
     <span class='ocr_line' id='line_1_91' title="bbox 91 5037 1682 5109; baseline 0.001 -17"><span class='ocrx_word' id='word_1_577' title='bbox 91 5038 345 5093; x_wconf 84' lang='lat' dir='ltr'><strong>landiani</strong></span> <span class='ocrx_word' id='word_1_578' title='bbox 370 5038 580 5109; x_wconf 85' lang='lat' dir='ltr'><strong>libellus</strong></span> <span class='ocrx_word' id='word_1_579' title='bbox 605 5037 670 5109; x_wconf 86' lang='lat' dir='ltr'><strong>de</strong></span> <span class='ocrx_word' id='word_1_580' title='bbox 693 5037 964 5092; x_wconf 88' lang='lat' dir='ltr'><strong>Miraculis</strong></span> <span class='ocrx_word' id='word_1_581' title='bbox 986 5039 1153 5109; x_wconf 83' lang='lat' dir='ltr'><strong>sancti</strong></span> <span class='ocrx_word' id='word_1_582' title='bbox 1176 5037 1682 5109; x_wconf 71' lang='lat' dir='ltr'><strong>Gregorii&#39;scriplus</strong></span> 
     </span>
    </p>
   </div>
   <div class='ocr_carea' id='block_1_92' title="bbox 90 5107 1683 5178">
    <p class='ocr_par' dir='ltr' id='par_1_92' title="bbox 90 5107 1683 5178">
     <span class='ocr_line' id='line_1_92' title="bbox 90 5107 1683 5178; baseline -0.001 -16"><span class='ocrx_word' id='word_1_583' title='bbox 90 5110 169 5162; x_wconf 86' lang='lat' dir='ltr'><strong>ab</strong></span> <span class='ocrx_word' id='word_1_584' title='bbox 199 5123 471 5178; x_wconf 88' lang='lat' dir='ltr'><strong>anonymo</strong></span> <span class='ocrx_word' id='word_1_585' title='bbox 501 5107 865 5178; x_wconf 82' lang='lat' dir='ltr'><strong>Medardensis</strong></span> <span class='ocrx_word' id='word_1_586' title='bbox 896 5108 1126 5162; x_wconf 77' lang='lat' dir='ltr'><strong>ctenobii</strong></span> <span class='ocrx_word' id='word_1_587' title='bbox 1161 5107 1426 5163; x_wconf 81' lang='lat' dir='ltr'><strong>monacho</strong></span> <span class='ocrx_word' id='word_1_588' title='bbox 1466 5107 1683 5178; x_wconf 84' lang='lat' dir='ltr'><strong>circiter</strong></span> 
     </span>
    </p>
   </div>
   <div class='ocr_carea' id='block_1_93' title="bbox 89 5176 1682 5247">
    <p class='ocr_par' dir='ltr' id='par_1_93' title="bbox 89 5176 1682 5247">
     <span class='ocr_line' id='line_1_93' title="bbox 89 5176 1682 5247; baseline -0.001 -16"><span class='ocrx_word' id='word_1_589' title='bbox 89 5194 306 5232; x_wconf 80' lang='lat' dir='ltr'><strong>annum</strong></span> <span class='ocrx_word' id='word_1_590' title='bbox 332 5176 484 5240; x_wconf 78' lang='grc'>1150,</span> <span class='ocrx_word' id='word_1_591' title='bbox 527 5178 579 5232; x_wconf 92' lang='lat' dir='ltr'><strong>in</strong></span> <span class='ocrx_word' id='word_1_592' title='bbox 615 5178 809 5247; x_wconf 87' lang='lat' dir='ltr'><strong>quibus</strong></span> <span class='ocrx_word' id='word_1_593' title='bbox 834 5177 1144 5232; x_wconf 87' lang='lat' dir='ltr'><strong>Constantia</strong></span> <span class='ocrx_word' id='word_1_594' title='bbox 1180 5177 1361 5247; x_wconf 89' lang='lat' dir='ltr'><strong>regina</strong></span> <span class='ocrx_word' id='word_1_595' title='bbox 1384 5217 1399 5240; x_wconf 95' lang='lat'><strong>,</strong></span> <span class='ocrx_word' id='word_1_596' title='bbox 1437 5176 1682 5247; x_wconf 78' lang='lat' dir='ltr'><strong>llotberti</strong></span> 
     </span>
    </p>
   </div>
   <div class='ocr_carea' id='block_1_94' title="bbox 94 5245 1676 5318">
    <p class='ocr_par' dir='ltr' id='par_1_94' title="bbox 94 5245 1676 5318">
     <span class='ocr_line' id='line_1_94' title="bbox 94 5245 1676 5318; baseline -0.001 -17"><span class='ocrx_word' id='word_1_597' title='bbox 94 5248 437 5302; x_wconf 84' lang='lat' dir='ltr'><strong>Francorum</strong></span> <span class='ocrx_word' id='word_1_598' title='bbox 463 5248 607 5318; x_wconf 81' lang='lat' dir='ltr'><strong>regix</strong></span> <span class='ocrx_word' id='word_1_599' title='bbox 634 5245 852 5318; x_wconf 74' lang='lat' dir='ltr'><strong>coniux,</strong></span> <span class='ocrx_word' id='word_1_600' title='bbox 879 5251 946 5318; x_wconf 68' lang='lat' dir='ltr'><strong>de</strong></span> <span class='ocrx_word' id='word_1_601' title='bbox 970 5247 1212 5318; x_wconf 83' lang='lat' dir='ltr'><strong>ornando</strong></span> <span class='ocrx_word' id='word_1_602' title='bbox 1233 5245 1411 5318; x_wconf 70' lang='lat' dir='ltr'><strong>sancti</strong></span> <span class='ocrx_word' id='word_1_603' title='bbox 1432 5246 1676 5316; x_wconf 85' lang='lat' dir='ltr'><strong>Gregorii</strong></span> 
     </span>
    </p>
   </div>
   <div class='ocr_carea' id='block_1_95' title="bbox 94 5315 1679 5383">
    <p class='ocr_par' dir='ltr' id='par_1_95' title="bbox 94 5315 1679 5383">
     <span class='ocr_line' id='line_1_95' title="bbox 94 5315 1679 5383; baseline -0.003 -10"><span class='ocrx_word' id='word_1_604' title='bbox 94 5317 286 5373; x_wconf 87' lang='lat' dir='ltr'><strong>loculo</strong></span> <span class='ocrx_word' id='word_1_605' title='bbox 315 5315 586 5370; x_wconf 78' lang='lat' dir='ltr'><strong>admonita</strong></span> <span class='ocrx_word' id='word_1_606' title='bbox 618 5317 848 5383; x_wconf 87' lang='lat' dir='ltr'><strong>dicitur;</strong></span> <span class='ocrx_word' id='word_1_607' title='bbox 887 5315 1169 5372; x_wconf 87' lang='lat' dir='ltr'><strong>Fulcosius</strong></span> <span class='ocrx_word' id='word_1_608' title='bbox 1192 5331 1286 5371; x_wconf 91' lang='lat' dir='ltr'><strong>seu</strong></span> <span class='ocrx_word' id='word_1_609' title='bbox 1323 5315 1484 5370; x_wconf 86' lang='lat' dir='ltr'><strong>Fuleo</strong></span> <span class='ocrx_word' id='word_1_610' title='bbox 1515 5315 1679 5370; x_wconf 82' lang='lat' dir='ltr'><strong>Sues—</strong></span> 
     </span>
    </p>
   </div>
   <div class='ocr_carea' id='block_1_96' title="bbox 94 5384 1684 5457">
    <p class='ocr_par' dir='ltr' id='par_1_96' title="bbox 94 5384 1684 5457">
     <span class='ocr_line' id='line_1_96' title="bbox 94 5384 1684 5457; baseline -0.004 -15"><span class='ocrx_word' id='word_1_611' title='bbox 94 5387 378 5442; x_wconf 86' lang='lat' dir='ltr'><strong>sionensis</strong></span> <span class='ocrx_word' id='word_1_612' title='bbox 421 5388 702 5457; x_wconf 88' lang='lat' dir='ltr'><strong>episcopus</strong></span> <span class='ocrx_word' id='word_1_613' title='bbox 756 5387 825 5440; x_wconf 92' lang='lat' dir='ltr'><strong>ob</strong></span> <span class='ocrx_word' id='word_1_614' title='bbox 878 5387 1116 5456; x_wconf 89' lang='lat' dir='ltr'><strong>direptas</strong></span> <span class='ocrx_word' id='word_1_615' title='bbox 1165 5384 1684 5457; x_wconf 73' lang='lat' dir='ltr'><strong>monasteriifaeul-</strong></span> 
     </span>
    </p>
   </div>
   <div class='ocr_carea' id='block_1_97' title="bbox 96 5455 1683 5527">
    <p class='ocr_par' dir='ltr' id='par_1_97' title="bbox 96 5455 1683 5527">
     <span class='ocr_line' id='line_1_97' title="bbox 96 5455 1683 5527; baseline -0.001 -17"><span class='ocrx_word' id='word_1_616' title='bbox 96 5467 251 5512; x_wconf 89' lang='lat' dir='ltr'><strong>tates</strong></span> <span class='ocrx_word' id='word_1_617' title='bbox 301 5457 368 5527; x_wconf 83' lang='lat' dir='ltr'><strong>ab</strong></span> <span class='ocrx_word' id='word_1_618' title='bbox 409 5455 595 5511; x_wconf 84' lang='lat' dir='ltr'><strong>eodem</strong></span> <span class='ocrx_word' id='word_1_619' title='bbox 643 5466 830 5527; x_wconf 86' lang='lat' dir='ltr'><strong>sancto</strong></span> <span class='ocrx_word' id='word_1_620' title='bbox 873 5457 1166 5527; x_wconf 90' lang='lat' dir='ltr'><strong>increpitus</strong></span> <span class='ocrx_word' id='word_1_621' title='bbox 1211 5470 1351 5527; x_wconf 85' lang='lat' dir='ltr'><strong>anno</strong></span> <span class='ocrx_word' id='word_1_622' title='bbox 1389 5455 1545 5527; x_wconf 56' lang='lat'><strong>1025,</strong></span> <span class='ocrx_word' id='word_1_623' title='bbox 1567 5468 1683 5527; x_wconf 89' lang='lat' dir='ltr'><strong>quo</strong></span> 
     </span>
    </p>
   </div>
   <div class='ocr_carea' id='block_1_98' title="bbox 96 5524 1684 5594">
    <p class='ocr_par' dir='ltr' id='par_1_98' title="bbox 96 5524 1684 5594">
     <span class='ocr_line' id='line_1_98' title="bbox 96 5524 1684 5594; baseline -0.002 -13"><span class='ocrx_word' id='word_1_624' title='bbox 96 5526 414 5582; x_wconf 81' lang='lat' dir='ltr'><strong>Bichardus</strong></span> <span class='ocrx_word' id='word_1_625' title='bbox 459 5527 625 5581; x_wconf 86' lang='lat' dir='ltr'><strong>abbas</strong></span> <span class='ocrx_word' id='word_1_626' title='bbox 663 5526 782 5581; x_wconf 90' lang='lat' dir='ltr'><strong>loco</strong></span> <span class='ocrx_word' id='word_1_627' title='bbox 809 5524 1075 5594; x_wconf 55' lang='lat' dir='ltr'><strong>praeerat;</strong></span> <span class='ocrx_word' id='word_1_628' title='bbox 1116 5541 1258 5579; x_wconf 87' lang='lat' dir='ltr'><strong>anno</strong></span> <span class='ocrx_word' id='word_1_629' title='bbox 1288 5525 1422 5579; x_wconf 74' lang='grc'>1126</span> <span class='ocrx_word' id='word_1_630' title='bbox 1466 5524 1684 5580; x_wconf 80' lang='lat' dir='ltr'><strong>Josleno</strong></span> 
     </span>
    </p>
   </div>
   <div class='ocr_carea' id='block_1_99' title="bbox 98 5595 1681 5666">
    <p class='ocr_par' dir='ltr' id='par_1_99' title="bbox 98 5595 1681 5666">
     <span class='ocr_line' id='line_1_99' title="bbox 98 5595 1681 5666; baseline -0.001 -16"><span class='ocrx_word' id='word_1_631' title='bbox 98 5598 380 5665; x_wconf 63' lang='lat' dir='ltr'><strong>episcotio,</strong></span> <span class='ocrx_word' id='word_1_632' title='bbox 430 5596 623 5666; x_wconf 89' lang='lat' dir='ltr'><strong>abbate</strong></span> <span class='ocrx_word' id='word_1_633' title='bbox 653 5595 933 5660; x_wconf 86' lang='lat' dir='ltr'><strong>Gaufrido,</strong></span> <span class='ocrx_word' id='word_1_634' title='bbox 986 5614 1006 5647; x_wconf 73' lang='grc' dir='ltr'><strong><em>ι</em></strong></span> <span class='ocrx_word' id='word_1_635' title='bbox 1043 5597 1133 5666; x_wconf 90' lang='lat' dir='ltr'><strong>qui</strong></span> <span class='ocrx_word' id='word_1_636' title='bbox 1175 5605 1358 5666; x_wconf 83' lang='lat' dir='ltr'><strong>postea</strong></span> <span class='ocrx_word' id='word_1_637' title='bbox 1397 5596 1681 5666; x_wconf 84' lang='lat' dir='ltr'><strong>episcopus</strong></span> 
     </span>
    </p>
   </div>
   <div class='ocr_carea' id='block_1_100' title="bbox 94 5664 1682 5736">
    <p class='ocr_par' dir='ltr' id='par_1_100' title="bbox 94 5664 1682 5736">
     <span class='ocr_line' id='line_1_100' title="bbox 94 5664 1682 5736; baseline -0.003 -15"><span class='ocrx_word' id='word_1_638' title='bbox 94 5664 519 5721; x_wconf 86' lang='lat' dir='ltr'><strong>Catalaunensis</strong></span> <span class='ocrx_word' id='word_1_639' title='bbox 573 5665 784 5730; x_wconf 88' lang='lat' dir='ltr'><strong>claruit,</strong></span> <span class='ocrx_word' id='word_1_640' title='bbox 821 5685 840 5719; x_wconf 75' lang='grc' dir='ltr'><strong><em>ι</em></strong></span> <span class='ocrx_word' id='word_1_641' title='bbox 896 5664 1136 5736; x_wconf 85' lang='lat' dir='ltr'><strong>reliquiis</strong></span> <span class='ocrx_word' id='word_1_642' title='bbox 1177 5664 1239 5720; x_wconf 83' lang='lat' dir='ltr'><strong>S.</strong></span> <span class='ocrx_word' id='word_1_643' title='bbox 1300 5664 1544 5730; x_wconf 74' lang='lat' dir='ltr'><strong>Gregorii</strong></span> <span class='ocrx_word' id='word_1_644' title='bbox 1588 5677 1682 5731; x_wconf 85' lang='lat' dir='ltr'><strong>per</strong></span> 
     </span>
    </p>
   </div>
   <div class='ocr_carea' id='block_1_101' title="bbox 98 5735 1678 5805">
    <p class='ocr_par' dir='ltr' id='par_1_101' title="bbox 98 5735 1678 5805">
     <span class='ocr_line' id='line_1_101' title="bbox 98 5735 1678 5805; baseline -0.001 -19"><span class='ocrx_word' id='word_1_645' title='bbox 98 5737 296 5790; x_wconf 85' lang='lat' dir='ltr'><strong>urbem</strong></span> <span class='ocrx_word' id='word_1_646' title='bbox 333 5735 556 5789; x_wconf 86' lang='lat' dir='ltr'><strong>solemni</strong></span> <span class='ocrx_word' id='word_1_647' title='bbox 602 5751 795 5805; x_wconf 88' lang='lat' dir='ltr'><strong>pompa</strong></span> <span class='ocrx_word' id='word_1_648' title='bbox 851 5735 1042 5791; x_wconf 86' lang='lat' dir='ltr'><strong>delatis</strong></span> <span class='ocrx_word' id='word_1_649' title='bbox 1071 5737 1235 5805; x_wconf 89' lang='lat' dir='ltr'><strong>pestis</strong></span> <span class='ocrx_word' id='word_1_650' title='bbox 1265 5751 1530 5804; x_wconf 86' lang='lat' dir='ltr'><strong>repressa.</strong></span> <span class='ocrx_word' id='word_1_651' title='bbox 1564 5735 1678 5798; x_wconf 83' lang='lat' dir='ltr'><strong>Qua</strong></span> 
     </span>
    </p>
   </div>
   <div class='ocr_carea' id='block_1_102' title="bbox 93 5806 1682 5876">
    <p class='ocr_par' dir='ltr' id='par_1_102' title="bbox 93 5806 1682 5876">
     <span class='ocr_line' id='line_1_102' title="bbox 93 5806 1682 5876; baseline -0.002 -17"><span class='ocrx_word' id='word_1_652' title='bbox 93 5808 168 5859; x_wconf 76' lang='lat' dir='ltr'><strong>de</strong></span> <span class='ocrx_word' id='word_1_653' title='bbox 219 5813 370 5876; x_wconf 80' lang='lat' dir='ltr'><strong>peste</strong></span> <span class='ocrx_word' id='word_1_654' title='bbox 423 5806 679 5860; x_wconf 64' lang='lat' dir='ltr'><strong>habemus</strong></span> <span class='ocrx_word' id='word_1_655' title='bbox 734 5807 926 5862; x_wconf 89' lang='lat' dir='ltr'><strong>librum</strong></span> <span class='ocrx_word' id='word_1_656' title='bbox 977 5809 1041 5862; x_wconf 89' lang='lat' dir='ltr'><strong>de</strong></span> <span class='ocrx_word' id='word_1_657' title='bbox 1089 5807 1357 5861; x_wconf 66' lang='lat' dir='ltr'><strong>Miraculis</strong></span> <span class='ocrx_word' id='word_1_658' title='bbox 1379 5821 1477 5876; x_wconf 84' lang='lat' dir='ltr'><strong>Ope</strong></span> <span class='ocrx_word' id='word_1_659' title='bbox 1513 5806 1682 5858; x_wconf 64' lang='lat' dir='ltr'><strong>beatae</strong></span> 
     </span>
    </p>
   </div>
   <div class='ocr_carea' id='block_1_103' title="bbox 1789 5027 3363 5096">
    <p class='ocr_par' dir='ltr' id='par_1_103' title="bbox 1789 5027 3363 5096">
     <span class='ocr_line' id='line_1_103' title="bbox 1789 5027 3363 5096; baseline -0.004 -10"><span class='ocrx_word' id='word_1_660' title='bbox 1789 5033 2008 5086; x_wconf 76' lang='lat' dir='ltr'><strong>[lentum</strong></span> <span class='ocrx_word' id='word_1_661' title='bbox 2065 5027 2146 5084; x_wconf 52' lang='lat' dir='ltr'><strong>ex&#39;</strong></span> <span class='ocrx_word' id='word_1_662' title='bbox 2175 5031 2319 5084; x_wconf 73' lang='lat' dir='ltr'><strong>Actis</strong></span> <span class='ocrx_word' id='word_1_663' title='bbox 2353 5027 2523 5084; x_wconf 83' lang='lat' dir='ltr'><strong>sancti</strong></span> <span class='ocrx_word' id='word_1_664' title='bbox 2559 5027 2797 5084; x_wconf 63' lang='lat' dir='ltr'><strong>Gosvi&#39;ini</strong></span> <span class='ocrx_word' id='word_1_665' title='bbox 2847 5028 3057 5083; x_wconf 86' lang='lat' dir='ltr'><strong>abbatis</strong></span> <span class='ocrx_word' id='word_1_666' title='bbox 3103 5028 3363 5096; x_wconf 84' lang='lat' dir='ltr'><strong>Aquicin-</strong></span> 
     </span>
    </p>
   </div>
   <div class='ocr_carea' id='block_1_104' title="bbox 1787 5097 3354 5166">
    <p class='ocr_par' dir='ltr' id='par_1_104' title="bbox 1787 5097 3354 5166">
     <span class='ocr_line' id='line_1_104' title="bbox 1787 5097 3354 5166; baseline -0.003 -12"><span class='ocrx_word' id='word_1_667' title='bbox 1787 5102 1914 5155; x_wconf 89' lang='lat' dir='ltr'><strong>ctini</strong></span> <span class='ocrx_word' id='word_1_668' title='bbox 1943 5101 2191 5154; x_wconf 89' lang='lat' dir='ltr'><strong>subditur</strong></span> <span class='ocrx_word' id='word_1_669' title='bbox 2215 5098 2328 5166; x_wconf 91' lang='lat' dir='ltr'><strong>ejus</strong></span> <span class='ocrx_word' id='word_1_670' title='bbox 2353 5101 2561 5154; x_wconf 89' lang='lat' dir='ltr'><strong>curatio</strong></span> <span class='ocrx_word' id='word_1_671' title='bbox 2601 5100 2736 5154; x_wconf 88' lang='lat' dir='ltr'><strong>facta</strong></span> <span class='ocrx_word' id='word_1_672' title='bbox 2763 5115 2826 5152; x_wconf 92' lang='lat' dir='ltr'><strong>eo</strong></span> <span class='ocrx_word' id='word_1_673' title='bbox 2866 5099 2918 5152; x_wconf 93' lang='lat' dir='ltr'><strong>in</strong></span> <span class='ocrx_word' id='word_1_674' title='bbox 2949 5097 3084 5156; x_wconf 88' lang='lat' dir='ltr'><strong>loco,</strong></span> <span class='ocrx_word' id='word_1_675' title='bbox 3121 5099 3207 5149; x_wconf 89' lang='lat' dir='ltr'><strong>ubi</strong></span> <span class='ocrx_word' id='word_1_676' title='bbox 3244 5107 3354 5150; x_wconf 90' lang='lat' dir='ltr'><strong>ttttn</strong></span> 
     </span>
    </p>
   </div>
   <div class='ocr_carea' id='block_1_105' title="bbox 1789 5166 3360 5292">
    <p class='ocr_par' dir='ltr' id='par_1_105' title="bbox 1789 5166 3360 5292">
     <span class='ocr_line' id='line_1_105' title="bbox 1789 5166 3360 5292; baseline -0.003 -67"><span class='ocrx_word' id='word_1_677' title='bbox 1789 5171 2099 5292; x_wconf 41' lang='lat' dir='ltr'><strong>Pr‘iIor&#39;erat,</strong></span> <span class='ocrx_word' id='word_1_678' title='bbox 2129 5168 2336 5223; x_wconf 90' lang='lat' dir='ltr'><strong>meritis</strong></span> <span class='ocrx_word' id='word_1_679' title='bbox 2355 5169 2596 5239; x_wconf 84' lang='lat' dir='ltr'><strong>Gregorii</strong></span> <span class='ocrx_word' id='word_1_680' title='bbox 2625 5169 2817 5239; x_wconf 82' lang='lat' dir='ltr'><strong>Magni.</strong></span> <span class='ocrx_word' id='word_1_681' title='bbox 2836 5168 2966 5235; x_wconf 62' lang='lat' dir='ltr'><strong>Quae</strong></span> <span class='ocrx_word' id='word_1_682' title='bbox 2985 5167 3070 5220; x_wconf 88' lang='lat' dir='ltr'><strong>hic</strong></span> <span class='ocrx_word' id='word_1_683' title='bbox 3095 5166 3360 5220; x_wconf 87' lang='lat' dir='ltr'><strong>indicasse</strong></span> 
     </span>
     <span class='ocr_line' id='line_1_106' title="bbox 1789 5251 2037 5292; baseline 0 0"><span class='ocrx_word' id='word_1_684' title='bbox 1789 5256 1850 5292; x_wconf 90' lang='lat' dir='ltr'><strong>su</strong></span> <span class='ocrx_word' id='word_1_685' title='bbox 1893 5251 2037 5292; x_wconf 89' lang='lat' dir='ltr'><strong>tctat.</strong></span> 
     </span>
    </p>
   </div>
   <div class='ocr_carea' id='block_1_106' title="bbox 1789 5251 2037 5294">
    <p class='ocr_par' dir='ltr' id='par_1_106' title="bbox 1789 5251 2037 5294">
     <span class='ocr_line' id='line_1_107' title="bbox 1789 5251 2037 5294; baseline -0.008 0"><span class='ocrx_word' id='word_1_686' title='bbox 1789 5251 2037 5294; x_wconf 77' lang='lat' dir='ltr'><strong>SlllllClal.</strong></span> 
     </span>
    </p>
   </div>
   <div class='ocr_carea' id='block_1_107' title="bbox 1857 5305 3360 5364">
    <p class='ocr_par' dir='ltr' id='par_1_107' title="bbox 1857 5305 3360 5364">
     <span class='ocr_line' id='line_1_108' title="bbox 1857 5305 3360 5364; baseline -0.004 0"><span class='ocrx_word' id='word_1_687' title='bbox 1857 5310 1911 5364; x_wconf 77' lang='lat'><strong>‘2.</strong></span> <span class='ocrx_word' id='word_1_688' title='bbox 1953 5309 2220 5363; x_wconf 67' lang='lat' dir='ltr'><strong>Praeterea</strong></span> <span class='ocrx_word' id='word_1_689' title='bbox 2266 5308 2316 5362; x_wconf 93' lang='lat' dir='ltr'><strong>in</strong></span> <span class='ocrx_word' id='word_1_690' title='bbox 2344 5307 2517 5362; x_wconf 87' lang='lat' dir='ltr'><strong>sancti</strong></span> <span class='ocrx_word' id='word_1_691' title='bbox 2553 5306 2783 5362; x_wconf 82' lang='lat' dir='ltr'><strong>Medardi</strong></span> <span class='ocrx_word' id='word_1_692' title='bbox 2809 5305 3108 5360; x_wconf 79' lang='lat' dir='ltr'><strong>etenobium</strong></span> <span class='ocrx_word' id='word_1_693' title='bbox 3133 5320 3196 5360; x_wconf 82' lang='lat' dir='ltr'><strong>ex</strong></span> <span class='ocrx_word' id='word_1_694' title='bbox 3226 5307 3360 5358; x_wconf 90' lang='lat' dir='ltr'><strong>urbe</strong></span> 
     </span>
    </p>
   </div>
   <div class='ocr_carea' id='block_1_108' title="bbox 1787 5374 3396 5446">
    <p class='ocr_par' dir='ltr' id='par_1_108' title="bbox 1787 5374 3396 5446">
     <span class='ocr_line' id='line_1_109' title="bbox 1787 5374 3396 5446; baseline -0.003 -13"><span class='ocrx_word' id='word_1_695' title='bbox 1787 5378 1956 5433; x_wconf 78' lang='lat' dir='ltr'><strong>Roma</strong></span> <span class='ocrx_word' id='word_1_696' title='bbox 1985 5379 2259 5432; x_wconf 76' lang='lat' dir='ltr'><strong>translata:</strong></span> <span class='ocrx_word' id='word_1_697' title='bbox 2283 5385 2406 5446; x_wconf 76' lang='lat' dir='ltr'><strong>sunt</strong></span> <span class='ocrx_word' id='word_1_698' title='bbox 2434 5378 2670 5446; x_wconf 64' lang='lat' dir='ltr'><strong>reliquid:</strong></span> <span class='ocrx_word' id='word_1_699' title='bbox 2708 5389 3014 5446; x_wconf 64' lang='lat' dir='ltr'><strong>sanctorum</strong></span> <span class='ocrx_word' id='word_1_700' title='bbox 3040 5374 3356 5446; x_wconf 79' lang='lat' dir='ltr'><strong>Tibttrtiiet</strong></span> <span class='ocrx_word' id='word_1_701' title='bbox 3391 5377 3396 5385; x_wconf 83' lang='grc'><strong>’</strong></span> 
     </span>
    </p>
   </div>
   <div class='ocr_carea' id='block_1_109' title="bbox 1789 5443 3356 5516">
    <p class='ocr_par' dir='ltr' id='par_1_109' title="bbox 1789 5443 3356 5516">
     <span class='ocr_line' id='line_1_110' title="bbox 1789 5443 3356 5516; baseline -0.003 -14"><span class='ocrx_word' id='word_1_702' title='bbox 1789 5449 2046 5512; x_wconf 86' lang='lat' dir='ltr'><strong>aliorum;</strong></span> <span class='ocrx_word' id='word_1_703' title='bbox 2095 5448 2249 5516; x_wconf 85' lang='lat' dir='ltr'><strong>cujus</strong></span> <span class='ocrx_word' id='word_1_704' title='bbox 2291 5443 2366 5501; x_wconf 75' lang='lat' dir='ltr'><strong>rei</strong></span> <span class='ocrx_word' id='word_1_705' title='bbox 2416 5443 2695 5501; x_wconf 78' lang='lat' dir='ltr'><strong>historiam</strong></span> <span class='ocrx_word' id='word_1_706' title='bbox 2724 5447 2792 5516; x_wconf 87' lang='lat' dir='ltr'><strong>ab</strong></span> <span class='ocrx_word' id='word_1_707' title='bbox 2817 5443 3042 5516; x_wconf 83' lang='lat' dir='ltr'><strong>Odilone</strong></span> <span class='ocrx_word' id='word_1_708' title='bbox 3078 5444 3356 5516; x_wconf 76' lang='lat' dir='ltr'><strong>monacho</strong></span> 
     </span>
    </p>
   </div>
   <div class='ocr_carea' id='block_1_110' title="bbox 1784 5513 3398 5588">
    <p class='ocr_par' dir='ltr' id='par_1_110' title="bbox 1784 5513 3398 5588">
     <span class='ocr_line' id='line_1_111' title="bbox 1784 5513 3398 5588; baseline -0.003 -16"><span class='ocrx_word' id='word_1_709' title='bbox 1784 5519 1896 5588; x_wconf 84' lang='lat' dir='ltr'><strong>jam</strong></span> <span class='ocrx_word' id='word_1_710' title='bbox 1952 5513 2175 5572; x_wconf 76' lang='lat' dir='ltr'><strong>laudato</strong></span> <span class='ocrx_word' id='word_1_711' title='bbox 2220 5518 2542 5588; x_wconf 78' lang='lat' dir='ltr'><strong>descriptam</strong></span> <span class='ocrx_word' id='word_1_712' title='bbox 2595 5517 2697 5575; x_wconf 87' lang='lat' dir='ltr'><strong>hoc</strong></span> <span class='ocrx_word' id='word_1_713' title='bbox 2741 5515 2855 5588; x_wconf 82' lang='lat' dir='ltr'><strong>loco</strong></span> <span class='ocrx_word' id='word_1_714' title='bbox 2902 5513 3198 5588; x_wconf 72' lang='lat' dir='ltr'><strong>subjiciam,</strong></span> <span class='ocrx_word' id='word_1_715' title='bbox 3230 5514 3358 5588; x_wconf 77' lang='lat' dir='ltr'><strong>Legi</strong></span> <span class='ocrx_word' id='word_1_716' title='bbox 3395 5557 3398 5567; x_wconf 94' lang='lat'><strong>.</strong></span> 
     </span>
    </p>
   </div>
   <div class='ocr_carea' id='block_1_111' title="bbox 1785 5584 3360 5658">
    <p class='ocr_par' dir='ltr' id='par_1_111' title="bbox 1785 5584 3360 5658">
     <span class='ocr_line' id='line_1_112' title="bbox 1785 5584 3360 5658; baseline -0.002 -16"><span class='ocrx_word' id='word_1_717' title='bbox 1785 5584 1948 5642; x_wconf 80' lang='lat' dir='ltr'><strong>etiam</strong></span> <span class='ocrx_word' id='word_1_718' title='bbox 2001 5587 2250 5658; x_wconf 83' lang='lat' dir='ltr'><strong>anouytni</strong></span> <span class='ocrx_word' id='word_1_719' title='bbox 2300 5584 2575 5658; x_wconf 73' lang='lat' dir='ltr'><strong>cujusdam</strong></span> <span class='ocrx_word' id='word_1_720' title='bbox 2602 5585 2964 5658; x_wconf 78' lang='lat' dir='ltr'><strong>narrationem</strong></span> <span class='ocrx_word' id='word_1_721' title='bbox 3014 5584 3360 5658; x_wconf 30' lang='lat' dir='ltr'><strong>de‘i_l|atione</strong></span> 
     </span>
    </p>
   </div>
   <div class='ocr_carea' id='block_1_112' title="bbox 1787 5653 3357 5728">
    <p class='ocr_par' dir='ltr' id='par_1_112' title="bbox 1787 5653 3357 5728">
     <span class='ocr_line' id='line_1_113' title="bbox 1787 5653 3357 5728; baseline -0.003 -16"><span class='ocrx_word' id='word_1_722' title='bbox 1787 5658 2030 5728; x_wconf 74' lang='lat' dir='ltr'><strong>corporis</strong></span> <span class='ocrx_word' id='word_1_723' title='bbox 2070 5653 2240 5711; x_wconf 80' lang='lat' dir='ltr'><strong>sancti</strong></span> <span class='ocrx_word' id='word_1_724' title='bbox 2293 5655 2557 5728; x_wconf 26' lang='lat' dir='ltr'><strong>Gildard‘i,</strong></span> <span class='ocrx_word' id='word_1_725' title='bbox 2601 5664 2655 5708; x_wconf 89' lang='lat' dir='ltr'><strong>et</strong></span> <span class='ocrx_word' id='word_1_726' title='bbox 2698 5654 3097 5728; x_wconf 83' lang='lat' dir='ltr'><strong>eapitis_sancti</strong></span> <span class='ocrx_word' id='word_1_727' title='bbox 3130 5653 3357 5709; x_wconf 83' lang='lat' dir='ltr'><strong>Romani</strong></span> 
     </span>
    </p>
   </div>
   <div class='ocr_carea' id='block_1_113' title="bbox 1789 5722 3359 5795">
    <p class='ocr_par' dir='ltr' id='par_1_113' title="bbox 1789 5722 3359 5795">
     <span class='ocr_line' id='line_1_114' title="bbox 1789 5722 3359 5795; baseline -0.004 -14"><span class='ocrx_word' id='word_1_728' title='bbox 1789 5722 2302 5795; x_wconf 70' lang='lat' dir='ltr'><strong>Rofbomageusium</strong></span> <span class='ocrx_word' id='word_1_729' title='bbox 2374 5725 2726 5794; x_wconf 75' lang='lat' dir='ltr'><strong>pontificum,</strong></span> <span class='ocrx_word' id='word_1_730' title='bbox 2765 5722 2836 5777; x_wconf 79' lang='lat' dir='ltr'><strong>eo</strong></span> <span class='ocrx_word' id='word_1_731' title='bbox 2900 5722 3036 5777; x_wconf 87' lang='lat' dir='ltr'><strong>facta</strong></span> <span class='ocrx_word' id='word_1_732' title='bbox 3104 5733 3359 5795; x_wconf 83' lang='lat' dir='ltr'><strong>regnante</strong></span> 
     </span>
    </p>
   </div>
   <div class='ocr_carea' id='block_1_114' title="bbox 1793 5792 3355 5866">
    <p class='ocr_par' dir='ltr' id='par_1_114' title="bbox 1793 5792 3355 5866">
     <span class='ocr_line' id='line_1_115' title="bbox 1793 5792 3355 5866; baseline -0.004 -14"><span class='ocrx_word' id='word_1_733' title='bbox 1793 5798 1986 5852; x_wconf 86' lang='lat' dir='ltr'><strong>Carolo</strong></span> <span class='ocrx_word' id='word_1_734' title='bbox 2015 5792 2208 5862; x_wconf 72' lang='lat' dir='ltr'><strong>Calvo;</strong></span> <span class='ocrx_word' id='word_1_735' title='bbox 2247 5792 2442 5866; x_wconf 82' lang='lat' dir='ltr'><strong>quibus</strong></span> <span class='ocrx_word' id='word_1_736' title='bbox 2489 5795 2656 5848; x_wconf 80' lang='lat' dir='ltr'><strong>fusius</strong></span> <span class='ocrx_word' id='word_1_737' title='bbox 2685 5795 2980 5850; x_wconf 69' lang='lat' dir='ltr'><strong>referendis</strong></span> <span class='ocrx_word' id='word_1_738' title='bbox 3015 5792 3355 5863; x_wconf 84' lang='lat' dir='ltr'><strong>supersedeo.</strong></span> 
     </span>
    </p>
   </div>
  </div>
