3848 5502
491 387 601 444 (ὶὲῖὶ

1388 390 1704 448 ODlLONlS
1739 390 2143 465 MONACHl-S.
2180 390 2870 468 MEDARDLSUESSION.
3647 394 3723 452 εει
3758 438 3769 453 .

571 528 817 589 INCIPIT
849 547 1143 591 EPISTOI.A
1183 532 1491 591 ODIIDVIS
1540 549 1619 589 Αι)
1662 531 2069 602 ΙΝὰιιΑΝπυΜ,
2107 527 2184 589 de
2218 527 2497 588 adventu
2538 537 2598 589 et
2635 526 3042 605 susceptione
3099 542 3448 606 corporum
3498 536 3720 590 sancto-

488 647 628 689 rum
663 625 1007 709 martyrum
1040 631 1338 701 'l‘iburtii,
1366 629 1715 692 Marcellini
1751 633 1813 691 et
1848 627 2038 695 Petri.
2072 624 2462 689 Marcelliani
2500 632 2561 687 et
2594 626 2811 697 Marci,
2852 625 3019 686 Preti
3048 633 3109 686 et
3143 624 3533 703 Hyacinthi,
3571 629 3721 690 Marii

489 740 553 793 et
580 727 865 800 Marthae,
899 730 1181 791 Audifax
1213 737 1274 791 et
1306 730 1585 803 Abacuc,
1632 725 1922 790 Abdonis
1964 732 2026 789 et
2062 724 2317 796 Sennis,
2346 740 2488 804 quae
2519 732 2615 786 est
2650 724 2855 802 pridie
2889 723 3039 785 Idus
3081 722 3262 785 Julii.

507 887 517 897 ‘
555 875 607 928 t.
638 871 831 929 Omnia
855 887 976 942 qua:
999 871 1270 937 dicuntur,
1293 885 1630 941 nequaquam
1652 878 1814 927 certa:
1836 868 2061 925 rationis
2089 874 2134 930 Λ
2163 862 2484 934 Aquisgrani
2509 862 2715 931 palatii,
2734 862 2835 917 sub
2856 869 3097 933 tentpore
3121 863 3263 919 inter
3283 863 3584 934 prandium
3607 861 3723 934 plan

485 963 811 1020 auctoritate
858 961 1260 1016 discutiuntur:
1311 975 1433 1030 quae
1475 974 1604 1015 vero
1646 960 1763 1015 visa
1790 959 2063 1022 dicuntur,

482 1055 667 1109 audita
715 1051 1046 1115 referuntur,
1092 1050 1278 1106 habita
1326 1052 1782 1113 demonstrantur,
1813 1050 2064 1107 veridicis

483 1147 856 1204 sanctionibus
911 1145 1210 1216 approbata
1266 1143 1580 1215 creduntur.
1649 1142 1883 1198 Proinde
1916 1143 2063 1214 quia

484 1238 634 1293 multi
677 1236 843 1292 multa
884 1234 1177 1306 loquuntur
1220 1235 1289 1291 de
1338 1226 1619 1291 beatorum
1663 1233 1975 1295 Marcellini
2007 1243 2063 1290 et

480 1329 652 1394 Petri,
683 1328 1038 1391 Marcelliani,
1075 1326 1263 1392 Marci,
1296 1327 1443 1383 Preti
1477 1335 1533 1382 et
1562 1326 1875 1398 Hyacinthi,
1905 1326 2059 1382 Marii

480 1431 537 1476 et
564 1421 810 1485 Marthae,
841 1419 1072 1475 Audifax
1110 1430 1165 1475 et
1198 1419 1439 1481 Abacuc.
1488 1420 1727 1475 Abdonis
1767 1431 1824 1475 et
1867 1419 2062 1477 Sennis

481 1520 781 1581 martyrum
814 1510 1168 1567 translatione
1196 1512 1266 1567 ab
1295 1512 1426 1568 urbe
1454 1510 1625 1566 Roma
1652 1511 1707 1567 in
1735 1510 1967 1578 Gallias,
2005 1520 2061 1567 et

476 1603 872 1672 repansationis
901 1619 1088 1660 eorum
1121 1603 1297 1659 locum
1330 1603 1415 1658 vel
1453 1619 1512 1658 se
1552 1603 1776 1659 nescire
1805 1603 2062 1659 dissimu.

477 1692 612 1756 lant,
635 1701 689 1746 et
711 1692 1042 1763 negligenter
1063 1692 1452 1748 dissimulando
1471 1692 1732 1748 invidiose
1753 1691 2054 1764 abnegaut:

476 1799 657 1854 operas
683 1785 916 1853 pretium
950 1784 1081 1849 fuit,
1126 1792 1184 1841 ut
1212 1784 1287 1839 de
1314 1791 1588 1839 tantorum
1618 1782 1887 1853 corporali
1914 1799 2055 1853 prte-

475 1875 648 1931 sentia
672 1875 876 1932 Christi
903 1875 1164 1941 militum,
1193 1885 1249 1931 et
1275 1874 1481 1931 veritas
1508 1875 1586 1930 rei
1613 1876 1876 1946 ambiguae
1900 1876 2059 1933 satis-

472 1963 702 2030 faceret,
752 1972 809 2020 et
830 1963 1196 2021 dubitantium
1228 1964 1361 2022 fides
1388 1965 1455 2020 ad
1486 1980 1727 2020 amorem
1758 1975 2056 2037 martyrum

477 2058 749 2113 credendo
773 2057 828 2113 in
860 2057 1054 2113 melius
1078 2057 1386 2127 proficeret.
1439 2056 1801 2114 Nihilominus
1827 2066 1883 2114 et
1910 2059 2054 2114 beati

479 2146 709 2201 'l‘iliurtii
735 2147 990 2220 martyris
1015 2148 1294 2209 adventus,
1325 2155 1378 2201 et
1401 2145 1650 2216 exceptio
1674 2147 1918 2217 corporis
1939 2147 2055 2216 ejus

475 2235 938 2308 rationando(sic)
979 2235 1325 2307 describitur,
1363 2245 1413 2290 et
1460 2235 1691 2308 gloriosa
1736 2244 2048 2294 sanctarum
2079 2248 2125 2310 Β

476 2326 822 2396 reliquiarum
855 2326 1119 2397 depositio
1150 2326 1420 2383 Hermetis
1454 2336 1511 2382 et
1535 2325 1759 2392 Iuliani,
1799 2342 1905 2384 non
1944 2327 2049 2383 mi-

472 2416 587 2471 nori
643 2417 927 2473 devotione
977 2432 1099 2473 cum
1156 2415 1397 2487 praefatis
1455 2416 1659 2477 sanctis
1722 2415 2051 2488 martyribus

470 2508 822 2569 describenda
846 2509 1166 2579 suscipitur.
1199 2507 1561 2564 Vehementer
1587 2507 1734 2563 enim
1764 2507 2051 2574 condecet,

472 2609 530 2653 ιιι
558 2615 787 2669 querttm
817 2617 921 2656 una
954 2600 1055 2657 fuit
1087 2602 1333 2659 voluntas
1362 2602 1719 2660 transferendi
1750 2618 1809 2659 se
1838 2604 1892 2659 in
1924 2602 2051 2660 Gal-

471 2690 590 2753 lius,
622 2701 677 2746 et
705 2692 864 2748 unius
893 2692 1065 2749 locelli
1095 2692 1311 2749 devexit
1337 2695 1633 2766 quantitas,
1664 2695 1758 2750 iiat
1785 2696 2050 2752 adventus

467 2791 522 2835 et
552 2783 908 2851 depositionis
936 2800 1124 2840 eorum
1159 2784 1213 2840 in
1244 2786 1574 2842 monasterio
1600 2794 1912 2841 sanctorum
1939 2785 2048 2841 Me-

465 2873 617 2926 dardi
642 2882 697 2931 et
719 2873 1047 2939 Sebastiani,
1072 2883 1232 2944 atque
1257 2889 1407 2945 papte
1430 2874 1673 2947 Gregorii
1701 2889 1805 2931 una
1833 2875 2049 2931 eadem-

466 2977 573 3032 que
599 2963 911 3033 principalis
936 2964 1133 3019 laetitiaz
1158 2965 1490 3022 solemnitas.

714 3101 948 3144 INCIPIT
992 3103 1416 3148 NARRATIONIS
1450 3104 1671 3149 EPILOG
1683 3106 1774 3150 U8.

535 3208 591 3261 2.
634 3205 889 3284 Dominus
914 3215 968 3262 et
987 3208 1257 3279 Augustus
1286 3217 1469 3266 uoster
1491 3209 1741 3266 videlicet
1768 3211 1930 3268 totius
1956 3226 2046 3267 or-

466 3297 550 3352 bis
593 3297 820 3353 Romani
868 3299 1158 3369 princeps,
1210 3300 1648 3371 Francorumque
1693 3301 1842 3371 regni
1891 3309 2045 3370 pater

464 3389 757 3457 piissimus,
788 3389 912 3445 felix
942 3400 1003 3465 et
1024 3391 1279 3465 providus
1308 3392 1605 3462 imperator
1629 3391 1797 3447 totius
1827 3406 2042 3448 monar-

461 3483 618 3549 cltiae,
643 3482 945 3547 Ludovicus
971 3484 1199 3548 scilicet,
1224 3483 1366 3538 illius
1384 3492 1625 3555 augustas
1649 3492 1703 3538 et
1721 3483 2040 3543 venerandae

2166 965 2287 1007 cum
2335 950 2682 1020 optimatibus
2725 949 2838 1005 suis
2880 949 3144 1018 loquendo
3191 963 3427 1005 exorsus
3476 960 3563 1005 est
3612 953 3725 1019 regis

2166 1058 2337 1098 more.
2370 1043 2515 1098 Inter
2538 1058 2659 1111 qua:
2684 1043 2912 1112 plurima
2943 1043 3227 1098 verborum
3253 1043 3560 1113 colloquia,
3582 1044 3725 1099 subita

2165 1134 2220 1190 in
2267 1135 2410 1190 beati
2459 1133 2764 1189 Sebastiani
2815 1134 3070 1206 martyris
3112 1134 3339 1206 impegit
3380 1134 3726 1189 translationis

2163 1224 2353 1296 gaudia
2379 1263 2394 1289 ,
2443 1233 2499 1280 et
2546 1224 2807 1280 virtutum
2835 1224 3004 1295 ipsius
3035 1225 3328 1297 magnalia.
3390 1225 3472 1280 De
3500 1225 3725 1292 neglectis

2161 1330 2375 1387 quoque
2404 1324 2702 1386 martyrum
2733 1315 3026 1385 sepulcris,
3069 1331 3303 1386 quorum
3337 1316 3536 1371 Romae
3568 1319 3725 1386 ingens

2161 1414 2304 1463 esset
2351 1406 2537 1477 c0pia,
2588 1405 2871 1475 prolixitas
2920 1406 3185 1461 sermonis
3235 1407 3602 1477 subsequitur
3644 1424 3723 1463 aea

2162 1498 2402 1553 minima.
2424 1497 2649 1554 Factum
2677 1508 2762 1554 est
2789 1507 2993 1565 autem,
3031 1499 3157 1554 dum
3197 1500 3315 1557 haec
3347 1510 3664 1572 agerentur.
3684 1510 3725 1556 ut

2159 1591 2378 1660 quidam
2406 1591 2668 1647 diaconus
2694 1600 2899 1647 sancta:
2931 1591 3187 1647 Romana:
3211 1592 3510 1653 Ecclesiae.
3544 1596 3724 1649 nouis:

2162 1679 2449 1735 Deusdona
2514 1695 2614 1749 pro
2648 1680 2762 1735 suis
2798 1681 3216 1736 necessitatibus
3246 1683 3402 1752 regis
3441 1684 3626 1738 adiret
3655 1686 3722 1739 ia-

2157 1770 2464 1842 ploraturtts
2506 1771 2869 1828 clementiam.
2909 1766 3040 1827 Dum
3072 1787 3200 1831 vero
3227 1773 3444 1830 diutius
3475 1777 3534 1830 in
3560 1777 3722 1845 palati!

2154 1871 2482 1926 moraretur,
2521 1878 2645 1918 cum
2672 1862 2909 1918 Einardo
2935 1863 3161 1930 abbate,
3189 1863 3385 1933 palatii
3420 1868 3622 1938 regalis
3644 1869 3722 1921 sci-

2156 1950 2283 2007 licet
2335 1953 2661 2017 domestico,
2709 1953 3127 2012 familiaritatem
3177 1953 3327 2011 illius
3381 1971 3503 2026 prae
3548 1957 3724 2012 cateia

2155 2040 2414 2110 palatinis
2442 2042 2772 2111 promeruit,
2815 2050 2871 2097 et
2896 2057 3110 2098 omnem
3141 2043 3520 2101 humanitatis
3544 2047 3721 2101 exhibi-

2155 2131 2356 2188 tionetn
2398 2131 2466 2186 ab
2504 2132 2692 2188 eodem
2733 2133 2927 2188 abbate
2974 2132 3091 2189 sine
3135 2132 3243 2188 ulla
3292 2133 3723 2206 improperatieae

2153 2221 2417 2292 suscepit.
2450 2221 2597 2277 Inter
2624 2222 2739 2278 hare
2777 2223 2903 2277 dum
2939 2230 3125 2293 aperto
3156 2231 3392 2294 propter
3420 2225 3568 2295 quod
3596 2240 3723 2279 vene-

2154 2321 2241 2369 rat
2285 2312 2499 2385 negotio
2537 2311 2763 2368 Romam
2809 2314 2988 2370 redire
3036 2314 3397 2384 disponeret,
3444 2316 3526 2375 ab
3564 2316 3720 2369 eodm

2153 2403 2347 2460 abbate
2375 2403 2541 2459 multa
2571 2403 2799 2460 donaria
2831 2404 3034 2473 recepit
3056 2403 3113 2457 in
3136 2418 3237 2458 sua
3263 2415 3335 2477 et‘
3349 2406 3588 2460 maxime
3614 2406 3719 2457 uni-

2151 2504 2330 2553 torum
2368 2496 2656 2568 praesentia
2700 2496 2768 2553 ad
2812 2495 3194 2568 perﬁciettdam
3247 2510 3372 2552 suae
3427 2498 3719 2552 reversione

2150 2589 2504 2660 diligentiam.

2218 2682 2273 2735 4.
2312 2680 2482 2752 igitur
2504 2680 2569 2736 de
2589 2678 2917 2751 Aquisgrani
2947 2677 3149 2750 palatio
3177 2677 3437 2748 profecti,
3463 2680 3719 2749 praedictas

2149 2772 2356 2828 scilicet
2380 2771 2548 2827 abbas
2571 2771 2856 2836 Einardus,
2884 2781 2940 2826 et
2966 2770 3222 2842 praefatus
3249 2781 3469 2826 sanctae
3498 2771 3715 2825 Romae

2149 2861 2405 2920 Ecclesiae
2427 2863 2707 2929 diaconus,
2739 2864 2804 2917 ad
2831 2863 3126 2931 Augustam
3155 2876 3332 2932 usque
3359 2863 3562 2916 urbem
3588 2861 3716 2915 Sne:-

2147 2968 2331 3009 sornm
2360 2955 2702 3024 perveniunt.
2737 2955 2809 3009 Ea
2839 2962 3155 3024 tempestate
3181 2954 3430 3008 domnus
3454 2956 3717 3024 imperata:

2144 3044 2217 3100 ob
2262 3058 2504 3098 amorem
2552 3044 2735 3115 inclyti
2784 3044 3041 3114 martyris
3080 3042 3396 3099 Sebastiani
3433 3059 3564 3098 cum
3598 3045 3716 3097 omni

2146 3144 2408 3206 apparatu
2434 3143 2488 3190 et
2514 3150 2735 3190 suorum
2767 3150 3052 3206 procerum
3081 3135 3344 3191 comitatu
3382 3136 3440 3190 in
3472 3149 3719 3189 monaste-

2146 3225 2228 3281 rio
2250 3226 2540 3281 devenerat
2566 3227 2736 3281 sancti
2770 3225 3027 3290 Medardi,
3056 3234 3307 3281 sanctum
3338 3225 3560 3282 Pascha
3585 3236 3715 3297 pres

2145 3317 2484 3387 competebat
2513 3318 2862 3374 devotissime
2899 3317 3295 3373 telebraturus.
3350 3316 3498 3372 Huic
3526 3329 3711 3388 speeta-

2143 3414 2265 3471 culo
2291 3414 2373 3468 vir
2397 3414 2716 3470 veneranda:
2742 3415 3016 3470 memoriae
3044 3414 3332 3469 liilduintts
3356 3413 3538 3468 abbas
3557 3412 3717 3466 aderat

2146 3507 2200 3562 in
2232 3507 2514 3573 omnibus,
2564 3507 2655 3577 qui
2685 3515 2741 3562 et
2769 3507 3082 3576 praedictum
3111 3507 3368 3561 abbatem
3403 3505 3712 3561 Einardtta.

461 3573 734 3667 memoria:
763 3572 940 3667 Caroli
971 3572 1147 3667 Μιξεηί
1176 3574 1336 3667 filius,
1368 3576 1459 3645 qui
1492 3575 1559 3630 ad
1584 3573 1921 3667 liberandum
1949 3591 2038 3629 or-
2065 3604 2110 3666 ο
2141 3603 2196 3651 et
2225 3605 2428 3652 sanetae
2456 3572 2712 3667 Rotu'anae
2738 3572 2990 3651 Ecclesiae
3018 3595 3307 3650 diaconum
3337 3594 3514 3649 altius
3551 3602 3603 3645 et
3634 3592 3711 3644 ho-

458 3662 581 3716 betn
614 3664 909 3732 tyrannicis
937 3663 1416 3730 moderationibus,
1454 3674 1510 3720 et
1535 3666 1605 3721 ad
1631 3667 2037 3736 comprimenda

460 3752 756 3808 domestica
804 3752 943 3808 mala
972 3755 1166 3811 divina:
1196 3756 1563 3827 dispositionis
1594 3757 1913 3813 sublimatus
1956 3767 2060 3825 est,

458 3845 661 3915 gratia,
705 3854 991 3917 postquam
1020 3849 1227 3918 paterni
1260 3851 1495 3919 suscepit
1525 3850 1733 3919 imperii
1766 3850 2036 3920 guberna-

456 3933 597 3999 cula,
624 3932 786 3989 totius
813 3946 1013 3991 sancta:
1039 3936 1293 3993 Ecclesia:
1321 3938 1503 3994 lideles
1531 3949 1587 3994 et
1616 3940 1752 3996 lilios
1780 3956 1877 4011 per
1904 3954 2036 4011 qua-

455 4033 576 4079 tuor
619 4025 803 4081 mundi
852 4027 1067 4082 climata
1116 4029 1206 4099 pio
1257 4032 1625 4087 moderamine
1673 4033 1920 4102 provexit
1967 4031 2035 4087 ad

452 4129 698 4183 superna:
721 4113 996 4193 felicitatis
1015 4118 1396 4174 emolumenta.
1414 4118 1512 4176 Hic
1537 4121 1680 4176 inter
1694 4120 1797 4177 sibi
1825 4121 2034 4176 collatae

452 4204 669 4259 virtutis
699 4213 754 4259 et
779 4206 969 4276 gratiae
995 4223 1220 4263 munera
1246 4251 1260 4275 ,
1310 4210 1551 4267 honeste
1584 4211 1705 4267 fidei
1734 4213 1938 4282 pariter
1978 4221 2033 4267 et

454 4294 779 4349 documenta
810 4295 984 4361 dedit,
1027 4308 1082 4352 et
1119 4309 1435 4356 ornamenta
1468 4301 1747 4371 religionis
1769 4300 2028 4356 ecclesia-

456 4387 607 4441 s:iem
636 4386 1000 4458 multipliciter
1029 4391 1430 4446 condecorat-it.
1478 4390 1638 4447 Multa
1669 4408 1881 4462 quoque
1909 4409 2029 4449 cor-

452 4495 582 4545 pora
614 4489 923 4534 sanctorum
950 4481 1017 4537 de
1046 4482 1289 4553 pluribus
1317 4484 1482 4541 Italia:
1508 4483 1751 4554 partibus
1782 4485 1834 4541 itt
1862 4499 2028 4556 regna

454 4568 783 4623 Francorum
821 4571 1041 4638 detulit,
1080 4574 1168 4627 ubi
1201 4575 1434 4629 maxime
1481 4575 1707 4646 populus
1754 4575 2029 4631 nobilitate

451 4661 738 4732 superbus,
763 4678 1037 4733 armorum
1062 4666 1384 4722 strenuitate
1409 4666 1658 4733 decorus,
1680 4683 1787 4722 non
1807 4668 2029 4724 minima

448 4758 603 4814 laude
630 4759 906 4829 sapientiae
932 4761 1093 4816 simul
1125 4762 1401 4817 industriae
1427 4770 1481 4817 et
1508 4762 1827 4831 prudentiae,
1858 4762 2029 4834 pollet

447 4861 501 4905 et
528 4852 785 4922 prtevalet
815 4854 1019 4922 utique.
1060 4854 1227 4925 Cujus
1256 4854 1452 4926 ingenii
1482 4854 1698 4910 solertia
1726 4854 2026 4910 beatissimi

2139 3683 2360 3741 noriiiee
2386 3685 2641 3756 suscepit,
2665 3694 2719 3739 et
2743 3684 3063 3739 familiarius
3088 3683 3367 3748 tractavit,
3400 3693 3715 3748 suorum

2136 3783 2469 3831 secretorum
2509 3774 2757 3830 conscios
2792 3773 3060 3829 adhibuit.
3118 3772 3264 3827 Inter
3290 3773 3415 3827 haec
3446 3770 3715 3825 familiari-

2136 3865 2265 3921 tatis
2286 3864 2547 3935 obsequia
2571 3879 2733 3935 supra
2762 3864 2980 3919 modum
3003 3861 3303 3932 jocundati,
3330 3872 3391 3916 et
3420 3863 3476 3916 in
3507 3862 3714 3915 imula!»

2134 3974 2254 4013 sum
2285 3958 2468 4023 laetati,
2502 3957 2781 4029 paschales
2809 3958 2921 4012 dies
2944 3957 3214 4027 prosecuti
3244 3965 3378 4011 sunt
3408 3956 3707 4026 gaudentes.

2135 4047 2375 4118 Denique
2405 4057 2626 4118 accepta
2657 4047 3032 4103 benedictione
3060 4047 3439 4117 repedationis
3471 4061 3589 4100 ειη
3612 4045 3710 4111 in

2132 4138 2307 4193 dictus
2334 4138 2614 4199 diaconus.
2637 4139 2863 4193 diversa:
2888 4138 3265 4208 promissionis
3292 4138 3594 4192 admodum
3617 4136 3712 4187 lar-

2131 4246 2249 4300 gus,
2267 4231 2407 4286 beati
2428 4231 2655 4286 Tiburtii
2680 4231 2935 4301 martyris
2961 4230 3211 4286 Hilduino
3245 4231 3436 4285 abbati
3461 4228 3711 4300 promittit

2131 4320 2437 4377 venerabile
2465 4316 2679 4391 Corpus.
2735 4320 2973 4375 Einardo
3008 4336 3222 4391 quoque
3261 4320 3454 4375 abbati
3498 4320 3711 4373 ﬁdeliter

2131 4412 2393 4480 spondet,
2452 4421 2510 4466 ut
2556 4412 2767 4467 fidelem
2814 4412 3134 4483 legationem
3182 4426 3373 4467 secum
3425 4413 3708 4481 dirigeret,

2131 4502 2324 4558 multas
2375 4513 2683 4558 sanctorum
2734 4504 2991 4574 reliquias
3044 4505 3097 4558 in
3152 4504 3373 4575 propria
3434 4506 3709 4573 reciperet.

2129 4594 2333 4662 Quibus
2361 4597 2778 4667 promissionum
2807 4597 2967 4652 dictis
2997 4597 3350 4651 vehementer
3378 4596 3662 4651 exhilarati
3689 4635 3705 4657 ,

2129 4689 2380 4745 dominus
2401 4689 2656 4746 videlicet
2674 4688 2955 4745 Hiltluinus
2976 4689 3146 4747 abbas
3162 4697 3221 4744 et
3239 4689 3537 4751 Einardus,
3560 4690 3707 4744 an!»

2130 4779 2333 4851 legatos
2363 4781 2651 4851 diligenter
2677 4781 2882 4852 eligunt
2911 4781 3231 4851 exquisitos,
3254 4783 3547 4851 prudentia
3571 4781 3707 4835 vide—

2129 4870 2253 4925 licet
2284 4870 2578 4925 industrios
2605 4879 2659 4925 et
2687 4871 2881 4925 astutia
2912 4871 3251 4941 conspicuos.
3297 4870 3394 4926 Sic
3424 4888 3546 4926 cum
3572 4886 3704 4943 prr-

446 4948 501 4995 et
538 4940 826 4995 omnifaria
860 4942 1018 4998 laude
1061 4943 1360 5016 dignissimi
1410 4943 1714 5000 Sebastiani
1766 4945 2021 5014 martyris
2052 4956 2099 5015 D
2127 4957 2237 5012 fam
2264 4958 2490 5012 diacono
2522 4960 2623 5013 iter
2649 4959 2927 5031 aggressi,
2975 4940 3204 5014 Romam
3240 4970 3452 5030 quanta
3490 4942 3699 5031 poscam

446 5031 743 5101 corporalis
770 5033 922 5104 gleba
946 5074 962 5100 ,
1007 5035 1164 5090 simul
1196 5045 1250 5090 et
1275 5034 1447 5090 beata:
1478 5035 1751 5090 memoriae
1775 5034 2023 5106 Gregorii

442 5138 594 5192 papae
623 5126 966 5182 sanctissima
994 5128 1235 5183 membra
1266 5142 1429 5197 penes
1457 5126 1781 5183 Suessorum
1824 5126 2022 5182 minoia

444 5215 497 5267 in
525 5214 744 5269 basilica
770 5217 966 5271 summi
996 5217 1321 5273 confessoris
1342 5218 1539 5273 Christi
1565 5217 1802 5273 Medardi
1830 5217 2023 5287 depor-

444 5314 552 5359 tata
582 5308 787 5376 pariter
813 5319 868 5363 et
894 5308 1087 5365 collata
1116 5309 1371 5365 videntur
1398 5318 1455 5366 et
1481 5310 1687 5365 habita.

512 5399 566 5451 3.
584 5398 717 5454 Cum
736 5390 865 5471 ergo
887 5401 1293 5457 innumerabilis
1313 5401 1693 5456 miraculorum
1717 5400 2019 5452 freuuentia

2128 5046 2404 5101 celeritate
2430 5062 2770 5117 prmpropere
2801 5046 3041 5103 tendunt.

2196 5134 2249 5189 5.
2291 5134 2527 5205 Contigit
2555 5144 2732 5189 autem
2777 5145 2837 5190 ttt
2871 5136 3087 5205 quidam
3125 5135 3378 5200 illorum,
3414 5140 3592 5194 medio
3614 5138 3699 5189 iti-

2127 5238 2256 5279 nere
2295 5224 2569 5293 perfecto,
2620 5225 2868 5279 tertianae
2909 5223 3076 5280 febris
3102 5226 3481 5296 corriperetur
3508 5229 3698 5281 incom-

2126 5316 2307 5369 modo.
2329 5315 2463 5369 Cum
2491 5322 2667 5368 autem
2694 5316 2894 5370 diutius
2920 5315 3255 5384 intempestae
3284 5319 3467 5373 noctis
3493 5317 3693 5373 silentis

2127 5401 2362 5448 graviter
2409 5416 2507 5448 suo
2552 5416 2841 5457 vexaretur
2889 5403 3247 5464 incommodo.
3292 5409 3555 5468 apparuit
3596 5405 3693 5459 Sibi
