3902 6410
97 419 222 474 625

929 416 1016 470 DE
1037 407 1418 474 TRANSLAT.
1453 415 1552 476 SS.
1584 416 1905 486 TiBURTlI,
1933 418 2368 488 MARCELLINI,
2399 421 2548 477 ETC.

3257 421 3362 478 626

101 531 306 585 moria:
335 527 586 583 llilduino
615 528 790 582 abbati
818 528 1052 596 pollicita
1081 528 1292 584 fuerant
1311 545 1416 598 per
1441 530 1684 584 ordinem
1717 551 1762 608 Α
1789 530 1968 585 cordis
1996 530 2265 585 anxietate
2293 531 2482 600 positis
2503 531 2680 586 divina
2711 531 2850 586 illico
2872 529 3040 599 gratia
3069 529 3362 586 clementer

101 623 416 684 intimaret,
449 619 722 688 respondit
761 619 1154 686 pulcherrimus
1174 617 1406 686 juvenis,
1430 611 1486 673 et
1514 620 1686 673 dixit:

99 713 270 768 Satis
297 713 642 766 manifestum
674 721 788 776 est,
817 719 873 765 et
897 720 1145 780 patenter
1175 714 1250 764 tui
1279 713 1408 766 socii
1443 712 1534 765 tibi
1567 719 1692 765 sunt

101 803 324 858 conscii
353 843 366 867 ,
414 802 539 870 quia
571 801 916 870 quamplures
949 801 1062 854 dies
1102 801 1326 855 tertiana
1359 800 1508 856 febre
1539 800 1690 855 labo-

101 893 274 946 rasti.
305 891 474 961 Surge
499 891 772 954 velociter,
821 889 1013 943 festina
1051 889 1171 951 iter,
1199 903 1423 942 securus
1447 886 1692 942 accelera

103 982 431 1052 negotium,
483 980 578 1034 tibi
627 995 656 1032 a
701 979 926 1032 Domino
973 980 1298 1046 promissum
1347 975 1692 1046 consequeris

99 1081 340 1136 votum;
371 1070 494 1125 volo
525 1078 582 1123 ut
609 1085 706 1140 pro
734 1070 888 1140 signo
915 1077 1018 1123 tute
1043 1067 1164 1122 fidei
1196 1068 1309 1122 sive
1333 1066 1690 1130 credulitatis,

99 1161 370 1216 eﬂ'ectum
401 1161 624 1230 integra:
663 1161 932 1230 percipias
971 1159 1236 1214 sanitatis.
1293 1158 1386 1212 llis
1413 1158 1570 1212 dictis
1597 1173 1692 1212 ex-

97 1251 482 1322 pergefactus,
513 1253 582 1304 ab
609 1251 754 1305 omni
785 1250 970 1305 dolore
995 1259 1048 1304 et
1075 1259 1208 1304 :cstu
1239 1248 1467 1304 febrium
1499 1248 1692 1302 libr-ra-

105 1353 232 1406 tus,
267 1341 448 1394 omnia
477 1353 810 1409 quaecunque
835 1339 1044 1416 viderat
1075 1347 1130 1393 et
1162 1338 1407 1392 audierat
1439 1337 1693 1392 divinitus

99 1433 236 1486 suis
259 1431 542 1501 diligenter
569 1429 774 1484 referre
799 1430 1006 1484 curavit
1035 1429 1324 1484 comitibus
1349 1443 1364 1482 :
1399 1429 1584 1498 sicque
1614 1426 1693 1480 fa-

101 1531 266 1576 ctum
291 1529 374 1576 est
401 1529 460 1575 ut
483 1521 810 1576 unanimiter
837 1529 890 1574 et
921 1519 1109 1574 visioni
1135 1519 1436 1584 crederent,
1457 1527 1513 1574 et
1533 1517 1690 1572 ﬁdem

101 1611 320 1666 divinis
346 1611 504 1666 dictis
528 1612 734 1680 pariter
759 1619 812 1665 et
837 1609 1118 1679 promissis
1146 1609 1478 1662 adhiberent.

183 1702 245 1756 6.
287 1702 456 1773 Igitur
481 1701 708 1757 Romam
739 1703 1033 1764 venientes,
1063 1699 1212 1768 juxta
1241 1699 1518 1754 basilicam
1548 1697 1690 1754 beati

99 1793 266 1848 Petri
289 1793 535 1862 apostoli,
555 1807 674 1862 qua:
693 1791 892 1846 dicitur
913 1785 982 1845 ad
1005 1789 1247 1854 Vincula,
1273 1789 1324 1843 in
1348 1790 1506 1844 domo
1523 1789 1692 1858 ipsius

1787 620 2079 674 succurrit.
2109 619 2396 676 Enimvero
2421 621 2637 690 quidam
2666 621 2982 686 monachus,
3009 621 3160 690 quasi
3189 621 3362 678 bonus

1791 709 1887 764 Dei
1932 707 2181 780 angelus,
2231 726 2356 764 mox
2407 711 2512 764 illis
2556 711 2801 776 advenit,
2855 711 3072 764 nomine
3105 711 3358 766 Basilius.

1791 797 1890 854 Hic
1931 798 1986 852 in
2024 807 2206 852 monte
2243 797 2542 853 Palaestina:
2591 813 2710 854 cum
2761 799 2874 853 suis
2925 799 3204 868 discipulis
3246 798 3372 866 jam.

1791 885 1979 942 diebus
2009 888 2190 942 multis
2217 887 2582 964 habitaverat,
2625 887 2724 942 sub
2751 903 2942 942 norma
2969 889 3362 958 probatissimzr

1791 977 2086 1049 religionis.
2121 978 2287 1048 Cujus
2313 977 2637 1034 salutaribus
2663 979 2900 1034 consiliis
2924 979 3167 1044 animati,
3191 980 3361 1034 sacris

1791 1069 2128 1124 orationibus
2173 1070 2382 1140 adjuti,
2437 1068 2686 1138 quamvis
2731 1084 2854 1124 cum
2894 1069 3134 1138 periculo
3173 1071 3364 1140 capitis

1793 1158 2010 1211 tandem
2062 1159 2494 1214 sacratissimum
2542 1173 2740 1230 corpus
2785 1157 2896 1229 jam
2947 1160 3072 1216 dicti
3111 1162 3363 1232 martyris

1793 1247 2090 1316 reperiunt.
2147 1247 2371 1306 Sublato
2419 1250 2602 1320 itaque
2650 1265 2774 1306 cum
2823 1251 2968 1304 omni
3021 1253 3366 1308 veneratione

1792 1338 2162 1393 sacratissimo
2189 1354 2414 1409 corpore
2444 1340 2686 1408 operosis
2715 1339 3010 1408 composito
3041 1341 3240 1410 palliis,
3271 1342 3358 1394 ho-

1789 1429 2016 1484 norifice
2055 1429 2107 1484 in
2144 1439 2386 1502 cryptam
2417 1431 2700 1486 beatorum
2741 1435 3036 1500 martyrum
3073 1429 3364 1484 Marcellini

1792 1529 1848 1576 et
1896 1520 2041 1576 Petri
2091 1519 2332 1576 defertur
2375 1533 2498 1576 eum
2552 1520 2696 1574 omni
2747 1519 3080 1589 jubilationis
3125 1519 3374 1574 exsulta-

1791 1610 1962 1666 tione.
2051 1659 2054 1662 λ

1861 1701 1916 1758 8.
1945 1700 2068 1758 Mox
2111 1701 2426 1758 festinanter
2451 1701 2514 1756 ad
2545 1701 2780 1756 tumbam
2823 1711 3130 1757 sanctorum
3166 1711 3364 1769 marty-

1793 1807 1914 1846 rum
1939 1792 2164 1862 genibus
2193 1789 2344 1846 fiexis
2367 1792 2726 1846 descenditur.
2758 1791 2933 1846 Pietas
2963 1791 3170 1846 Domini
3197 1793 3364 1846 nostri

103 1885 334 1940 diaconi
374 1899 494 1940 cum
533 1899 640 1954 quo
691 1889 954 1948 venerat,
1003 1881 1292 1951 hospitium
1329 1887 1688 1949 acceperunt;
1725 1895 1766 1954 Β
1792 1879 1918 1938 Iesu
1963 1881 2162 1938 Christi
2203 1897 2324 1937 cum
2369 1883 2584 1937 interno
2627 1884 2802 1954 rugitu
2849 1884 3026 1938 cordis
3067 1885 3380 1946 invocatur-,2

105 1991 220 2046 per
258 1977 464 2046 aliquot
505 1975 619 2030 dies
661 1989 782 2029 cum
813 1989 880 2029 eo
907 1981 1255 2037 manserunt,
1306 1973 1690 2042 promissorum

103 2065 238 2132 ejus
267 2065 700 2133 adimpletionem
733 2064 1066 2118 incessanter
1095 2063 1414 2132 inquirendo
1444 2063 1695 2132 perstite—

105 2165 266 2210 runt.
323 2155 378 2208 lu
410 2157 510 2210 hoc
543 2169 814 2218 morarum
855 2168 1074 2210 suarum
1117 2153 1346 2208 articulo
1387 2153 1690 2208 consultum

107 2246 241 2310 fuit,
275 2255 336 2299 ut
361 2245 426 2299 ad
455 2244 762 2300 ccemeteria
793 2251 1100 2298 sanctorum
1130 2242 1290 2297 simul
1321 2256 1440 2296 cum
1469 2241 1693 2296 diacono

107 2347 448 2410 pergerent,
477 2346 538 2392 ut
562 2337 606 2393 si
637 2337 764 2406 quid
791 2336 1009 2407 dignum
1041 2335 1091 2389 in
1120 2334 1200 2390 eis
1225 2333 1450 2388 inveniri
1481 2341 1689 2404 posset,

107 2429 234 2484 suis
259 2427 539 2484 desideriis
567 2425 872 2483 satisfieret.
905 2425 1088 2495 Itaque
1117 2425 1332 2478 invento
1359 2423 1516 2486 duce,
1549 2422 1694 2477 vide-

110 2520 248 2574 licet
277 2519 518 2574 locorum
543 2525 926 2580 moustratore,
955 2516 1128 2585 primo
1153 2515 1220 2568 ad
1247 2513 1522 2568 basilicam
1549 2511 1694 2567 beati

110 2609 352 2664 'l‘ihurtii
393 2607 648 2679 martyris
689 2608 742 2662 in
779 2607 860 2660 via
893 2605 1158 2661 Lavicana
1187 2645 1200 2670 ,
1253 2605 1424 2660 tribus
1453 2603 1520 2656 ab
1551 2601 1696 2657 Urbe

109 2713 378 2769 passuum
411 2687 648 2753 distante
683 2697 942 2760 millibus,
991 2695 1348 2765 przeproperis
1375 2693 1696 2764 perveniunt

109 2789 398 2859 gradibus.
433 2787 674 2856 Denique
699 2787 954 2858 martyris
983 2787 1216 2840 tumbam
1241 2793 1440 2857 quanta
1469 2793 1696 2855 possunt

111 2879 394 2950 diligentia
443 2878 894 2947 contemplantur,
949 2886 1005 2932 et
1052 2886 1232 2932 utrum
1281 2875 1481 2946 aperiri
1516 2881 1696 2945 posset

113 2971 245 3024 aliis
289 2969 652 3024 nescientibus
679 2977 834 3023 cauta
865 2967 1346 3037 circumspectione
1385 2965 1693 3022 considera-

113 3073 223 3116 tur.
285 3059 486 3116 Deinde
517 3060 570 3114 in
605 3059 886 3115 basilicam
915 3060 1090 3114 eidem
1123 3067 1326 3131 crypta:
1353 3059 1690 3130 contiguam,

113 3153 166 3206 iu
199 3167 312 3222 qua
346 3151 624 3206 beatorum
655 3161 952 3221 martyrum
983 3149 1278 3206 Marcellini
1311 3159 1360 3205 et
1392 3149 1538 3204 Petri
1569 3163 1691 3204 cor-

1797 1981 2094 2044 martyrum
2119 1972 2586 2042 deprecationihus
2607 1983 2910 2028 sanctorum
2935 1973 3189 2044 quidquid
3214 1989 3368 2045 agen-

1793 2063 1920 2118 dum
1945 2073 2028 2118 est
2057 2063 2384 2132 supplicibus
2425 2064 2564 2118 votis
2597 2065 2948 2134 quazrentium
2991 2065 3364 2118 committitur.

1792 2155 2086 2212 Confestim
2127 2155 2176 2208 iu
2205 2155 2320 2223 ipso
2347 2155 2520 2210 noctis
2547 2155 2862 2226 crepusculo
2891 2157 3046 2226 lapis,
3071 2172 3175 2226 quo
3219 2173 3366 2212 sum-

1793 2249 1952 2302 mitas
1981 2247 2208 2316 sepulcri
2237 2247 2454 2316 tegitur,
2493 2247 2560 2300 de
2590 2245 2706 2300 loco
2747 2263 2844 2300 suo
2877 2255 3200 2302 removetur.
3231 2249 3370 2301 Tan-

1793 2338 1912 2394 dem
1941 2337 2212 2392 invenitur
2239 2337 2662 2392 sacratissimum
2703 2339 2872 2392 sancti
2921 2338 3212 2392 Marcellini
3253 2353 3370 2392 cor-

1793 2445 1892 2500 pus
1927 2431 1978 2483 in
2009 2429 2376 2498 superioribus
2405 2429 2640 2497 ejusdem
2675 2428 2902 2498 sepulcri
2947 2429 3197 2482 semotim
3229 2429 3370 2496 posi-

1795 2530 1904 2576 tum
1934 2531 1984 2574 et
2018 2519 2316 2574 involutum
2356 2518 2682 2588 diligentius.
2726 2519 2804 2571 Ad
2831 2517 2946 2586 ejus
2975 2533 3186 2588 quoque
3213 2531 3372 2587 οιψιιῑ

1795 2612 2028 2667 tabulam
2055 2627 2410 2668 marmoream
2433 2614 2659 2683 positam
2683 2615 3028 2668 considerant
3049 2615 3368 2684 (inscriptam

1793 2703 2121 2773 expressius,
2151 2704 2402 2774 quoniam
2439 2703 2653 2774 pretiosi
2687 2704 2936 2775 martyris
2987 2705 3058 2758 ibi
3104 2705 3368 2774 sepultum

1794 2793 2060 2862 quondam
2110 2807 2139 2847 a
2172 2793 2416 2848 fidelibus
2457 2793 2761 2848 venerabile
2794 2794 3010 2864 jaecbat
3056 2809 3268 2865 corpus.
3299 2795 3368 2848 ll-

1793 2885 1898 2941 lico
1925 2887 2046 2940 cum
2081 2899 2290 2940 summa
2323 2886 2666 2941 veneratione
2697 2887 3090 2940 sanctissimam
3133 2885 3376 2938 levantes

1794 2976 2004 3047 glebam
2030 2977 2223 3030 munda
2255 2963 2478 3031 sinddne
2508 2975 2822 3042 involutam,
2843 2973 2996 3043 juxta
3036 2976 3368 3045 corporalem

1794 3067 1937 3122 beati
1969 3067 2196 3124 Tiburtii
2225 3069 2477 3140 martyris
2501 3069 2772 3138 deponunt
2797 3069 3158 3138 pragsentiam.

1863 3157 1914 3213 9.
1951 3157 2043 3213 llis
2083 3158 2157 3212 ita
2197 3158 2451 3226 peractis,
2505 3173 2600 3228 per
2645 3159 2858 3213 diversa
2907 3167 3144 3213 mutatur
3184 3172 3382 3214 corum-

113 3255 252 3310 Pora
285 3241 538 3296 decenter
563 3250 720 3296 erant
753 3241 1043 3306 ιιιῐηιιιθῑεὶ,
1075 3256 1282 3296 summa
1319 3257 1440 3296 cum
1471 3241 1693 3296 honoris
1720 3241 1764 3304 C
1795 3249 2046 3319 cegitatio
2091 3249 2308 3314 mentis,
2349 3257 2403 3302 et
2441 3265 2544 3304 non
2589 3249 2808 3303 minima
2837 3249 3080 3304 exoritur
3103 3250 3368 3314 anxietas,

113 3330 456 3388 descendunt
481 3331 798 3386 reverentia.
834 3329 1192 3387 Nihilominus
1219 3332 1494 3402 explorata
1527 3333 1692 3387 etiam

115 3423 294 3490 ipsius
323 3423 656 3477 monumenti
687 3421 952 3491 qualitate
985 3437 1092 3477 non
1131 3423 1354 3478 minima
1385 3437 1568 3479 secum
1599 3423 1696 3478 hac

115 3514 344 3568 bitando
371 3515 436 3568 ad
467 3521 590 3568 nota
619 3514 876 3569 recedunt
904 3513 1221 3568 diversoria.

183 3607 244 3660 7.
289 3605 393 3661 Sed
434 3613 632 3675 quanto
679 3605 941 3660 secretius
991 3619 1174 3660 secum
1220 3612 1592 3674 pertractant,
1642 3613 1698 3660 et

117 3698 392 3769 hospitem
415 3713 568 3752 suum
594 3713 752 3766 posse
775 3698 942 3752 latere
965 3698 1068 3753 hoc
1091 3696 1288 3753 facttun
1313 3696 1694 3764 determinant,

117 3797 278 3842 tanto
305 3787 464 3842 citius
495 3801 680 3842 eorum
711 3786 973 3856 praevenit
1010 3787 1276 3840 notitiam.
1333 3787 1574 3855 Denique
1601 3801 1694 3840 veo

69 3907 77 3916 -
119 3881 262 3932 ritus
303 3877 556 3948 praefatus
585 3877 843 3933 diaconus
881 3892 946 3932 ne
995 3875 1201 3946 przefati
1247 3876 1406 3947 legati
1455 3874 1692 3930 Hilduini

117 3969 336 4023 abbatis
363 3965 619 4022 voluntati
647 3983 756 4022 suae
785 3967 1159 4022 satisfacerent
1183 3967 1300 4022 sine
1325 3983 1424 4022 suo
1447 3981 1690 4032 assensu,

115 4060 404 4116 consilium
435 4075 618 4116 eorum
661 4061 968 4116 festinando
1017 4059 1548 4130 maluit-praevenire
1577 4059 1695 4114 dili-

117 4152 355 4222 geutius.
411 4152 478 4206 Et
506 4152 629 4222 quia
663 4153 800 4208 idem
844 4153 957 4222 ipse
998 4153 1255 4208 diaconus
1296 4153 1534 4208 locorum
1565 4169 1692 4208 san-

119 4253 334 4296 cluntm
363 4243 660 4312 plcnariam
709 4257 764 4298 et
809 4243 1104 4314 perfectam
1154 4245 1398 4300 notitiam
1439 4246 1691 4310 habebat,

119 4333 318 4387 blande
347 4332 466 4387 illos
496 4335 847 4389 vehementer
877 4334 1186 4404 alloquitur,
1217 4337 1424 4391 scilicet
1455 4345 1512 4389 ut
1539 4351 1690 4390 com-

119 4422 272 4474 muni
321 4421 542 4476 consilio
593 4421 746 4477 fieret
795 4422 1051 4492 quidquid
1101 4423 1363 4494 agendum
1413 4423 1693 4493 dispositio

117 4526 368 4582 supernae
415 4513 630 4567 virtutis
681 4514 1064 4570 innotesceret.
1119 4516 1438 4570 Assentiunt
1487 4517 1693 4586 pariter

1793 3341 1918 3410 quia
1947 3339 2090 3395 beati
2119 3337 2266 3394 Petri
2301 3341 2584 3396 exoreistte
2609 3348 2660 3394 et
2687 3340 2939 3409 martyris
2963 3355 3113 3394 sacra
3145 3355 3248 3392 non
3277 3355 3370 3408 po-

1795 3441 1901 3486 test
1935 3431 2120 3486 haberi
2154 3430 2428 3486 societatis
2467 3431 2774 3499 przesentia.
2803 3427 3019 3483 Talibus
3067 3427 3372 3482 infortuniis

1793 3529 1974 3577 mente
2001 3521 2222 3586 turbati,
2261 3529 2408 3574 tanta
2451 3519 2614 3574 animi
2657 3520 2852 3574 virtute
2895 3518 3158 3581 laborant,
3185 3526 3240 3571 ut
3271 3531 3370 3570 nec

1795 3612 1970 3668 cibum
1993 3619 2291 3676 sumerent,
2313 3625 2410 3666 nec
2435 3625 2625 3665 somno
2648 3611 3072 3679 acquiescerent,
3101 3609 3200 3662 nisi
3231 3623 3371 3660 mar-

1795 3710 1970 3774 tyrum
1997 3715 2222 3772 corpora
2261 3701 2399 3758 sicut
2441 3701 2496 3755 in
2542 3701 2790 3770 passione
2821 3700 2972 3764 socii,
3018 3700 3096 3754 sic
3122 3700 3284 3753 etiam
3319 3699 3368 3752 in

1793 3791 2240 3863 peregrinationis
2293 3792 2488 3848 itinere
2551 3791 2902 3846 deferrentur
2946 3791 3372 3862 inseparabiliter

1794 3883 2050 3954 adiuncti.
2099 3881 2318 3938 Talibus
2353 3882 2635 3939 desideriis
2683 3883 3018 3938 incessanter
3046 3882 3278 3945 accensi,
3305 3883 3369 3933 ad

1795 3975 2160 4046 supradiclam
2207 3975 2402 4030 iterum
2443 3983 2750 4029 sanctorum
2799 3981 3091 4042 martyrum
3129 3980 3370 4042 cryptam

1797 4065 1988 4136 trepidi
2019 4065 2304 4128 accedunt,
2329 4072 2619 4133 apertoque
2661 4063 2778 4118 sine
2820 4062 2924 4114 ulla
2949 4059 3256 4114 diﬂicttllute
3283 4075 3369 4112 se-

1793 4153 2000 4226 pulcro,
2029 4168 2184 4209 sacra
2211 4153 2356 4208 beati
2383 4151 2526 4208 Petri
2547 4153 2829 4208 exorcistae
2847 4159 2902 4206 et
2923 4151 3173 4220 martyris
3203 4163 3370 4202 mem-

1791 4245 1909 4308 bra,
1935 4243 2079 4299 nullo
2117 4243 2453 4312 prohibente,
2493 4243 2788 4314 gaudentes
2829 4251 2883 4298 et
2929 4242 3134 4298 alacres
3161 4241 3368 4296 detule-

1795 4345 1918 4390 runt
1943 4333 2008 4389 ad
2039 4335 2273 4405 propria.
2315 4333 2480 4403 Igitur
2517 4333 2802 4387 levioribus
2829 4342 2884 4386 ut
2913 4331 3208 4402 prmvalcut
3249 4347 3367 4386 sar-

1793 4426 1930 4482 cinis
1973 4435 2224 4498 aptantur
2278 4425 2594 4494 corporibus
2643 4433 2950 4478 sanctorum
3003 4422 3160 4477 loculi
3215 4421 3370 4490 juxta

1795 4518 2106 4588 qualitatem
2149 4515 2406 4588 temporis
2444 4524 2500 4572 et
2544 4513 2905 4570 diliicultatem
2952 4513 3244 4582 arripiemli
3281 4514 3370 4566 iti-

117 4602 346 4657 reusilio
395 4603 578 4669 senis,
633 4611 818 4674 utpote
873 4606 1026 4674 primi
1079 4605 1444 4662 archidiaconi
1495 4595 1964 4663 sanctaeDneris.

121 4693 382 4749 Romana:
409 4695 568 4749 sedis.
623 4694 854 4765 Tempus
903 4711 1114 4767 quoque
1159 4697 1338 4767 operis
1379 4696 1692 4752 festinanter

119 4784 464 4854 aggrediendi
503 4786 773 4854 sapienter
803 4786 1078 4850 indicitur,
1123 4797 1177 4841 et
1219 4790 1336 4857 pari
1375 4797 1500 4842 voto
1541 4803 1688 4842 sum-

121 4875 332 4944 misque
377 4875 657 4930 desideriis
707 4877 1065 4945 pnestolatur.
1125 4877 1275 4932 Tunc
1325 4887 1541 4948 peracto
1590 4877 1688 4930 tri-

119 4967 300 5022 duano
324 4967 548 5036 jejunio,
577 4979 736 5022 noctu
766 4969 832 5022 ad
875 4968 990 5022 loca
1019 4978 1325 5024 sanctorum
1357 4967 1686 5038 pervcnitur,

119 5058 268 5113 nullo
318 5061 582 5114 sentiente
635 5059 997 5114 Romanorum
1049 5060 1244 5114 civium
1287 5079 1297 5112 :
1357 5059 1691 5130 ingressique

119 5147 397 5203 basilicam
437 5150 606 5203 sancti
641 5149 866 5203 'l‘iburtii
901 5149 1156 5220 martyris
1181 5189 1196 5213 ,
1247 5149 1520 5203 solotcuus
1569 5163 1690 5218 pro-

119 5248 476 5296 sternuntur:
517 5241 688 5296 altare
729 5241 856 5296 illud
893 5241 1088 5310 aperiri
1131 5248 1390 5305 tentatur,
1440 5241 1540 5294 sub
1585 5255 1691 5308 quo

123 5329 544 5385 sacratissimum
577 5347 774 5400 corpus
803 5330 1054 5400 martyris
1091 5332 1322 5398 positum
1355 5345 1474 5384 csse
1505 5331 1691 5382 crede-

121 5417 298 5472 batur.
341 5418 444 5474 Sed
477 5436 600 5476 mox
641 5421 694 5476 in
733 5421 906 5489 primo
934 5420 1216 5474 conamine
1243 5418 1411 5472 virtus
1440 5433 1688 5485 qurereno

125 5511 252 5562 ιξιιιιι
281 5509 547 5576 deficitur,
577 5513 700 5581 quia
733 5512 896 5566 nimia
935 5511 1132 5564 mentis
1157 5519 1210 5564 ct
1239 5510 1482 5578 corporis
1511 5511 1686 5564 hort-i-

125 5599 376 5663 piiatioue
396 5603 715 5668 concutitur.
747 5603 1140 5656 Monumentum
1165 5617 1378 5670 quoque
1399 5593 1688 5656 durissimo

127 5703 390 5746 marmore
431 5693 654 5762 politum
696 5693 894 5746 duriori
941 5693 1084 5748 ferro
1127 5693 1312 5748 durius
1345 5693 1544 5748 resiszit
1573 5735 1585 5752 ,
1637 5705 1688 5746 ct

127 5781 426 5836 cenantium
457 5798 644 5836 umuus
671 5783 877 5846 aperire
905 5782 1054 5836 facile
1089 5783 1314 5852 repellit.
1349 5785 1402 5838 lu
1437 5785 1531 5836 hac
1560 5801 1685 5850 ergo

1865 4699 1954 4754 10.
1997 4696 2143 4754 Inter
2195 4703 2341 4752 tanta
2382 4696 2576 4750 divinae
2623 4693 3038 4766 dispensationis
3082 4691 3277 4758 cilicia,
3317 4703 3370 4747 et

1797 4787 2026 4860 religiosi
2055 4789 2230 4843 cultus
2269 4786 2547 4856 obsequia,
2576 4787 2800 4858 contigit
2827 4793 2884 4840 ut
2908 4786 3033 4840 dum
3062 4793 3368 4840 sanctorqu

1797 4889 2094 4950 martyrum
2137 4879 2313 4946 Marii,
2343 4877 2584 4944 Martiae,
2629 4877 2860 4932 Audifax
2890 4887 2942 4932 et
2971 4877 3182 4931 Abacuc
3211 4885 3368 4929 noctu

1796 4983 1958 5025 causa
1985 4969 2246 5024 orationis
2273 4984 2394 5022 eum
2425 4967 2646 5038 praefato
2675 4969 3056 5022 archidiacono
3079 4967 3370 5022 circuit-cut

1795 5056 2126 5122 caameteria,
2157 5057 2349 5111 divina:
2381 5057 2817 5112 commonitionis
2863 5057 3194 5126 perciperent
3239 5071 3360 5108 ora-

1787 5145 1930 5210 cula,
1965 5159 2194 5214 quorum
2242 5144 2700 5202 consolationibus
2737 5154 2791 5199 et
2837 5143 3048 5199 iudiciis
3093 5143 3368 5198 evidenter

1790 5237 2061 5304 instructi,
2083 5251 2268 5292 eorum
2296 5238 2497 5307 pariter
2521 5246 2752 5307 quatuor
2780 5236 3092 5292 tollerentur
3117 5249 3364 5302 corpora,

1789 5337 1843 5382 et
1889 5327 2234 5397 praefatorum
2267 5327 2502 5382 celerius
2547 5327 2972 5381 admiscerentur
3007 5322 3194 5378 loculis
3241 5338 3366 5376 san-

1793 5426 2019 5474 ctorum.
2061 5420 2214 5486 Quod
2261 5437 2382 5476 mox
2417 5420 2530 5474 sine
2563 5419 2666 5473 ulla
2697 5415 3022 5472 dillicultatis
3061 5432 3208 5472 mora
3242 5431 3370 5469 cum

1793 5525 2000 5564 summa
2033 5517 2392 5578 perpetrantur
2423 5518 2502 5562 est
2538 5507 2852 5562 reverentia.

1863 5583 1948 5652 ll.
1983 5599 2070 5653 Sic
2099 5601 2182 5653 illa
2218 5609 2322 5653 tota
2363 5605 2670 5652 sanctorum
2705 5607 2996 5667 martyrum
3031 5611 3206 5650 massa
3249 5597 3362 5648 illu~

1791 5691 1916 5745 stris
1942 5689 2298 5746 archidiaconi
2337 5687 2662 5743 deliberatur
2695 5687 2970 5752 industria,
3005 5697 3058 5742 et
3101 5705 3128 5740 ιι
3165 5688 3361 5757 legata—

1791 5782 1884 5836 riis
1916 5780 2112 5836 domini
2147 5779 2372 5834 iiiliuini
2415 5777 2620 5832 abbatis
2661 5780 2930 5848 gcnnuato
2961 5780 3154 5846 gaudio
3195 5778 3368 5832 dei'cr~
