3902 6412
585 395 683 452 627

1452 392 1781 452 ODILONIS.
1822 390 2129 450 MONACHI
2163 390 2227 447 S.
2263 389 2565 447 MEDARDI
2602 391 2956 451 SUESSION.
3675 393 3741 446 ιιι

586 519 678 562 tur
733 514 1003 574 suscepta,
1061 513 1487 576 caeterorumque
1557 502 1852 577 martyrum
1921 504 2160 574 reliquiis
2189 505 2237 566 Α
2263 504 2476 559 obviam
2507 505 2635 570 ruit,
2676 513 2730 560 et
2759 520 2942 560 sacras
2981 505 3202 560 exuvias
3234 520 3395 575 usque
3437 505 3500 560 ad
3534 515 3740 565 transitum

587 596 840 660 admista,
870 595 1087 664 Papiam
1119 610 1287 665 usque
1314 595 1601 650 deferendo
1625 595 2019 650 exsultantibus
2047 595 2162 648 ani-

585 686 690 740 mis
713 683 917 756 pariter
937 683 1224 737 deveniunt
1245 683 1441 737 eundo.
1463 682 1537 737 lbi
1561 697 1688 753 ergo
1711 691 1930 752 propter
1947 680 2162 750 jumen-

585 783 763 830 torum
796 772 1138 827 refectionem
1169 781 1224 828 et
1263 780 1482 842 propter
1520 771 1774 842 longioris
1813 772 1910 826 via:
1941 785 2161 841 repara-

586 866 787 920 tionem
837 873 1140 920 statuerunt
1178 864 1276 920 sibi
1322 879 1419 933 per
1463 863 1667 932 aliquot
1717 865 1831 918 dies
1875 863 1928 918 in
1971 864 2159 919 eadem

583 953 946 1008 Ticinensium
1012 952 1259 1007 videlicet
1314 951 1478 1021 Papia
1533 952 1750 1006 civitate
1801 951 2160 1022 gratissimam

582 1044 858 1114 indulgere
893 1042 1343 1113 repausationem.
1386 1043 1440 1096 In
1483 1043 1586 1098 hoc
1630 1059 1902 1096 morarum
1940 1058 2160 1097 suarum

581 1134 829 1200 articulo,
855 1135 1079 1204 contigit
1117 1134 1319 1204 legatos
1362 1143 1560 1188 sancta:
1607 1133 1862 1188 Romana:
1907 1133 2162 1189 Ecclesia:

580 1238 612 1279 a
642 1224 887 1279 Romano
918 1224 1150 1279 directos
1174 1223 1427 1293 pontiﬁce
1454 1223 1698 1278 Ticinum
1727 1224 2024 1279 advenisse.
2057 1223 2163 1278 lta-

580 1328 687 1384 que
707 1313 862 1368 veriti
896 1314 961 1368 de
989 1314 1218 1368 adventu
1247 1313 1460 1367 illorum
1482 1313 1584 1368 sibi
1608 1313 1808 1382 aliquid
1836 1313 2158 1369 incommodi

579 1403 668 1457 vel
694 1403 859 1457 etiam
885 1403 1253 1472 impedimenti
1289 1403 1546 1458 accedere
1575 1417 1747 1473 posse,
1777 1404 2005 1472 sapienti
2031 1420 2160 1460 con-

579 1495 704 1550 silio
733 1495 1005 1566 sapienter
1029 1495 1365 1565 pnnsentiatn
1399 1492 1608 1547 illorum
1639 1492 1941 1548 maluerunt
1969 1494 2161 1549 antici-

580 1577 730 1655 pare.
755 1583 1048 1641 Confestim
1077 1584 1145 1640 ad
1174 1585 1403 1640 invicem
1444 1593 1775 1640 secretorum
1806 1600 2027 1640 suorunt
2061 1585 2158 1640 de-

581 1686 768 1750 tegunt
790 1679 1056 1745 notitiam,
1081 1687 1134 1733 et
1157 1693 1252 1747 per
1271 1677 1514 1732 ordinem
1545 1686 1821 1746 exponunt
1847 1677 2156 1733 interiorem

581 1771 759 1826 cordis
802 1772 1106 1827 scientiam.
1155 1771 1246 1826 Illa
1292 1772 1520 1828 Romani
1569 1773 1838 1843 pontiﬁcis
1874 1774 2067 1844 legatio
2098 1789 2158 1830 se

2263 595 2496 650 ﬂuminis
2521 596 2723 650 Axonae
2750 595 3032 651 laudantes
3061 595 3113 650 in
3133 595 3302 664 jubilo
3326 598 3470 651 vocis
3490 614 3594 651 cum
3625 601 3740 655 land:-

2262 683 2363 738 bus
2383 681 2670 739 deduxere.
2703 684 2780 739 Ex
2806 684 2908 738 alia
2943 693 3096 755 parte
3119 684 3350 740 ﬁu-minis
3370 685 3594 756 religiosa
3618 704 3742 745 mona-

2263 769 2487 824 chorum
2522 771 2733 834 concio,
2765 772 3146 827 ecclesiasticis
3174 773 3417 828 redimita
3463 775 3636 839 infulis,
3664 795 3742 834 cum

2263 859 2503 930 pluribus
2529 861 2717 916 aderat
2743 861 2975 916 ﬁdelium
3005 863 3216 926 turmis,
3255 878 3372 932 quae
3399 865 3646 934 geminatis
3662 884 3745 937 gau-

2261 950 2366 1005 diis
2389 951 2551 1007 tantis
2579 967 2638 1007 se
2659 952 2856 1022 gaudet
2881 951 2983 1006 frui
3015 954 3274 1022 patronis,
3301 963 3353 1009 et
3382 955 3561 1010 adesse
3581 973 3744 1027 praise»

2261 1040 2394 1094 tium
2423 1049 2718 1111 martyrum
2745 1043 3083 1110 spectaculis.
3108 1043 3236 1098 inde
3267 1045 3466 1114 pariter
3497 1046 3744 1111 incedentes,

2260 1139 2315 1186 et
2345 1131 2486 1186 diem
2513 1131 2678 1186 variis
2703 1131 2991 1188 luminibus
3035 1144 3312 1204 augentes,
3343 1150 3465 1190 cum
3506 1137 3745 1206 thymiama-

2263 1220 2414 1275 teriis
2455 1222 2774 1290 procedunt,
2805 1230 2859 1277 et
2894 1224 3144 1278 crucibus
3179 1240 3313 1280 auro
3351 1227 3648 1296 gemmisque
3666 1246 3746 1299 pre-

2263 1309 2413 1364 tiosis
2438 1309 2642 1365 aﬁ’abre
2686 1311 2956 1368 distinctis
2983 1313 3262 1369 ordinibus
3303 1315 3596 1372 solemniter
3628 1319 3748 1373 exsul-

2262 1407 2461 1464 tantes,
2498 1399 2550 1453 in
2574 1399 2787 1472 hymnis
2816 1408 2870 1455 et
2902 1395 3125 1464 canticis
3168 1403 3532 1470 spiritualibus
3563 1407 3748 1461 invehunt

2260 1486 2316 1542 in
2345 1489 2572 1544 secretis
2600 1490 2836 1545 basilicae
2856 1492 3030 1548 sancti
3063 1493 3300 1548 Medardi
3328 1496 3671 1564 penetralibus.

2335 1578 2417 1631 14.
2466 1579 2622 1634 Anno
2671 1580 3057 1639 incarnationis
3102 1585 3394 1642 Dominica:
3437 1587 3561 1652 8i8,
3605 1603 3636 1641 u
3669 1588 3748 1642 ldus

2259 1667 2405 1734 Julii,
2437 1671 2758 1726 venerabilis
2800 1673 2969 1730 abbas
3012 1675 3294 1732 Hilduinus
3335 1679 3561 1748 suscepit
3590 1694 3745 1749 corpora

2261 1770 2572 1815 sanctorum
2620 1773 2918 1834 martyrum
2960 1765 3209 1830 Tiburtii,
3242 1767 3528 1823 Marcellini
3561 1778 3609 1823 et
3637 1768 3744 1833 Petri,

582 1864 906 1930 Quantocius
958 1862 1267 1919 manifestat
1321 1865 1374 1920 in
1419 1865 1618 1922 Gallias
1664 1865 1731 1920 ad
1784 1866 2158 1936 imperatorem

2265 1849 2437 1915 Marii,
2471 1851 2712 1919 Marthae,
2740 1855 2971 1910 Audifax
2998 1865 3053 1912 et
3070 1857 3305 1921 Abacuc,
3345 1868 3401 1914 et
3428 1859 3556 1930 apud
3574 1870 3745 1914 sanctum

581 1952 687 2006 iter
726 1951 862 2008 velle
903 1953 1160 2022 arripere,
1196 1953 1325 2023 quia
1354 1955 1580 2024 cogebat
1624 1953 1740 2009 illos
1783 1969 1890 2008 non
1935 1955 2154 2010 minima

579 2041 836 2099 festinare
867 2044 1161 2100 necessitas
1186 2044 1335 2100 sedis
1351 2045 1677 2115 apostolieaa.
1705 2043 1820 2112 Qua
1851 2047 1915 2101 de
1942 2061 2002 2102 re
2030 2045 2155 2102 facti

582 2139 859 2188 nostrates
905 2132 1140 2200 solliciti,
1190 2132 1501 2189 fidelitatem
1543 2143 1847 2205 proponunt
1897 2135 2057 2190 simul
2103 2143 2158 2192 et

580 2224 848 2280 amicitias
868 2224 1074 2281 abbatis
1102 2224 1358 2291 Hilduini,
1380 2227 1750 2281 auctoritatem
1775 2242 1986 2298 quoque
2012 2228 2157 2283 insu-

579 2329 675 2382 per
701 2315 925 2385 piissimi
947 2317 1286 2388 imperatoris
1326 2315 1579 2372 Ludovici
1615 2318 1778 2373 certis
1817 2319 2158 2375 innotescunt

579 2404 825 2472 indiciis,
873 2413 929 2459 et
993 2405 1396 2461 translationem
1452 2417 1759 2462 sanctorum
1809 2408 2155 2477 praefatorum

579 2505 874 2565 martyrum
906 2496 959 2550 in
990 2494 1193 2552 Gallias
1230 2495 1496 2552 luculenta
1537 2497 1743 2552 ratione
1789 2497 2153 2554 manifestam.

651 2583 740 2638 12.
774 2583 972 2655 Sicque
1003 2583 1202 2640 factum
1232 2594 1314 2641 est
1355 2594 1413 2640 ut
1445 2600 1578 2655 quos
1604 2586 1752 2656 prius
1780 2586 2030 2655 querulos
2061 2588 2158 2642 ha-

579 2675 746 2730 buere
789 2674 1171 2747 derogatores,
1225 2675 1566 2746 postmodum
1607 2689 1704 2746 per
1747 2690 1962 2731 omnem
2015 2676 2156 2733 viam

581 2764 870 2820 fidissimos
897 2765 1197 2834 reperirent
1223 2765 1626 2837 suffragatores.
1657 2765 1732 2820 ita
1761 2774 1930 2820 totum
1954 2764 2156 2825 factum

581 2864 683 2919 est,
715 2863 770 2909 et
805 2856 882 2911 sic
907 2871 1004 2927 per
1027 2855 1369 2924 conjecturas
1399 2856 1759 2924 mansionum,
1794 2873 1892 2928 per
1917 2858 2156 2929 pericula

580 2955 634 2998 et
656 2946 929 3004 anfractus
948 2946 1411 3018 Alpium,.tandem
1435 2947 1501 3002 ad
1525 2947 1779 3004 Sanctum
1800 2961 2157 3019 pervenerunt

579 3036 918 3092 Mauricium.
963 3037 1040 3093 lbi
1089 3053 1251 3095 causa
1282 3039 1672 3110 repausationis
1713 3054 1824 3096 suae
1863 3040 2004 3096 diem
2033 3057 2156 3097 cum

580 3135 738 3183 nocte
756 3139 1018 3200 peragunt
1041 3131 1110 3185 ad
1136 3131 1422 3200 integrum.
1450 3131 1736 3187 Enimvero
1765 3146 1887 3188 mox
1917 3132 2005 3188 illa
2034 3148 2158 3189 san-

2263 1941 2573 1999 Medardum
2602 1947 2654 2000 in
2704 1947 2820 2002 loco
2856 1947 3050 2003 celebri
3095 1949 3394 2005 honoriﬁce
3439 1949 3608 2004 collata
3642 1965 3747 2018 pem

2264 2033 2569 2090 venerabile
2597 2050 2792 2105 corpus
2830 2036 3011 2109 inclyti
3051 2040 3307 2109 martyris
3333 2038 3616 2094 Sebastiani
3642 2040 3747 2108 dep»

2262 2125 2388 2191 sita,
2417 2125 2569 2195 cujus
2597 2128 2858 2184 adventus
2894 2138 2948 2185 et
2988 2131 3324 2200 exceptionis
3349 2131 3579 2200 corporis
3600 2130 3664 2182 ille
3683 2139 3748 2182 ter-

2263 2215 2370 2271 tius
2421 2232 2595 2273 annus
2645 2227 2770 2273 tunc
2820 2220 3029 2274 exstitit
3081 2222 3362 2291 temporis.
3413 2221 3485 2275 lbi
3526 2219 3748 2290 Specialiter

2261 2325 2431 2379 usque
2453 2309 2504 2363 in
2527 2309 2844 2365 hodiernum
2877 2311 3016 2367 diem
3045 2311 3113 2366 ab
3135 2312 3282 2366 omni
3323 2311 3514 2382 populo
3535 2327 3635 2366 cum
3654 2311 3744 2363 cuni

2262 2400 2606 2455 veneratione
2654 2400 2925 2466 coluntur,
2975 2411 3031 2457 et
3079 2403 3262 2459 debito
3314 2404 3575 2474 religionis
3614 2404 3748 2456 honore

2261 2489 2612 2558 corporaliter
2649 2490 2828 2545 habita
2873 2500 3189 2559 servantur;
3231 2502 3288 2548 et
3326 2495 3470 2549 sicut
3495 2493 3748 2564 gloriosiores

2261 2578 2466 2635 faciunt
2494 2580 2691 2637 milites
2719 2581 2936 2636 vulnera
2974 2597 3072 2651 pro
3103 2583 3431 2654 imperatore
3462 2591 3684 2652 suscepta,
3705 2583 3748 2634 ita

2260 2683 2314 2728 et
2353 2673 2466 2744 ipse
2508 2674 2647 2730 Deus
2675 2689 2771 2730 rex
2800 2687 3096 2747 martyrum
3142 2679 3406 2733 Dominus
3457 2685 3618 2732 noster
3650 2674 3750 2729 Jcsus

2260 2761 2525 2828 Christus,
2571 2781 2789 2820 suorum
2839 2766 3064 2821 militum
3097 2768 3397 2838 imperator
3432 2768 3670 2838 gloriosus,
3692 2779 3748 2833 pro

2261 2853 2597 2910 confessione
2639 2856 2721 2911 sui
2767 2856 3000 2912 nominis
3048 2867 3311 2928 praetexta
3355 2857 3586 2932 martyrii
3621 2870 3750 2928 ρυῳυ·

2260 2959 2379 3001 reos
2423 2947 2476 3000 in
2524 2947 2776 3002 omnibus
2821 2947 3202 3004 miraculorum
3251 2950 3424 3022 signis
3459 2960 3511 3004 et
3546 2945 3750 3002 virtutibus

2259 3036 2723 3107 eﬁicitgloriosos.
2752 3037 2854 3093 Sed
2895 3038 3019 3108 quia
3063 3054 3158 3109 per
3190 3039 3338 3095 idem
3379 3051 3577 3110 tempus
3595 3050 3695 3108 pene
3710 3031 3750 3085 al

2262 3128 2374 3198 ipsa
2422 3128 2607 3182 ultima
2648 3127 2783 3199 Tyle
2816 3128 2973 3184 ﬁebat
3000 3131 3065 3184 ad
3096 3129 3272 3200 ipsum
3304 3131 3483 3187 locum
3522 3130 3749 3184 innumera-

582 3229 790 3276 ctorum
825 3235 1052 3296 corpora
1100 3222 1290 3279 vilibus
1339 3223 1525 3279 loculis
1569 3224 1798 3290 inclusa,
1843 3225 2158 3282 holosericis
2184 3207 2228 3270 (ἶ
2259 3219 2382 3274 bilis
2412 3219 2651 3274 omnium
2696 3235 2991 3276 concursus
3026 3231 3247 3292 propter
3287 3221 3624 3292 frequentiam
3657 3215 3750 3270 εδηῖ·

581 3311 768 3368 linteis
788 3314 1077 3383 pretiosius
1102 3322 1158 3368 et
1182 3314 1395 3383 dignius
1423 3314 1678 3380 involuta,
1707 3315 1892 3372 feretri
1915 3317 2160 3374 vehiculo

583 3405 835 3461 decenter
864 3407 1230 3477 imponuntur,
1261 3409 1438 3465 aureis
1467 3409 1637 3480 peplis
1665 3410 1896 3482 desuper
1921 3411 2157 3468 obtecta.

581 3497 708 3553 inde
737 3515 858 3555 cum
886 3500 1132 3557 laudibus
1165 3511 1219 3557 et
1246 3504 1497 3574 promoti,
1524 3503 1813 3558 comitante
1840 3502 1934 3558 Dei
1964 3503 2158 3574 gratia,

585 3589 894 3644 thesaurum
917 3591 1325 3648 desiderabilem
1355 3592 1528 3664 palam
1557 3600 1611 3647 et
1643 3600 1830 3662 aperte
1859 3607 1982 3648 cum
2013 3591 2164 3661 adju-

583 3678 722 3732 torio
750 3680 927 3749 populi
957 3682 1294 3737 occurrentis
1328 3682 1564 3751 undique
1596 3696 1763 3750 usque
1797 3681 1864 3737 ad
1901 3681 1990 3737 diu
2021 3695 2157 3751 prae-

582 3770 752 3837 optati
787 3770 934 3825 ruris
959 3773 1186 3826 conﬁnia
1217 3774 1591 3842 deportavere.

659 3859 745 3916 l3.
779 3859 894 3916 1am
922 3870 1046 3919 tunc
1093 3864 1346 3935 temporis
1375 3864 1634 3918 adventus
1663 3873 1973 3921 sanctorum
2019 3865 2162 3922 fama

582 3967 693 4006 non
722 3956 939 4011 minima
982 3959 1138 4028 longe
1162 3960 1374 4031 lateque
1403 3974 1524 4017 sese
1553 3971 1885 4032 resperserat
1910 3980 1922 4016 :
1961 3971 2013 4018 et
2042 3962 2163 4020 ideo

585 4045 729 4100 velut
774 4063 840 4102 ex
889 4050 1142 4106 umbilico
1187 4060 1346 4108 terra:
1392 4054 1797 4111 innumerabilis
1846 4055 2164 4128 erumpebat

587 4134 816 4203 populus
845 4137 1283 4211 circumquaque.
1315 4141 1436 4212 Ipsa
1467 4143 1700 4214 denique
1735 4145 1972 4216 Augusta
2003 4145 2166 4201 Sues-

583 4242 765 4281 surum
795 4243 827 4282 a
854 4229 1061 4288 duobus
1096 4231 1211 4290 fere
1258 4233 1492 4290 millibus
1525 4243 1632 4290 tota
1669 4250 1805 4304 pene
1851 4237 2045 4291 civitas
2085 4237 2167 4292 eis

615 4391 1876 4420 Wh—

2263 3317 2431 3364 tatum
2481 3317 2641 3378 atque
2689 3309 2988 3380 signorum,
3023 3326 3142 3380 quze
3190 3313 3484 3368 indiscrete
3530 3310 3686 3364 ﬁebant
3720 3305 3750 3355 in

2260 3399 2546 3469 praesentia
2576 3399 2814 3468 ejusdem
2857 3402 3111 3472 martyris
3135 3401 3341 3458 Christi
3386 3397 3664 3457 Sebastiani.
3685 3394 3752 3446 siu-

2261 3491 2520 3562 gulariter
2565 3507 2629 3546 ac
2672 3493 2886 3563 pr0prie
2929 3504 3122 3548 cuncta
3171 3495 3546 3551 miraculorum
3597 3486 3751 3555 insignia

2262 3580 2454 3637 diebus
2482 3582 2534 3636 in
2563 3581 2668 3638 illis
2711 3583 2891 3638 habita
2931 3584 2997 3638 ad
3045 3585 3298 3654 prmfatos
3325 3594 3536 3640 sanctos
3566 3588 3755 3646 martyres

2263 3677 2508 3746 quamvis
2532 3687 2800 3746 nequeant
2841 3691 3036 3734 cuncta
3081 3677 3294 3743 referri,
3328 3675 3610 3734 communia
3635 3681 3750 3724 tamen

2264 3767 2411 3824 credi
2439 3767 2586 3823 salva
2611 3767 2716 3822 ﬁde
2744 3778 2969 3837 possunt
2993 3785 3114 3825 esse
3152 3779 3207 3824 et
3239 3770 3367 3824 dici.
3396 3767 3528 3822 Vere
3552 3774 3596 3817 et
3619 3762 3753 3824 ιΙιεφκ

2266 3856 2620 3925 ambiguitate
2645 3856 2749 3911 ulla
2781 3866 3002 3928 propter
3049 3859 3152 3912 hoc
3197 3857 3467 3926 pnccipue
3503 3854 3629 3908 fuere
3659 3862 3753 3902 cont-

2269 3947 2486 4012 tnunia;
2528 3947 2780 4016 quoniam
2809 3949 2949 4003 sicut
2975 3951 3112 4018 apud
3143 3950 3314 4004 Deum
3360 3945 3576 4017 :equales
3599 3939 3753 3997 credun-

2271 4046 2357 4094 tur
2395 4039 2622 4106 mcritis,
2672 4040 2745 4106 ita
2779 4052 2882 4096 non
2929 4040 3160 4097 absurde
3188 4048 3447 4112 putantur
3484 4038 3532 4095 in
3559 4025 3754 4108 tum

2270 4134 2549 4190 miraculis
2572 4136 2930 4190 communiter
2963 4136 3196 4206 operari.

1877 4387 3753 4420 W

1333 4543 2172 4660 ODILONIS
2247 4543 3088 4658 MONACEI

930 4778 1407 4880 EPIST’OLA
1463 4781 1594 4878 AD
1669 4781 2266 4880 HUCBALDUM
2339 4781 2886 4881 MONACHUM
2962 4782 3044 4878 S.
3127 4777 3501 4878 AMANDI

1537 4980 1695 5042 (Apud
1721 4979 1928 5030 Manen.
1956 4980 2180 5042 Amplius.
2201 4979 2424 5040 Co?lect.,
2452 4988 2566 5030 tam.
2596 4980 2634 5041 l,
2659 4978 2930 5043 pag.286.)

660 5243 867 5299 Priscae
897 5243 1179 5314 gravitatis
1222 5252 1408 5298 tenore
1435 5243 1727 5311 conspicuo
1753 5245 2011 5314 omnique
2037 5257 2164 5314 pro-
2193 5248 2244 5307 D
2271 5257 2376 5312 que
2424 5241 2587 5297 ullius
2625 5239 2977 5312 praerogativa
3031 5238 3209 5296 meriti
3256 5234 3514 5308 pnelibari
3560 5217 3750 5300 promrni

586 5336 771 5391 bitatis
798 5351 994 5406 genere
1014 5333 1356 5404 permodesto
1379 5334 1574 5388 domno
1603 5332 1887 5389 [incenso
1917 5333 2167 5388 humanis

591 5426 896 5496 divinisque
933 5427 1126 5481 studiis
1170 5425 1641 5496 experientissimo
1681 5424 1853 5481 OotLo
1891 5434 2162 5493 peccator,

589 5529 718 5569 vera
764 5525 819 5570 et
865 5515 1246 5572 indissolubilis
1299 5515 1549 5571 amicitiae
1599 5515 1788 5585 copula
1845 5516 2009 5570 etiam
2048 5531 2168 5586 qua

595 5603 794 5658 Christi
833 5605 1034 5674 glutino
1061 5606 1314 5661 nectitur.

665 5697 820 5751 Hunc
845 5705 1040 5752 vestra:
1071 5697 1391 5754 ﬁdelissima:
1427 5696 1764 5768 paternitati,
1802 5711 1868 5750 ex
1914 5711 2021 5766 quo
2065 5697 2174 5767 pri-

597 5805 743 5848 mum
783 5790 1185 5862 pt-tcoptaltilcm
1228 5800 1416 5846 vestrae
1469 5788 1773 5846 dilectionis
1802 5798 2014 5861 gustum
2059 5789 2175 5845 abs-

2277 5332 2673 5387 indeficientem
2706 5330 2758 5384 in
2809 5327 3143 5400 plenitudine
3173 5326 3471 5382 cltaritatis‘
3499 5323 3645 5377 inesse
3679 5313 3751 5366 sine

2276 5422 2616 5477 cunctatione
2649 5435 2752 5475 non
2784 5419 3015 5490 ambigo,
3042 5427 3098 5472 et
3135 5427 3195 5472 ut
3247 5417 3501 5470 ﬁnetenus
3520 5412 3585 5466 sic
3608 5407 3750 5498 mare?

2275 5515 2403 5569 totis
2431 5515 2698 5568 viscerum
2721 5511 3034 5582 praecordiis
3056 5510 3234 5564 ambio
3256 5517 3308 5563 et
3337 5519 3572 5577 esposco.
3602 5495 3750 5552 Misistis

2281 5607 2409 5660 mihi
2451 5605 2685 5660 libellum
2713 5605 2780 5657 de
2805 5605 2926 5658 Vita
2957 5605 3099 5659 beati
3132 5602 3351 5659 Lebn'mi
3383 5597 3528 5654 amici
3569 5591 3638 5646 Dei
3668 5595 3748 5680 illi"

2281 5700 2473 5753 denter
2517 5707 2816 5766 ornateque
2859 5698 3232 5766 compositum,
3272 5694 3442 5750 omnis
3493 5675 3746 5758 νὴῑιοςονδίτ

2284 5792 2527 5861 partibus
2561 5790 2796 5862 nudique
2824 5790 3156 5856 roboratum,
3189 5803 3343 5860 quem
3383 5783 3570 5857 quidem
3596 5769 3682 5840 ιεείο
3714 5768 3746 5813 ﬂ
