3848 5496
105 343 198 400 629

105 457 172 510 nil
200 454 338 524 quod
391 454 443 508 in
479 469 543 509 eo
582 453 966 526 corrigentur,
1019 454 1111 510 sed
1154 451 1295 525 quod
1327 453 1583 508 discendo
1612 462 1666 507 et
1715 459 1741 516 \

105 544 355 600 imitando
409 546 694 615 quisquam
746 547 1152 615 proveheretur,
1216 544 1453 612 reperire
1499 545 1666 613 potui.

105 635 307 703 Magno,
327 643 386 688 ut
414 651 540 690 vere
562 633 754 697 fateor,
781 633 993 704 polletis
1013 632 1248 704 ingenio,
1273 632 1537 688 inﬁnitam
1559 649 1672 688 ser-

105 723 267 778 monis
295 724 508 779 habetis
544 721 985 793 suppellectilem,
1025 723 1097 776 ttil
1147 721 1391 776 Latinius
1420 722 1670 792 eloquen-

103 816 183 867 tia:
218 823 433 878 vestrce,
471 813 544 868 nil
584 812 884 885 pulchrius,
916 811 988 866 nil
1017 827 1252 881 unquam
1301 811 1406 882 legi
1438 810 1667 865 dulcius.

101 904 140 959 0
169 904 293 959 felix
336 903 529 970 Gallia,
563 919 682 975 qua:
726 905 817 958 tali
865 903 1166 958 illustratur
1210 903 1464 958 doctore!
1506 902 1674 959 Miror

101 1010 190 1048 cur
241 994 373 1048 mihi
428 995 678 1063 imperito
729 993 1030 1064 nulliusque
1079 993 1334 1047 momenti
1376 1008 1439 1046 ac
1489 992 1668 1046 meriti

100 1085 247 1138 ﬂores
271 1084 590 1153 eloquentiae
614 1093 804 1137 vestrae
829 1083 1084 1138 miseritis
1109 1082 1515 1137 discernendos.
1548 1081 1664 1136 Non

100 1173 418 1227 debuissetis
471 1188 556 1226 me
612 1188 876 1226 annorum
938 1187 1166 1226 numero
1219 1173 1516 1237 aestimare,
1567 1188 1669 1228 nec

99 1265 408 1334 sapientiam
461 1264 628 1328 canis,
703 1264 797 1319 sed
849 1279 1015 1320 canos
1066 1265 1347 1335 sapientiae
1399 1273 1666 1334 reputare,

99 1356 380 1411 Salomone
433 1362 722 1410 testante':
789 1354 920 1409 Cani
958 1355 1181 1409 hominis
1210 1355 1487 1424 prudentia
1533 1354 1666 1424 ejus.

97 1443 418 1502 Perlnutatis
469 1447 522 1501 in
576 1463 660 1501 me
695 1463 871 1501 rerum
907 1447 1174 1511 ordinem,
1229 1456 1284 1502 et
1333 1447 1476 1516 quod
1506 1461 1606 1518 ego
1637 1461 1668 1500 a

97 1533 238 1586 vobis
270 1535 491 1604 exigere
520 1533 833 1600 debueram,
861 1536 1022 1589 sicuti
1064 1545 1120 1590 et
1162 1535 1263 1590 ieci
1291 1535 1358 1590 de
1379 1536 1673 1588 virtutibus

850 1827 1696 1942 ODILONIS

1449 340 1814 398 SERSIONES
1850 342 2028 398 TRES

3247 344 3368 400 εὖθ’

1771 455 1950 507 domui
2007 455 2108 508 mei
2161 453 2486 520 Sebastiani,
2539 469 2634 509 vos
2681 468 2841 525 quem
2898 452 3124 522 phorum
3180 456 3348 510 totius

1772 545 2071 614 prudentia:
2095 560 2282 600 omnes
2311 545 2576 600 mirantur
2617 545 2821 609 Galliae,
2855 559 3027 600 meam
3074 545 3349 615 quantilli-

1773 644 1936 690 tatem
1987 650 2089 689 non
2138 637 2406 707 dedignati
2465 637 2597 691 estis
2643 645 2912 706 expetere.
2969 634 3074 690 Sed
3127 636 3348 704 ignosco

1773 725 2065 797 dignationi
2108 735 2316 781 vestrze.
2360 725 2540 782 Nostis
2583 728 2829 793 exaltari,
2866 727 3034 783 nostis
3061 739 3118 782 et
3161 727 3343 782 humi-

1775 816 1917 868 liari.
1966 816 2029 869 Et
2077 814 2354 884 Scriptura
2407 816 2652 886 przecipit
2701 834 2715 870 :
2757 827 2952 887 quanto
2998 833 3219 886 magnus
3269 833 3345 882 es,

1774 907 1994 960 humilia
2044 916 2092 960 te
2139 907 2190 960 in
2235 907 2494 960 omnibus.
2547 907 2772 962 Fecistis
2820 909 3034 978 quidem
3090 908 3192 962 hoc.
3241 924 3347 962 non

1773 998 2110 1061 necessitate,
2144 997 2236 1051 sed
2267 997 2544 1051 voluntate
2568 1007 2622 1050 et
2667 997 2736 1052 ob
2775 998 2988 1068 genium
3026 999 3195 1054 nostri
3245 998 3347 1054 loci

1773 1103 1999 1157 meoque
2019 1103 2219 1142 amore.
2249 1086 2458 1143 Olmixe
2485 1087 2744 1158 deprecor
2766 1089 2843 1143 uti
2873 1089 2978 1144 mei
3001 1090 3120 1146 sitis
3145 1104 3364 1144 memor:

1773 1180 1912 1234 inter
1944 1180 2223 1234 orandum.

1847 1268 2119 1324 llucbaldo
2141 1271 2308 1341 sopho
2329 1270 2514 1342 sophia
2545 1271 2616 1326 sit
2635 1287 2844 1342 semper
2865 1274 3058 1338 amica,

1848 1363 2152 1418 llucbaldus
2174 1366 2372 1433 sorihus
2393 1366 2596 1434 Sophim
2622 1382 2834 1437 semper
2871 1369 3094 1424 amicus.

1850 1452 2092 1523 Exposco
2123 1455 2222 1509 hoc
2251 1454 2405 1510 Odilo
2430 1465 2683 1526 peccator
2709 1472 2942 1512 cernuus
2963 1473 3079 1528 ego.

1773 1827 2623 1944 MONACEI

1145 2057 1887 2174 SERMONES
1951 2057 2309 2171 TRES

1101 2247 1426 2344 (Bibliotheca
1452 2278 1792 2338 Floriaceuis,
1812 2283 1929 2329 tom.
1951 2278 2016 2339 ll,
2038 2292 2148 2342 pag.
2178 2279 2429 2341 136-155.)

1695 2539 1744 2602 Β
1775 2539 2067 2593 anchoram
2095 2558 2109 2606 ;
2164 2549 2434 2612 quatenus
2460 2542 2528 2598 ab
2555 2543 2647 2598 illo
2679 2558 2781 2600 nec
2831 2553 3004 2601 morte
3035 2558 3217 2617 posset
3246 2549 3357 2605 dis-

349 2681 584 2738 SERMO
621 2681 709 2736 DE
747 2679 1018 2736 SANCTO
1055 2677 1403 2734 MEDARDO.

155 2819 352 2888 Operae
390 2819 622 2888 pretium
653 2827 758 2882 est,
803 2824 1001 2871 fratres
1029 2816 1358 2882 eharissimi,
1400 2824 1457 2869 ut
1486 2814 1538 2869 in
1562 2827 1676 2868 me-

82 2909 316 2963 moriam
346 2917 627 2962 revocetur
667 2923 772 2977 quo
793 2906 1123 2961 excellentia:
1153 2905 1296 2960 cultu
1321 2914 1377 2960 et
1399 2905 1673 2977 religionis

82 3006 368 3066 provectu,
400 2996 548 3050 locus
581 2996 722 3050 beati
768 2995 1001 3049 Medardi
1032 3011 1128 3064 per
1165 2995 1508 3050 succedentia
1541 3003 1672 3049 tem-

83 3103 214 3156 pora
272 3086 588 3147 etllorucrit,
660 3095 715 3139 et
773 3085 824 3139 in
884 3101 1162 3140 servorum
1220 3099 1442 3139 suorum
1491 3085 1672 3140 hostes

85 3185 285 3244 quanta
331 3176 599 3229 interdum
644 3175 850 3229 ultione
885 3176 1002 3246 ejus
1054 3176 1134 3229 ira
1161 3173 1494 3230 elTerbuerit.
1546 3175 1671 3230 (Ilo-

87 3269 258 3323 tarius
289 3284 521 3337 namque
545 3282 636 3322 rex
665 3267 1023 3332 Francorum,
1044 3267 1336 3321 benevolus
1362 3282 1488 3336 erga
1511 3267 1668 3321 obse-

88 3362 272 3428 quium
296 3368 348 3413 et
378 3358 740 3413 reverentiam
771 3365 1100 3422 sanctorum,
1130 3356 1274 3426 quod
1291 3367 1416 3412 ante
1443 3367 1669 3414 mortem

88 3451 429 3505 s:mctissimo
497 3449 858 3519 spoponderat
913 3449 1052 3512 viro,
1123 3458 1243 3518 post
1292 3448 1672 3503 delibationem

89 3540 333 3611 corporis
356 3540 521 3603 illius,
553 3538 756 3593 eﬁicaci
785 3538 836 3591 in
867 3547 1126 3608 quantum
1157 3535 1305 3591 licuit
1329 3536 1673 3590 administra-

87 3635 162 3687 vit
189 3633 390 3689 studio.
425 3631 674 3687 Collectis
699 3631 841 3686 enim
876 3630 1197 3685 necessariis
1220 3629 1272 3683 in
1301 3637 1570 3700 sumptus,
1601 3628 1669 3684 ad

86 3724 472 3795 perﬁciendum
521 3737 640 3792 qua:
692 3720 775 3774 vel
807 3720 1024 3790 regiﬁco
1063 3720 1208 3786 luxu,
1257 3719 1340 3774 vel
1383 3719 1672 3790 promptis-

87 3816 223 3868 sima
287 3826 737 3885 quorumcunque
801 3810 1036 3865 ﬁdelium
1101 3811 1374 3866 oblatione
1429 3812 1668 3866 exhibita

88 3914 248 3968 sunt,
301 3904 478 3959 nobile
526 3903 782 3972 templum
830 3909 1171 3967 construere,
1204 3902 1339 3955 mira
1369 3902 1666 3972 peritorum

89 3964 250 4065 carpit
283 3996 607 4050 [atomorum
637 3964 780 4047 arte.
820 3990 931 4047 Hoc
969 3964 1667 4062 itaquevsubtilifundatum
1697 3964 1740 4027 ε

88 4088 338 4150 artiﬁcio,
373 4085 625 4140 luculenti
653 4083 784 4138 satis
826 4083 1093 4154 superque
1119 4094 1404 4152 provectus
1436 4084 1670 4154 ingenio,

89 4180 152 4233 ad
195 4193 430 4250 unguem
469 4177 521 4231 in
566 4175 746 4230 brevis
793 4175 1049 4244 temporis
1095 4175 1268 4246 spatio
1311 4175 1670 4244 perduxisset,

91 4272 187 4325 nisi
209 4269 515 4326 communis
541 4283 662 4323 eum
687 4267 877 4321 mortis
904 4267 1192 4331 sententia,
1217 4267 1318 4320 heu
1338 4267 1469 4337 proh
1490 4267 1668 4322 dolor!

91 4366 380 4434 rapuisset.
446 4363 582 4418 Nam
655 4361 889 4417 Turonis
941 4363 1007 4416 ad
1080 4372 1326 4417 sanctum
1383 4361 1672 4418 Martinum

91 4458 258 4526 gratia
315 4471 548 4526 pergens
595 4454 878 4519 orationis,
933 4453 1033 4524 piis
1099 4453 1248 4508 illum
1301 4455 1552 4523 precibus
1609 4470 1672 4510 ac

93 4549 406 4602 muneribus
475 4545 697 4616 placuit,
779 4545 1204 4614 circumquaque
1278 4545 1441 4599 etiam
1500 4545 1670 4614 posita

96 4638 421 4693 monasteria
484 4635 818 4708 praecordiali
867 4635 1202 4706 perlustrans
1250 4646 1395 4703 voto,
1445 4636 1673 4707 singulis

96 4740 251 4799 prout
289 4730 463 4784 visum
498 4737 580 4783 est
617 4729 837 4782 donaria
869 4728 1160 4794 distribuit,
1197 4729 1431 4785 dictante
1469 4727 1672 4798 Spiritu

98 4836 299 4880 sancto.
341 4825 635 4895 Regressus
657 4840 784 4894 ergo
809 4825 859 4878 in
884 4822 1110 4890 Gallias,
1141 4834 1393 4880 venatum
1427 4826 1480 4880 in
1507 4821 1674 4879 Colize

100 4920 234 4974 saltu
267 4920 715 4989 abierat;ibique
755 4919 930 4976 valida
955 4919 1105 4975 febre
1145 4932 1452 4990 correptus,
1485 4933 1676 4990 corpo-

103 5010 174 5064 ris
228 5011 390 5080 cmpit
445 5010 660 5066 destitui
709 5009 930 5065 viribus.
983 5010 1109 5065 lude
1161 5011 1229 5064 ad
1283 5009 1674 5081 Compendium

102 5099 274 5154 villam
300 5100 564 5163 reduetus,
603 5099 854 5167 viamque
881 5100 1128 5154 humana:
1157 5102 1339 5156 carnis
1372 5103 1672 5172 ingressus,

103 5193 244 5263 regni
305 5194 516 5264 reliquit
572 5192 834 5256 habenas,
884 5191 976 5260 qui
1042 5206 1152 5244 suae
1204 5192 1392 5250 ditioni
1459 5201 1676 5247 exteras

1779 2629 1936 2696 solvi,
1972 2645 2130 2700 quem
2185 2632 2239 2686 in
2279 2633 2387 2687 vita
2443 2635 2602 2688 unico
2637 2650 2853 2705 semper
2901 2635 3097 2692 aﬁeetu
3143 2639 3358 2695 habuit:

1775 2717 2010 2774 Decessu
2072 2729 2251 2777 autem
2303 2722 2445 2778 illius
2502 2723 2736 2796 lugubri,
2801 2727 3122 2798 gravissimo
3181 2731 3358 2786 omnis

1774 2807 1944 2864 Gallia
1974 2825 2210 2869 maerore
2262 2812 2562 2881 infremuit,
2604 2825 2659 2870 et
2706 2832 2842 2886 opus
2899 2818 3025 2874 illud
3057 2820 3353 2890 egregium,

1773 2903 2168 2972 permutatione
2216 2905 2409 2976 regalis
2461 2907 2684 2975 sceptri,
2733 2909 2974 2978 elanguit
3011 2926 3354 2982 suSpensum.

1775 2990 1878 3046 Sed
1906 2993 2046 3048 sicut
2074 2994 2228 3050 malae
2252 2996 2488 3062 soboles,
2529 2998 2770 3053 actiones
2816 3001 3076 3055 malorum
3103 3012 3358 3072 parentes

1771 3080 2068 3150 imitantes,
2101 3084 2168 3138 ad
2209 3095 2416 3140 reatum
2443 3101 2652 3152 eorum,
2682 3097 2921 3158 paterna:
2949 3092 3188 3146 existunt
3217 3107 3358 3162 pra-

1773 3174 2120 3228 varicationis
2157 3175 2428 3242 hmredes;
2463 3177 2536 3230 ita
2591 3178 2714 3232 boni
2753 3179 2870 3244 ﬁlii,
2911 3195 2979 3234 ex
3027 3181 3184 3236 bonis
3230 3197 3358 3251 pro-

1771 3263 1939 3316 creati
2007 3264 2344 3333 parentibus,
2415 3266 2482 3320 ad
2545 3265 2757 3322 laudem
2818 3268 3055 3334 illorum,
3103 3271 3385 3326 omnibus-

1771 3362 2093 3407 excrescunt
2151 3354 2460 3408 virtutibus.
2517 3354 2836 3425 Sigebertus
2892 3357 3134 3426 ejusdem
3214 3358 3362 3416 illius

1771 3441 2022 3508 Clotarii,
2095 3446 2237 3513 patri
2308 3445 2548 3499 unanimi
2606 3445 2936 3502 Francorum
2988 3464 3253 3504 consensu
3303 3452 3362 3505 in

1773 3548 1998 3604 regnum
2029 3533 2327 3599 successit;
2363 3535 2641 3590 studiosus
2678 3536 2875 3592 divinze
2923 3539 3200 3609 religionis
3235 3539 3363 3595 fun-

1771 3624 1944 3690 dator,
1969 3625 2107 3680 sicut
2137 3624 2437 3682 indefessus
2466 3627 2792 3684 Christianae
2818 3631 3171 3700 professionis
3197 3648 3359 3688 aemu-

1771 3712 1926 3768 lator.
1963 3714 2060 3769 llic
2088 3714 2280 3771 intimo
2308 3715 2487 3771 cordis
2517 3727 2840 3787 provocatus
2863 3718 2999 3787 zelo,
3033 3721 3223 3776 eodem
3249 3737 3357 3794 quo

1770 3815 1825 3861 et
1860 3815 2015 3878 pater
2063 3821 2191 3878 erga
2240 3818 2486 3865 sanctum
2530 3809 2623 3864 Dei
2655 3811 2864 3867 amoris
2881 3810 3130 3882 flagravit
3168 3815 3355 3870 incen-

1771 3900 1882 3964 dio,
1914 3909 1968 3954 et
2019 3915 2155 3970 opus
2197 3903 2340 3971 quod
2372 3902 2516 3958 illius
2547 3912 2722 3960 morte
2761 3905 2940 3961 fuerat
2969 3907 3355 3979 interruptum,

1772 3990 1987 4059 pietatis
2032 3991 2227 4056 studio,
2275 4007 2534 4063 prospere
2581 4010 2752 4078 usque
2782 3997 2847 4050 ad
2889 3997 3064 4066 ipsum
3103 4000 3358 4068 perduxit

1772 4081 2062 4152 fastigium.
2077 4083 2226 4152 Quod
2242 4083 2450 4140 scilicet
2463 4087 2790 4152 coenobium,
2808 4089 3092 4159 utrobique
3111 4091 3357 4146 miranda

1771 4173 1854 4226 sui
1897 4173 2212 4229 habitudine
2231 4176 2610 4246 conspicuum,
2650 4178 2878 4233 interius
2903 4181 3092 4235 ordine
3119 4183 3276 4237 simul
3304 4193 3360 4240 et

1773 4263 2031 4334 religione
2071 4265 2223 4330 cleri,
2276 4267 2534 4322 decenter
2575 4269 2888 4336 adornavit;
2935 4273 3174 4328 exterius
3226 4290 3358 4331 vero

1770 4358 2096 4428 praediorum
2139 4374 2358 4414 suorum
2401 4361 2849 4432 delegationibus,
2904 4364 3218 4421 solemniter
3242 4383 3360 4424 am~

1773 4449 1988 4519 pliavit,
2040 4451 2271 4506 feliciter
2317 4453 2532 4519 extulit,
2564 4463 2784 4509 strenue
2827 4458 3096 4526 provexit.
3155 4460 3366 4516 Deinde

1773 4539 2024 4596 fraternae
2070 4541 2283 4597 inhians
2333 4543 2484 4608 neci,
2542 4559 2663 4598 eum
2715 4545 2768 4599 in
2832 4546 3080 4604 Tornaco
3135 4551 3360 4608 civitate

1773 4629 2133 4702 Chilpericum
2179 4634 2461 4699 obsidere,
2511 4639 2830 4706 praeparatis
2871 4640 3181 4710 disponeret
3227 4645 3360 4700 insi-

1773 4725 1917 4791 diis,
1972 4727 2210 4782 versutia
2267 4725 2636 4797 Fredegundis
2699 4731 2884 4787 uxoris
2940 4747 3052 4788 sua:
3111 4735 3370 4805 regimini-

1773 4819 2065 4874 terminum
2107 4821 2382 4891 imposuit,
2420 4822 2625 4892 pariter
2671 4831 2719 4876 el
2755 4823 2908 4890 vitae;
2942 4825 3180 4896 gladium
3219 4829 3364 4881 enim

1773 4924 1932 4978 quem
1968 4911 2118 4965 fratri
2151 4912 2541 4976 intentaverat,
2569 4912 2622 4965 in
2655 4928 2750 4966 sua
2779 4929 2940 4970 versa
2997 4915 3112 4968 vice
3141 4917 3365 4970 retorsit

1774 5000 2016 5066 viscera;
2045 5009 2101 5054 et
2132 5001 2255 5054 inde
2284 5004 2536 5069 protinus
2564 5001 2790 5065 interiit,
2833 5003 2975 5058 unde
3014 5016 3155 5057 czeca
3188 5013 3373 5058 mente

1769 5091 2005 5147 ulterius
2049 5092 2419 5149 insidiabatur
2457 5093 2725 5159 sanguini.
2771 5092 2928 5148 Hune
2958 5094 3100 5148 enim
3129 5092 3377 5148 Teruen-

1778 5197 1974 5236 nenses
2011 5182 2208 5250 gemini
2271 5189 2522 5252 lyruues,
2573 5179 2942 5238 fraudulenter
2989 5195 3150 5250 super
3204 5197 3263 5236 se
3321 5183 3376 5236 in

99 5296 303 5350 quoque
342 5285 580 5339 nationes
604 5279 1002 5350 subjugaverat.
1029 5277 1191 5346 Cujus
1214 5295 1412 5352 corpus
1439 5295 1668 5335 suorum
1705 5309 1750 5368 ο
1779 5289 1956 5344 regem
1998 5274 2212 5328 elevare
2250 5273 2606 5335 SimulantCS,
2643 5271 2865 5340 spiculis
2908 5279 3126 5338 Γοβειιιο
3178 5273 3382 5340 ίηΨ¹Ὅ⁶

99 5368 297 5434 ofﬁciis,
355 5369 561 5430 funebri
622 5368 894 5438 triumpho
933 5368 1293 5425 Suessiouicue
1345 5375 1558 5427 illatum
1588 5378 1670 5424 est

99 5458 288 5496 ιιίινῖιιιιῖ
311 5475 323 5486 ο
359 5472 404 5492 nl
443 5464 491 5494 ἶη
523 5459 719 5494 Α-ιιιιιη
753 5474 910 5496 "nam
943 5467 1177 5496 nmnnrnl
1239 5466 1470 5496 ιιοηιιιιηι
1520 5459 1673 5496 ﬁnio-

1775 5367 1950 5423 visum
1988 5367 2346 5421 vibraverunt
2403 5385 2496 5442 per
2527 5365 2695 5418 latera
2717 5402 2730 5427 ,
2788 5375 2848 5418 et
2877 5364 3100 5420 invitam
3132 5377 3390 5418 evomere

1775 5461 1874 5496 :nc:
1927 5462 2131 5496 nnrhnn
2183 5465 2616 5494 ηυληυου-νιι-Αυίηθ
2681 5460 3050 5496 ΜινυηκυῖΑ-ιιηι
3124 5457 3359 5494 Quintam
