3848 5506
536 285 638 339 £33!

1418 282 1728 339 ODll.O.\'lS
1767 279 2066 335 MONMLIH
2107 282 2163 338 S.

2196 282 2502 361 nectunt
2539 288 2891 347 suessmx.
3648 308 3721 362 σε

546 381 670 447 lica,
692 388 842 448 juxta
869 387 1148 447 paternum
1174 376 1311 451 latus
1341 393 1529 446 magna
1561 374 1892 429 reconditum
1923 375 2110 444 gloria.
2140 388 2191 449 Α
2220 378 2272 431 in
2304 381 2605 433 miserrima
2635 381 2964 448 subjectione
2997 383 3182 454 jugunt
3211 399 3576 456 suscepissent.
3601 400 3720 462 .gtlur

535 473 662 527 lltec
701 479 784 527 est
828 484 1022 541 nempe
1061 469 1150 523 illa
1189 469 1433 524 sublimis
1472 468 1640 539 regia.
1698 468 1977 522 nobilitate
2027 470 2108 523 sui

533 575 797 636 prrestaus
838 572 895 618 et
932 562 1113 632 operis
1145 561 1440 617 subtilitate
1486 560 1705 631 inclyta,
1749 575 1868 628 qum
1908 560 1963 615 in
2012 574 2113 615 suo

534 654 708 715 solido
754 652 936 707 tandiu
981 651 1218 721 perstitit
1264 660 1404 706 statu
1432 692 1447 717 ,
1494 663 1775 720 quousque
1822 658 2106 719 paternam

531 745 901 803 monarcbiatn
952 743 1255 799 Ludovicus
1280 743 1513 813 suscepit
1545 743 1834 810 Augustus.
1872 740 1990 808 Quo
2027 741 2110 795 vi-

529 854 647 895 cem
669 852 820 893 suam
849 844 1042 907 agente
1071 835 1125 889 in
1149 835 1401 904 sceptris,
1437 834 1529 904 qui
1562 835 1749 889 eadem
1802 832 1920 887 aula
1970 833 2109 888 inte-

528 929 693 985 rioris
738 927 862 983 atrii
909 926 1260 982 claudebatur
1283 924 1568 995 angustiis,
1614 924 1686 978 ita
1730 931 1816 978 est
1842 939 1871 976 a
1912 921 2108 977 funda-

526 1030 709 1077 ntettto
752 1022 952 1085 diruta,
998 1027 1058 1073 ut
1102 1018 1239 1090 lapis
1274 1034 1436 1087 super
1472 1017 1725 1087 lapidem,
1757 1017 1811 1073 in
1863 1024 1972 1072 tota
2014 1015 2102 1069 illa

525 1127 866 1182 nequaquam
924 1106 1320 1179 relinqueretur
1351 1108 1577 1163 fabrica.
1625 1107 1762 1162 Nam
1803 1106 1943 1161 idem
1988 1105 2102 1177 glo-

523 1203 705 1257 riosus
751 1200 955 1266 Ctesar,
984 1197 1288 1255 virtutifcra
1325 1197 1467 1254 beati
1510 1197 1810 1253 Sebastiani
1847 1197 2104 1267 martyris

525 1296 764 1350 membra
805 1295 980 1347 eidem
1021 1292 1336 1360 jamdudum
1384 1290 1498 1345 loco
1539 1291 1834 1356 invexerat,
1886 1299 1940 1346 et
1980 1292 2102 1348 ideo

523 1385 704 1440 divina
758 1384 931 1438 virtus
973 1383 1269 1453 promptior
1310 1382 1377 1436 ad
1423 1382 1743 1436 medendum
1799 1382 2101 1453 quibusque

518 1477 738 1549 patebat
785 1475 1069 1531 debilibus.
1098 1460 1324 1543 Propter
1373 1489 1695 1529 concursum
1743 1489 1871 1546 ergo
1913 1474 2100 1530 insoli-

518 1578 740 1638 tantque
770 1565 945 1641 populi
974 1564 1360 1634 frequentiam,
1380 1578 1501 1633 quae
1542 1563 1782 1633 quotidie
1825 1564 1894 1618 ob
1939 1563 2099 1617 innu-

519 1672 671 1710 mera
714 1654 978 1709 mirabilia
1033 1653 1245 1709 meritis
1272 1644 1515 1723 ejusdem
1554 1652 1794 1707 exhibita
1838 1653 2101 1725 martyris

2214 469 2481 541 spatiosus
2518 469 2725 541 regalis
2750 469 2932 541 prtedii
2979 470 3173 525 fumlus
3213 472 3489 530 Matwallis
3513 481 3590 547 qui
3613 490 3719 549 quasi

2212 560 2538 617 Bona-vallis
2579 562 2964 631 interpretatur
3003 578 3108 616 non
3151 580 3215 618 ex
3247 563 3437 620 Latina
3464 578 3609 639 atque
3640 573 3721 626 llr:-

2214 649 2448 715 t-annica,
2488 651 2575 705 cui
2622 649 2883 706 finitimus
2937 660 3038 717 est,
3081 650 3280 723 lingua,
3305 656 3399 709 sed
3422 672 3486 710 ex
3515 659 3721 715 ubertatis

2212 740 2541 796 abundantia
2581 741 2860 811 plentequc
2913 741 3202 799 fertilitatis
3238 746 3415 815 copia.
3456 747 3715 804 Sicutenim

2210 834 2483 890 territorio
2535 834 2871 900 diffunditur,
2922 836 2994 889 ita
3045 836 3220 906 ampla
3268 840 3535 908 marsupia
3579 841 3716 895 debito

2208 922 2437 993 complet
2496 939 2699 989 censu,
2755 926 2880 994 quia
2930 925 3059 980 dum
3122 926 3176 980 in
3238 926 3408 980 latum
3466 930 3716 984 extenditur

2206 1014 2484 1083 cespitem,
2531 1013 2867 1087 frequentem
2915 1016 3190 1072 immensa:
3232 1019 3584 1088 possessionis
3619 1034 3714 1088 pra-

2203 1100 2309 1157 fert
2327 1103 2605 1160 cultorem.
2673 1104 2828 1160 llunc
2884 1104 3183 1175 Sigibertus
3241 1124 3335 1162 rex
3403 1107 3713 1173 Francorum,

2203 1193 2513 1264 spectabilis
2539 1195 2955 1264 praecedentium
2995 1195 3195 1265 pietate
3225 1212 3416 1268 regum
3453 1197 3580 1253 inter
3600 1200 3714 1252 multa

2202 1283 2391 1340 collata
2439 1286 2724 1354 beneficia,
2770 1288 3032 1358 perpetim
3071 1298 3263 1344 sancto
3298 1288 3557 1345 Medardo
3582 1292 3708 1361 possi-

2199 1374 2431 1430 dendum
2483 1376 2844 1448 delegaverat.
2893 1379 3059 1448 Cujus
3096 1382 3223 1452 quia
3246 1381 3601 1438 Ceuomanico
3620 1400 3715 1455 pago

2200 1465 2408 1549 adjacet
2460 1468 2750 1534 terminus,
2797 1472 3090 1540 proculque
3141 1472 3405 1528 dividitur
3457 1490 3487 1526 a
3531 1475 3715 1529 Suessio-

2197 1557 2334 1612 nicis
2399 1558 2637 1624 ﬁnibus,
2704 1559 3080 1618 difﬁcillimum
3132 1563 3426 1619 videbatur
3481 1580 3589 1621 esse
3628 1565 3712 1620 olli-

2201 1648 2451 1715 cialibus,
2511 1649 2747 1707 infinitos
2803 1652 2870 1706 ad
2925 1654 3306 1708 monasterium
3363 1666 3596 1726 sumptus
3622 1673 3711 1711 eon-

506 1746 894 1811 .accresccbat,
939 1743 1197 1815 praefatus
1243 1743 1497 1814 princeps
1553 1744 1799 1798 eamdem
1854 1744 2091 1815 priorem
2122 1750 2167 1810 Β
2195 1736 2411 1793 ducere.
2439 1739 2560 1794 Ideo
2600 1740 2820 1795 annales
2850 1742 2969 1812 ejus
2999 1743 3238 1797 redditus
3258 1759 3359 1813 per
3384 1745 3604 1816 singulos
3631 1764 3712 1801 crr-

516 1837 760 1892 fnntlitus
814 1836 1007 1891 evertit
1042 1835 1282 1898 domum,
1312 1835 1455 1903 quod
1485 1834 1706 1889 minime
1751 1841 1892 1900 esset
1917 1848 2089 1903 capax

518 1928 858 1998 populorum,
902 1927 968 1980 ad
1003 1936 1212 1981 tantum
1257 1925 1621 1995 spectaculum
1670 1926 1904 1995 undique
1960 1942 2090 1980 con-

516 2021 818 2073 fluentium.
852 2018 1003 2073 Unde
1024 2033 1089 2072 ex
1114 2018 1247 2076 ipsis
1266 2018 1489 2072 infinitae
1510 2016 1797 2072 oblationis
1815 2018 2087 2087 expensis,

515 2111 660 2166 aliud
704 2111 960 2179 templum
1012 2110 1182 2165 multo
1215 2110 1436 2179 majoris
1485 2110 1713 2164 adorsus
1752 2119 1835 2165 est
1877 2110 2090 2179 quanti-

516 2201 663 2266 tatis,
714 2201 965 2255 omnibus
1016 2200 1266 2254 idoneum
1315 2198 1818 2275 supervenientibus
1872 2192 2090 2269 z'cujus

512 2293 720 2347 scilicet
747 2307 937 2347 onmes
981 2292 1235 2346 cohibere
1266 2299 1447 2361 posset
1480 2289 1735 2345 ambitus.
1770 2289 1922 2357 Quod
1963 2305 2086 2345 cum

511 2384 753 2438 omnium
799 2385 963 2438 decus
982 2382 1240 2436 virtutum
1262 2383 1548 2445 obtineret,
1577 2382 1844 2451 totiusque
1869 2381 2086 2436 schema

506 2474 787 2546 dignitatis
831 2484 885 2528 et
914 2472 1097 2543 gloriae
1131 2473 1527 2544 praetenderet:
1562 2472 1692 2527 nulli
1722 2472 1931 2527 exstitit
1951 2470 2091 2526 infe-

509 2568 656 2641 rius,
691 2567 815 2622 dum
853 2565 1120 2620 universis
1144 2564 1406 2635 elegantia
1448 2564 1532 2618 sui
1586 2579 1707 2620 esse
1764 2562 1958 2619 claruit
1998 2579 2088 2619 su-

506 2657 710 2727 perius.
747 2655 892 2718 ilice,
924 2655 1160 2723 inquam,
1192 2654 1381 2709 domus
1419 2671 1449 2708 a
1476 2653 1931 2713 Marcommanitis
1956 2653 2083 2708 olim

507 2756 719 2812 exusta,
764 2746 834 2801 ab
863 2746 1005 2801 illius
1031 2744 1261 2800 maxima
1298 2759 1365 2798 ex
1394 2753 1548 2816 parte
1598 2730 1861 2798 honorum
1889 2743 2086 2799 decidit

508 2836 763 2908 gradibus
825 2835 1024 2905 quibus
1072 2833 1387 2897 constabat,
1418 2842 1472 2886 et
1523 2833 1678 2901 quasi
1722 2833 1789 2887 ad
1843 2843 2085 2903 postch

505 2942 626 2981 rum
649 2926 902 2991 dedecus,
933 2924 1105 2981 solum
1144 2933 1417 2994 superstes
1447 2922 1665 2978 relictus
1688 2932 1770 2978 est
1790 2924 2083 2977 immensus

505 3026 881 3089 congestorum
916 3014 1150 3086 lapidutn
1173 3028 1418 3071 acervus.
1462 3014 1589 3069 llaec
1625 3014 1787 3069 etiam
1828 3014 1947 3068 istis
1992 3015 2082 3067 lto-

2193 1828 2346 1884 tatim
2394 1843 2565 1885 annos
2600 1830 3053 1892 distrahebantur.
3088 1847 3390 1904 eorumque
3419 1839 3578 1906 pretia
3600 1838 3640 1890 in
3662 1840 3713 1890 tti-

2191 1935 2343 1975 versa
2382 1921 2659 1976 monachis
2691 1922 3173 1978 distribuebantur.
3195 1924 3332 1980 Nam
3363 1926 3493 1981 satis
3527 1937 3573 1981 et
3594 1929 3712 1981 ιιιεηὶε
3800 1908 3801 1969 ἒ

2162 2011 2420 2081 species,
2451 2022 2507 2065 et
2536 2010 2654 2066 alia:
2690 2027 2810 2082 qua:
2865 2012 3077 2069 facilius
3122 2015 3312 2070 deduci
3382 2026 3592 2085 possent
3631 2018 3711 2069 inde

2190 2102 2512 2156 emebantur
2558 2101 2837 2169 utilitates,
2881 2103 3164 2174 taliterque
3207 2115 3412 2160 onusta
3452 2106 3647 2177 plurima
3667 2110 3710 2158 ad

2189 2193 2494 2248 ctrnobium
2545 2195 2795 2264 plaustris
2824 2196 3228 2252 develiebantur
3258 2197 3437 2252 dolia.
3488 2200 3588 2253 Hoc
3627 2198 3708 2251 \i‘a-

2188 2283 2479 2339 rimbertus
2495 2286 2863 2351 considerans,
2882 2287 3074 2342 obvius
3100 2298 3315 2357 captata
3371 2292 3708 2360 opportunitate

2187 2388 2311 2428 cum
2336 2376 2586 2445 superbia
2608 2376 2749 2441 ibat;
2782 2385 2837 2430 et
2866 2377 3167 2433 irreverens
3188 2394 3252 2433 ac
3277 2378 3544 2442 lubricus,
3568 2396 3706 2434 οικιη-

2189 2471 2239 2517 ta
2269 2463 2507 2533 plaustra
2536 2462 2603 2518 ad
2630 2466 2844 2535 propria
2892 2466 3006 2521 suis
3022 2466 3322 2522 deducebat
3362 2470 3707 2523 exsultantibus

2185 2554 2265 2610 Illi
2295 2571 2423 2611 vero
2444 2556 2805 2612 induebantur
2824 2557 3160 2623 confusione,
3180 2559 3272 2628 qui
3299 2575 3555 2615 concessa
3574 2575 3706 2628 super-

2188 2662 2257 2700 no
2279 2660 2501 2703 munere
2530 2649 2879 2719 privabantur
2916 2652 3253 2719 possessione
3272 2668 3290 2715 ;
3308 2661 3372 2706 et
3396 2666 3495 2721 per
3509 2656 3709 2705 acerrim

2186 2737 2532 2809 improperia,
2547 2739 2809 2809 profunda
2832 2743 2901 2796 ab
2920 2743 3027 2796 imo
3041 2744 3282 2813 pectoris
3302 2744 3709 2798 tnultoticstratw-

2182 2814 2312 2882 bant
2340 2830 2590 2899 suspiria.
2615 2830 2838 2885 Factum
2863 2839 3091 2903 estergo
3117 2834 3355 2902 quadam
3387 2834 3519 2899 vice,
3532 2834 3633 2887 dum
3648 2848 3707 2884 et-

2184 2921 2470 2976 teriorlbus
2484 2921 2729 2977 carnifex
2741 2925 2981 2978 studeret
2993 2925 3138 2979 curis
3162 2925 3406 2991 initiare,
3428 2936 3483 2980 ut
3496 2924 3706 2995 explorata

2182 3012 2378 3068 fratres
2400 3014 2517 3084 ejus
2536 3014 2798 3081 absentia,
2824 3015 2939 3070 lt=ec
2950 3017 3137 3071 eadem
3161 3018 3439 3073 venientia
3464 3018 3514 3072 in
3535 3030 3635 3071 suas
3646 3029 3707 3067 ano

504 3106 753 3160 dietenus
790 3114 1034 3185 superest
1097 3104 1446 3175 temporibus,
1478 3120 1597 3175 qute
1624 3105 1794 3159 tribus
1833 3105 2076 3160 dimensa
2106 3115 2149 3176 ρ
2180 3104 2365 3158 dactcr
2384 3106 2781 3162 diverterentet
2806 3109 3159 3163 rccondercnt
3181 3108 3707 3179 apotltecasQutalillc

505 3194 827 3271 intervallis,
853 3202 1059 3250 vastant
1087 3195 1173 3251 sui
1204 3194 1446 3263 corporis
1475 3195 1830 3264 quantitatem
1861 3194 2078 3263 pnefert

506 3285 776 3359 omnibus.
813 3284 1148 3341 Testitudine
1176 3283 1427 3339 videlicet
1457 3285 1721 3351 eminens,
1750 3284 2078 3356 longitudine

500 3392 632 3432 vero
662 3388 823 3449 atque
868 3376 1147 3433 latitudine
1184 3377 1474 3455 plurimum
1498 3378 1785 3457 excellens.
1813 3378 2076 3433 Processu

500 3471 681 3542 itaque
713 3479 992 3540 temporis,
1016 3484 1139 3524 cum
1161 3468 1276 3539 jam
1309 3469 1450 3524 idem
1479 3468 1630 3526 locus
1659 3467 1798 3525 foret
1826 3460 2075 3540 insignis,

496 3570 619 3631 post
645 3561 965 3616 venerabilis
1011 3561 1115 3615 viri
1158 3561 1413 3617 Ausberti
1443 3562 1743 3625 decessum,
1774 3560 1866 3631 qui
1896 3561 2073 3615 eidem

492 3654 791 3727 praefuerat
838 3650 1106 3720 etenobio,
1138 3655 1536 3712 Warimbertus
1560 3654 1801 3724 ejusdem
1833 3655 1934 3710 loci
1966 3656 2073 3731 pris

504 3754 708 3799 matutn
778 3760 888 3801 sua:
954 3745 1221 3815 tyrannidi
1279 3746 1420 3799 rexit
1465 3747 1766 3800 subactum.
1813 3744 2075 3800 Defuncto

494 3845 678 3915 autem
725 3835 1022 3913 Drausione
1044 3835 1402 3890 Sucssionica:
1441 3836 1592 3892 urbis
1624 3835 1902 3911 pontifice,
1935 3839 2072 3906 apud

496 3943 678 3999 regem
722 3928 961 3996 pecunia:
994 3927 1389 3998 magnitudine,
1414 3936 1468 3982 et
1501 3928 1798 3984 amicorum
1839 3930 2073 3987 obtinuit

494 4020 905 4085 intercessione,
955 4028 1013 4074 ut
1053 4028 1110 4075 et
1152 4016 1495 4088 pontificatus
1542 4021 1855 4092 dignitatem
1895 4024 2067 4078 admi-

488 4110 780 4187 nistraret,
810 4126 911 4164 nec
953 4119 1129 4165 tamen
1160 4110 1340 4181 aliquo
1374 4110 1534 4165 modo
1578 4112 1791 4181 pristini
1835 4112 2068 4169 cilicium

486 4200 761 4273 prioratus
790 4201 1078 4269 amitteret.
1111 4192 1242 4257 Erat
1270 4202 1492 4257 enitniu
1517 4203 1667 4258 curia
1699 4203 1981 4273 frequens,
2013 4219 2068 4263 et

432 4286 441 4291 ’
489 4290 777 4359 plurimum
812 4282 955 4345 inter
983 4294 1125 4361 regis
1152 4291 1477 4348 domesticos
1511 4284 1695 4350 valens
1726 4276 1907 4349 :lunde
1930 4306 2065 4350 tant-

491 4383 593 4436 etsi
649 4383 969 4448 dillicultcr,
1024 4394 1201 4438 tamen
1271 4399 1382 4438 suae
1450 4387 1762 4455 cupiditatis
1811 4388 2060 4445 effectum

2182 3197 2429 3261 audiens,
2474 3194 2785 3265 factumque
2833 3198 3056 3252 nimiutn
3106 3215 3250 3269 aegre
3301 3199 3510 3265 ferens,
3535 3201 3579 3253 in
3615 3200 3705 3252 irata

2179 3284 2435 3339 continuo
2457 3301 2552 3338 cxa
2562 3287 2681 3351 rsit,
2702 3296 2756 3339 et
2770 3298 3249 3358 pnesumptuosam
3269 3290 3522 3344 eamdem
3551 3288 3705 3343 temeri-

2181 3382 2361 3438 tatem,
2378 3375 2640 3446 condigna
2656 3377 3032 3433 interminatus
3052 3388 3134 3434 est
3156 3382 3430 3435 sententia
3448 3376 3706 3451 plectimu-

2177 3456 2287 3521 bati
2316 3481 2348 3521 e
2374 3474 2560 3521 contra
2590 3467 2800 3529 fratres,
2829 3468 2896 3522 ad
2922 3469 3227 3523 orationum
3253 3472 3506 3539 pnesizlia
3538 3486 3589 3523 se
3610 3483 3702 3521 cat:-

2180 3556 2417 3611 tulerunt
2460 3558 2759 3622 unanimes,
2788 3568 2844 3612 et
2872 3558 3178 3612 triduanum
3213 3570 3442 3629 agentes
3478 3560 3703 3632 jejunium,

2176 3645 2426 3714 precibus
2453 3662 2516 3703 ac
2544 3647 2796 3719 lacrymis
2844 3663 3133 3719 supernum
3163 3662 3486 3707 constanter
3515 3651 3701 3719 intplm

2174 3733 2305 3788 bant
2338 3735 2615 3790 auxilium.
2653 3738 2770 3805 Quo
2802 3750 3039 3808 tempore
3063 3740 3207 3795 nulla
3250 3742 3305 3795 in
3336 3744 3505 3798 cltoro
3531 3759 3613 3797 vox
3643 3756 3702 3792 διν

3792 3302 3798 3372 |

2174 3826 2444 3893 diebatur,
2482 3828 2576 3883 scd
2615 3832 2921 3886 constitutis
2953 3841 3162 3888 tantum
3191 3837 3368 3903 boris,
3411 3836 3701 3907 psallentium
3792 3862 3793 3899 ι

2172 3917 2314 3976 labia
2345 3921 2725 3989 movebantur,
2750 3923 2877 3978 dum
2907 3925 3006 3981 sub
3035 3926 3255 3983 silentio
3287 3946 3351 3984 ac
3375 3929 3698 4000 lugubrium-

2171 4022 2520 4068 currerentur
2537 4015 2715 4068 omnia
2744 4032 2759 4072 :
2786 4032 2905 4085 qua:
2927 4017 3120 4073 decore
3150 4018 3406 4076 Ecclesia:
3433 4022 3701 4077 excellenter

2170 4101 2386 4155 devotio
2407 4102 2637 4156 instituit
2657 4103 2981 4159 Christiana.
3002 4105 3106 4162 Sed
3133 4110 3249 4164 luec
3268 4127 3354 4166 res
3386 4114 3440 4166 in
3465 4113 3616 4167 oculis
3643 4124 3698 4179 ty-

2171 4192 2348 4257 ranni,
2368 4191 2600 4257 invidias,
2619 4195 2725 4249 odii
2750 4204 2805 4249 et
2827 4196 3107 4252 discordia:
3136 4202 3492 4257 seminarium
3518 4206 3697 4256 "Insunt.

2169 4282 2397 4348 exstitit,
2416 4283 2644 4354 indeque
2666 4286 2864 4341 doloris
2883 4290 3109 4359 sumpsit
3134 4292 3577 4362 supplementum,
3599 4295 3697 4346 uade

2168 4374 2217 4427 ei
2272 4375 2642 4445 respirationis
2682 4378 2965 4448 provenire
3012 4381 3285 4437 debuisset
3336 4385 3696 4440 incrementum.

489 4472 720 4526 οωῑιιιιίι
744 4471 1049 4555 efﬁcaciter,
1084 4473 1338 4543 Utrisque
1364 4492 1492 4546 ergo
1516 4477 1767 4546 μνωιεηιιδ
1787 4479 2056 4550 μρείυηε,
2095 4490 2142 4546 υ
2168 4465 2306 4532 Quid
2331 4467 2514 4523 multis
2544 4470 2841 4525 immorer?
2859 4471 3093 4528 Tandem
3118 4475 3170 4529 itt
3199 4478 3381 4532 sedem
3406 4480 3574 4541 rediit,
3595 4494 3644 4529 ac

489 4573 720 4618 astutam
753 4552 1234 4643 vapido-servabat
1274 4566 1374 4620 sub
1421 4578 1637 4637 pectore
1683 4556 1915 4639 vulpem,
1946 4570 2065 4627 illos

491 4656 794 4711 districtius
822 4658 1092 4726 aequitatis
1122 4672 1287 4728 agens
1313 4660 1542 4725 ratione,
1571 4660 1768 4729 quibus
1815 4664 1866 4715 itt
1905 4663 2064 4717 ovina

484 4746 635 4816 prius
692 4745 915 4800 subdole
970 4747 1257 4815 pnefuerat
1302 4757 1473 4803 veste.
1530 4749 1665 4802 Nam
1722 4765 1843 4804 cum
1889 4752 1988 4805 bos
2031 4768 2060 4823 a

488 4836 841 4892 stccularlbus
885 4828 1059 4891 tutari
1096 4838 1368 4894 debuisset
1428 4840 1855 4909 impedimentis,
1887 4858 2059 4898 saecu-

482 4917 823 4982 laribttssine
852 4927 1152 4981 cessatione
1173 4930 1499 4997 provocabat
1527 4931 1900 4997 irritamentis,
1929 4948 2058 4987 con-

472 5017 661 5093 tinuas
711 5016 957 5087 inlligens
1010 5017 1396 5086 querimonias,
1448 5034 1583 5086 quas
1642 5016 1932 5085 defendere
1972 5023 2058 5093 ju-

479 5108 638 5161 διίιίυε
663 5107 988 5173 auctoritate
1011 5108 1305 5170 debuisset,
1352 5110 1600 5165 inﬂictas.
1631 5111 1906 5181 Siquidem
1937 5132 2056 5184 quae

478 5197 689 5251 illorum
739 5198 1097 5267 suppetebant
1139 5199 1300 5253 victui
1344 5199 1620 5265 diripiens,
1651 5212 1706 5255 et
1732 5202 1783 5255 in
1809 5216 1934 5258 suos
1962 5219 2055 5259 ne-

384 5351 395 5359 _
471 5289 715 5356 ,cesSaria
763 5290 869 5345 illis
914 5278 1042 5345 usus
1077 5302 1419 5362 retorquens,
1454 5296 1713 5351 instanter
1738 5300 2053 5372 profligabat

472 5378 616 5435 bona
643 5396 761 5449 quae
785 5384 897 5435 veri
948 5374 1245 5438 sacerdotis
1290 5385 1476 5457 clypeo
1522 5389 1738 5443 virtutis
1778 5402 2051 5461 oppugnat

830 5475 899 5485 III.

830 5475 838 5484 ι
889 5475 899 5485 ο

828 5472 899 5506 IIII
953 5477 1143 5506 nll:'lllﬂ
1193 5479 1533 5506 ζιιηηηιιιιηΙ-ιιι
1576 5482 1805 5506 ΛΛΙ-..ρισιιιιζ

476 5470 640 5506 Inlan
723 5472 780 5506 ΔΙ

2166 4558 2420 4641 ultionem
2451 4560 2518 4615 de
2541 4564 3045 4631 prrevaricatoribus
3070 4583 3252 4638 prava:
3292 4581 3575 4626 exacturus
3598 4583 3694 4623 etm-

2163 4651 2485 4718 suctudinis,
2526 4654 2811 4725 primoque
2852 4672 3076 4729 surgens
3104 4660 3361 4727 diluculo,
3402 4678 3523 4716 cum
3561 4660 3690 4714 validi

2163 4756 2322 4794 manu
2350 4740 2418 4795 ad
2452 4740 2629 4796 locum
2669 4746 2840 4813 venit,
2880 4748 3149 4804 concitato
3193 4753 3385 4822 spiritu
3442 4756 3626 4821 pariter
3654 4762 3691 4801 ct

2163 4830 2360 4884 animo.
2393 4831 2596 4886 Deinde
2619 4835 2906 4892 comitibus
2945 4838 3145 4908 regiam
3171 4842 3525 4912 pulsantibus,
3554 4857 3689 4900 netu“.

2161 4919 2358 4975 clausis
2392 4920 2675 4992 diligenter
2701 4925 2906 4996 januis,
2946 4944 3263 4999 responsum
3306 4933 3452 4988 dedit
3487 4933 3686 4990 interni,

2160 5010 2285 5078 quia
2314 5025 2408 5080 per
2455 5028 2736 5083 procacem
2774 5017 3105 5089 episcopum,
3137 5038 3327 5079 comes
3354 5028 3406 5079 in
3448 5040 3688 5080 commune

2159 5102 2477 5169 promissum
2492 5105 2594 5161 sibi
2616 5110 2921 5165 metuebant
2942 5112 3185 5168 exitium.
3204 5104 3296 5173 Ille
3319 5132 3443 5173 vero
3470 5118 3688 5174 πρώρας

2158 5195 2396 5263 propius,
2411 5197 2831 5268 easdemjanuas
2846 5192 3053 5257 crebris
3063 5205 3529 5274 pulsabatictibus,
3542 5218 3686 5280 portas

2158 5283 2317 5339 simul
2337 5285 2613 5352 collidens,
2627 5287 2860 5362 ederetis
2873 5288 3086 5348 fortiter
3108 5296 3313 5364 valvas,
3327 5300 3590 5355 iracundia
3603 5297 3685 5369 ple-

2158 5386 2259 5430 nus
2278 5380 2613 5435 concutiens.
2633 5379 2713 5435 Ad
2743 5381 2858 5437 base
2876 5384 3195 5441 aedituorum
3233 5404 3386 5454 unus,
3408 5392 3578 5445 minus
3595 5405 3683 5458 pm-

2487 5473 2527 5506 ic
2558 5470 2737 5506 lnannli
2759 5470 2996 5506 nlnwilum

3048 5477 3094 5506 ll:
3121 5479 3370 5506 nlo.annn.\:l
3396 5481 3573 5506 η...οζι.ιι
3611 5479 3677 5506 Ιια.

2157 5466 2277 5506 νῖι’β
2304 5487 2328 5506 ⁸1
2339 5482 2475 5506 ννυΙὶΙ
