3902 6402
141 401 208 453 33
1029 398 1032 404 '
1434 387 1796 445 SERMONES
1838 389 2035 444 TRES.
2255 439 2262 448 ,
2391 411 2400 422 '
3276 403 3381 457 63f

112 528 179 571 tis
215 511 373 584 capiti
406 522 509 566 tam
543 511 713 565 valide
743 511 892 564 illisit
922 509 1170 573 ferulam,
1191 514 1405 562 uttotus
1433 507 1692 574 sanguine
1721 512 1766 570 Α
1797 505 2070 559 succincta
2097 514 2242 559 esset
2269 505 2546 561 Fortunati
2598 509 2894 564 auctoritas
2949 521 3001 565 et
3054 515 3382 584 negligenter

108 615 444 669 cruentatus,
479 605 692 658 lividam
727 603 918 657 faciem
951 610 1005 657 et
1028 601 1222 656 foedata
1256 616 1350 653 ora
1402 599 1466 652 ad
1504 600 1693 668 ingens

109 695 336 756 referret
360 697 613 752 dedecus.
649 696 796 750 Unde
825 703 883 747 ut
918 701 1034 748 erat
1079 707 1336 754 manens,
1370 691 1693 759 imprecatus

106 798 276 844 estex
305 787 506 850 animo,
533 785 677 854 quod
708 784 949 838 cmlestis
985 782 1233 851 protinus
1262 780 1548 834 clementia
1585 780 1697 833 cvi-

103 882 252 936 dcnti
281 879 573 936 declaravit
604 877 826 948 judicio.
859 875 1126 942 Quoniam
1177 874 1262 928 ille
1296 889 1420 928 non.
1445 871 1564 926 tulit
1599 872 1696 926 im-

102 985 271 1041 pune,
295 967 437 1038 quod
470 968 522 1022 in
562 981 778 1021 servum
809 966 900 1020 Dei
934 965 1094 1018 nimis
1133 963 1335 1019 crudeli
1369 963 1596 1032 injectus
1617 970 1702 1016 est

101 1060 528 1115 examinatione.
574 1057 707 1111 Nam
755 1067 1008 1127 proterve
1058 1070 1292 1125 pergens
1332 1064 1568 1118 oratum,
1612 1052 1698 1106 vix

102 1153 362 1222 poplitem
395 1151 623 1207 flexerat
667 1158 792 1204 ante
842 1148 1041 1202 Sancta
1094 1154 1426 1209 sanctorum,
1471 1153 1526 1200 ct
1572 1157 1702 1200 ecce

103 1249 338 1318 contigit
368 1247 628 1302 divinitus
667 1244 807 1315 quod
843 1253 1036 1297 cuneta
1086 1241 1228 1297 illius
1274 1241 1530 1296 interiora
1573 1255 1700 1308 pro-

102 1347 372 1408 ruperunt
414 1352 511 1408 per
572 1335 678 1390 alvi
733 1343 941 1389 secreta
970 1375 985 1399 ,
1041 1341 1097 1387 et
1140 1348 1304 1402 super
1340 1332 1705 1402 pavimentum

101 1443 236 1488 sunt
263 1432 459 1496 eﬂ'usa,
498 1431 588 1500 qui
623 1429 766 1484 sicut
795 1428 1050 1482 immunis
1092 1427 1310 1496 pietate,
1336 1425 1522 1495 procul
1547 1424 1708 1478 dubio

101 1538 319 1577 vacuus
363 1520 623 1576 remansit
663 1528 716 1574 et
759 1529 972 1583 ventre,
1011 1517 1296 1587 exitusque
1342 1515 1706 1570 testimonium

102 1617 406 1687 perhibuit,
434 1615 576 1685 qttod
599 1612 899 1668 sacerdotis
928 1613 1036 1665 vita
1083 1610 1241 1680 longe
1274 1608 1561 1665 sacerdotii
1600 1621 1710 1660 nte-

105 1707 216 1760 rito
268 1706 443 1775 impar
490 1704 611 1758 fuit.
665 1701 830 1770 Cujus
875 1715 1105 1770 corpore
1140 1711 1294 1754 extra
1328 1697 1508 1768 templi
1549 1696 1710 1749 limen

101 1798 305 1868 ejecto,
346 1796 552 1864 reliqua
596 1809 809 1863 qttoque
855 1791 1117 1860 spurcitia
1159 1789 1396 1844 ﬁdelium
1435 1787 1710 1842 eliminata

1795 597 1976 651 habita
2005 596 2305 666 legentibus
2359 598 2686 667 displiceret,
2748 611 2989 671 potestas
3037 614 3267 675 utroque
3315 625 3383 662 ex

1793 697 2064 758 praecepto
2093 688 2412 744 abedientia:
2455 691 2712 760 opuscula
2758 708 2862 747 una
2901 694 3050 750 coire
3105 698 3388 767 scriptoris

1796 789 1851 835 et
1878 781 2155 835 cohaerere
2183 780 2313 835 fecit
2362 781 2667 846 harmonia.
2721 783 2934 848 Justum
2981 787 3180 858 quippe
3230 789 3385 843 vide-

1797 873 1956 926 batur
1992 886 2132 936 esse,
2184 880 2244 926 ut
2307 887 2417 928 suae
2466 875 2741 930 servitutis
2777 877 3012 932 debitum
3055 879 3389 949 persolveret

1799 962 1991 1017 saltem
2017 978 2084 1018 ex
2109 961 2285 1018 oliicio
2307 963 2522 1034 lingme,
2581 973 2851 1035 quatenus
2899 968 3041 1022 beati
3087 970 3189 1024 viri
3240 985 3384 1040 pra:-

1801 1056 1954 1110 conia
1975 1056 2210 1126 quodam
2259 1055 2463 1126 glutine
2515 1067 2817 1129 compacta,
2871 1068 2926 1114 et
2970 1062 3253 1117 honestate
3299 1063 3388 1119 di-

1802 1155 1974 1217 gesta,
2027 1149 2186 1217 paulo
2216 1146 2478 1216 prolixior
2505 1140 2898 1220 dilucidiorquc
2941 1153 3221 1221 expediret
3263 1167 3390 1208 sen-

1806 1237 1992 1292 tentia.
2025 1237 2138 1294 Nec
2159 1239 2211 1292 in
2236 1239 2416 1308 aliquo
2445 1238 2520 1293 illi
2564 1239 2739 1296 voluit
2791 1242 2905 1297 viro
2963 1244 3241 1314 derogare,
3293 1244 3386 1314 qui

1805 1329 2046 1400 ejusdem
2077 1331 2258 1387 Patris
2292 1333 2480 1396 vitam,
2513 1341 2687 1389 metro
2721 1332 3040 1402 jamdudum
3087 1344 3142 1391 et
3192 1338 3391 1390 arctis-

1807 1420 1943 1475 siuta
1968 1421 2136 1476 edidit
2165 1422 2432 1488 oratione,
2465 1424 2558 1478 sed
2585 1439 2704 1494 qua:
2733 1424 2823 1480 ille
2850 1440 2912 1480 ac
2961 1425 3006 1481 si
3058 1425 3112 1480 in
3155 1425 3390 1480 transitu

1809 1513 2004 1584 tetigit,
2040 1515 2156 1569 haec
2178 1515 2280 1569 iste
2299 1514 2529 1570 dilatare
2560 1515 2786 1581 calamo,
2816 1533 2994 1588 operae
3037 1519 3267 1588 pretium
3293 1519 3392 1572 du-

1809 1604 1907 1658 xit.
1934 1603 2062 1670 Quae
2085 1618 2213 1659 vero
2236 1604 2509 1674 perfectus
2531 1618 2721 1662 orator
2745 1609 2795 1662 in
2821 1609 3079 1664 relatione
3106 1611 3388 1680 praueriit,

1798 1697 1927 1752 ξιιωο
1961 1698 2063 1752 iste
2094 1713 2266 1754 novus
2310 1699 2510 1755 relator
2536 1702 2767 1771 po'steris
2799 1702 3012 1757 tradere
3044 1703 3111 1757 ad
3145 1702 3393 1776 notitiam

1813 1791 2144 1858 procuravit,
2164 1791 2303 1846 haud
2328 1792 2440 1846 suis
2465 1794 2784 1849 commentis
2818 1803 3028 1850 extorta
3049 1835 3064 1861 ,
3095 1810 3396 1866 verumque

101 1899 190 1944 est
231 1889 527 1958 obsequio,
577 1895 634 1942 et
675 1887 762 1940 ille
801 1886 974 1939 locum
1018 1883 1307 1953 sepultura:
1351 1883 1403 1935 in
1450 1887 1706 1936 ctemetc—
1739 1872 1779 1930 Β
1812 1881 2082 1937 veteribus
2109 1884 2456 1952 antiquorum
2483 1875 2766 1957 utcunque
2792 1887 3014 1942 cartulis
3044 1887 3397 1942 iuserta.l{a-

101 1970 214 2044 rio,
241 1994 352 2048 quo
371 1979 565 2048 dignus
595 1976 713 2041 fuit,
745 1975 995 2031 exhausti
1023 1974 1269 2044 corporis
1295 1972 1485 2027 habuit
1509 1972 1696 2024 huma—

105 2073 281 2125 tione.
329 2070 464 2124 llinc
511 2078 756 2138 pastores
798 2068 1102 2121 animarum
1142 2073 1401 2128 metuant,
1454 2077 1521 2115 ne
1557 2062 1705 2114 dete-

102 2164 223 2217 rior
257 2178 353 2216 eos
390 2160 680 2230 aliquando
718 2173 875 2228 poena
917 2157 1177 2220 involvat,
1226 2167 1281 2210 et
1323 2171 1446 2209 cum
1497 2154 1705 2207 discre-

105 2259 260 2309 tione
290 2269 518 2324 pmesse
539 2253 750 2308 discant
778 2251 1026 2315 subditis,
1060 2266 1126 2304 ne
1161 2249 1298 2304 forte
1322 2245 1520 2302 subditi
1551 2254 1704 2299 extra

103 2349 520 2412 discretionem,
549 2345 742 2400 effectu
770 2353 990 2400 careant
1028 2343 1238 2397 salutis.
1265 2342 1398 2396 Cum
1441 2339 1584 2393 enim
1611 2339 1708 2393 lto-

107 2441 246 2492 mini
299 2439 540 2508 adprime
585 2438 635 2492 in
673 2438 780 2490 vita
809 2437 938 2491 utile
963 2436 1053 2499 sit,
1102 2444 1160 2488 ut
1190 2451 1252 2488 ue
1273 2434 1398 2504 quid
1438 2432 1613 2496 nimis,
1644 2430 1710 2484 li-

104 2531 279 2601 quide
333 2530 502 2584 claret
549 2529 691 2598 quod
737 2527 1076 2597 disciplinam
1124 2525 1227 2578 hac
1266 2523 1461 2578 debent
1500 2521 1709 2580 cautela

109 2621 410 2682 moderari,
444 2631 506 2674 ut
554 2621 714 2674 timor
755 2619 1048 2686 nequitiam
1095 2623 1426 2684 compescat,
1467 2621 1516 2667 et
1558 2627 1710 2666 amor

103 2711 380 2781 justitiam
408 2708 710 2764 exercendo
740 2708 1024 2777 provehat.
1055 2707 1130 2761 Ita
1159 2719 1446 2760 successus
1468 2701 1713 2773 proficiet

109 2804 515 2873 subjectorum,
539 2810 594 2856 et
620 2800 894 2871 profectus
942 2813 1128 2853 revera
1163 2794 1545 2866 exagerabitur
1569 2807 1708 2862 prte-

109 2895 435 2959 sidentium,
479 2902 746 2963 eruntque
794 2891 974 2946 omnia
1016 2890 1068 2944 in
1115 2889 1389 2952 omnibus,
1444 2894 1713 2955 quatenus

111 3004 274 3057 :eqne
325 2987 668 3055 onmipotens
714 2985 859 3040 Deus
905 2981 1290 3038 bonorilicetur
1333 2981 1400 3034 ab
1438 2979 1708 3034 omnibus.

112 3079 463 3136 Meminerint
504 3092 721 3147 quoque
777 3084 1018 3132 rectores
1068 3073 1324 3129 Ecclesiae
1371 3086 1438 3127 ne
1491 3078 1713 3142 peccata

108 3169 302 3242 populi
330 3179 642 3225 assuescant
670 3167 990 3232 concedere,
1022 3177 1077 3223 et
1105 3167 1318 3222 illorum
1349 3165 1561 3235 rapiant
1586 3163 1716 3218 sub-

108 3264 398 3328 stantiam,
447 3279 545 3332 pro
584 3262 777 3332 quibus
823 3277 1022 3332 ponere
1062 3260 1276 3322 debent,
1323 3258 1366 3313 si
1414 3231 1786 3316 necessitasC

109 3354 314 3426 exigit,
342 3363 396 3408 et
419 3339 690 3406 animam:
711 3351 816 3406 Pro
842 3353 1031 3408 ovibus
1056 3352 1220 3406 etiam
1246 3349 1470 3413 Christi,
1498 3356 1707 3402 terrena

110 3445 348 3500 omnino
397 3444 555 3499 debet
589 3442 820 3499 facultas
866 3443 1136 3506 distribui,
1184 3457 1251 3495 ne
1297 3441 1422 3495 dum
1462 3456 1558 3494 sua
1610 3437 1712 3492 illis

109 3537 462 3599 auferantur,
485 3535 682 3606 quibus
706 3550 929 3606 corpora
963 3535 1014 3587 in
1043 3523 1237 3587 divinm
1263 3531 1540 3586 servitutis
1569 3539 1714 3600 tyro-

110 3626 271 3681 rinfo
301 3633 636 3696 vegetantur.
679 3624 780 3692 Qui
831 3638 960 3692 ergo
993 3638 1090 3693 pro
1135 3620 1440 3677 commissis
1485 3635 1591 3674 non
1625 3619 1716 3674 dat

112 3728 399 3772 terrenam
454 3717 841 3778 substantiam,
889 3731 987 3769 nec
1036 3730 1134 3784 pro
1171 3714 1373 3768 eisdem
1427 3710 1714 3782 aliquando

110 3809 273 3863 dabit
300 3808 534 3877 animam
569 3800 742 3872 Suam,
767 3822 888 3861 cum
925 3822 954 3859 a
980 3807 1154 3874 primo
1181 3805 1404 3860 minimo
1434 3801 1716 3874 pervenia-

113 3911 206 3953 tur
232 3900 303 3952 ad
332 3885 632 3953 extremum
681 3898 870 3964 majus,
901 3907 954 3951 et
984 3907 1314 3966 postremum
1356 3895 1530 3966 majus
1558 3909 1717 3947 nemo

110 3989 534 4060 apprehendat,
579 3989 682 4042 nisi
730 3988 878 4058 prius
935 3988 1168 4057 primum
1227 3985 1506 4041 minimum
1561 3998 1717 4054 exer-

110 4092 266 4135 teat.
319 4080 638 4134 Sacerdotes
681 4094 806 4133 vero
853 4075 946 4133 Dei
992 4079 1155 4132 verbo
1205 4089 1425 4147 semper
1457 4084 1513 4130 et
1552 4090 1718 4144 opere

109 4179 341 4243 oportet
392 4169 691 4232 informari,
733 4185 839 4240 quo
893 4169 994 4223 etsi
1033 4163 1102 4222 sit
1147 4167 1238 4239 qui
1283 4167 1426 4221 bona
1457 4164 1714 4236 proferat,

110 4257 524 4331 consequenter
557 4270 733 4313 tamen
765 4259 870 4313 non
907 4258 1063 4323 desit,
1102 4259 1195 4329 qui
1229 4256 1428 4310 imitari
1481 4256 1715 4310 studeat.

112 4352 229 4406 Sed
271 4349 364 4420 qui
394 4349 570 4403 aliena
599 4349 808 4417 diripit,
863 4348 1097 4419 pastoris
1147 4361 1244 4418 pro
1289 4355 1439 4400 certo
1482 4342 1716 4398 officium

110 4442 347 4506 amittit,
378 4449 434 4496 et
464 4441 585 4495 inde
619 4439 900 4510 reprobus,
934 4455 964 4492 a
1003 4445 1151 4493 recto
1203 4434 1449 4491 veritatis
1499 4435 1718 4489 tramite

113 4539 177 4591 ﬁt
211 4534 426 4590 devius.
452 4532 620 4603 igitur
661 4546 761 4586 nec
805 4530 1077 4599 subjectos
1125 4527 1391 4600 subjectio
1447 4534 1710 4589 conterat,

111 4644 222 4683 nec
254 4624 506 4695 praelatos
532 4622 797 4678 excelsior
826 4623 976 4676 locus
1005 4620 1252 4686 extollat,
1281 4620 1374 4675 sed
1421 4619 1509 4673 isti
1541 4619 1716 4672 humi-

110 4723 248 4774 liter
280 4717 398 4772 vice
428 4714 658 4771 filiorum
703 4724 948 4786 pareant,
1000 4713 1074 4767 illi
1126 4727 1257 4767 vero
1309 4712 1425 4766 loco
1479 4721 1714 4780 patrum,

112 4815 499 4878 temperanter
535 4799 657 4876 quae
703 4804 1062 4874 prazcipienda
1103 4812 1228 4858 sunt
1274 4801 1610 4871 praecipiant.
1659 4797 1716 4854 Si

114 4917 213 4957 res
251 4897 460 4969 praelati
488 4913 607 4954 sese
650 4896 809 4952 aliter
856 4894 1146 4950 habuerint
1188 4895 1576 4965 cujuscunque,
1630 4891 1719 4945 ille

107 4991 318 5065 procul
342 4991 502 5046 dubio
531 4989 948 5046 Guarimbertus
969 4986 1092 5051 erit,
1124 4986 1214 5056 qui
1239 4987 1292 5040 in
1317 4985 1496 5040 causis
1535 4983 1718 5038 subdi-

113 5098 344 5145 torum,
399 5067 569 5136 animi
618 5089 843 5144 motum,
895 5094 999 5132 non
1032 5076 1330 5131 dilectionis
1359 5073 1720 5130 consideravit

110 5173 406 5227 affectum.
437 5169 724 5224 Enimvero
753 5169 816 5222 de
864 5165 1251 5236 principalibus
1291 5164 1431 5218 beati
1478 5161 1718 5217 Medardi

110 5263 322 5335 gestis,
355 5259 822 5330 aliquascriptoris
844 5256 1222 5327 compendiosa
1249 5257 1424 5310 oratio
1452 5253 1715 5324 perstrin-

115 5359 230 5422 xit,
255 5369 484 5426 qumque
515 5355 568 5408 in
606 5355 688 5408 bis
713 5361 767 5407 et
791 5354 842 5406 in
869 5351 974 5405 illis
997 5349 1170 5420 potuit
1201 5337 1459 5417 reperire,
1490 5347 1542 5400 in
1562 5347 1719 5400 unius

113 5445 441 5516 congeriem
489 5444 809 5515 quantitatis
838 5455 1178 5502 coacervare,
1225 5437 1498 5492 moderata
1529 5437 1720 5491 institit

111 5535 421 5594 brevitate.
454 5532 586 5588 Nam
617 5533 873 5603 praeclara
923 5530 1090 5600 ipsius
1129 5530 1260 5593 vita,
1307 5537 1531 5598 angusta
1589 5527 1716 5582 olim

115 5631 314 5684 fuerat
347 5627 554 5680 ratione
585 5625 788 5678 inclusa
815 5665 828 5688 ,
885 5624 1254 5691 virtutumque
1303 5618 1542 5687 ejusdem
1588 5618 1718 5672 insi~

117 5719 428 5792 gnia,cum
463 5715 814 5770 translatione
863 5715 1104 5784 corporis
1147 5713 1378 5782 quadam
1429 5726 1714 5779 propemo-

122 5813 264 5865 dum
311 5809 554 5874 infantia,
598 5806 786 5862 vilibus
820 5806 1055 5861 exaravit
1101 5803 1367 5860 schedulis
1426 5802 1560 5858 Cum
1591 5817 1716 5870 ergo

1805 1971 1940 2026 tioni
1963 1987 2090 2043 ergo
2111 1974 2343 2042 videtur,
2367 1974 2581 2042 fratres,
2605 1993 2924 2050 congruere,
2948 1989 3006 2033 ut
3035 1981 3160 2034 tanti
3184 1981 3397 2050 patroni

1807 2065 2001 2119 merita
2058 2065 2234 2136 dignis
2292 2081 2502 2122 mecum
2553 2069 2814 2125 studentis
2873 2072 3118 2126 laudibus
3170 2071 3393 2135 elicrre,

1808 2157 1900 2224 qui
1936 2172 2058 2211 cum
2087 2159 2285 2213 habeat
2314 2159 2529 2214 domum
2567 2177 2676 2216 non
2707 2162 3091 2229 u‘tanufactam,
3115 2165 3207 2219 sed
3235 2175 3395 2219 aeter—

1810 2265 1933 2304 nam
1975 2251 2027 2305 in
2061 2253 2246 2318 cadis,
2309 2253 2660 2324 temporalem
2705 2263 2884 2309 tamen
2939 2256 3114 2309 aulam
3167 2257 3390 2326 reliquis

1811 2342 2182 2397 sublimiorem
2209 2359 2422 2414 semper
2446 2345 2633 2400 habuit
2687 2347 2738 2399 itt
2781 2346 2978 2410 terris,
3032 2356 3086 2401 et
3139 2348 3214 2400 uti
3269 2364 3396 2403 suos

1811 2431 1879 2485 ab
1943 2431 2289 2487 invisibilium
2339 2435 2540 2504 impetu
2587 2435 2822 2491 hostium
2877 2437 3157 2502 custodit,
3206 2438 3278 2492 ita
3330 2441 3396 2492 ab

1812 2523 2120 2578 incursione
2162 2525 2455 2580 visibilium
2499 2541 2641 2596 saepe
2683 2542 2794 2582 sua:
2845 2528 3252 2583 intercessionis
3297 2545 3398 2600 ope

1814 2611 2079 2678 defendit;
2118 2629 2320 2684 eosque
2346 2617 2398 2670 in
2426 2616 2631 2671 emlesti
2676 2632 2858 2672 secum
2920 2619 3263 2687 amplectitur
3321 2629 3395 2673 la-

1812 2701 2133 2768 bern'aeulo,
2167 2704 2364 2772 quibus
2399 2705 2728 2774 pastoralem
2767 2707 3100 2778 diligentiam
3154 2710 3204 2763 in
3255 2725 3398 2778 pra:-

1800 2791 1951 2844 ‘senti
1979 2789 2198 2846 adhibet
2225 2794 2438 2848 smculo.
2495 2794 2614 2864 Ipse
2649 2809 2904 2866 namque
2950 2795 3208 2850 familiam
3268 2797 3396 2860 Dei,

1816 2881 1958 2937 inter
1985 2884 2264 2956 naufragia
2291 2887 2556 2956 gubernat
2614 2887 2928 2945 ﬂuctuantis
2949 2891 3157 2955 oceani,
3195 2907 3261 2944 ne
3307 2907 3402 2944 na-

1815 2978 1923 3032 vim
1976 2988 2218 3034 nostram
2258 2980 2495 3050 procella
2530 2983 3162 3054 tempestatisabripiat:
3215 2992 3305 3037 aut
3343 2984 3396 3037 in

1817 3081 2077 3128 teternam
2137 3076 2396 3145 praedam,
2432 3075 2605 3144 pirata
2646 3075 2879 3131 crudelis
2928 3076 3172 3145 abrepat.
3231 3076 3402 3142 Quam

1821 3164 2076 3218 nimirum
2108 3163 2366 3219 familiam
2387 3207 2400 3232 ,
2434 3166 2501 3220 ab
2539 3166 2628 3221 illo
2652 3167 2778 3220 olim
2808 3171 3046 3237 suscepit
3083 3167 3399 3239 regendam,

1819 3255 1909 3324 qui
1941 3256 2052 3311 suis
2079 3256 2389 3326 discipulis,
2423 3273 2487 3312 ac
2519 3272 2614 3326 per
2639 3257 2741 3313 hoc
2765 3258 3013 3315 fidelibus
3045 3261 3254 3316 cunctis
3286 3261 3361 3314 ait
3387 3278 3399 3313 :

1807 3343 1950 3410 Quis
1979 3356 2132 3414 putas
2158 3357 2231 3400 est
2280 3347 2453 3416 ﬁdelis
2479 3365 2658 3403 servus
2693 3359 2741 3403 et
2779 3351 3038 3421 prudens,
3084 3368 3234 3421 quem
3278 3368 3404 3404 con-

1817 3438 1984 3491 stituit
2016 3437 2272 3493 Dominus
2298 3456 2456 3509 super
2481 3440 2741 3509 familiam
2777 3459 2948 3507 suam,
2979 3453 3033 3496 ut
3077 3444 3160 3497 det
3192 3443 3296 3497 illis
3346 3445 3401 3495 in

1817 3537 2044 3596 tempore
2070 3529 2232 3582 tritici
2284 3545 2583 3583 mensuram
2629 3529 2846 3601 (Matth.
2877 3535 3034 3596 xxtv",
3078 3532 3194 3602 45).
3258 3532 3398 3586 [line

1815 3616 2104 3687 Apostolus
2125 3619 2255 3674 dicit
2288 3637 2300 3672 :
2332 3618 2637 3691 Unicuique
2669 3622 2800 3676 sicut
2824 3622 2966 3677 Deus
2989 3623 3164 3677 divisit
3191 3640 3408 3678 mensu-

1819 3725 1931 3763 ram
1965 3709 2092 3779 fidei
2118 3709 2297 3780 (Rom.
2325 3726 2398 3764 xu
2425 3751 2440 3777 ,
2481 3711 2558 3781 3).
2587 3710 2740 3778 QttOd
2770 3727 2898 3783 ergo
2920 3715 3078 3767 tritici
3104 3721 3402 3767 ut'cnsurmn

1817 3803 2070 3858 Christus
2114 3811 2431 3873 nuncupat,
2488 3803 2658 3873 ipsam
2700 3822 2998 3859 mensuram
3021 3805 3146 3874 ﬁdei
3203 3805 3414 3860 Paulus.

1819 3895 2071 3965 appellat,
2091 3904 2150 3949 ut
2174 3895 2526 3964 intelligatur,
2549 3897 2680 3950 nihil
2708 3897 2852 3951 aliud
2879 3912 3001 3952 esse
3027 3897 3267 3966 spiritale
3305 3899 3399 3950 tri-

1803 3986 2007 4050 ticum,
2027 3983 2468 4040 nisiChristianze
2496 3985 2618 4042 fidei
2650 3988 2955 4041 venerabile
2978 3997 3400 4042 sacramentum.

1818 4072 2194 4145 Quapropter,
2227 4075 2452 4138 fratres,
2485 4078 2576 4131 ubi
2631 4078 2914 4133 thesaurus
2939 4089 3124 4133 noster
3151 4090 3234 4132 est
3260 4120 3273 4143 ,
3329 4081 3402 4133 ibi

1820 4171 2033 4223 studeat
2073 4176 2126 4222 et
2168 4184 2264 4222 cor
2299 4178 2545 4224 nostrum
2583 4185 2702 4225 esse
2741 4179 3008 4239 quatenus
3052 4171 3117 4224 ad
3159 4186 3402 4224 amorem

1821 4275 2066 4330 superna:
2098 4261 2262 4315 sortis
2293 4261 2649 4315 anhelemus:
2693 4263 2759 4317 ad
2783 4277 2945 4331 quam
2972 4263 3186 4317 beatum
3217 4273 3404 4332 patro-

1822 4369 1949 4406 num
2011 4360 2255 4424 nostrum
2309 4350 2422 4420 jam
2466 4353 2778 4422 pervenisse
2834 4353 3172 4408 conﬁdimus.
3219 4355 3406 4423 Itaque

1819 4445 2038 4499 mternis
2078 4444 2350 4499 admixtus
2386 4443 2630 4508 civibus,
2673 4442 3120 4498 divinamcxoret
3165 4445 3405 4500 clemen-

1821 4535 1950 4589 tiam
1974 4535 2286 4605 prouostris
2316 4535 2588 4595 rentibus;
2630 4534 2885 4603 ilhunque
2912 4535 3065 4588 nobis
3090 4535 3256 4588 iaciat
3286 4535 3400 4604 pla—

1823 4628 2050 4682 cabilcm
2109 4627 2261 4696 cujus
2327 4628 2657 4699 sempiterna
2719 4628 2890 4698 gloria
2943 4643 3038 4698 per
3089 4629 3404 4681 continuam

1821 4717 2020 4773 fruitur
2049 4707 2332 4774 visionem.
2377 4718 2483 4772 Sed
2511 4717 2578 4771 ad
2619 4719 2733 4772 hcce
2756 4718 2993 4788 agenda,
3032 4733 3142 4770 sua:
3183 4719 3396 4772 miseri~

1821 4806 2245 4865 cordircmauum
2291 4809 2610 4880 Unigenitus
2636 4809 2726 4863 Dei
2764 4809 2980 4873 inferat,
3007 4807 3160 4876 cujus
3178 4825 3408 4878 regnum.

1805 4907 1873 4953 et
1899 4900 2182 4969 imperium
2215 4899 2387 4954 solide
2418 4899 2670 4953 subsistit
2697 4907 2751 4954 et
2778 4907 3095 4968 permanet,
3122 4897 3173 4952 in
3199 4897 3404 4953 saecula

1822 4993 2168 5047 sa‘culortttn.
2209 4993 2419 5050 Anien.

2586 5102 2676 5166 ιι.

2046 5225 2132 5282 DE
2165 5224 2264 5280 SS.
2299 5224 2631 5280 MEDABDO
2664 5223 2749 5278 ET
2785 5176 3152 5279 GILDARDO.

1897 5345 2219 5399 Sanctorum
2286 5341 2658 5397 confessorum
2711 5340 2919 5410 gloria,
2974 5355 3072 5408 per
3118 5341 3413 5410 condigna,

1827 5433 2160 5491 dilectissimi
2194 5432 2408 5496 fratres,
2447 5431 2786 5502 exagerand‘a
2813 5431 3098 5500 prteconia,
3143 5430 3323 5500 illique
3353 5432 3411 5484 iu

1829 5529 2001 5584 laudis
2029 5525 2375 5596 promerendi
2409 5533 2534 5578 sunt
2571 5522 2802 5585 titulum,
2837 5522 2926 5591 qui
2959 5520 3175 5576 Christo
3196 5538 3407 5591 semper

1827 5620 2154 5681 conﬁtendo,
2188 5632 2370 5670 verum
2406 5613 2793 5683 perhibuerunt
2826 5613 3210 5667 testimonium.
3271 5612 3406 5667 Cum

1827 5712 1968 5765 enim
2009 5708 2225 5762 minima
2272 5708 2338 5757 de
2385 5720 2448 5756 eo
2499 5703 2916 5766 denuntiarent,
2953 5705 3181 5756 maxima
3227 5714 3414 5757 autent

1799 5803 2093 5859 "constanti
2129 5801 2308 5854 animo
2341 5798 2717 5868 pucdicat'eut,
2754 5798 2803 5851 in
2834 5813 2938 5852 uno
2969 5796 3181 5868 quidem
3208 5795 3420 5867 angeli,
