3848 5384
461 390 565 451 055

461 503 518 561 ln
552 504 722 562 altero
762 520 891 563 vero
918 505 1077 579 digne
1127 510 1424 579 nuncupari
1456 519 1772 567 meruerunt
1805 509 2040 564 arcbau-
2066 511 2112 570 Α

460 597 585 668 geli.
640 597 707 652 Et
732 598 857 668 quia
894 597 1184 668 Apostolus
1212 599 1289 653 ait
1314 618 1328 654 :
1362 599 1632 669 Templum
1658 601 1753 656 Dei
1777 609 2037 662 sanctum,

458 686 600 757 quod
625 687 745 740 estis
771 702 859 741 vos
891 686 945 757 (Ι
971 686 1094 743 Cor.
1139 704 1225 753 ιιι,
1260 690 1370 761 l7).
1414 690 1579 760 Cujus
1605 690 1729 747 facti
1760 699 1885 746 sunt
1907 700 2041 744 temo

458 774 628 843 plum,
662 774 830 844 ipsius
874 776 1065 845 procul
1103 777 1268 834 dubio
1295 794 1389 833 ara
1415 790 1472 835 et
1506 781 1690 850 regula
1717 781 2042 837 exstiterunt

457 866 840 922 sacerdotium.
891 866 1025 924 Nam
1052 869 1106 925 in
1153 869 1243 926 illa
1290 872 1432 942 regis
1459 872 1646 927 aeterni
1689 887 1893 937 mensa,
1924 870 2039 941 pla-

458 960 688 1017 catiOuis
713 960 1058 1019 immolantes
1077 971 1136 1018 et
1155 963 1478 1034 expiationis
1507 965 1760 1029 hostiam,
1797 979 1894 1035 per
1920 971 2042 1020 vota

459 1051 562 1122 piae
604 1050 982 1120 confessionis,
1014 1068 1157 1124 stepe
1184 1063 1398 1125 gratum
1436 1057 1548 1112 Deo
1581 1056 1908 1113 sacriﬁcium
1944 1057 2043 1112 hu-

458 1158 634 1200 mana:
661 1143 979 1201 obtulerunt
1020 1146 1496 1205 reconciliationis.
1536 1149 1691 1206 Unde
1744 1160 1799 1206 et
1836 1150 1889 1205 in
1922 1166 2041 1205 mu-

456 1248 588 1289 nere
615 1233 832 1289 virtutis
853 1235 962 1291 vim
985 1235 1328 1308 ohligationis
1350 1247 1778 1310 potestatemque
1793 1239 2041 1296 obtinue-

459 1334 587 1378 runt
620 1324 928 1393 solutionis,
957 1336 1016 1382 ut
1042 1328 1184 1397 quod
1212 1343 1401 1385 eorum
1431 1330 1644 1386 sederet
1677 1330 1924 1395 arbitrio,
1953 1346 2043 1386 ra-

461 1428 585 1467 rum
628 1428 724 1483 per
762 1414 999 1471 divinam
1044 1417 1423 1473 auctoritatem
1458 1428 1603 1474 esset
1642 1419 1695 1483 in
1729 1418 1903 1479 ctelo.
1941 1412 2065 1476 μω

461 1505 661 1562 talibus
687 1520 816 1576 ergo
839 1508 1155 1564 meritorum
1184 1508 1575 1579 praerogativis,
1593 1508 1720 1580 jure
1742 1510 1795 1564 in
1832 1508 2044 1563 titulum

458 1597 810 1665 promovendi
842 1605 969 1653 sunt
996 1597 1190 1664 laudis,
1222 1614 1361 1670 quos
1393 1614 1492 1670 pro
1537 1599 1620 1654 sui
1648 1598 1885 1654 nominis
1914 1613 2048 1653 con-

461 1686 718 1751 fessione,
751 1686 953 1743 amoris
995 1687 1170 1743 intimi
1219 1688 1496 1760 privilegio
1532 1688 1753 1744 donavit
1779 1687 1892 1759 ipse
1930 1686 2046 1743 Rex

456 1775 700 1849 justitire.
728 1775 835 1832 Sed
858 1776 931 1832 illi
955 1777 1239 1832 Dominum
1266 1794 1389 1835 vere
1415 1786 1617 1842 amant,
1645 1792 1873 1848 quorum
1898 1792 2047 1832 men-

464 1878 573 1925 tem
605 1867 891 1924 delectatio
917 1884 1082 1939 prava
1113 1884 1183 1926 ex
1211 1885 1482 1926 consensu
1512 1887 1617 1925 non
1668 1878 1906 1941 superat,
1951 1870 2043 1939 qui
2075 1861 2120 1922 li

461 1959 628 2014 etiam
657 1973 724 2014 eo
753 1958 820 2014 ad
848 1973 1089 2016 amorem
1134 1957 1253 2032 ejus
1296 1959 1654 2027 incalescunt,
1709 1975 1817 2030 quo
1853 1959 2048 2015 cedere

464 2049 814 2108 clandestinis
858 2050 1254 2106 imminentium
1292 2052 1651 2107 tentationum
1680 2051 2045 2121 subreptioni-

461 2139 563 2196 bus
614 2140 884 2195 nesciunt.
927 2138 1206 2213 Siquidem
1263 2139 1317 2194 in
1338 2140 1739 2195 lis-sociabilitcr
1806 2138 2043 2204 accensi,

470 2229 785 2286 coelestibus
860 2230 1055 2285 merito
1106 2229 1247 2285 inter
1312 2230 1592 2286 cherubim
1656 2241 1712 2285 et
1774 2230 2044 2302 seraphim

467 2337 723 2379 numeros
762 2322 1117 2392 deputantur,
1161 2321 1342 2392 ibique
1379 2330 1581 2378 sortem
1608 2336 1719 2377 suae
1773 2321 2048 2392 accipiunt

464 2413 797 2478 vocationis,
829 2412 916 2469 ubi
939 2414 1208 2468 continua!
1227 2412 1696 2485 contemplationis
1720 2412 1919 2474 studio,
1952 2428 2047 2466 an-

464 2503 685 2559 choram
707 2501 949 2572 deﬁgunt
986 2502 1202 2558 mentis.
1233 2500 1396 2570 Cujus
1439 2499 1787 2573 perfectionis
1810 2498 2041 2563 culmen,

469 2596 595 2651 dum
626 2595 769 2652 beati
819 2595 1156 2651 confessores
1203 2595 1470 2666 attingere
1498 2594 1898 2657 deliberarent,
1928 2600 2045 2646 stu-

465 2687 697 2742 duerunt
722 2685 795 2741 nil
827 2686 882 2742 in
907 2686 1009 2742 hoc
1039 2685 1237 2746 mundo
1261 2695 1535 2755 appetere,
1560 2698 1743 2738 verum
1773 2681 1890 2738 solo
1917 2697 2045 2737 con-

467 2776 659 2833 ditoris
710 2776 793 2832 sui
849 2775 1119 2832 desiderio
1185 2775 1438 2830 ardenter
1501 2774 1734 2830 inhiare.
1786 2772 2045 2829 Tcrrcuis

466 2869 664 2939 quippe
708 2867 1157 2924 abrenuntiantes
1193 2866 1677 2936 concupiscentiis,
1736 2865 2047 2921 carnalibus

466 2958 779 3013 omnimode
832 2957 1155 3029 semetipsos
1203 2956 1591 3012 crucifixerunt
1618 2956 1854 3012 lasciviis
1883 2995 1899 3020 ,
1938 2970 2045 3025 quo

466 3065 562 3105 sua
603 3047 843 3105 membra
887 3049 1118 3104 hostiam
1147 3048 1403 3105 oﬁ'errent
1443 3049 1751 3115 viventem,
1803 3057 2044 3103 sanctam

467 3140 682 3209 Deoquc
707 3155 805 3210 per
846 3140 1164 3197 rationabile
1186 3141 1501 3211 obsequium
1530 3141 1835 3214 placentem
1872 3138 2040 3213 (Phil.

467 3228 670 3299 H318).
689 3229 754 3283 Ει
779 3230 902 3299 quia
922 3230 1210 3286 noluerunt
1226 3230 1347 3286 huic
1371 3230 1566 3287 saeculo
1578 3230 1928 3296 conformari,
1947 3231 2042 3287 sed

469 3326 786 3373 constanter
809 3318 862 3372 in
888 3319 1127 3376 novitate
1147 3336 1339 3376 sensus
1386 3320 1468 3378 sui
1520 3321 1836 3376 institerunt
1869 3321 2042 3376 infor-

467 3409 644 3474 mari,
677 3409 972 3465 secundum
1025 3410 1332 3466 interiorem
1382 3411 1722 3468 ambulantes
1768 3412 2041 3467 hominem

466 3500 647 3574 (Rom.
679 3518 755 3557 xu
776 3542 792 3570 ,
818 3502 899 3574 2),
939 3503 1147 3559 sanctis
1200 3503 1406 3559 incitati
1439 3512 1565 3559 sunt
1604 3502 1943 3559 successibus
1977 3503 2045 3557 dc

464 3593 666 3650 virtute
694 3595 746 3650 in
779 3595 1054 3650 virtutem.
1077 3594 1158 3649 Ad
1201 3593 1350 3649 illum
1371 3596 1515 3649 enim
1547 3595 1915 3651 indesine..tcr
1949 3610 2043 3649 an-

466 3685 800 3752 helant,cui
856 3687 1067 3743 devotis
1115 3687 1389 3742 mentibus
1443 3702 1829 3758 usquequaque
1878 3686 2045 3742 iuba:-

466 3786 653 3832 scrunt
681 3817 696 3842 ,
755 3777 880 3848 quia
902 3793 1108 3848 pennas
1136 3787 1814 3850 assumpscranttanquam
1843 3778 2046 3835 colum-

2071 3211 2118 3276 C

468 3869 575 3934 hac,
605 3884 701 3940 per
727 3884 862 3938 quas
885 3869 1066 3927 volare
1093 3871 1159 3926 ad
1205 3871 1444 3927 coelestia
1474 3880 1694 3944 possent
1735 3883 1785 3929 et
1832 3873 2045 3944 requie-

467 3973 644 4014 scere.
695 3960 979 4016 Dominum
1035 3962 1216 4033 itaque
1264 3977 1391 4018 vere
1464 3975 1819 4033 amaverunt,
1889 3964 2045 4034 cujus

469 4050 726 4104 mandata
775 4060 831 4106 ct
876 4062 1143 4123 prtecepta
1193 4051 1612 4121 custodierunt,
1662 4064 1928 4125 quatenus
1976 4055 2045 4113 ab

465 4142 582 4213 ejus
606 4143 786 4199 divelli
814 4160 999 4201 amore
1027 4186 1042 4213 ,
1073 4161 1173 4202 nec
1210 4146 1263 4201 in
1292 4148 1404 4217 ipsa
1446 4157 1665 4221 possent
1715 4151 1877 4208 etiam
1919 4166 2044 4207 cuin

465 4232 878 4302 cﬁervesccrct,
934 4237 1288 4294 teutationum
1317 4237 1632 4295 inllictioue.
1676 4239 1812 4296 Cum
1864 4250 2044 4299 autem

471 4324 687 4380 Veritas
716 4326 863 4381 dicat
891 4347 899 4378 :
932 4325 1046 4381 Sint
1074 4327 1236 4382 lumbi
1260 4329 1411 4383 vestri
1434 4329 1731 4397 prwcincti,
1773 4340 1822 4384 et
1872 4329 2045 4386 lucer-

469 4429 551 4466 ηαξ
582 4413 822 4468 ardentes
850 4415 903 4467 in
924 4415 1164 4469 munibus
1187 4417 1365 4470 castris
1394 4414 1543 4488 (Luc.
1574 4433 1648 4472 xu
1669 4458 1684 4484 ,
1713 4417 1825 4487 '55).
1855 4418 1899 4475 0
1920 4427 2049 4489 quot

468 4504 571 4558 sibi
613 4520 803 4560 cruces
834 4505 1245 4572 consciverunt,
1275 4507 1366 4578 qui
1408 4507 1460 4563 in
1490 4523 1588 4565 suo
1618 4524 1844 4581 corpore
1885 4509 2044 4566 luxu-

468 4593 564 4647 riae
589 4591 790 4647 ﬂuxum
815 4595 1070 4651 edomare
1093 4605 1382 4666 potuerunt
1409 4598 1423 4652 !
1453 4597 1580 4653 Sine
1608 4598 1754 4655 ferro
1811 4601 2011 4656 etenim
2031 4641 2047 4666 ,

476 4681 696 4753 longum
734 4684 1052 4756 martyrium
1104 4685 1157 4741 in
1190 4687 1303 4742 suis
1353 4687 1692 4758 pertulerunt
1749 4690 2048 4754 membris,

473 4786 532 4832 ut
564 4779 706 4849 quod
729 4780 1005 4850 sanguinis
1034 4795 1139 4835 non
1165 4780 1467 4836 contulerat
1496 4778 1687 4837 cﬁ’usio
1713 4823 1728 4849 ,
1780 4782 2055 4839 conferret

475 4869 641 4924 etiam
696 4869 904 4940 prolixa
975 4871 1028 4925 in
1087 4871 1366 4928 attritione
1418 4869 1613 4943 ﬂagelli
1681 4874 2049 4930 membrorum

468 4959 702 5014 vexatio.
736 4958 814 5014 Ac
832 4960 1063 5030 primum
1093 4959 1195 5016 illis
1226 4960 1281 5014 in
1325 4962 1614 5016 tenacitate
1656 4961 1809 5018 cibus
1828 4972 1881 5018 et
1904 4964 2050 5019 in....

470 5060 589 5098 emt
645 5060 828 5114 notus,
880 5066 1002 5105 cum
1054 5051 1249 5115 indicta
1290 5052 1624 5122 parcimonia
1672 5054 1727 5107 in
1787 5062 2046 5126 utroque,

1095 5150 1141 5178 η
1195 5140 1424 5209 Libero,
1474 5142 1745 5200 Venerem
1800 5156 2052 5203 constare

1330 362 1647 460 canorus
1684 394 1991 459 MONAClll
2033 395 2089 452 s.
2130 393 2439 454 MEDARDI
2477 396 2833 457 suassroa.

2142 515 2381 563 strantes
2445 494 2731 580 proximis.
2774 508 3019 580 Curaque
3066 522 3168 565 nec
3231 509 3461 565 castitas
3526 524 3702 580 magna

2141 594 2259 653 sine
2310 596 2448 651 bono
2486 613 2650 668 opere
2680 612 2778 654 nec
2825 613 2962 669 opus
2998 598 3197 654 bonum
3240 596 3314 653 sit
3360 596 3567 667 aliquid
3603 599 3703 653 sine

2141 684 2407 752 castitate,
2433 696 2720 758 utrumque
2744 697 2922 744 tamen
2947 689 3177 760 agebant
3198 703 3294 760 per
3314 688 3701 755 discretim,

2144 791 2212 831 ne
2238 776 2508 845 appetitus
2535 776 2710 834 laudis
2729 776 2896 833 animi
2919 778 2987 832 ad
3006 778 3110 832 alia
3142 778 3418 835 tendentis
3457 775 3705 846 frangere

2142 866 2519 923 intentionem.
2558 868 2872 926 Praecinctis
2904 869 3072 942 igitur
3099 869 3317 929 lumbis.
3347 868 3606 923 lucernas
3632 884 3705 922 ar-

2143 960 2333 1016 dentes
2369 959 2625 1015 tenebant
2653 960 2707 1015 in
2736 960 2984 1016 manibus
3011 959 3143 1026 suis,
3163 971 3439 1030 quatenus
3486 967 3546 1012 et
3579 973 3705 1013 mla-

2143 1050 2276 1105 ditia
2301 1050 2569 1106 castitatis
2593 1058 2740 1107 esset
2766 1050 2822 1105 in
2852 1064 3102 1120 corpore,
3131 1057 3188 1104 et
3217 1049 3398 1119 palam
3439 1047 3619 1120 ipsum
3645 1047 3706 1101 ια.

2144 1156 2268 1199 men
2296 1141 2542 1196 veritatis
2570 1140 2895 1197 claresceret
2916 1141 2968 1195 in
2990 1141 3323 1211 operatione.

2216 1261 2364 1315 Inter
2388 1261 2495 1315 bos
2519 1276 2657 1316 sane
2702 1276 2914 1332 magum
2938 1260 3302 1316 venerationis
3324 1261 3530 1325 viros,
3552 1260 3709 1317 beatas

2144 1348 2460 1405 Medardum
2513 1359 2566 1406 et
2605 1349 2923 1408 Gildardum
2972 1365 3095 1407 esse
3147 1352 3399 1406 norimus
3452 1353 3706 1422 egregius.

2145 1442 2237 1511 qui
2266 1442 2593 1511 serpentium
2620 1442 2923 1513 prudentiae
2964 1442 3252 1504 astutiam,
3304 1451 3366 1496 et
3411 1441 3711 1497 columbi:

2146 1531 2513 1601 simplicitatis
2537 1530 2682 1603 piam
2707 1531 2946 1587 aemulati
2970 1542 3096 1587 sunt
3116 1532 3518 1587 innocentiam.
3543 1530 3710 1585 Bern

2146 1637 2287 1678 unus
2316 1622 2597 1693 premebat
2643 1622 2808 1689 vitia,
2856 1622 2995 1678 alter
3033 1636 3163 1678 vero
3215 1622 3495 1677 virtutum
3542 1622 3709 1677 illibata

2146 1714 2403 1769 servabat
2438 1714 2565 1785 jura
2611 1730 2628 1769 τ
2672 1723 2729 1770 et
2789 1713 3001 1770 cautela
3062 1715 3352 1786 utriusque
3406 1713 3709 1769 {emicem

2150 1803 2371 1859 malitia:
2393 1813 2449 1859 et
2475 1804 2734 1875 nequitiae
2754 1804 2984 1861 solerter
3009 1813 3233 1860 noverat
3260 1819 3489 1860 carere.
3521 1803 3620 1869 Pw
3637 1806 3713 1858 hoc

2149 1895 2203 1949 in
2238 1903 2494 1951 errantes
2522 1896 2937 1959 invehebantur,
2971 1896 3064 1951 sed
3096 1909 3193 1965 per
3242 1894 3376 1950 illud
3416 1895 3713 1950 ξανθαὶυὼ

2148 2001 2260 2042 sure
2282 1987 2523 2043 habenas
2551 1987 3010 2053 moderabantur;
3041 1987 3169 2057 quia
3193 2002 3318 2043 cum
3352 1986 3410 2041 in
3446 2001 3556 2043 ore
3588 2001 3715 2042 sela-

2148 2088 2232 2134 ret
2275 2080 2575 2146 correctio,
2605 2079 2917 2135 nullatenus
2964 2088 3144 2134 tamen
3194 2079 3248 2133 in
3301 2078 3485 2135 corde
3526 2087 3713 2148 paterna

2146 2171 2478 2228 dormitabat
2509 2172 2705 2227 oratio.
2738 2170 2873 2225 Nam
2902 2171 3028 2225 dum
3051 2184 3284 2226 censura
3332 2184 3508 2224 suum
3546 2178 3715 2224 teneret

2147 2264 2420 2334 rigorem,
2467 2262 2663 2317 levitas
2706 2276 2921 2332 quoque
2959 2260 3140 2316 cordis
3169 2259 3563 2330 praetendebat
3596 2276 3713 2313 ma-

2146 2352 2489 2408 suetudiuem
2510 2393 2525 2417 ,
2557 2360 2613 2407 et
2640 2352 2783 2421 quod
2813 2351 2971 2406 istius
2995 2357 3243 2405 erascrat
3266 2348 3401 2402 lima
3422 2389 3444 2414 ,
3482 2349 3623 2403 illius
3644 2363 3715 2419 per

2147 2444 2538 2515 conpassionis
2578 2444 2810 2515 gratiam
2861 2442 3215 2513 temperando
3265 2441 3518 2496 curabat
3566 2442 3711 2494 litura.

2146 2535 2286 2592 llinc
2342 2552 2408 2593 ex
2459 2536 2667 2607 judicio
2706 2534 2868 2604 iustae
2926 2534 3389 2597 exantiuationis,
3442 2532 3582 2589 facti
3620 2544 3714 2589 ml

2145 2629 2429 2686 evidenter
2461 2628 2640 2684 throni
2682 2628 2765 2684 sui
2813 2627 3145 2691 conditoris,
3172 2641 3273 2697 per
3300 2642 3453 2697 quos
3482 2637 3541 2681 et
3564 2634 3711 2680 sancta

2146 2720 2389 2777 Ecclesia
2436 2721 2750 2791 regebatur,
2797 2728 2854 2775 et
2898 2718 3218 2790 plerumth
3245 2715 3317 2773 de
3368 2718 3494 2772 suis
3527 2717 3713 2771 irritatis

2146 2815 2389 2880 actibus,
2413 2813 2579 2868 etiam
2615 2811 2775 2867 electi
2797 2810 3205 2880 judicabantur.
3235 2809 3389 2881 Ergo
3415 2811 3569 2880 quod
3595 2810 3713 2863 nam

2146 2902 2368 2963 exacuit
2394 2904 2566 2976 vigor,
2607 2905 2711 2960 hoc
2746 2904 2799 2958 in
2829 2903 2911 2958 eis
2945 2902 3208 2958 moderati
3252 2902 3500 2957 alterius
3531 2904 3713 2958 nona-

2147 2996 2287 3051 stitit
2338 3005 2511 3067 tepor,
2562 2997 2691 3051 dum
2737 2994 3006 3052 columba:
3069 2993 3502 3064 simplicitatem
3559 2993 3715 3048 astitit

2148 3089 2417 3160 serpentis
2443 3088 2796 3152 accenderet,
2833 3096 2890 3142 et
2919 3085 3176 3141 astutiam
3223 3086 3515 3156 serpentis
3551 3084 3715 3139 eolu-

2151 3181 2232 3237 bte
2253 3180 2573 3251 simplicitas
2601 3186 2956 3250 temperaret.

2218 3298 2445 3356 Subnixi
2474 3313 2606 3354 vero
2654 3296 2934 3353 voluntate
2979 3294 3163 3362 bona,
3217 3294 3648 3366 quibuscuon
3678 3291 3719 3346 is

2147 3392 2512 3449 tribulationis
2553 3389 2946 3447 succurrebant
2971 3388 3258 3460 angustia,
3291 3397 3353 3443 et
3392 3387 3634 3459 qualibet
3662 3383 3721 3438 al-

2146 3484 2306 3541 feclis
2348 3483 2658 3539 calamitate
2697 3496 2854 3552 opem
2905 3495 3017 3536 sua:
3063 3478 3510 3546 consolationis,
3557 3476 3720 3548 inclyta

2146 3577 2477 3633 adhibebant
2508 3574 2881 3645 miseratione.
2922 3571 3076 3641 Quod
3118 3570 3269 3627 enim
3318 3571 3560 3626 sibimet
3586 3568 3720 3639 ipsis.

2146 3668 2251 3724 hoc
2274 3665 2627 3739 proculdubio
2648 3665 2987 3735 imputabant
3007 3663 3127 3719 aliis
3144 3703 3159 3729 ,
3187 3676 3289 3719 nec
3312 3661 3724 3734 praejudieabut

2147 3760 2201 3816 in
2242 3758 2425 3829 aliquo
2443 3800 2457 3824 ,
2485 3758 2577 3829 qui
2607 3757 2864 3815 omnibus
2886 3756 3069 3812 omnia
3096 3754 3223 3811 facti
3254 3753 3493 3810 fuerant
3516 3746 3724 3810 evidenti

2148 3849 2340 3905 salutis
2365 3848 2590 3920 judicio.
2636 3847 2770 3904 Nam
2806 3850 2981 3904 aliena
3029 3847 3263 3912 damna,
3313 3860 3383 3901 ac
3433 3845 3482 3901 si
3536 3844 3723 3915 propri:

2149 3942 2627 4012 conquerebantur
2651 3939 2768 3997 fore
2789 3938 3128 3998 incommoda
3148 3979 3165 4005 ,
3188 3937 3398 4009 quibus
3423 3938 3725 3994 detriment:

2148 4031 2375 4088 aliorum
2417 4033 2530 4106 jam
2576 4042 2851 4088 annuente
2896 4031 3038 4098 Deo,
3088 4029 3391 4086 multarum
3429 4034 3726 4102 pepererant

2150 4123 2481 4179 incrementa
2508 4123 2791 4179 virtutum.
2821 4121 2925 4179 Sed
2955 4132 3010 4179 et
3034 4121 3337 4178 rcnncbant
3368 4121 3591 4178 inferre
3614 4116 3726 4191 qud

2149 4214 2252 4270 sibi
2283 4214 2472 4269 inferri
2502 4214 2699 4271 nullius
2735 4215 3026 4286 cupiebant
3063 4213 3353 4269 exactione
3375 4254 3396 4280 ,
3439 4229 3551 4270 nec
3597 4228 3729 4281 aq:-

2148 4306 2280 4363 bant
2314 4306 2468 4364 alteri
2521 4308 2665 4378 quod
2713 4321 2825 4361 suae
2858 4305 3162 4363 consultum
3204 4321 3330 4362 esse
3356 4305 3726 4375 providebam

2150 4409 2207 4456 et
2250 4400 2548 4471 proﬁcuum
2596 4398 2836 4454 utilitati.
2879 4397 3122 4467 Cumque
3158 4397 3215 4451 in
3254 4397 3370 4452 Deo
3417 4397 3659 4452 amicum
3690 4400 3730 4445 et

2151 4488 2428 4547 inimicum
2458 4488 2777 4560 diligerent,
2811 4497 3035 4559 propter
3064 4486 3266 4552 Deum,
3314 4486 3625 4543 dilectione
3660 4482 3732 4537 Dei

2159 4580 2411 4649 vigebant
2462 4593 2527 4633 ac
2585 4578 2855 4649 proximi,
2886 4576 2974 4633 ubi
3022 4577 3417 4648 prophetarum
3478 4573 3732 4649 plenitudo

2152 4678 2209 4724 et
2244 4670 2409 4724 totius
2436 4683 2645 4723 summa
2677 4667 2812 4738 legis
2840 4667 3107 4723 consistit.
3164 4664 3285 4733 Quo
3338 4666 3617 4721 nimirum
3658 4665 3735 4717 ln-

2153 4756 2427 4821 locausto,
2492 4755 2567 4811 nil
2633 4771 2867 4827 unquam
2935 4755 3162 4811 oll'ertur
3222 4754 3572 4827 locupletius
3615 4754 3731 4813 Deo;

2154 4847 2369 4918 quando
2388 4861 2485 4917 per
2509 4845 2614 4902 hoc
2641 4847 2783 4915 quod
2819 4844 2894 4901 illi
2922 4845 3192 4912 immolat,
3226 4844 3364 4901 bene
3394 4847 3733 4915 semetipsa

2155 4940 2337 4994 anima
2374 4939 2429 4994 in
2461 4952 2557 4993 ara
2587 4938 2767 4994 cordis
2796 4944 3021 4993 mactat.
3053 4937 3237 5006 Itaque
3264 4952 3333 4992 ex
3359 4936 3532 4992 bona
3575 4936 3736 4991 volan-

2156 5030 2285 5084 tatis
2314 5028 2524 5093 studio,
2552 5042 2768 5098 seraper
2791 5028 3011 5100 placere
3044 5029 3343 5083 scrutatori
3372 5029 3637 5083 cor-diam
3662 5040 3736 5079 cI-

2154 5127 2414 5176 raverunt
2453 5118 2754 5184 altissimo;
2781 5133 2904 5174 cum
2932 5119 2998 5174 de
3022 5133 3081 5174 se
3105 5117 3331 5172 humilia
3356 5119 3639 5174 sentirent
3664 5114 3736 5187 qui

2153 5210 2444 5266 alinuando
2470 5218 2660 5258 ρτινίυ
2744 5208 2768 5228 ⁸
2854 5210 2866 5220 ’
2963 5217 2978 5224 ‘
3207 5207 3221 5216 ’
3358 5209 3370 5218 “
3444 5219 3541 5236 ““‘
