3902 6388
137 401 249 456 657

1449 400 1814 460 SERMONFS
1852 403 2044 463 TRES.

1933 236 1954 260 ο

3321 414 3422 476 658

141 516 324 569 blitnis
352 513 457 568 vita
482 525 775 588 sanctaque
817 533 846 573 a
874 519 1105 576 terrenis
1129 519 1394 592 contagiis
1421 520 1732 590 praedicatio
1759 539 1806 596 Α
1837 525 2030 579 horum
2059 526 2224 582 ductu
2270 529 2505 586 :etherea
2551 531 2806 600 panditur
2833 533 2980 604 regia
2999 574 3013 598 ,
3043 531 3234 588 horum
3259 538 3424 592 verbo

137 605 535 673 suspenderat.
567 615 623 659 et
652 607 822 663 nubes
849 618 1006 664 erant
1047 610 1322 677 volantes,
1353 619 1406 665 et
1436 611 1504 664 ad
1540 626 1730 682 super-

137 708 338 748 narum
375 696 542 750 etiam
576 696 837 753 virtutmn
873 700 1095 757 deiﬁcas
1125 702 1498 773 congruebant
1534 702 1733 758 distin-

135 786 374 839 ctiones.
405 784 650 856 Cumque
679 788 946 860 malignos
996 791 1219 862 spiritus
1248 792 1314 847 de
1340 793 1576 848 obsessis
1608 808 1733 848 cor-

129 877 364 946 poribus
391 875 673 946 fugercnt,
705 895 908 951 eosque
950 883 1151 938 virtute
1179 883 1444 940 orationis
1475 892 1529 939 et
1567 884 1618 939 vi
1644 899 1738 940 ac-

131 980 318 1042 ceptae
347 974 632 1040 potestatis
665 974 1037 1045 expellerent,
1069 975 1382 1033 cmlestibus
1412 991 1599 1032 revera
1643 991 1737 1046 po-

129 1067 430 1123 testatibus
465 1069 725 1140 assignari
759 1071 1126 1137 merebantur,
1173 1081 1230 1126 et
1279 1071 1494 1126 admitti
1525 1070 1736 1126 crebris

129 1157 448 1214 daemonum
476 1161 902 1230 expulsionibus.
937 1162 1038 1229 Qui
1064 1164 1221 1219 bonis
1251 1162 1426 1219 effecti
1460 1163 1734 1229 meliores,

129 1265 203 1304 ac
235 1267 337 1321 per
362 1251 465 1307 hoc
501 1251 688 1308 electis
727 1251 988 1309 fratribus
1015 1254 1422 1326 principantes,
1453 1255 1597 1309 inter
1640 1271 1738 1309 nu-

129 1358 327 1399 meros
373 1345 737 1415 principatum
785 1347 852 1402 ad
910 1347 1101 1402 mterni
1157 1347 1499 1418 principatus
1555 1347 1738 1402 sedem

135 1435 519 1505 congruebant
549 1435 754 1504 pariter
777 1445 833 1491 et
865 1436 1060 1492 locum.
1091 1437 1200 1493 Sed
1229 1453 1329 1493 nec
1363 1439 1416 1492 in
1446 1435 1568 1492 felle
1591 1451 1738 1492 ama-

131 1526 400 1583 ritudinis
422 1569 438 1594 ,
466 1541 565 1583 nec
585 1528 638 1583 in
663 1528 994 1601 obligatione
1019 1532 1219 1600 reperti
1249 1539 1376 1586 sunt
1402 1531 1736 1601 iniquitatis;

132 1619 236 1688 qui
275 1620 402 1672 dum
432 1618 669 1675 feliciter
697 1621 947 1676 viverent
977 1621 1196 1678 Christo
1224 1622 1424 1677 mortui
1457 1630 1616 1677 erant
1645 1636 1742 1692 per

133 1709 684 1766 abrenuntiati'onem
728 1711 1029 1767 carnalium
1060 1721 1116 1768 et
1148 1713 1275 1768 huic
1324 1713 1544 1768 mundo.
1577 1711 1741 1766 Cum.

132 1815 251 1870 que
278 1808 494 1855 terrena
526 1809 712 1856 mente
741 1803 1212 1870 transcenderent,
1243 1810 1294 1857 et
1324 1811 1451 1856 ante
1472 1817 1530 1857 se
1559 1802 1741 1857 cordis

1835 615 2081 672 fidelibus
2117 619 2353 675 caelestis
2375 631 2517 692 patet
2558 622 2722 693 janua
2751 636 2766 677 :
2803 621 2934 677 Tum
2963 640 3055 694 per
3083 641 3169 678 eos
3211 642 3423 696 regnum

1835 707 2084 761 rwlorum
2128 709 2232 763 vim
2265 711 2466 780 patitur
2504 721 2558 766 et
2596 712 2818 767 violenti
2852 713 3090 783 quotidie
3125 729 3220 784 per
3247 718 3424 786 paeni-

1837 799 2017 854 tentia:
2066 801 2326 867 remedia,
2381 804 2596 872 rapiunt
2642 803 2775 856 illud
2803 801 3021 875 (Matth.
3075 820 3133 870 ll,
3185 806 3292 878 12).
3343 807 3424 862 Ad

1835 889 2178 959 episcopatus
2227 891 2411 960 itaque
2477 891 2836 948 communiter
2885 895 3113 963 promoti
3169 894 3424 960 officium,

1836 981 2199 1035 communiter
2236 981 2399 1036 etiam
2444 983 2586 1038 sacri
2627 983 2910 1054 regiminis
2951 993 3304 1054 susceperunt
3342 983 3425 1039 lo-

1837 1087 1980 1137 cum,
2021 1081 2287 1142 quatenus
2339 1088 2474 1143 quos
2527 1075 2890 1130 communiter
2934 1090 3038 1130 una
3076 1073 3430 1144 coniunxerat

1841 1162 1996 1228 ﬁdes,
2023 1163 2383 1220 communiter
2437 1179 2649 1234 quoque
2697 1166 2752 1220 in
2798 1165 2987 1222 eodem
3031 1166 3293 1236 regimine
3322 1181 3428 1222 una

1839 1253 2136 1322 eademque
2163 1263 2511 1310 connecteret
2538 1255 2676 1310 dies.

1909 1343 1990 1398 Ad
2034 1354 2381 1414 augmentum
2415 1345 2767 1401 nihilominus
2801 1345 2985 1418 gloria:
3021 1343 3255 1408 accidit,
3288 1345 3433 1415 quod

1840 1434 2027 1491 audire
2073 1435 2358 1507 dil’genter
2380 1447 2558 1494 vestra
2609 1439 2846 1495 charitas
2876 1438 3027 1494 velit.
3074 1439 3269 1493 Beatos
3307 1451 3434 1492 con-

1841 1529 2075 1585 fcssores
2101 1529 2466 1586 indifferenter
2487 1541 2768 1602 exemptos
2795 1531 3019 1598 mundo,
3044 1528 3438 1586 indifferenter-

1842 1637 1946 1693 que
1982 1623 2149 1694 gloria
2194 1633 2250 1680 et
2294 1625 2500 1680 honore
2545 1634 2832 1682 coronmos
2877 1617 2998 1681 esse
3026 1625 3077 1680 in
3117 1623 3272 1679 coelo.
3302 1623 3438 1677 llinc

1844 1711 1997 1768 ﬁnito
2024 1713 2231 1783 pariter
2259 1729 2451 1770 cursus
2478 1715 2559 1770 sui
2587 1730 2780 1783 agone,
2809 1716 3012 1788 pariter
3035 1715 3100 1770 de
3127 1713 3437 1770 coetmlcnta

1845 1805 2028 1859 mundi
2079 1806 2336 1876 voragine
2355 1847 2372 1872 ,
2413 1808 2616 1877 pariter
2646 1809 2711 1870 de
2734 1808 2915 1863 carnis
2943 1806 3215 1877 ergastulo
3242 1805 3436 1871 evulsi,

131 1905 333 1943 eorum
360 1889 502 1945 oeuli
525 1905 739 1962 semper
762 1893 1125 1956 intenderent,
1149 1904 1203 1948 et
1226 1894 1306 1949 eis
1336 1892 1576 1961 subjecta
1608 1891 1741 1947 foris
1771 1900 1815 1959 Β
1844 1896 2152 1964 pariterque
2182 1895 2383 1959 laboris
2408 1898 2489 1951 sui
2518 1908 2720 1953 aeterno
2758 1898 3019 1953 consolati
3053 1897 3435 1966 suntprazmio.

132 1978 486 2046 serviebant,
533 1990 804 2052 quatenus
852 1999 1127 2054 nunquam
1179 1984 1329 2039 cordi
1377 1985 1738 2052 obsisterent,

134 2069 460 2124 transitoria
477 2085 598 2140 quae
613 2072 1038 2142 conspiciebant.
1067 2074 1235 2144 Igitur
1271 2083 1328 2129 ut
1360 2074 1532 2129 nubes
1564 2073 1745 2128 volan-

136 2169 233 2215 tes
270 2169 457 2228 erant,
488 2171 544 2217 et
595 2164 750 2234 quasi
781 2165 1046 2221 columbae
1085 2167 1152 2220 ad
1186 2166 1454 2222 fenestras
1476 2183 1623 2233 suas,
1651 2169 1742 2237 qui

133 2254 352 2311 caduca
381 2257 616 2328 simplici
640 2259 1051 2317 considerantes
1077 2261 1235 2317 oculo
1256 2303 1270 2328 ,
1303 2261 1503 2318 nullius
1529 2261 1596 2316 ad
1629 2262 1745 2318 lucc

137 2345 503 2402 movebantur
525 2357 618 2401 aut
649 2348 1008 2404 trahebantur
1032 2351 1238 2420 rapina:
1281 2349 1572 2405 desiderio.

221 2436 286 2490 Hi
321 2447 500 2494 autem
531 2456 639 2494 uno
695 2441 914 2512 geminii
947 2451 1088 2508 ortu,
1119 2456 1384 2513 paresque
1430 2441 1588 2496 unius
1627 2454 1749 2495 sau-

135 2529 351 2585 ctitatis
418 2529 734 2586 effulserunt
785 2543 1079 2602 provectu;
1150 2544 1203 2589 et
1252 2534 1390 2589 sicut
1457 2549 1552 2588 eos
1597 2541 1748 2588 ortus

137 2622 416 2691 aequales,
457 2625 530 2678 ita
557 2626 793 2696 optimus
825 2627 946 2682 vita:
974 2643 1166 2683 cursus
1194 2629 1245 2683 in
1274 2628 1517 2683 bonitate
1549 2627 1749 2683 forma-

139 2715 224 2766 vit
271 2715 572 2770 unanimes.
622 2715 1005 2774 Verumtamen
1060 2720 1111 2774 in
1147 2727 1393 2775 materno
1437 2718 1550 2788 jam
1589 2729 1745 2775 utero

138 2806 357 2870 mundi,
405 2807 632 2876 imparis
673 2809 798 2864 vita:
844 2810 1092 2881 leguntur
1137 2820 1282 2867 sorte
1312 2811 1618 2876 distributi,
1663 2820 1750 2865 ut-

138 2913 362 2968 cunque
407 2899 676 2967 allegorice
721 2902 1006 2967 subesset,
1051 2911 1276 2973 uterque
1333 2913 1513 2958 tamen
1573 2903 1748 2973 quali-

146 2998 268 3042 tate
292 2989 468 3044 meriti
496 2998 550 3044 et
578 2991 751 3060 gratia
783 2992 1134 3062 discreparet.
1170 2993 1320 3048 Unus
1344 2993 1486 3048 enim
1519 2993 1745 3064 simplex

140 3075 253 3130 fuit
301 3077 552 3132 habitans
599 3079 652 3133 in
708 3081 1094 3148 tabernaculis,
1145 3089 1198 3138 et
1246 3083 1382 3138 alter
1435 3084 1748 3138 scccularcm

139 3167 400 3223 militiam
431 3171 677 3226 excreuit
724 3171 777 3226 in
808 3175 974 3228 armis
1005 3189 1068 3230 ac
1110 3190 1209 3244 per
1239 3177 1341 3231 hoc
1389 3176 1489 3232 iste
1518 3176 1747 3241 electus,

1847 1985 1891 2040 Ο
1915 2001 2076 2055 quam
2104 1986 2251 2056 pium
2282 1988 2680 2059 spectaculum!
2726 1988 2770 2045 Ο
2798 2005 2958 2059 quant
2999 1989 3247 2043 mirabile
3274 1997 3356 2043 est
3386 1987 3439 2042 in

1848 2077 1964 2134 istis
2017 2079 2232 2150 pietatis
2270 2078 2569 2148 judicium!
2623 2081 2782 2136 simul
2823 2097 3055 2151 namque
3110 2080 3353 2150 conecpti
3386 2087 3442 2133 et

1847 2168 2036 2240 geniti,
2087 2169 2354 2239 simulque
2396 2179 2523 2225 sunt
2571 2169 2694 2226 ﬁdei
2744 2171 2996 2240 primitiis
3046 2169 3238 2237 nubiti,
3281 2168 3443 2224 simul

1847 2259 2102 2316 salutaris
2130 2261 2473 2332 baptismatis
2523 2272 2960 2327 sacramentum,
3005 2261 3274 2330 simulque
3323 2259 3439 2314 for-

1849 2350 2120 2406 tissimum
2177 2352 2371 2414 divinae
2425 2353 2631 2409 militiae
2684 2361 3035 2424 sumpserunt
3093 2351 3436 2424 tyrocinium.

1850 2441 2021 2496 Simul
2072 2443 2366 2513 apostolica
2414 2444 2792 2500 benedictione
2835 2443 3120 2514 insigniti,
3173 2441 3442 2512 simulque

1848 2543 1976 2590 sunt
1998 2535 2402 2606 pontiﬁcalibus
2432 2535 2612 2591 infulis
2644 2535 2895 2598 redimiti,
2924 2533 3083 2590 simul
3107 2533 3175 2588 ad
3201 2533 3438 2604 patrium

1849 2625 2036 2681 emissi
2071 2626 2334 2696 regimen,
2366 2626 2633 2696 simulque
2662 2625 2892 2680 subditis
2929 2623 3059 2680 facti
3098 2632 3224 2678 sunt
3249 2636 3443 2692 specu-

1849 2715 1959 2771 lum
1987 2724 2044 2773 et
2089 2719 2383 2788 specimen.
2417 2717 2590 2773 Simul
2620 2717 2904 2787 pa'storalis
2933 2714 3090 2771 cilicii
3119 2720 3444 2786 peregerunt

1851 2825 2073 2877 curam,
2120 2810 2388 2882 simulque
2459 2825 2620 2880 super
2666 2809 3000 2864 Dominicam
3061 2807 3444 2861 laboraverunt

1851 2901 2174 2972 pecuniam,
2221 2900 2383 2958 simul
2424 2899 2609 2972 ﬁdeles
2653 2901 2978 2956 exstiterunt
3025 2898 3080 2953 in
3128 2895 3443 2962 commisso,

1852 2992 2120 3064 simulque
2162 2995 2488 3065 geminatum
2536 2992 2743 3047 lucrum
2779 2993 2845 3047 de
2880 2998 3103 3061 accepto
3143 2987 3446 3044 retulerunt

1853 3083 2076 3140 talento.
2110 3084 2281 3140 Simul
2313 3085 2510 3140 lethale
2541 3084 2732 3140 mortis
2775 3082 3148 3154 persolverunt
3176 3079 3437 3143 debitum,

1852 3171 2119 3243 simulque
2166 3173 2234 3228 ad
2284 3183 2546 3230 aeternum
2591 3181 2952 3244 pervenerunt
2991 3186 3238 3242 regnum,
3283 3167 3446 3224 simul

141 3259 241 3313 ille
284 3268 464 3315 autem
495 3262 721 3318 omnino
763 3273 1006 3332 apostata
1047 3264 1221 3321 factus
1265 3275 1346 3322 est
1380 3276 1434 3322 et
1470 3267 1749 3337 reprobus.
1781 3270 1827 3332 ς
1858 3261 2145 3318 clarissimi
2170 3263 2497 3318 exstiterunt
2517 3263 2770 3329 victores,
2799 3262 3063 3332 simulque
3091 3262 3162 3316 ad
3186 3269 3446 3314 aeternam

141 3349 352 3405 Beatos
393 3365 522 3407 vero
565 3351 878 3407 Medardum
918 3363 971 3410 et
1013 3354 1326 3411 Gildardum
1365 3374 1503 3412 unus
1532 3359 1750 3428 quidem

143 3447 308 3495 ortus
334 3438 521 3496 effudit
558 3442 612 3497 in
648 3444 938 3510 mundum,
977 3446 1070 3502 sed
1099 3447 1294 3516 quibus
1331 3448 1612 3503 exordium
1646 3465 1750 3503 una

145 3529 383 3585 contulit
421 3531 700 3599 nativitas,
749 3534 940 3588 eadem
992 3535 1044 3589 in
1093 3537 1380 3592 sanctitate
1425 3546 1480 3591 et
1509 3537 1752 3608 magnifi-

147 3621 339 3676 centia
368 3622 631 3693 applausit
657 3625 900 3681 libertas.
933 3625 1064 3680 Nam
1097 3626 1198 3682 sub
1219 3627 1376 3682 unius
1408 3629 1554 3683 hora:
1579 3629 1752 3685 editos

145 3713 408 3780 articulo,
434 3733 538 3771 una
577 3718 627 3772 in
658 3718 760 3773 ﬁde
794 3719 964 3774 tenuit
997 3719 1306 3786 confessio;
1340 3735 1542 3790 eosque
1579 3720 1752 3778 virtus

147 3803 341 3859 socios
382 3804 646 3871 reddidit,
691 3821 826 3876 quos
856 3817 1049 3862 natura
1091 3807 1143 3862 in
1187 3817 1460 3864 momento
1496 3810 1754 3880 temporis

148 3893 405 3964 geminos
435 3895 674 3963 protulit.
707 3897 842 3950 Dum
878 3913 1008 3967 ergo
1037 3898 1171 3954 tales
1197 3899 1530 3966 enituerunt,
1560 3915 1755 3968 paren-

151 3986 310 4041 tibus
349 3986 653 4044 conformes
678 4003 736 4043 se
761 3989 812 4043 in
841 3991 994 4045 bonis
1024 3991 1383 4045 exhibuerunt
1430 3991 1750 4048 actionibus.

150 4075 226 4130 Et
271 4091 406 4147 quos
451 4080 682 4134 mundus
725 4095 934 4135 comvos
982 4082 1191 4148 habuit,
1237 4083 1486 4137 conscios
1533 4083 1751 4152 pictatis

149 4183 328 4239 opere
359 4169 509 4223 sinus
536 4165 792 4226 Ecclesiae
822 4173 1010 4226 matris
1037 4172 1187 4227 aluit.

231 4260 367 4315 Illud
418 4276 548 4316 vero
594 4264 646 4317 in
689 4263 775 4318 his
819 4265 1112 4335 spectabile
1144 4265 1497 4335 omnibusque
1545 4272 1756 4320 constat

152 4351 376 4408 sseculis
421 4353 792 4418 memorabile,
841 4355 983 4424 quod
1021 4370 1124 4408 una
1176 4355 1598 4410 consecrationis
1646 4371 1758 4410 sua:

153 4443 409 4515 gloriam,
441 4457 656 4513 unaque
683 4444 1045 4515 pontiﬁcalem
1091 4447 1144 4500 in
1179 4446 1491 4517 plmlatione
1518 4445 1754 4501 fidelium

154 4537 343 4609 adepti
399 4547 528 4593 sunt
579 4540 913 4594 cathedram.
975 4539 1128 4595 Sicut
1169 4541 1316 4595 enim
1368 4556 1464 4611 par
1523 4539 1757 4596 carnalis

1855 3352 2081 3424 gloriam
2135 3354 2369 3424 suscepti
2429 3361 2556 3408 sunt
2602 3353 3025 3422 triumphantes;
3075 3349 3235 3406 simul
3280 3349 3446 3418 igitur

1855 3444 2084 3499 terrenis
2121 3444 2283 3499 rebus
2314 3443 2511 3510 eximi,
2560 3443 2827 3513 simulque
2875 3441 3185 3497 cmlestibus
3235 3454 3450 3496 merue-

1855 3543 1981 3588 runt
2024 3535 2212 3600 inseri,
2243 3535 2400 3590 simul
2436 3549 2664 3605 quaeque
2708 3531 3075 3589 corruntibilia
3133 3538 3446 3595 evaserunt,

1854 3625 2121 3697 simulque
2168 3625 2596 3697 incorruptibilia
2635 3639 2887 3698 perennis
2917 3633 3040 3678 vita:
3084 3621 3279 3694 gaudia
3320 3621 3446 3676 sub.

1855 3717 2050 3772 ierunt.

1925 3806 2192 3863 Praeterea
2227 3807 2431 3879 junctis
2475 3806 2866 3879 geminatisque
2906 3803 3153 3870 meritis,
3195 3801 3447 3859 festivum

1854 3898 2203 3953 instituerunt
2227 3898 2368 3953 diem
2393 3914 2602 3970 magna:
2625 3895 2971 3960 celebritatis,
3003 3893 3259 3964 angelicis
3288 3892 3448 3947 nimi-

1855 4006 1974 4046 rum
1999 3991 2279 4060 spiritibus
2315 4005 2528 4060 semper
2550 3988 2932 4052 venerandam,
2963 3984 3316 4041 Christocolis
3357 3983 3450 4037 iti-

1855 4083 1975 4137 dem
2022 4082 2234 4152 populis
2271 4081 2447 4135 ubivis
2484 4081 2723 4135 locorum
2759 4075 3184 4148 praecordialiter
3206 4073 3451 4128 recolen-

1856 4173 2002 4227 dmn.
2053 4171 2252 4228 Omnes
2292 4171 2436 4226 enim
2476 4169 2840 4224 indesinenter
2881 4167 3137 4222 debemus
3186 4162 3446 4229 recolere,

1855 4271 1911 4316 ct
1948 4263 2283 4316 incessanter
2326 4261 2394 4314 ad
2446 4258 2642 4313 mentis
2685 4256 2870 4312 oculos
2921 4268 3199 4319 revocare,
3258 4255 3450 4307 horum

1859 4367 2010 4406 mens
2057 4351 2110 4405 in
2151 4357 2352 4420 quanto
2391 4347 2626 4404 culmine
2675 4347 2926 4410 steterit;
2988 4359 3108 4414 qua:
3151 4341 3449 4414 perfectum

1857 4443 2054 4496 bonmn
2079 4440 2316 4512 perfecte
2344 4439 2636 4510 reperiens,
2673 4436 2910 4510 perfecte
2931 4435 3162 4505 denique
3189 4433 3450 4490 tenuerit.

1859 4534 1994 4602 Quid
2018 4534 2161 4588 enim
2189 4540 2270 4588 est
2291 4547 2356 4588 eo
2380 4530 2690 4602 perfectius,
2736 4530 2820 4585 cui
2862 4545 2962 4584 nec
3006 4529 3184 4582 minus
3217 4526 3452 4597 adjacet,

154 4627 349 4692 editio,
383 4627 453 4682 ita
487 4627 567 4684 eis
596 4643 694 4699 par
723 4629 1017 4698 spiritualis
1045 4631 1294 4701 provenit
1316 4630 1672 4696 consecratio,
1699 4638 1755 4685 et
1787 4615 1834 4674 Ι)
1859 4640 1956 4680 nec
1989 4625 2183 4696 majus,
2225 4624 2315 4694 qui
2349 4638 2449 4679 nec
2471 4623 2525 4676 in
2553 4637 2658 4692 quo
2681 4622 2952 4677 minuatur
2990 4619 3161 4686 novit,
3207 4631 3308 4672 nec
3346 4633 3447 4671 un-

157 4721 220 4772 in
281 4717 656 4790 benedictione
701 4719 1012 4776 claruerunt
1062 4736 1258 4791 pares,
1288 4723 1380 4792 qui
1437 4723 1490 4776 in
1543 4721 1755 4776 cunctis

149 4809 386 4877 iustitia:
435 4811 739 4880 generibus,
792 4811 1097 4867 nullatenus
1135 4811 1448 4867 claruerunt
1493 4811 1750 4881 impares.

153 4898 349 4953 Ambo
375 4899 570 4969 quippe
594 4900 714 4971 pari
741 4900 1046 4956 conditione
1075 4902 1414 4966 sanctiﬁcati,
1447 4902 1606 4957 ambo
1631 4910 1759 4956 sunt

160 5005 322 5060 aequa
369 5003 516 5048 sorte
558 4993 860 5048 consecrati
889 5003 944 5046 ct
971 4993 1154 5049 divino
1191 4993 1411 5049 delibuti
1438 4993 1753 5058 chrismate,

161 5084 259 5154 qui
311 5083 518 5139 animas
569 5085 868 5154 suscepturi
938 5093 1125 5152 erant,
1183 5094 1530 5162 sacrosancto
1601 5084 1749 5140 defe-

162 5175 376 5230 candas
405 5173 746 5244 baptismate.
777 5175 979 5230 Ambos
1008 5191 1111 5228 una
1141 5176 1270 5230 hora
1297 5190 1453 5230 veros
1488 5175 1579 5229 Dei
1612 5191 1747 5245 prae-

162 5266 346 5332 sules;
398 5269 587 5322 ambos
630 5282 734 5320 una
781 5267 1078 5337 eademque
1117 5268 1234 5322 dies
1275 5267 1522 5338 egregios
1548 5268 1752 5322 creavit

161 5357 472 5428 pontiﬁces,
501 5364 554 5412 ct
583 5371 708 5410 vera
740 5358 928 5411 statuit
955 5357 1136 5411 mundi
1173 5357 1373 5411 lumina
1414 5357 1575 5411 solari
1620 5358 1753 5412 orbe

161 5448 468 5512 lucidiora,
516 5455 572 5502 et
629 5445 805 5502 lunari
857 5447 1099 5516 lampade
1153 5446 1533 5517 Splendidiom.
1604 5446 1754 5502 Unus

165 5540 385 5611 quidem
417 5540 608 5594 horum
641 5537 1084 5609 Noviomageusis
1133 5539 1436 5609 episcopus,
1469 5538 1605 5594 alter
1627 5554 1756 5594 vero

169 5628 624 5699 ltothomagensis
659 5628 982 5699 subrogatus
1009 5639 1090 5684 est
1127 5630 1605 5700 archiepiscopus;
1651 5629 1758 5685 sic-

169 5735 278 5788 que
327 5717 652 5788 sufl'raganei
703 5719 906 5785 vicem,
958 5720 1043 5774 ille
1086 5729 1265 5775 autem
1317 5721 1383 5775 ad
1432 5720 1760 5775 sublimioris

173 5813 336 5870 cilicii
389 5811 785 5881 testimonium,
837 5815 1230 5887 mctroltolitani
1278 5805 1507 5874 obtinuit
1557 5817 1758 5884 sedem,

1858 4731 2019 4786 quam
2062 4729 2169 4784 quo
2209 4722 2422 4768 crescat
2457 4713 2664 4780 recipit,
2694 4726 2868 4782 neque
2896 4724 2992 4780 per
3035 4709 3246 4763 initium
3279 4706 3455 4760 nasci-

1862 4819 1968 4870 tur,
1999 4819 2172 4873 nequc
2206 4803 2386 4874 aliquo
2413 4801 2622 4856 finitimi
2660 4802 2918 4869 temporis
2943 4799 3172 4853 termino
3197 4805 3455 4866 angusta-

1863 4906 1950 4952 tur
1975 4897 1998 4951 ?
2037 4897 2176 4951 Deus
2217 4899 2414 4966 quippe
2440 4909 2653 4964 semper
2682 4905 2766 4948 est
2790 4894 2970 4957 habet,
2999 4891 3124 4944 dum
3147 4903 3270 4943 esse
3295 4902 3452 4940 suum

1859 4990 2135 5061 proprium
2161 4990 2419 5058 possidet,
2455 4988 2594 5042 sicut
2613 4993 2670 5041 et
2687 4986 2736 5040 ei
2762 4982 3120 5039 essentialiter
3147 4980 3286 5034 inest
3309 4975 3454 5046 quod

1860 5085 2051 5148 bonus,
2081 5096 2343 5147 sumnms,
2382 5078 2687 5144 ineﬂ'abilis,
2723 5087 2777 5132 et
2810 5073 3307 5142 incircumscriptus
3340 5069 3455 5140 spi-

1864 5179 1999 5232 ritus
2039 5185 2140 5232 est.
2195 5176 2347 5230 llunc
2398 5183 2577 5231 autem
2629 5173 2786 5244 plene
2838 5181 2892 5227 et
2938 5169 3174 5240 perfecte
3231 5167 3452 5232 habere,

1861 5269 2098 5340 perfecte
2120 5277 2332 5323 constat
2359 5277 2412 5322 et
2439 5268 2555 5323 sine
2579 5265 2686 5321 ﬁne
2715 5265 2915 5327 vivere,
2938 5261 3062 5332 quia
3092 5260 3207 5330 ipse
3233 5259 3342 5312 vita
3372 5266 3454 5312 est

1860 5360 2100 5417 omnium
2128 5377 2141 5412 :
2172 5359 2324 5412 vivus
2355 5357 2564 5413 scilicet
2586 5355 2742 5427 panis
2768 5363 2822 5408 et
2847 5363 3082 5408 aeternus
3106 5349 3258 5404 cibus
3284 5364 3452 5418 ange-

1860 5455 2059 5508 lorum.
2115 5450 2257 5522 Ergo
2283 5449 2349 5504 ad
2380 5449 2522 5504 hunc
2547 5448 2691 5503 beati
2719 5447 3052 5502 confessores
3091 5459 3211 5500 cum
3252 5443 3454 5499 celebri

1860 5541 2206 5612 perfectionis
2243 5540 2515 5609 triumpho
2541 5537 2937 5608 pervenientes,
2967 5535 3156 5605 ingens
3195 5534 3450 5606 gaudium

1862 5631 2110 5701 superuis
2148 5629 2442 5686 intulerunt
2489 5628 2736 5692 civibus;
2779 5635 2834 5680 et
2873 5626 3166 5681 solemnem
3211 5623 3450 5679 Iustitiam

1865 5725 2114 5779 Ollllllblls
2143 5723 2507 5777 adhibuerunt
2527 5735 2714 5775 eorum
2745 5718 2879 5774 festa
2903 5717 3282 5776 recalentibus.
3307 5715 3447 5769 Inter

1870 5817 1983 5873 haec
2015 5832 2111 5872 nos
2149 5814 2309 5870 ctiam
2345 5822 2554 5884 oportet
2597 5811 2757 5881 scire,
2793 5819 2849 5868 ut
2875 5819 3086 5870 maneat
3109 5807 3308 5884 jugitcr
3339 5805 3444 5864 alta
