3848 5540
502 397 607 451 659

1093 392 1410 449 Ουιιυκιδ
1450 388 1753 448 MONAClll
1797 392 1855 446 S.
1882 391 2099 447 MEDAI

2201 392 2205 444 l
2247 388 2601 448 SUESSION.
2647 388 3013 448 seuuones
3060 389 3255 446 rues.
3601 403 3665 456 su
3742 388 3743 471 ᾖ

503 506 795 577 repositum
852 511 1048 568 tuente,
1088 505 1230 572 quod
1258 521 1287 558 a
1322 513 1461 557 terra
1489 504 1768 558 suseitavit
1813 504 1999 574 inopes
2046 512 2095 558 et
2130 515 2173 572 Α
2207 503 2651 559 lorum-catervas
2679 505 2970 575 quotannis
2993 514 3261 575 expetere,
3289 505 3667 575 deptisilithdssnx
3742 503 3743 577 ξ

500 602 568 654 de
613 607 856 654 stercore
895 598 1072 651 divina
1108 596 1390 652 clementia
1424 597 1595 651 erexit
1627 613 1888 667 pauperes
1919 594 2090 664 (l’sal.

500 708 632 756 exn,
681 692 733 756 7,
780 690 857 761 8).
909 688 1181 760 Pauperes
1248 689 1445 763 quippe
1514 688 1703 758 Spiritu
1773 688 1897 743 facti
1947 699 2092 752 sunt,

500 791 769 852 quatenus
805 781 1234 838 indelicientibns
1279 780 1542 852 perpetiin
1588 781 1736 853 gazis
1774 782 2093 837 ditareutur.

502 872 768 943 Quoniam
822 876 875 927 iu
920 873 1000 927 eis
1043 872 1128 935 illa
1172 871 1381 927 exstitit
1422 879 1730 943 paupertas,
1778 886 1938 941 quam
1990 887 2095 926 non

502 940 816 1020 faetdtatum
873 965 1164 1039 indigentia
1199 1006 1214 1030 ,
1273 963 1366 1020 sed
1408 940 1711 1018 animorum
1756 940 2100 1019 commendat

500 1059 799 1114 humilitas.
855 1057 1008 1115 Unde
1038 1059 1345 1127 margarita:
1372 1073 1491 1127 qua:
1525 1057 1846 1127 squalebant
1881 1057 1933 1110 in
1961 1065 2099 1113 ster-

502 1151 750 1220 quilinio,
790 1148 903 1219 jam
952 1159 1241 1219 assumpta:
1283 1149 1582 1219 positaeque
1619 1158 1747 1203 sunt
1774 1148 1826 1202 in
1861 1147 2099 1203 caelestis

502 1241 646 1312 regis
675 1248 1015 1297 ornamento.
1061 1239 1180 1295 Jam
1210 1241 1348 1295 inter
1374 1256 1637 1311 supernos
1671 1240 1815 1296 cives
1840 1240 2098 1305 emicant,

496 1331 609 1400 iam
644 1332 785 1387 inter
814 1332 1009 1404 ignitos
1038 1332 1156 1387 illos
1186 1331 1391 1405 lapides
1426 1333 1614 1387 aeterni
1657 1330 1979 1385 diadematis
2005 1345 2099 1384 co-

505 1431 745 1477 ruscant.
784 1422 918 1475 Nam
959 1422 1011 1476 in
1056 1432 1196 1477 terra
1241 1423 1388 1493 prius
1425 1420 1838 1491 corruptibiles.
1879 1420 1992 1489 jam
2046 1419 2098 1493 in

504 1513 644 1567 ccelo
694 1498 1007 1582 angelorum
1058 1517 1297 1573 existunt
1350 1513 1682 1576 colueredcs,
1722 1512 2102 1582 rapientesque

507 1602 575 1657 de
620 1616 789 1673 carne
824 1610 1109 1673 tr0pteum,
1148 1602 1359 1687 bintima
1408 1602 1718 1658 Conditoris
1757 1602 1839 1657 sui
1894 1601 2101 1656 visione

504 1694 855 1763 perfruuntur
878 1697 931 1751 in
960 1706 1297 1766 perpetuum.
1351 1696 1456 1752 Sed
1486 1705 1541 1753 et
1578 1694 1965 1765 cxspaliatione
2017 1694 2100 1748 sui
2174 1754 2179 1757 _

505 1786 768 1855 corporis,
799 1785 1101 1850 immortale
1136 1786 1512 1856 compendium
1538 1785 1764 1840 mercati
1796 1793 1924 1838 sunt
1952 1784 2099 1854 regni

2198 597 2639 652 commemoratio
2687 597 3001 667 principalis
3046 597 3269 661 invitat;
3300 608 3487 653 crescat
3525 601 3564 654 in
3592 608 3666 657 nui-

2182 701 2472 751 gversorum
2501 686 2830 757 pectoribus,
2872 702 2971 758 pro
3014 687 3352 742 tideiardorc
3374 688 3666 755 devotio,dnnt

2197 788 2508 835 sanctorum
2537 794 2757 848 suorum
2794 778 3048 850 panditur
3073 779 3395 850 magnitudo.
3422 779 3479 835 Et
3503 781 3537 834 si
3565 786 3667 837 estin

2199 867 2303 923 hoc
2331 882 2488 923 rarus
2513 867 2603 938 qui
2632 868 2830 935 existat
2855 868 3098 923 imitator
3120 867 3320 937 operis,
3346 878 3536 924 cunctos
3556 880 3667 925 tanien

2201 956 2365 1015 laciat
2387 956 2504 1028 ejus
2528 958 2845 1035 intercessio
2869 958 3127 1031 potiores.
3155 956 3322 1028 Hujus
3341 972 3456 1028 ergo
3472 959 3666 1030 originem,

2198 1058 2484 1122 propterea
2507 1051 2742 1122 primum
2764 1051 3032 1125 suggestio
3049 1050 3220 1108 nostri
3241 1053 3484 1107 sermonis
3500 1055 3667 1113 insinuat.

2201 1151 2260 1196 ut
2317 1141 2521 1196 nullum
2577 1126 2805 1197 forsitan
2845 1143 3237 1214 desperationis
3278 1144 3525 1200 obstaculo
3566 1153 3669 1218 magis

2178 1222 2500 1300 culpandus
2553 1230 2818 1299 oﬂ‘endat;
2891 1233 3146 1302 quoniam
3221 1233 3484 1289 Dominum
3539 1238 3669 1307 integro

2202 1338 2387 1378 amore
2425 1322 2650 1395 diligere
2703 1341 2808 1381 non
2849 1324 2977 1382 facit
3016 1328 3255 1399 gentium
3297 1328 3455 1382 divisa
3490 1328 3667 1385 discrein.

2203 1416 2309 1473 Sed
2343 1419 2492 1472 unita
2525 1418 2645 1474 tidei
2676 1420 2978 1490 plenitudo,
3018 1437 3087 1477 ne
3119 1423 3301 1478 divina
3339 1424 3493 1493 gratia
3518 1439 3670 1492 quaere-

2203 1508 2434 1575 lentibus
2460 1510 2670 1566 cunctis
2696 1512 2964 1584 generalis
3009 1514 3335 1578 ostenditur,
3376 1514 3579 1585 specialis
3602 1531 3670 1569 esse

2196 1600 2401 1670 judicio
2421 1599 2641 1659 fallente
2667 1605 2942 1660 credatur.
3260 1668 3261 1671 η

2274 1690 2437 1747 Pater
2490 1692 2655 1772 igitur
2711 1694 2872 1771 hujus
2928 1696 3144 1757 nomine
3194 1694 3479 1765 Nectardus
3514 1696 3566 1753 de
3599 1696 3669 1752 forti

2202 1783 2539 1843 Francorum
2580 1800 2797 1869 genere,
2830 1804 2935 1845 non
2966 1789 3067 1845 fuit
3095 1789 3317 1857 inﬁmus
3354 1790 3583 1853 libertate;
3610 1806 3670 1842 nu-

504 1877 769 1942 coeleslis;
809 1887 863 1932 et
909 1878 1150 1947 deposita
1201 1887 1414 1931 terrena
1463 1877 1698 1940 sarcina,
1753 1875 1921 1929 induti
1975 1883 2101 1929 sunt
2136 1873 2175 1931 Ii
2208 1884 2287 1929 ter
2307 1890 2437 1931 vero
2466 1875 2729 1952 Romana,
2763 1881 2978 1951 nomine
3005 1880 3282 1952 Protagia,
3314 1882 3539 1937 absolutis
3556 1882 3669 1937 clamit

503 1968 730 2023 ramlida
759 1976 975 2024 teternze
1020 1968 1443 2023 immortalitatis
1487 1964 1644 2023 stola'.
1695 1968 1932 2035 Quorum
1972 1983 2100 2022 caro

505 2061 631 2116 dum
675 2064 963 2119 resolvitur
990 2065 1041 2119 in
1076 2048 1370 2135 pulverem,
1400 2065 1468 2119 ad
1493 2064 1774 2120 caelestem
1805 2064 1985 2119 anima
2014 2065 2097 2117 in-

507 2152 717 2207 vehitur
742 2157 1004 2225 requiem.
1051 2155 1149 2211 Ubi
1183 2157 1232 2211 in
1267 2156 1372 2211 illis
1399 2156 1722 2226 internisque
1756 2156 1968 2226 pascuis
1990 2196 2004 2219 ,
2034 2155 2100 2211 de

503 2245 688 2300 :eterui
719 2247 823 2302 atis
856 2248 1024 2323 gloria
1070 2248 1360 2309 fulciantur
1408 2265 1529 2323 cum
1579 2248 1830 2306 onmibus
1874 2250 2096 2305 sanctis.

493 2336 688 2406 itaque
715 2354 844 2397 suos
867 2322 1074 2399 mersos
1115 2342 1168 2396 in
1204 2341 1425 2408 intimis,
1458 2343 1523 2396 de
1560 2341 1675 2397 lacu
1719 2342 1949 2399 miseriae
1987 2342 2097 2410 cri-

505 2429 680 2498 piens,
707 2439 761 2485 ct
791 2431 857 2487 de
881 2431 992 2487 luto
1022 2430 1195 2497 ftecis,
1224 2449 1253 2487 a
1299 2443 1438 2488 terra
1469 2433 1726 2489 Dominus
1755 2434 1985 2490 suscitat
2022 2435 2097 2499 iu-
2172 2484 2177 2487 _

503 2535 656 2588 opes,
701 2529 755 2575 et
784 2519 851 2576 de
883 2530 1123 2579 stercore
1167 2522 1350 2578 divina
1386 2523 1669 2579 clementia
1715 2524 1905 2580 beatos
1940 2524 2100 2594 eripit

508 2625 792 2679 pauperes.

573 2702 838 2759 (Steterunt
880 2705 945 2760 ad
974 2720 1038 2762 ea
1065 2722 1186 2777 qua:
1228 2707 1629 2780 proposuimus,
1659 2708 1859 2778 sispes
1889 2717 2100 2779 nostras

506 2793 615 2862 iam
659 2794 976 2867 animosque
994 2799 1322 2869 excitemus,
1362 2800 1689 2871 aspiciamus
1718 2817 1823 2875 quo
1845 2816 2097 2876 gressum

512 2885 749 2941 tixernnt
775 2887 962 2955 animi,
999 2899 1263 2958 quatenus
1286 2892 1536 2961 passibus
1563 2886 1766 2963 amoris
1795 2907 2101 2949 mercamur

509 2978 730 3048 vestigia
758 2979 979 3034 imitari.
1008 2979 1261 3052 Eloquar,
1295 2982 1616 3039 an‘sileam?
1641 2982 1945 3040 Prudentia:
1972 2984 2103 3041 sub-

509 3068 621 3122 nixi
653 3069 862 3135 robore,
892 3068 1222 3142 justitizeque
1252 3073 1377 3129 hinc
1409 3074 1535 3130 inde
1565 3073 1745 3130 vallati
1781 3075 2094 3141 nutnimine,

509 3159 758 3227 prudenti
801 3162 1032 3229 cautela,
1079 3166 1351 3236 sequenda
1391 3174 1675 3221 tenuerunt
1706 3166 1911 3233 omnia,
1940 3175 1994 3221 et
2020 3166 2099 3235 iu-

2203 1967 2465 2022 servitute
2518 1968 2807 2025 natalibus.
2861 1970 2993 2039 Qua:
3051 1972 3251 2029 Christi
3312 1974 3610 2037 tabernaculis
3640 1984 3670 2024 tt

2200 2071 2486 2112 censemus
2529 2060 2705 2129 pretio
2733 2059 2966 2116 fecunda
3009 2072 3202 2132 partu,
3250 2062 3372 2133 plus
3396 2063 3669 2133 profuitqnna

2202 2147 2269 2213 si,
2302 2148 2608 2221 integritate
2634 2161 2868 2218 servata,
2886 2169 3223 2225 nequaquam
3264 2171 3325 2212 se
3360 2155 3553 2212 vinculis
3571 2155 3654 2208 virili

2202 2240 2302 2296 bus
2329 2242 2658 2298 tradidisset.
2689 2244 2928 2311 Quorum
2954 2246 3006 2301 in
3034 2246 3452 2305 Veromandensi
3478 2248 3667 2304 territorio,

2202 2340 2257 2386 et
2285 2330 2548 2387 habitatio
2580 2333 2747 2391 fuisse
2771 2336 3105 2404 dignoscitur
3129 2348 3185 2395 et
3211 2341 3387 2412 origo.

2272 2424 2328 2481 In
2369 2442 2476 2497 qua
2505 2428 2637 2485 urbe
2671 2443 2793 2485 cum
2823 2430 3141 2487 adolescens
3192 2433 3261 2487 ad
3314 2432 3526 2490 scholam
3557 2446 3668 2485 recns

2202 2525 2366 2583 reret,
2415 2518 2657 2574 casulam
2689 2508 2853 2597 quam
2902 2521 2953 2577 ei
3008 2538 3105 2579 sua
3132 2524 3368 2593 genitrix
3416 2524 3669 2589 fecerat,pet

2202 2606 2378 2679 ipsum
2428 2608 2495 2662 ad
2545 2608 2811 2685 artiﬁcem
2866 2614 3297 2683 componendam
3341 2614 3544 2677 direxit;
3577 2625 3667 2681 quae

2204 2695 2256 2749 in
2300 2696 2492 2751 itinere
2544 2708 2763 2754 sanctus
2812 2699 3127 2769 MeJardus,
3175 2718 3409 2769 earcoa
3456 2718 3505 2758 se
3539 2704 3668 2756 invento

2202 2801 2325 2840 mox
2360 2787 2606 2857 praebuit.
2634 2786 2895 2844 Similiter
2933 2792 3193 2862 quidquid
3217 2796 3291 2848 ad
3329 2808 3493 2849 escam
3518 2792 3668 2859 accipere

2182 2879 2453 2951 deberet,
2492 2882 2619 2935 dum
2652 2897 2874 2937 suorum
2907 2895 3191 2955 parentum
3239 2902 3451 2958 gregem
3492 2894 3666 2956 [escort

2202 2969 2246 3024 si
2268 2986 2559 3041 pauperem
2592 2972 2838 3040 vidisset,
2860 2976 3013 3031 cibos
3036 2991 3205 3047 egeno
3230 2979 3544 3051 porrigebat.
3567 2987 3667 3031 tam

2203 3061 2317 3131 ipse
2347 3060 2555 3119 ferebat
2583 3063 2842 3135 inopiam,
2885 3066 2990 3122 diei
3028 3068 3231 3125 ducens
3266 3068 3517 3139 jejunim.

2272 3154 2382 3211 Nec
2411 3165 2495 3212 cst
2538 3156 2665 3213 illud
2726 3158 3057 3229 reticendum
3105 3164 3182 3218 rei
3228 3175 3398 3235 gesta:
3442 3163 3665 3236 mysterium

509 3259 594 3304 sto
624 3253 891 3320 examine,
920 3264 1135 3313 versuta
1170 3256 1350 3312 callidi
1379 3257 1550 3314 hostis
1584 3258 1911 3328 subegerunt
1938 3272 2097 3327 argu-

2201 3246 2334 3302 Cnm
2374 3247 2551 3303 adlmc
2577 3260 2720 3321 esset
2770 3251 2824 3305 in
2857 3252 3060 3310 scholis
3093 3254 3178 3311 vir
3200 3296 3204 3301 .
3226 3267 3445 3315 sanctus
3483 3263 3669 3327 parvast!

512 3350 714 3397 menta.
742 3342 799 3397 In
826 3345 942 3401 suis
970 3361 1096 3401 vero
1128 3350 1406 3419 temperati
1437 3349 1700 3407 moribus.
1730 3348 2099 3418 temperantim

474 3492 481 3495 _
512 3428 973 3499 ntoderamentum
1000 3434 1125 3491 totis
1145 3445 1557 3507 assumpsernnt
1580 3438 1803 3505 viribus,
1830 3437 2099 3507 fortesque

508 3523 564 3576 in
596 3523 841 3591 adversis
866 3531 922 3580 et
958 3527 1254 3597 pl‘OSpi‘l‘i,S,
1285 3537 1478 3583 contra.
1509 3536 1701 3584 cuncta
1732 3528 2097 3595 adversantia,

510 3610 856 3679 arripuerunt
904 3628 1055 3669 artua
1106 3614 1458 3671 fortitudinis.
1532 3616 1638 3681 Sed
1678 3626 1732 3673 et
1780 3617 2100 3673 humilitatis

512 3705 619 3756 ima
661 3706 937 3769 sectaudo,
977 3721 1074 3776 per
1116 3707 1240 3763 vita:
1284 3708 1396 3763 vias
1446 3710 1716 3763 constanti
1764 3711 2103 3765 incesserunt

511 3790 712 3847 animo.
762 3792 831 3847 Et
878 3810 1068 3865 magna
1111 3797 1381 3866 patientia:
1420 3798 1709 3868 praebendo
1752 3799 2016 3870 exentpla,
2049 3799 2100 3853 in

513 3882 632 3951 ipso
674 3883 920 3939 veritatis
963 3888 1182 3943 tramite
1236 3887 1509 3945 inflexibili
1566 3890 1917 3960 perstiterunt
1970 3905 2099 3958 cou-

519 3975 741 4031 srantia.
770 3975 1198 4036 Mansuetudiuis
1218 3980 1449 4050 denique
1473 3981 1670 4036 virtute
1691 3980 1926 4046 solidati,
1953 3996 2103 4034 mau-

515 4078 665 4124 sucte
713 4068 1045 4125 levissimum
1069 4070 1255 4143 jugum
1304 4082 1656 4143 portaverant
1704 4072 1925 4140 Christi,
1967 4074 2101 4129 etin

513 4173 678 4228 opere
707 4169 1062 4216 servaverunt
1091 4161 1429 4229 modestiam,
1461 4178 1622 4233 quam
1652 4163 1706 4218 in
1737 4163 1900 4219 corde
1936 4164 2101 4218 habe-

512 4253 644 4307 haut
683 4252 845 4309 veluti
872 4263 1163 4326 cognatam
1186 4264 1239 4311 et
1265 4256 1513 4311 amicam.
1562 4255 1715 4311 Unde
1744 4270 1965 4312 necesse
1999 4264 2100 4321 est,

513 4342 712 4401 fratres
733 4345 1060 4419 chat'issimi,
1086 4362 1192 4416 quo
1217 4346 1412 4402 talibus
1433 4347 1742 4403 mtmiamur
1762 4349 1929 4403 armis
1957 4348 2102 4413 fidei,

480 4494 485 4501 ,
512 4450 611 4505 per
636 4452 755 4505 qua:
778 4438 920 4492 beati
947 4438 1037 4493 isti
1056 4437 1414 4519 confessores,
1443 4442 1598 4520 amici
1626 4442 1717 4496 Dei
1741 4450 1796 4496 et
1819 4440 2104 4496 clarissimi

517 4542 637 4582 esse
665 4539 982 4585 meruerunt
1009 4516 1449 4601 triumphatores.
1489 4516 1725 4604 Supplici
1770 4542 1894 4589 voto
1928 4541 2106 4587 tantos

515 4629 839 4671 veneremur
870 4619 1035 4686 viros,
1063 4619 1349 4676 outnifaria
1391 4620 1547 4683 laude
1582 4632 1637 4678 et
1672 4624 1874 4680 honore
1903 4622 2106 4694 dignis-
2139 4590 2182 4649 ί)

516 4708 708 4775 simos,
739 4723 849 4778 quo
883 4724 982 4780 per
1006 4712 1335 4767 venerabilia
1363 4728 1550 4768 eorum
1581 4713 1855 4785 suﬂragia,
1884 4715 2100 4784 paradi-

516 4798 678 4857 εἰπε
701 4798 1032 4857 amazuitatis
1057 4801 1272 4871 gaudia,
1297 4802 1350 4857 in
1380 4803 1471 4859 illa
1495 4804 1734 4861 cmlestia
1764 4809 2104 4861 obtineamus

519 4888 775 4956 tripudia.
836 4888 1001 4959 Igitur
1048 4890 1378 4959 aspiciamus
1433 4909 1541 4964 quo
1585 4909 1830 4965 gressum
1872 4893 2106 4951 ﬁxerunt

517 4980 716 5061 auirui,
754 4990 1019 5051 quatenus
1063 4998 1372 5049 mereamur
1423 5000 1611 5045 eorum
1657 4987 1881 5057 vestigia
1926 4988 2101 5058 sequi,

519 5081 805 5144 praestante
829 5073 1056 5144 piissimi
1086 5076 1461 5148 Redemptoris
1487 5078 1682 5150 gratia.
1717 5082 1910 5136 Amen.

913 5326 1000 5380 DE
1038 5324 1309 5384 ΒΑΜ]Το
1347 5328 1697 5387 MEDARDO.

598 5429 769 5468 Πηηιῖι-
784 5434 820 5452 δ’
885 5435 896 5446 '

2199 3337 2477 3403 innocens,
2506 3339 2642 3395 dixit
2676 3340 2744 3396 ad
2783 3341 3132 3400 Eleutherum
3177 3349 3461 3417 quemdam
3500 3345 3669 3417 puerilrll

2198 3433 2688 3501 comparcm,quod
2715 3432 2927 3503 publica
2957 3435 3008 3489 in
3031 3438 3246 3493 actione
3277 3439 3555 3495 comitivam
3582 3450 3669 3489 assa-

2201 3526 2397 3585 meret,
2431 3527 2630 3575 etcum
2655 3520 2871 3593 triginta
2902 3539 3167 3580 annorum
3200 3527 3329 3583 vita:
3367 3529 3563 3599 spatium
3582 3536 3672 3591 capt-

2200 3616 2304 3673 ret,
2330 3608 2504 3677 ipsum
2538 3609 2675 3665 dixit
2723 3610 2963 3668 futurum
3011 3624 3285 3671 sumntum
3318 3616 3410 3672 Dei
3447 3613 3671 3688 pontiﬁcem.

2200 3700 2300 3767 Qui
2331 3702 2383 3755 in
2411 3700 2657 3757 Tornaco
2696 3703 2936 3772 civitate,
2964 3717 3152 3777 pastor
3181 3718 3269 3764 est
3305 3709 3458 3764 datus
3493 3704 3669 3762 Ecclesia

2199 3791 2276 3847 Ita
2299 3800 2519 3849 sanctus
2547 3792 2827 3850 Med-artius
2852 3796 2996 3867 quod
3023 3798 3297 3867 pnedixit,
3315 3799 3465 3870 quasi
3486 3796 3673 3868 propin“.

2201 3882 2383 3939 divino
2397 3880 2509 3952 jam
2533 3882 2724 3955 spiritu
2746 3885 3012 3954 probavit.
3057 3888 3261 3945 Deinde
3286 3905 3410 3946 cum
3446 3880 3675 3943 crebrinsul

2205 3971 2527 4042 templorum
2602 3974 2864 4040 oracula,
2939 3975 3062 4032 fidei
3129 3980 3334 4034 monita
3376 3969 3675 4051 promulgatis

2204 4065 2556 4132 discurreret,
2591 4075 2643 4122 et
2676 4076 2890 4125 teneros
2909 4071 3088 4126 uitatis
3117 4087 3292 4128 annos
3332 4072 3517 4127 librans
3548 4064 3675 4138 intin-

2205 4159 2294 4213 tite
2310 4159 2572 4225 moribus,
2586 4162 2816 4230 propriae
2833 4162 3124 4220 voluntatis
3145 4165 3198 4219 in
3220 4165 3444 4222 arbitrio
3454 4164 3555 4219 dum
3568 4152 3676 4212 ιιιπηῦ

2206 4250 2486 4306 illecebras
2546 4251 2767 4310 vitando
2819 4256 3155 4325 despiceret,
3203 4256 3437 4313 oﬂicinm
3482 4244 3679 4309 sacrarii“is

2206 4343 2440 4413 excepit,
2468 4343 2676 4412 pariter
2703 4353 2759 4400 et
2798 4347 2983 4403 animo
3010 4362 3311 4404 conversus
3339 4357 3394 4404 et
3430 4345 3678 4402 habitauite

2207 4448 2327 4489 rum
2351 4432 2620 4490 cbaritate
2643 4436 3284 4505 prurcellens,confestim
3315 4438 3494 4494 claruit
3512 4431 3613 4503 apud
3629 4441 3678 4478 ιτ·

2207 4531 2293 4586 bis
2315 4529 2647 4602 pontiﬁcem,
2671 4536 3082 4593 conversatione
3109 4538 3413 4608 praecipuus
3432 4573 3447 4601 ,
3474 4529 3585 4602 apud
3605 4538 3679 4579 CW

2208 4639 2326 4686 ctos
2356 4610 2566 4687 mentis
2611 4628 2849 4700 puritate
2877 4627 3144 4684 sincerus.
3177 4626 3458 4698 Nunquam
3495 4612 3681 4678 selatit'ce

2209 4722 2462 4778 ubertate
2494 4718 2616 4790 plus
2643 4718 2864 4786 extulit,
2903 4733 3180 4789 nunquam
3206 4717 3456 4774 mteroris
3481 4707 3679 4798 auaritqu

2206 4810 2474 4876 turbavit;
2518 4808 2620 4865 fuit
2669 4823 2882 4879 semper
2930 4808 3166 4864 tolerans
3208 4808 3259 4862 in
3313 4804 3560 4864 adversis,
3597 4795 3681 4848 mite“

2209 4902 2262 4958 in
2321 4901 2596 4973 prosiieris
2620 4941 2634 4968 ,
2706 4910 2933 4957 cunctos
2979 4900 3080 4955 sibi
3131 4898 3443 4955 obcdientia:
3494 4888 3678 4950 sedilqu

2206 4991 2503 5063 prmfcrens
2530 5031 2545 5058 ,
2599 4990 2886 5061 egentibus
2944 4988 3097 5060 larga
3160 4988 3494 5045 miseratione
3542 4986 3678 5034 stew-

2208 5097 2355 5150 rens,
2380 5092 2435 5142 et
2475 5096 2541 5138 ex
2591 5081 2843 5149 omnibus
2887 5080 3099 5137 calcato
3135 5082 3390 5136 vitiorum
3430 5074 3595 5144 fomite.
3629 5078 3679 5115 3“

2207 5179 2350 5252 gusti
2379 5178 2530 5234 collis
2562 5177 2854 5241 tramitem,
2888 5186 3091 5233 saneta:
3144 5172 3543 5232 conversationis
3566 5174 3679 5238 εῖδει

2206 5276 2463 5339 surgente
2495 5268 2890 5324 conscendens.
2924 5267 3194 5338 Quidquid
3222 5267 3492 5323 adversum
3516 5270 3579 5316 est

2208 5358 2312 5408 vnit
2343 5400 2356 5406 _
2408 5358 2670 5404 mtidmtid
2716 5358 3011 5411 nreliosum
3053 5358 3233 5412 eiecit.
3278 5356 3415 5410 Ouid
3468 5346 3614 5400 ulmi
3644 5340 3681 5393 ιι
3738 5340 3744 5390 l
