3848 5538
111 377 204 434 θιι

941 373 1348 434 ΒἸῈΡΗΑΝΠΕ
1387 371 1786 432 LEODIE‘NSIS
1827 373 2222 434 EPISCOPUS.
2251 411 2316 418 ε-
2348 378 2642 435 ΝΟΤΙΊἹᾹ.

3269 377 3373 436 652

111 486 232 541 ceps
261 477 460 524 sanctis
512 465 675 540 cmpit
704 468 979 538 pollicare
1024 471 1336 542 virtutibus,
1386 476 1442 522 ut
1482 467 1679 521 Christi
1713 469 1756 524 Λ
1792 467 1931 520 tione
1961 469 2290 538 linquebant,
2327 471 2524 542 ubique
2559 471 2732 524 furem
2791 485 2892 524 non
2949 479 3100 526 casto
3139 471 3374 526 ditantes

113 563 298 618 merito
321 571 599 634 putaretur
627 561 892 618 alumnus.
928 560 1168 632 Contigit
1196 578 1326 632 ergo
1358 571 1414 616 ut
1440 561 1682 614 mttumni

111 653 362 720 temporis
395 651 620 716 fructus,
651 652 968 706 mitescente
997 652 1138 706 botri
1181 667 1368 716 succo,
1401 652 1686 704 vindemia:

109 743 324 796 ubertas
377 743 723 805 ostenderet,
772 757 870 812 per
923 756 1083 808 quam
1135 741 1362 796 latronis
1410 739 1688 794 temeritas

107 833 219 902 ejus
251 833 478 902 gratiam
533 832 854 902 publicaret.
913 830 1238 901 Intempesta
1282 831 1446 900 igitur
1487 841 1684 894 nocte,

109 937 226 973 cum
251 921 430 990 potius
457 936 514 984 se
537 922 792 975 humanis
811 922 1148 990 corporibus,
1179 938 1433 976 curarum
1463 921 1690 976 diversi-

107 1021 210 1064 tate
245 1010 476 1074 seclusa,
527 1011 724 1066 silentii
757 1011 938 1066 blandi
981 1013 1190 1080 soporis
1211 1027 1347 1066 onus
1389 1013 1688 1078 incumbit,

107 1103 315 1156 vineam
365 1117 518 1156 suam
547 1103 856 1158 dominante
900 1103 1150 1173 cupidine
1185 1101 1392 1158 fructus
1440 1104 1688 1172 capiendi

105 1191 383 1260 impulsus,
435 1192 573 1248 latro
608 1196 852 1264 expetiit,
917 1205 970 1249 et
1012 1194 1224 1264 irrupit.
1271 1193 1420 1250 Tunc
1453 1195 1688 1264 praedam

103 1283 282 1354 gladio
311 1293 530 1340 secante
559 1287 882 1356 corripiens,
917 1287 1030 1356 ipse
1053 1288 1225 1358 magis
1251 1289 1521 1358 praedatus
1549 1291 1689 1343 intra

103 1374 337 1444 patentia
393 1383 541 1444 septa
585 1377 977 1448 constringitur
1007 1395 1019 1430 :
1051 1389 1106 1432 et
1149 1393 1257 1446 quo
1288 1378 1542 1450 defugere
1577 1379 1690 1433 vio-

101 1465 300 1520 lentius
332 1467 514 1532 voluit,
547 1484 890 1539 nequaquam
936 1471 1168 1526 evadere
1195 1472 1390 1539 potuit,
1419 1471 1473 1524 in
1508 1481 1690 1540 poste-

99 1573 216 1610 rum
271 1573 369 1612 suo
413 1558 638 1612 crimine
668 1560 1039 1629 captivitatus.
1088 1561 1318 1616 Gustum
1355 1563 1550 1616 habere
1582 1579 1686 1617 non

97 1648 324 1712 ineruit,
349 1658 403 1701 et
433 1651 687 1704 redeundi
720 1650 926 1705 aditum
957 1653 1140 1708 ebrius
1187 1669 1292 1706 non
1323 1653 1548 1709 invenit.
1581 1655 1691 1708 Nec

98 1737 352 1790 amittere
398 1747 610 1806 poterat
660 1740 801 1808 quod
847 1753 1288 1812 prmsumpserat,
1341 1759 1439 1796 nec
1475 1743 1688 1797 auferre

1787 574 1968 628 Opere,
1993 562 2084 614 sed
2109 560 2413 615 aculeorum
2438 562 2640 615 saevitia
2669 573 3071 632 persequentes.
3091 577 3373 632 quousque

1789 651 2015 706 latronis
2039 653 2248 706 detecta
2273 653 2536 718 confusio,
2553 663 2738 708 sancto
2763 655 2902 724 quod
2922 643 3232 708 l'rauduérat
3259 653 3375 706 red-

1787 743 1922 798 didit
1942 753 1996 796 et
2025 743 2232 822 veniam
2257 753 2561 814 prostratus
2593 744 2814 798 invenit.
2843 743 2950 798 Sed
2973 759 3070 798 nec
3101 742 3371 796 immerito

1789 835 1872 904 pia
1895 835 2188 888 sacerdotis
2209 835 2533 901 indulgentia
2559 850 2708 888 reum
2728 851 2832 890 non
2859 835 3170 896 damnabat,
3186 850 3250 888 ex
3267 833 3377 887 cri-

1791 925 2117 992 mine,quem
2135 924 2246 992 ipsa
2281 924 2445 976 ultrix
2469 925 2644 992 przeda
2666 925 2968 994 torquebat.
2987 922 3373 996 Acciditetiam

1790 1013 1964 1068 simile
1999 1015 2098 1066 sub
2130 1015 2230 1068 hac
2279 1015 2583 1083 proditione
2625 1016 2966 1084 mysterium,
3024 1031 3146 1070 cum
3203 1015 3378 1066 viator

1791 1105 2180 1178 quidamjuxta
2205 1105 2421 1160 dumtnn
2451 1103 2567 1174 ejus
2601 1107 2792 1173 agendi
2825 1106 3032 1160 itineris
3059 1105 3209 1175 capia
3239 1117 3378 1173 prte-

1793 1197 2007 1252 teriret:
2031 1197 2254 1266 cupiens
2289 1196 2430 1250 illius
2480 1196 2670 1250 callida
2703 1194 2890 1249 fraude
2919 1197 3204 1266 juvencum
3247 1191 3372 1246 furti

1791 1290 1994 1343 scelere
2017 1288 2250 1354 auferre,
2282 1275 2698 1342 tintinnabulum
2717 1287 2852 1342 collo
2881 1288 3178 1358 pratripuit,
3213 1296 3376 1356 atquc

1793 1381 1998 1436 hiatum
2023 1381 2192 1452 ipsius
2215 1381 2460 1450 impressi
2485 1381 2746 1452 graminis
2769 1381 2956 1436 l'raude
2981 1382 3374 1440 condemnatis,

1791 1453 1989 1528 nullius
2009 1474 2460 1543 contemplatione
2481 1472 2848 1541 deprehensus
2863 1471 3146 1526 abscessit.
3169 1470 3230 1523 Et
3253 1483 3376 1522 cum

1785 1561 1896 1630 jam
1913 1577 1972 1616 se
1986 1563 2193 1616 censuit
2213 1563 2294 1616 vel
2313 1562 2556 1616 criminis
2579 1562 2816 1616 evasisse
2833 1560 3150 1630 periculum,
3171 1558 3384 1612 velsor-

1793 1655 1946 1708 tilum
1977 1654 2290 1722 compendia
2322 1653 2487 1708 fuisse
2515 1667 2610 1722 per
2643 1651 2866 1714 furtum,
2903 1647 3180 1705 obstaculo
3229 1647 3378 1701 nullo

1791 1753 1966 1800 serata
2004 1745 2117 1814 ipsa
2158 1743 2304 1798 dedit
2337 1744 2517 1813 prmda
2573 1743 2846 1806 tinnitum,
2899 1741 3121 1808 cupiens
3167 1737 3378 1792 Domini

95 1825 176 1880 fas
203 1827 397 1881 habuit
419 1829 562 1897 quod
595 1831 886 1886 ambiebat.
923 1831 1027 1888 Sed
1069 1849 1190 1888 cum
1237 1835 1365 1888 inibi
1392 1835 1565 1903 primo
1601 1837 1682 1890 di-
1722 1819 1760 1875 ll
1793 1835 1968 1891 redire
1999 1835 2264 1916 prtesidie.
2297 1836 2424 1902 Quae
2454 1833 2752 1904 quamlibet
2781 1833 2978 1886 abditis
3009 1828 3379 1900 penetralibus

95 1917 298 1982 luculo,
350 1921 426 1976 rei
473 1923 732 1990 praescius
775 1924 946 1978 vineae
999 1926 1306 1982 dominator
1350 1938 1682 1995 occurreret,

94 2009 272 2064 iurem
309 2012 527 2080 reperit,
573 2028 732 2081 quem
775 2030 870 2068 sua
911 2013 1022 2084 jam
1071 2019 1250 2086 przeda
1298 2021 1586 2078 viuvcrat.
1633 2030 1688 2075 et

99 2111 334 2171 uterque
381 2105 544 2158 alium
577 2115 786 2160 mutato
807 2107 932 2176 jure
981 2110 1248 2164 servabat.
1307 2111 1462 2165 Tunc
1515 2129 1686 2181 usque

91 2195 234 2248 adeo
259 2195 430 2250 sancti
464 2196 594 2250 ultio
645 2199 720 2252 rei
751 2199 926 2252 smviit
955 2199 1006 2252 in
1037 2201 1276 2267 crimen;
1307 2211 1366 2254 ιιι
1401 2218 1530 2256 uvas
1559 2219 1686 2272 pro-

91 2283 209 2350 pria
245 2299 404 2337 manu
433 2286 747 2354 decerpens,
780 2296 1122 2356 augmentum
1153 2289 1224 2342 illi
1265 2291 1433 2356 magis
1468 2291 1688 2358 profusa

89 2371 372 2427 oblatione
405 2373 678 2434 tribueret,
717 2383 772 2428 et
811 2374 1064 2428 delictum
1097 2376 1472 2448 objurgatione
1528 2380 1690 2433 casti-

89 2476 252 2528 gans,
282 2457 558 2516 remeandi
579 2463 782 2516 aditum
806 2463 1124 2534 indulgeret.
1157 2465 1280 2520 Pari
1301 2467 1463 2536 igitur
1492 2469 1689 2524 meruit

89 2567 256 2620 poena
277 2555 478 2622 percuti
509 2556 586 2608 vel
612 2559 935 2626 perdat-ante
957 2560 1147 2614 insidia
1169 2563 1426 2628 coerceri,
1449 2565 1538 2632 qui
1565 2581 1687 2618 vasa

87 2641 215 2710 ejus
249 2655 509 2700 nocturna
541 2648 857 2718 abreptione
888 2652 1240 2719 praeveniens,
1269 2654 1503 2710 distenta
1531 2655 1685 2710 mella

87 2733 314 2788 l'uratus
369 2735 561 2790 fuerat.
593 2737 877 2793 Custodem
912 2741 1213 2811 direptione
1249 2745 1440 2798 callida
1501 2746 1686 2802 fallere

86 2824 299 2890 potuit,
339 2840 503 2894 pecus
541 2831 682 2897 quod
711 2841 962 2901 rapuerat
995 2836 1312 2890 temerarius
1360 2853 1464 2891 non
1494 2839 1682 2894 evasit.

85 2911 422 2968 Castrorum
467 2917 789 2984 habitacula,
822 2921 1044 2977 sublatae
1083 2939 1211 2994 apes
1263 2943 1387 2980 cum
1441 2927 1690 3000 indigna-

1793 1931 1970 1984 studio
2014 1929 2253 1998 diligenti
2283 1927 2475 1990 locata,
2509 1923 2592 1978 vel
2636 1923 2836 1977 ferrata
2882 1922 3241 1976 claustrorum
3282 1916 3380 1970 ob—

1794 2023 2063 2077 seratione
2103 2029 2310 2076 retrusa
2351 2027 2624 2082 maneret;
2652 2015 2916 2070 tinniente
2945 2013 3173 2072 ambitu,
3202 2009 3380 2064 scelus

1795 2113 1940 2166 nullo
1969 2112 2274 2165 modulante
2300 2109 2568 2178 vulgabat,
2597 2108 2804 2162 hiatum
2835 2107 3106 2174 ingentem
3131 2114 3377 2161 vomens,

1797 2211 2070 2256 auctorem
2086 2200 2330 2254 criminis
2355 2198 2570 2267 querela
2609 2198 2887 2268 geminare
2932 2191 3192 2248 confudit.
3228 2188 3380 2242 Tunc

1797 2291 1936 2344 latro
1989 2289 2275 2359 prmteritis
2323 2303 2628 2341 memorans
2663 2285 2882 2339 confusa
2919 2291 3098 2336 mente
3141 2278 3376 2349 periclis.

1797 2380 2004 2434 revexit
2031 2379 2248 2432 domino
2275 2377 2492 2432 territus
2529 2376 2670 2445 quod
2696 2375 3014 2438 abstulerat,
3043 2369 3184 2442 quod
3213 2370 3378 2424 etiam

1795 2471 2011 2542 pietatis
2039 2470 2216 2526 studio
2245 2485 2348 2522 non
2379 2468 2646 2522 servabat.
2679 2465 2756 2519 lta
2785 2465 3000 2518 demum
3037 2460 3244 2516 reddito
3259 2457 3382 2525 jure

1797 2571 2020 2622 natura),
2053 2561 2214 2629 erepit
2253 2558 2461 2628 species
2501 2556 2794 2610 inauimata
2831 2552 3031 2615 celare,
3067 2565 3165 2603 nec
3199 2547 3378 2602 sonitu

1794 2666 1853 2706 se
1877 2651 1976 2706 nisi
1997 2650 2148 2719 pulsa
2175 2649 2444 2719 detegere.
2472 2647 2701 2700 Sanctus
2724 2645 2883 2715 igitur
2905 2641 3186 2696 Medardus
3205 2637 3380 2706 ,athle—

1793 2753 1842 2796 ta
1875 2742 2099 2806 Christi,
2127 2742 2330 2808 absque
2362 2749 2509 2793 reatu
2537 2738 2776 2808 proprio,
2800 2751 2898 2804 pro
2925 2732 3121 2787 delicto
3151 2728 3381 2785 confun-

1791 2835 1937 2888 ditur
1983 2833 2160 2887 alieno
2190 2848 2204 2896 ;
2234 2843 2392 2900 atque
2433 2830 2553 2884 ideo
2599 2825 2903 2882 mercedem
2946 2839 3038 2877 reo
3069 2837 3166 2891 pro
3217 2819 3374 2887 culpa

1794 2925 1981 2981 tribuit
2017 2942 2084 2992 ne
2117 2925 2260 2980 inanti
2293 2922 2584 2998 ambitione
2633 2919 2842 2974 tristior
2872 2921 3157 2972 remearet.
3213 2933 3216 2936 λ

1291 3063 2337 3068 νψγῂῤ-πῂᾐπηηη
2548 3063 2551 3064 ,

1341 3153 1512 3196 ANNO
1555 3151 1784 3196 DOMINI
1833 3153 2144 3195 DCCCCXX.

945 3289 2556 3458 STEPHANUS

1351 3540 1752 3596 LEODIENSIS
1790 3537 2184 3595 EPISCOPUS.

580 3734 1086 3828 NOTITIA
1169 3735 1819 3830 HISTORICA
1910 3738 2034 3826 IN
2139 3732 2895 3825 STEPHANUM.

1567 3928 1729 4000 (Gall.
1769 3924 2000 3992 Christ.)

165 4149 518 4216 Stephanus,
551 4163 748 4220 genere
783 4148 1004 4212 nobilis,
1045 4157 1100 4202 et
1135 4157 1193 4201 ιιι
1219 4150 1540 4217 quihusdam
1573 4151 1686 4220 pla-
1719 4156 1762 4216 (ζ,
1797 4149 2000 4203 mensis
2023 4189 2036 4212 ,
2076 4147 2216 4215 apud
2270 4147 2651 4220 Elodoardunr
2689 4145 2887 4220 llistor.

89 4234 210 4282 cet,
251 4220 560 4274 Salinensis
585 4235 680 4272 seu
712 4219 1010 4274 Salmensis
1059 4220 1274 4273 comitis
1329 4221 1504 4282 ﬁlius,
1539 4219 1692 4287 cujus

93 4307 353 4346 sororem
385 4289 486 4344 sibi
537 4290 883 4344 matrimonio
935 4288 1216 4356 conjunxit
1245 4305 1428 4346 comes
1467 4291 1695 4344 Namur-

88 4363 316 4421 censis,
359 4359 411 4411 in
462 4357 660 4413 scholis
714 4359 966 4428 palatinis
1016 4375 1135 4412 cmn
1171 4359 1429 4414 Radhodo
1459 4359 1694 4426 'l‘rajecti

88 4432 158 4484 ad
208 4431 504 4491 Rhenum,
560 4437 634 4500 ιιιᾷ
666 4429 968 4500 Mancione
993 4429 1370 4500 Catalaunensi
1399 4431 1694 4500 episcopus

89 4501 388 4556 institutus
408 4508 574 4569 estex
606 4498 916 4568 Reginone;
949 4499 1046 4552 fuit
1073 4499 1326 4554 Metensis
1347 4502 1398 4554 in
1415 4498 1700 4569 juventute

85 4571 372 4630 clericus,
422 4568 521 4621 fuit
575 4579 628 4622 et
679 4571 844 4623 abbas
879 4569 1196 4624 Laubiensis
1253 4579 1391 4624 teste
1421 4568 1700 4626 'Fulcnino

90 4641 364 4694 Clu-onici
397 4638 566 4692 Laub.
597 4655 644 4692 c.
680 4639 744 4692 18
772 4681 784 4702 ,
842 4641 934 4694 sed
956 4681 969 4702 ,
1003 4640 1049 4691 vi
1081 4639 1161 4692 sui
1191 4641 1532 4709 episcopatus
1554 4683 1568 4706 ,
1607 4641 1693 4695 cui

93 4712 252 4782 unita
285 4710 464 4782 fuerat
489 4709 718 4782 abbatia
746 4725 843 4782 per
877 4709 1409 4782 Arnull'umgregem,
1449 4721 1506 4765 ut
1553 4720 1699 4782 patet

94 4798 166 4834 ex
189 4780 494 4848 diplomate
521 4777 774 4849 Ludovici
799 4781 918 4849 ejus
943 4780 1068 4843 lilii,
1101 4780 1190 4849 qui
1213 4777 1332 4834 eam
1355 4777 1726 4838 donationem.

93 4847 407 4918 mutii-mat
434 4849 558 4918 huic
609 4847 884 4918 Stephano
933 4865 962 4902 v
997 4847 1133 4904 Kalf
1169 4850 1331 4905 Febr.
1376 4867 1464 4905 an.
1491 4851 1696 4907 Christi

95 4919 322 4972 lloutini
351 4915 474 4970 909.
509 4915 630 4971 Fuit
652 4915 785 4973 et'S.
813 4919 1088 4974 Michaelis
1127 4921 1193 4973 ad
1223 4921 1422 4976 Mosam
1447 4924 1612 4977 abbas
1633 4936 1698 4975 ex

93 4990 352 5058 ejusdem
384 4989 485 5041 loci
515 4989 958 5058 chronographo,
995 4999 1054 5042 et.
1082 5005 1148 5044 ex
1179 4991 1363 5045 charta
1398 5001 1700 5046 counnuta-

95 5061 272 5113 tionis
311 5059 387 5128 de
431 5058 694 5112 llarcvilla
745 5069 802 5112 et
831 5061 1176 5128 Sapoueriis,
1231 5061 1386 5115 facta:
1415 5063 1556 5117 inter
1583 5064 1700 5116 Au-

93 5131 338 5182 selmum
373 5127 538 5179 lilium
569 5129 840 5196 quondam
873 5127 1110 5182 'l‘eutcrii
1145 5131 1386 5193 comitis,
1429 5142 1483 5186 et
1509 5148 1697 5188 mona-

93 5201 233 5272 chos
267 5197 327 5251 S.
363 5197 634 5272 Michaelis
657 5240 670 5263 ,
717 5216 736 5248 ι
798 5199 889 5272 ubi
913 5209 1107 5272 praeest
1139 5200 1367 5272 domnus
1395 5201 1702 5272 Stephanus

91 5271 398 5339 episcopus
428 5276 482 5320 et
511 5269 672 5323 abbas
699 5277 757 5322 et
795 5266 1115 5322 llalevincus
1143 5269 1427 5337 prailatus,
1471 5266 1572 5327 {id
1617 5279 1702 5325 est

91 5339 432 5406 prmposittts
477 5351 568 5409 seu
595 5342 866 5403 decanos;
901 5339 985 5409 cui
1037 5339 1239 5392 chartae
1291 5349 1521 5409 uterque
1567 5341 1696 5397 sub-

91 5409 314 5471 scribit,
350 5423 491 5460 anno
510 5407 564 5471 5,
597 5429 614 5462 ι
651 5420 914 5476 regnante
939 5408 1249 5462 lllnduwico
1277 5408 1386 5464 lilio
1414 5407 1645 5474 Amulli,
1675 5429 1692 5462 ι

88 5481 184 5538 (tui
221 5491 404 5530 atauus
454 5491 589 5534 anno
609 5478 820 5535 Christi
855 5477 961 5533 902
1013 5479 1324 5538 respondet,
1387 5498 1494 5538 uno
1552 5496 1695 5514 mw"

3059 4155 3146 4205 tv,
3208 4154 3258 4194 c.
3327 4139 3380 4193 7.

1807 4239 1824 4270 ι
1868 4212 2144 4288 Stephano
2197 4217 2410 4270 cuidam
2471 4216 2694 4278 abbati,
2751 4215 2963 4288 qui_ad
3013 4212 3382 4288 episcopatum

1801 4281 2006 4344 electus
2032 4288 2349 4350 videbatur,
2407 4297 2536 4339 tunc
2577 4281 3148 4352 autemrejectus’vel
3199 4295 3388 4348 repro-

1801 4361 1990 4419 batus,
2050 4357 2439 4411 consolatorias
2495 4355 2681 4424 dirigit
2744 4355 2982 4418 litteras,
3047 4352 3382 4412 amicitiam,

1801 4445 1962 4498 quam
1995 4429 2040 4483 ei
2079 4428 2399 4496 promiserat
2447 4439 2695 4498 asserens
2729 4435 3106 4498 perpetuose
3144 4429 3386 4498 servatu-

1803 4492 1941 4553 rum.
1977 4519 1994 4549 ι
2042 4492 2232 4553 Utrum
2281 4513 2407 4551 vero
2435 4497 2711 4566 saecularis
2731 4492 2844 4549 aut'
2881 4495 3147 4566 regularis
3190 4492 3382 4566 fuerit,

1802 4571 2065 4624 incertum
2094 4577 2212 4624 est:
2263 4567 2574 4622 smcularem
2603 4565 2772 4620 fuisse
2805 4563 3034 4620 innuunt
3055 4563 3347 4618 Fulcuinus
3367 4601 3384 4624 ,

1803 4641 2116 4710 Sigcbertus
2175 4640 2228 4692 in
2275 4638 2416 4692 Viris
2460 4637 2809 4710 illustribus,
2864 4653 2992 4710 cap.
3051 4635 3185 4698 126;
3232 4631 3385 4701 [Egi-

1801 4707 1953 4774 dius,
2009 4710 2206 4779 aliique
2249 4724 2425 4762 rerum
2460 4707 2860 4779 LeodiensiunL
2891 4709 3216 4779 scriptores,
3241 4719 3384 4779 cum

1803 4795 1906 4834 non
1966 4775 2326 4843 nmnaehum,
2375 4779 2474 4832 sed
2529 4777 2784 4832 Metensis
2825 4775 3077 4832 Ecclesia:
3107 4775 3386 4843 'clericum

1801 4865 1894 4904 seu
1949 4851 2270 4904 canonicum
2313 4842 2631 4904 nominant.
2674 4849 2723 4920 _A
2771 4847 3136 4920 Sigebertoin
3183 4842 3384 4920 Chron.

1808 4939 1825 4992 ι
1865 4921 1950 4972 vir
1973 4921 2263 4992 sanctitate
2285 4929 2339 4992 et
2381 4921 2607 4992 scicntia
2642 4917 2852 4980 clarus,
2905 4939 2924 4968 ι
2973 4917 3206 4992 dicitur;
3255 4917 3392 4992 {vir

1804 4991 2074 5044 litteratus
2107 5011 2124 5041 ι
2161 5008 2188 5043 a
2216 4989 2507 5056 Fulcuino,
2551 5011 2568 5041 ι
2599 4999 2654 5042 et
2685 5001 2944 5054 ιιιιιιιιιιιιιι
2987 4987 3054 5040 ad
3100 4987 3392 5040 canonicos

1807 5060 2048 5128 religioni
2075 5061 2314 5115 studens.
2348 5079 2366 5110 ι
2555 5088 2576 5102 ο

1877 5116 2050 5184 Vitam
2082 5139 2134 5200 et
2167 5131 2476 5198 passionem
2533 5131 2590 5187 S.
2645 5125 2916 5200 Lamberti
2965 5124 3225 5200 politiori_
3257 5116 3398 5200 stilo

1805 5200 1976 5272 edidit
2001 5211 2050 5254 et
2071 5191 2384 5254 Hermanno
2409 5197 2726 5272 Coloniensi
2751 5191 3154 5272 archie|)iscopo
3172 5191 3394 5272 dicti)“.

1804 5269 2075 5340 simulque
2134 5281 2350 5340 cantum
2406 5271 2477 5340 de
2537 5268 2822 5325 'l‘riuitate.
2854 5257 3025 5340 fecit
3068 5257 3398 5340 ét_li_bellum
3450 5269 3458 5276 '

1837 5333 2115 5405 uenul'am,
2144 5341 2293 5394 addit
2331 5339 2672 5400 Fulcuintts.
2717 5349 2779 5405 ex
2813 5334 3052 5404 plurimis
3101 5333 3412 5402 αίινῖηυνκὲ¹⁸ι

1823 5404 2056 5463 librorum
2084 5404 2318 5476 ﬂosculis
2362 5410 2722 5480 decerptum,
2751 5404 2804 5456 in
2843 5420 2952 5472 quo
2982 5405 3315 5460 sinapi-mm-
