3848 5404
465 423 569 472 διὸ

1609 408 1939 466 STEPIMNI
1979 409 2280 467 EPISCOI’I
2322 408 2716 467 LEODIENSIS

3597 407 3672 467 θη

543 525 892 596 Episcopatus
936 522 1105 596 ipsius
1154 505 1325 596 initia.
1359 506 1679 577 monasterii
1747 523 1813 576 ad
1845 521 2048 596 ASabim
2080 531 2124 590 Α
2153 534 2210 596 et
2238 535 2557 596 monetam.
2597 542 2614 575 ι
2651 524 2842 576 Datum
2872 537 2936 574 xv
2989 520 3107 576 Kal.
3141 517 3312 596 l'j‘ebr,
3357 511 3511 596 anno
3538 516 3670 596 lucar.

471 592 901 650 Norinanuorum
927 592 1110 647 furore
1143 592 1306 647 diruti
1337 597 1729 648 restaurationc
1773 594 2052 647 nobilitata

473 674 620 718 sunt.
663 665 788 731 Ejus
838 674 1109 734 tempore,
1153 663 1327 734 inquit
1379 662 1704 726 Fulcuiuus,
1757 664 1822 734 de
1875 663 2053 734 Gcslis

471 736 722 788 abbatum
754 733 1003 787 Lobiens.
1049 752 1067 784 σ
1127 733 1365 787 Ecclesia
1421 743 1601 787 nostra
1656 733 1935 788 dedicatur
1986 733 2054 786 ab

473 805 622 874 ipso,
651 814 874 868 evocato
897 806 962 856 ad
1000 805 1050 858 id
1078 819 1212 874 opus
1248 813 1302 857 et
1336 801 1625 874 coniuncto
1651 802 2054 858 sibivDodilone

471 873 846 945 Cameracensi
874 873 1146 945 episcopo,
1167 874 1308 943 quod
1332 875 1382 945 iu
1406 873 1626 928 basibus
1656 874 2052 938 columnarum,

473 944 596 1013 quis
629 959 787 1014 quam
817 954 1021 1014 partem
1053 943 1402 1008 iledicaverit,
1457 945 1761 1013 inpromptu
1794 952 1878 1014 est
1935 957 2050 997 cer-

476 1028 625 1084 nere.
654 1031 671 1064 ι
699 1013 852 1084 Auno
877 1014 1008 1076 908,
1037 1014 1355 1084 Aquisgrani
1382 1013 1578 1084 degens
1608 1013 2054 1084 Luilovicusyex,

477 1083 733 1149 Stephani
764 1084 931 1137 nostri
961 1081 1348 1152 supplicatione
1369 1124 1382 1145 ,
1411 1081 1871 1138 collaborautibns
1902 1081 2057 1135 lleri-

474 1167 700 1233 rnauuo.
725 1153 1120 1233 Agrippinensi
1145 1154 1549 1233 archiepiscopo
1565 1194 1580 1218 ,
1635 1153 2056 1233 clarissimisque

474 1220 596 1293 aliis
625 1220 976 1293 principibus,
1003 1220 1449 1278 auctoritatesua
1471 1220 1496 1287 ,⁷
1519 1238 1849 1293 quaecunque
1875 1220 2054 1277 eccle-

477 1291 571 1344 sim
614 1291 904 1362 Leodieusi
963 1302 1329 1362 concesserat,
1370 1291 1609 1362 priorum
1671 1291 2052 1362 imperatorum

477 1361 878 1425 muniﬁcentia,
910 1364 1275 1426 continuarit,
1321 1361 1544 1416 Lobium
1585 1361 1866 1424 videlicet,
1912 1371 2053 1416 tecta

477 1440 532 1503 et
558 1429 768 1503 fossas;
807 1441 862 1486 et
907 1447 970 1486 ea
1018 1433 1222 1502 pariter
1245 1448 1364 1502 qua:
1414 1433 1525 1502 ipse
1571 1433 1795 1503 largitus
1844 1431 2051 1503 fuerat,

478 1498 1038 1557 lleribotbesbemium
1070 1498 1290 1573 nempe,
1345 1498 1508 1572 atque
1530 1498 1761 1574 Trajécti
1797 1501 2055 1558 telouium

2153 595 2287 658 908,
2320 595 2428 648 ind.
2459 594 2559 656 ll,
2598 608 2740 646 anno
2795 602 2970 645 autem
3025 590 3175 661 regni
3231 590 3431 661 domini
3494 589 3673 661 Ludovi-

2155 665 2202 718 ci
2257 680 2370 718 vin.
2421 683 2440 714 ι
2495 663 2734 732 Diploma
2793 659 3390 732 refertCliai‘peavilliis,
3453 659 3596 732 rgiert
3635 670 3676 714 et

2155 733 2298 787 aliud
2353 734 2526 802 Caroli
2565 729 2852 802 'Simplicis
2899 747 3071 802 anno,
3096 739 3154 802 ut
3184 729 3411 802 videtur,
3470 729 3564 802 9l_5
3599 745 3676 802 quo

2156 804 2344 858 silvam
2390 797 2734 860 Testenseni.
2796 817 2956 870 quam
3011 799 3131 870 sibi,
3171 799 3466 870 retinuerat
3510 797 3676 870 Zuenii-

2157 873 2346 929 boldus
2367 913 2382 939 ,
2430 889 2552 926 cum
2597 872 2775 926 villam
2809 867 2980 930 daret,
3011 869 3263 924 Ecclesia:
3293 867 3563 921 Leodiensi
3587 885 3679 920 cnn-

2157 944 2348 999 cessit.
2377 962 2395 994 ε
2433 944 2622 1021 Datum
2651 957 2744 995 vul
2783 940 2902 994 Kal.
2924 941 3122 1021 _Sept..,
3169 940 3286 1020 ind.
3315 939 3349 992 ὅ
3373 976 3389 999 ,
3422 953 3574 1021 “anno
3605 939 3676 1021 23,

2160 1023 2419 1082 regnante
2469 1011 2661 1066 Carolo
2707 1026 2830 1080 rege
2887 1007 3306 1082 gloriosissimo,
3338 1007 3679 1082 redintegrante

2159 1076 2312 1137 κνῖιι.
2349 1103 2365 1132 ι
2401 1084 2463 1136 Et
2493 1082 2708 1152 quidem
2736 1076 3182 1152 donumwfactnm
3210 1077 3405 1131 asserit
3437 1091 3523 1130 rex
3557 1076 3677 1152 inter:

2160 1163 2319 1206 ventu
2379 1147 2632 1222 Stephani
2703 1150 3025 1222 venerabilis
3098 1147 3443 1222 Tungrorum
3473 1147 3679 1222 ⁸ᾳρξςειψὶ

2158 1233 2356 1277 nostra:
2380 1215 2861 1290 consanguinitatis
2889 1219 3060 1290 :dliuis
3082 1215 3439 1290 dilectissimi.
3465 1215 3589 1290 Obiit
3617 1232 3678 1290 ειη.

2157 1292 2262 1348 920
2281 1333 2294 1355 ,
2325 1307 2412 1347 XIV
2447 1291 2566 1346 Kal.
2587 1285 2738 1355 lum,
2766 1307 2888 1345 cum
2912 1289 3216 1358 przel'uisset
3237 1287 3400 1341 annis
3420 1285 3678 1358 octmlecim.

2158 1363 2414 1430 Sepultus
2448 1371 2532 1416 est
2584 1364 2684 1416 sub
2742 1357 3010 1414 altari’S.
3073 1358 3392 1430 Trinitatis,
3445 1357 3493 1430 in
3535 1370 3616 1430 fry

2161 1423 2372 1487 scilicet
2411 1433 2583 1486 sancti
2615 1430 2886 1485 Lamberti
2907 1469 2921 1493 ,
2976 1438 3232 1498 regnante
3257 1425 3508 1480 Conrado
3535 1423 3682 1478 Roma-

2163 1519 2352 1557 norum
2381 1503 2702 1571 imperatore
2745 1499 2904 1570 hujus
2928 1498 3160 1554 nominis
3187 1498 3389 1568 primo.

488 1673 3681 1705 ._.____________________________________________.

1041 1946 1044 1948 τ
1124 1845 1519 1978 VITA
1599 1845 2186 1976 SANCTI
2281 1844 3097 1974 LAMBERTI

1463 2102 1696 2143 EPISCN‘I
1739 2102 1995 2142 TBAJECTI
2037 2100 2104 2140 Αῐ)
2143 2099 2318 2138 ιιοελδι
2358 2099 2428 2139 ΕΤ
2468 2099 2758 2150 ὶΙΛῐΠὙΒΙδ,

1327 2240 1652 2296 AUCTORE
1713 2241 2112 2298 STEPHANO
2170 2242 2499 2300 EPISCOPO
2538 2239 2919 2326 LEODIEN§L
3015 2287 3020 2289 Α

681 2397 858 2469 (Apud
887 2396 1128 2460 Sui-ium,
1159 2395 1288 2450 Acta
1323 2397 1670 2462 Sanctorum,
1705 2397 1765 2452 l7
1791 2397 1963 2465 Sept.,
1986 2410 2050 2450 es
2081 2405 2293 2451 vetusto
2324 2396 2510 2452 codice
2542 2396 2738 2451 collato
2769 2412 2892 2451 cum
2923 2395 3160 2452 editione
3185 2393 3560 2467 Chapeavilli.)

1843 2664 2384 2744 PROLOGUS

561 2976 613 3030 l.
655 2975 883 3029 Domino
941 2971 1090 3027 Patri
1143 2971 1462 3026 I‘iERIﬂANNO
1497 2971 1862 3041 arcbiprmsuli
1916 2971 2062 3043 ($93)
2099 2978 2138 3013 ο
2169 2968 2372 3034 Omne,
2400 2969 2606 3039 inquit,
2649 2968 2847 3024 bonum
2875 2967 3035 3033 utile,
3069 2975 3125 3024 et
3165 2984 3328 3024 omne
3360 2969 3494 3025 utile
3517 2971 3689 3025 bonum:

493 3065 810 3120 Srsrmsus
835 3063 1053 3118 humilis
1074 3062 1415 3132 Tungrorum
1441 3061 1725 3132 episcopus
1746 3063 1916 3132 (494).
1939 3063 2074 3117 Cum

491 3157 732 3228 quotidie
760 3157 986 3210 aliorum
1019 3153 1287 3225 explorari
1319 3163 1662 3209 concertetur
1689 3155 1832 3210 actio
1853 3195 1868 3220 ,
1901 3170 1999 3220 ac,
2030 3156 2074 3210 si

493 3248 623 3319 quid
670 3245 1094 3316 reprehensibile
1126 3245 1374 3308 infuerit,
1431 3245 1703 3301 maculare
1749 3262 1854 3301 non
1898 3245 2079 3301 dill‘ert

494 3339 757 3409 probrosa
790 3335 1049 3401 intentio,
1082 3335 1407 3407 detergenda
1451 3335 1663 3406 penitus
1687 3335 1941 3391 delinitur
1970 3350 2080 3390 me-

496 3431 604 3484 rito
626 3428 839 3499 culpata
864 3427 1114 3498 contagio
1134 3468 1148 3490 ,
1179 3441 1276 3496 per
1302 3442 1464 3496 quam
1506 3436 1562 3481 et
1589 3427 2078 3496 blasphemantium

488 3520 604 3591 jam
633 3529 808 3577 cesset
855 3519 1190 3575 cachinnalis
1240 3519 1456 3574 derisio.
1501 3518 1636 3594 luam
1685 3537 1714 3573 a
1755 3521 2082 3590 quibusdam

499 3615 778 3669 nobiscum
835 3613 1120 3684 agentibus
1154 3610 1350 3666 festum
1401 3612 1575 3668 sancti
1634 3611 1949 3677 Lantberti,
1987 3613 2080 3683 qui

497 3703 759 3758 litteraria
790 3703 1112 3758 videbantur
1157 3702 1374 3758 sibimet
1425 3703 1650 3758 scientia
1685 3703 1926 3773 praediti,
1977 3719 2083 3757 non

507 3797 789 3850 minimum
815 3811 1004 3854 sumus
1031 3795 1398 3866 despcctuosis
1423 3795 1629 3850 risuum
1679 3793 1890 3862 injuriis
1915 3794 2084 3849 laces-

501 3885 628 3949 siti,
656 3883 870 3954 quando
911 3885 1125 3953 quidem
1151 3883 1455 3954 priscorum
1487 3885 1627 3938 hand
1656 3899 1924 3954 quaquam
1965 3893 2084 3938 cato

502 3974 718 4043 eloquio
766 3975 910 4029 edita
967 3973 1246 4043 legebatur
1299 3974 1440 4044 apud
1500 3989 1597 4029 nos
1646 3973 1853 4044 prmfati
1911 3973 2086 4028 Patris

501 4065 611 4118 vita
633 4071 687 4119 et
711 4064 888 4134 passio
911 4104 926 4130 ,
963 4075 1124 4133 atque
1149 4063 1292 4118 nulla
1316 4064 1534 4134 propria
1556 4062 1854 4119 ciliciorqu
1897 4072 2084 4118 canta-

503 4157 665 4210 batur
695 4152 1004 4208 modulatio.
1037 4153 1251 4209 Abhinc
1278 4168 1408 4208 sane
1432 4152 1698 4222 frequenti
1725 4151 1949 4206 fratrum
1991 4166 2086 4206 no-

505 4256 743 4302 strorum
805 4245 1116 4315 prccamine
1197 4255 1435 4314 rogatus,
1491 4243 1802 4314 sa‘pissituis
1876 4242 2086 4298 vicibus

2178 3062 2308 3116 utile
2334 3063 2564 3126 bonum;
2621 3060 2823 3115 nullum
2873 3062 3112 3126 malum;
3157 3060 3366 3116 nullum
3403 3062 3588 3116 malum
3613 3061 3696 3113 utile

2177 3153 2376 3208 bonum
2400 3170 2415 3219 ;
2445 3152 2646 3207 nullum
2695 3154 2895 3207 bonum
2917 3168 3077 3208 omne
3104 3153 3303 3208 malum
3328 3171 3345 3219 ;
3382 3170 3539 3209 omne
3559 3155 3694 3207 malum

2181 3249 2384 3305 nullum
2425 3249 2646 3304 bonum.
2678 3247 2816 3319 Ergo
2845 3247 3087 3302 Creatori
3132 3247 3185 3301 in
3236 3250 3354 3303 suis
3384 3249 3575 3303 sanctis
3597 3247 3701 3300 laude

2181 3340 2534 3402 celebratum,
2561 3339 2854 3394 celebranti
2879 3351 3144 3393 creatum
3165 3338 3218 3392 in
3251 3339 3372 3393 suis
3403 3340 3581 3394 studiis
3601 3335 3700 3396 utile.

2181 3426 2402 3484 bonum.
2469 3428 2729 3497 Quodque
2801 3426 3132 3482 meliorando
3197 3428 3508 3498 optimum,
3557 3426 3699 3480 nullum

2179 3523 2442 3593 probatur
2455 3522 2739 3576 existendo
2765 3521 2964 3576 malum
2986 3534 3266 3587 :ecoutra,
3282 3523 3434 3591 quod
3455 3522 3598 3583 absit,
3619 3535 3698 3572 nam

2183 3628 2294 3665 sors
2325 3609 2500 3664 omnia
2553 3619 2750 3676 versat,
2821 3609 3136 3680 negligenda
3164 3611 3417 3665 relictum
3438 3651 3455 3675 ,
3488 3611 3702 3664 ambonin

2183 3715 2303 3756 esse
2353 3699 2558 3754 nullum
2608 3700 2849 3756 continet
2896 3700 3116 3754 bonum.
3145 3699 3284 3754 Tum
3331 3699 3574 3770 equidem
3593 3697 3705 3751 eive-

2186 3794 2365 3849 racius
2389 3793 2639 3859 credens,
2655 3808 2775 3862 quae
2802 3807 2930 3847 vera
2955 3806 2986 3845 a
3012 3791 3286 3862 falsisjugi
3317 3808 3476 3848 more
3497 3791 3706 3846 soletessc

2185 3901 2504 3950 secernens,
2537 3885 2740 3955 aliquid
2768 3884 2998 3950 monita:
3039 3883 3292 3938 utilitatis
3316 3884 3570 3952 consequi
3598 3895 3645 3933 ex
3667 3892 3706 3930 ea

2189 3977 2352 4033 malui
2398 3977 2668 4048 gestiens,
2724 3991 2886 4046 quam
2931 3975 3066 4030 muti
3120 3975 3419 4030 tenacitate
3458 3969 3708 4033 silenti,la-

2187 4071 2336 4126 boris
2360 4069 2539 4124 fructu
2571 4082 2758 4123 carere
2787 4067 3088 4139 negligens.

2258 4159 2311 4213 5.
2353 4157 2466 4213 lloc
2500 4159 2680 4228 itaque
2721 4157 3014 4213 deliberavi
3045 4155 3260 4227 generis
3288 4156 3570 4212 consilium
3593 4148 3708 4217 magis

2191 4251 2435 4322 eligendo
2457 4259 2795 4320 pertractans
2811 4289 2826 4313 ,

504 4337 686 4390 exstiti
717 4343 972 4401 coactus,
999 4351 1063 4390 ea
1087 4335 1266 4390 omnia
1304 4335 1579 4404 suscipere
1609 4333 1912 4387 innovanda
1959 4347 2072 4411 pro-

2192 4343 2384 4397 luvoco
2417 4358 2523 4397 non
2551 4340 2774 4395 Driades
2801 4338 3068 4411 nymphas
3088 4378 3103 4403 ,
3135 4352 3236 4393 nec
3265 4337 3489 4393 clamito
3511 4330 3710 4389 Naiades.

505 4431 608 4499 prii
638 4429 970 4498 iinpeusioue
999 4443 1190 4483 sensus
1213 4469 1227 4492 ,
1275 4435 1565 4496 notamque
1615 4424 1918 4494 bujusmodi
1949 4405 2087 4478 infa-

508 4521 630 4575 mia:
661 4536 691 4574 a
724 4521 877 4575 nobis
904 4519 1308 4590 propellendam
1335 4518 1605 4573 omnibus.
1632 4518 1739 4572 Illis
1775 4532 1900 4572 vero
1930 4531 2090 4586 super

509 4612 614 4666 hoc
636 4611 948 4665 nmltimode
975 4609 1568 4678 argumentanlibus,et
1607 4608 1868 4678 agendum
1899 4622 2092 4676 quam-

506 4699 864 4770 plurimorum
934 4700 1284 4755 similitudine
1347 4698 1728 4768 stipulantibus
1762 4740 1778 4764 ,
1850 4697 2089 4752 animum

511 4803 806 4855 revocans,
845 4789 1020 4844 restiti
1053 4800 1231 4844 mente
1275 4787 1535 4853 allectus,
1588 4788 1747 4858 idque
1799 4789 1942 4859 quod
1977 4803 2092 4842 mo-

509 4890 727 4946 nerent,
758 4897 826 4935 an
864 4883 1064 4936 bonum
1094 4880 1262 4948 foret,
1298 4894 1522 4951 procera
1565 4880 1906 4935 lmsitatioue
1951 4880 2091 4933 intra

511 4980 712 5028 memet
739 4987 857 5026 sum
883 4981 1126 5042 questus.

2190 4433 2442 4488 Carmina
2465 4448 2585 4501 quae
2608 4432 2874 4503 prodant,
2903 4445 3092 4484 versus
3119 4438 3173 4483 et
3199 4437 3416 4483 comata
3440 4427 3644 4482 dedant.

2193 4522 2303 4578 Nec
2319 4532 2440 4592 peto
2459 4523 2781 4578 Mercurium
2799 4563 2813 4587 ,
2849 4520 3028 4591 lingua
3043 4560 3058 4586 ,
3085 4535 3338 4573 sermone
3359 4517 3651 4587 superbum.

2194 4617 2296 4686 Qui
2319 4626 2550 4686 pennata
2576 4615 2713 4670 ferat
2735 4615 2898 4671 cilius
2919 4614 3188 4668 discutere
3222 4611 3386 4666 verba
3408 4651 3425 4674 ,

2195 4708 2301 4765 Sed
2335 4723 2523 4762 verum
2553 4706 2872 4770 Dominum,
2916 4713 3237 4760 cunctorum
3271 4700 3517 4772 supplico
3546 4706 3713 4765 regem.

2174 4799 2390 4871 ,Omnia
2417 4799 2508 4868 qui
2535 4798 2751 4860 tribuit,
2786 4811 3062 4866 nunquam
3101 4795 3379 4863 dispendia
3410 4789 3596 4850 sentit,

2197 4889 2420 4943 Famiue
2448 4895 2641 4942 cuncta
2660 4885 2844 4956 juvat,
2874 4885 2948 4939 nil
2973 4881 3366 4955 prorsusjussa
3397 4879 3669 4935 retardant,

2197 4981 2336 5036 Arce
2361 4979 2464 5049 poli
2505 4977 2744 5043 residet,
2774 4987 2976 5032 terram
2996 5017 3011 5041 ,
3039 4983 3374 5046 pontumque
3400 4973 3670 5042 gubernat.

581 5065 638 5120 2.
688 5064 826 5120 Ecce
884 5065 1095 5119 tandem
1123 5063 1312 5134 anguis
1349 5061 1888 5143 syllogismicusgper
1934 5059 2104 5114 ﬂexos
2199 5073 2437 5143 Quaque
2468 5070 2616 5143 (495)
2644 5071 2724 5126 sic
2772 5077 3056 5140 penetrat,
3083 5082 3182 5122 ceu
3225 5077 3405 5136 pugno
3450 5069 3623 5118 cuncta
3661 5068 3714 5105 re-

514 5145 700 5217 globos
753 5143 860 5199 late
893 5144 1172 5206 sinuatus,
1217 5143 1520 5212 linguisque
1571 5140 1801 5196 trifulcis
1845 5154 2101 5208 squamea

514 5237 650 5286 colla
683 5235 938 5288 tumidus.
962 5233 1163 5286 lumina
1190 5232 1294 5284 mei
1315 5231 1493 5280 cordis
1517 5231 1846 5285 infundendo
1868 5245 2077 5274 πηρι-ςιια

3550 5144 3713 5232 [ςιψιιιν

3111 5256 3157 5274 «-
3210 5244 3448 5299 ςηίτίωε
3493 5242 3669 5298 almus.

2200 5255 2362 5274 '.h.
2501 5252 2668 5268 ,κε
