3848 5540
64 430 156 487 “5

64 555 312 608 Personas
333 550 580 599 numerat
608 557 733 597 nam
762 539 1110 596 subsistentia
1132 548 1347 598 ternas,

65 644 186 698 Esse
210 647 387 692 tamen
425 635 697 705 proprium
725 641 975 687 numerat
999 630 1298 686 substantia
1328 627 1551 681 nullum.

65 733 152 787 Det
177 728 400 798 pedibus
443 725 622 780 lucere
647 725 787 778 meis
807 765 820 788 ,
852 723 944 778 det
977 722 1175 776 lumina
1201 720 1381 775 cordis
1399 758 1414 781 ,

63 823 320 880 Auxilium
352 819 550 873 misero
571 818 818 888 dignetur
843 815 1039 869 dedere
1064 811 1242 866 Verno
1268 809 1362 883 [aL
1390 808 1623 881 Veram].

124 937 171 990 4.
208 933 500 988 Enimvero
552 946 724 999 neque
754 928 893 984 fastu
922 927 1189 998 superbia:
1222 934 1471 990 tumens,
1532 940 1628 979 ne-

63 1041 156 1096 quc
181 1036 504 1092 quemquam
538 1019 756 1073 Patrum
777 1027 1086 1088 contemptu
1119 1017 1325 1071 habens
1344 1057 1358 1080 ,
1388 1015 1630 1084 quinimo

64 1114 344 1185 prrelibata'
396 1108 612 1164 utilitati
657 1123 850 1178 parete
886 1107 1081 1173 libens,
1134 1105 1274 1177 style
1314 1105 1633 1175 pramollen-

65 1205 208 1259 tioris
259 1200 462 1272 ingenii
491 1199 736 1254 eamdem
787 1197 1086 1252 aceeleravi
1137 1211 1378 1251 eomens.
1425 1196 1634 1250 Exinde

64 1293 277 1349 musicae
309 1291 443 1345 artis
484 1289 694 1343 ratione
732 1288 1045 1343 authentiea
1077 1286 1469 1342 subnectuntur
1510 1301 1633 1342 cum

65 1385 368 1455 antipbonis
395 1381 736 1453 responsoria
769 1397 939 1447 nova,
969 1382 1022 1436 in
1077 1379 1273 1450 quibus
1307 1379 1482 1434 ordini
1529 1379 1640 1434 lec-

66 1479 264 1531 tiomtm
327 1474 496 1528 series
546 1472 833 1542 respondet
885 1480 1170 1535 tonorum,
1212 1479 1480 1540 quatenus
1533 1470 1638 1523 sibi

63 1564 324 1638 :equando
369 1561 585 1618 extendi
636 1561 822 1634 quitur
881 1575 1139 1617 numerus
1185 1559 1398 1615 horum.
1450 1557 1639 1614 Adhuc

1183 417 1272 474 DE
1311 416 1468 472 "TA
1507 408 1750 469 SANCTI
1787 407 2153 466 LAMBEBTI.

1653 537 1696 593 Α
1729 528 1890 582 etiam
1919 527 2086 580 animi
2115 527 2231 580 visu
2266 533 2444 580 exstat
2473 521 2789 580 delectabile
2821 523 2872 578 in
2909 521 3044 576 tanti
3094 521 3309 592 patroni

1729 617 2008 673 immorari
2042 618 2220 671 laude.

1728 709 1952 764 Cantica
1979 716 2311 778 quapropter
2342 722 2526 762 museo
2556 716 2765 777 compta
2790 706 2970 776 lepore
3001 704 3149 775 (496)

1733 799 2063 856 Succinctim
2091 799 2386 868 replicant,
2416 813 2481 853 ac
2503 799 2619 867 ejus
2666 810 2812 870 gesta
2847 807 3150 853 renarrant.

1733 889 1865 956 Quae
1893 889 2096 950 onmia,
2128 888 2305 949 Pater,
2332 896 2424 942 tuo
2457 889 2640 942 sensui
2669 890 2985 958 corrigenda
3008 887 3318 958 committo,

3202 405 3306 464 648

1737 979 1938 1034 Notitia
1971 979 2118 1049 (497)
2148 979 2260 1033 veri
2284 1019 2298 1041 ,
2319 993 2428 1047 quo
2454 995 2728 1050 nunquam
2756 981 2940 1036 fallere
2964 981 3102 1035 nosti
3125 1022 3158 1046 ,,

1736 1070 1894 1126 Falsa
1925 1071 2017 1124 sed
2040 1084 2108 1123 ex
2135 1069 2278 1124 veris
2308 1078 2657 1138 prosternere
2688 1082 2879 1125 cuncta
2923 1072 3157 1134 moliris,

1740 1159 1871 1229 Quae
1896 1159 2101 1229 majora
2131 1157 2234 1212 fide
2257 1159 2487 1224 debent,
2527 1175 2689 1229 quam
2721 1175 2912 1214 sensus
2939 1160 3148 1214 haberi.

1813 1289 2079 1357 Quocirca
2107 1289 2159 1344 in
2187 1290 2458 1347 soliditate
2485 1293 2560 1346 tui
2603 1294 2837 1361 pectoris
2876 1291 2987 1361 jam
3016 1295 3321 1362 requiescat

1747 1394 1880 1434 mea?
1918 1377 2188 1433 vacillatio
2232 1380 2430 1434 mentis
2484 1381 2686 1434 viritim
2735 1380 2988 1444 defensa,
3055 1383 3321 1449 siquidem

1745 1478 2004 1529 meretur,
2033 1469 2168 1538 pedo
2201 1478 2304 1523 tua:
2326 1471 2752 1539 pastoralitatis;
2784 1471 2866 1524 sin
2908 1479 3108 1535 autem,
3135 1487 3319 1526 secre-

1746 1557 1841 1612 tim
1868 1557 2126 1627 castigata
2151 1555 2245 1630 [αι.
2271 1559 2497 1632 castiga]
2521 1559 2626 1614 leni
2653 1561 2799 1631 virga
2828 1570 2930 1615 tua:
2950 1560 3315 1630 paternitatis.

779 1927 1130 2048 VITA
1216 1921 1732 2043 SANCTI
1817 1926 2584 2050 LAMBERTI.

597 2335 826 2394 CAPUT
855 2335 1146 2393 PRIMUM.

74 2473 299 2529 Nobiies
334 2472 500 2528 sancti
526 2471 763 2534 natales;
792 2470 1050 2540 praeclara
1081 2469 1375 2540 institutio;
1399 2468 1663 2539 episcopa-

361 2554 441 2598 tus
466 2539 837 2611 Trajectensis,
862 2551 907 2594 et
941 2556 1006 2593 ea:
1031 2555 1091 2593 eo
1120 2539 1379 2608 depulsio.

125 2659 186 2712 5.
232 2657 420 2728 igitur
447 2653 714 2727 gloriosus
743 2661 950 2724 martyr
979 2651 1323 2717 Lantbertus,
1363 2659 1419 2707 et
1461 2660 1662 2707 aeterno

60 2749 212 2821 Regi
286 2747 541 2802 sacerdos
591 2743 995 2808 dilectissimus,
1047 2742 1238 2812 insigni
1297 2758 1360 2798 ex
1416 2741 1663 2812 prosapia

62 2838 420 2907 Trajectensi
448 2839 567 2891 vico
592 2836 799 2891 exstitit
831 2836 1111 2890 oriundus.
1137 2833 1235 2888 llic
1261 2833 1494 2903 denique
1529 2848 1664 2904 pue-

67 2930 236 2984 rulus
289 2929 428 2998 apud
479 2936 730 2997 parentes
778 2926 1276 2982 Cbristianissimos
1320 2927 1553 2995 degens,
1611 2935 1666 2980 et

66 3021 238 3076 bona:
272 3017 467 3073 indolis
493 3033 614 3072 esse
636 3016 914 3086 incipiens,
959 3017 1271 3085 primaevam
1297 3015 1481 3069 statim
1508 3029 1662 3069 suam

69 3107 360 3163 aetatulam
385 3106 524 3160 unda
546 3105 687 3160 sacri
713 3106 1051 3174 baptismatis
1072 3105 1433 3176 puriﬁcatam,
1455 3105 1668 3160 Christo

72 3197 322 3252 Domino
377 3195 731 3261 consecravit,
783 3209 949 3264 seque
1016 3204 1184 3249 totum
1248 3195 1442 3256 adlmc,
1512 3203 1671 3264 prout

75 3290 237 3342 novit
293 3296 348 3342 et
401 3286 591 3351 valuit,
653 3286 850 3341 divinis
897 3285 1264 3340 voluntatibus
1318 3284 1666 3354 mancipavit.

73 3382 197 3448 Qua
228 3380 302 3434 de
335 3393 393 3433 re
415 3379 620 3434 cmlesti
652 3379 823 3447 gratia
853 3387 1148 3447 praeeunte,
1178 3377 1294 3447 ejus
1325 3375 1511 3430 aliines
1537 3391 1667 3450 una-

78 3470 316 3524 nimiter
338 3469 648 3533 decrevere,
679 3477 754 3532 ut,
783 3482 941 3537 quem
999 3483 1031 3522 a
1081 3467 1325 3537 pueritia:
1371 3466 1530 3520 annis
1563 3467 1672 3520 vita

77 3560 402 3616 illustrabat
430 3560 754 3624 sanctitatis,
797 3559 1092 3612 auctoritas
1135 3557 1374 3612 erudiret
1402 3555 1670 3621 litteralis,

1690 2320 1738 2380 Β
1763 2339 2027 2408 spirituali
2057 2350 2236 2398 mente
2283 2358 2388 2398 non
2421 2345 2765 2401 mediocriter
2793 2362 2914 2404 eum
2961 2354 3342 2410 transcendere

1759 2443 1930 2484 annos
1951 2431 2217 2499 pueritiae.

1831 2538 2147 2596 Gaudebant
2178 2543 2357 2607 ambo,
2399 2543 2952 2603 Lantbertusbouore
2990 2559 3231 2618 paterno,

1833 2628 1897 2682 Et
1926 2637 2077 2698 pater
2102 2631 2326 2702 insignis
2356 2630 2638 2688 Lantberti
2674 2649 2740 2690 ex
2771 2637 2981 2691 actibus
3015 2638 3191 2693 almis.

1764 2736 2210 2807 Equidem‘puer
2253 2747 2546 2808 strenuus,
2599 2743 2778 2800 nitens
2833 2747 2959 2801 totis
3011 2749 3219 2804 viribus
3265 2750 3349 2805 vir

1767 2828 1880 2882 fieri
1916 2829 2204 2897 perfectus,
2226 2830 2380 2899 juxta
2403 2832 2806 2907 Psalmographi
2837 2855 3041 2902 vocem,
3079 2841 3190 2896 ibat
3212 2859 3346 2913 quo-

1768 2918 1896 2972 tidie
1920 2919 1986 2974 de
2013 2920 2210 2975 virtute
2237 2923 2287 2975 in
2321 2923 2756 2996 Virtulem(l’sal.
2786 2940 3018 2999 Lxxxtn)
3040 2947 3350 3001 prmparans

1768 3010 1834 3064 ad
1881 3009 1967 3064 illa
2015 3015 2338 3082 peragenda,
2389 3031 2509 3084 qua:
2565 3017 3019 3076 incommutabilis
3050 3023 3139 3075 Dei
3169 3024 3353 3092 provi-
3422 3068 3435 3077 .

1769 3098 1948 3154 dentia
1981 3114 2078 3168 per
2107 3101 2279 3170 ipsum
2307 3112 2432 3156 autc
2469 3112 2710 3173 tempora
2757 3107 3035 3162 sazcularia
3066 3110 3180 3163 ﬁeri
3209 3125 3349 3180 pra!-

1769 3190 2058 3244 destiuavit
2113 3206 2298 3262 Opera.
2360 3193 2616 3261 Quamvis
2673 3196 2890 3265 juvenis
2944 3209 3090 3255 esset
3143 3212 3350 3268 :etate,

1772 3299 1980 3338 morum
2013 3292 2187 3338 tamen
2211 3288 2528 3356 grandaevus
2553 3290 2842 3358 probitate,
2865 3291 3186 3361 jactantiam
3215 3295 3354 3347 vita-

1772 3375 1883 3440 bat,
1931 3391 2179 3445 pompam
2210 3378 2390 3433 satcult
2421 3381 2648 3436 viriliter
2677 3384 3065 3439 conculcabat:
3095 3386 3355 3456 quidquid

1775 3465 1975 3519 habere
2004 3474 2235 3535 poterat,
2271 3469 2602 3537 pauperibus
2629 3472 2886 3540 erogabat
2911 3473 3082 3543 (499),
3115 3475 3355 3528 condens

1775 3554 1912 3608 caelo
1961 3555 2265 3619 thesauros,
2311 3556 2401 3609 ubi
2456 3557 2759 3626 possideret
2809 3573 2922 3624 eos,
2977 3575 3099 3614 cum
3147 3561 3357 3617 solutus

72 3651 411 3721 juvaretque
436 3650 734 3719 perducens
755 3647 819 3702 ad
845 3647 1115 3716 fastigium
1141 3661 1364 3701 suntma:
1390 3643 1675 3715 perfectio-
1701 3677 1750 3743 ο
1780 3641 2009 3696 feliciter
2045 3643 2393 3710 transitoriis,
2428 3644 2610 3700 vivere
2650 3643 2861 3701 felicius
2890 3647 3153 3716 inciperet
3201 3664 3356 3703 man-

78 3740 187 3794 nis.
219 3738 401 3806 Hujus
428 3737 608 3806 itaque
648 3736 860 3792 consilii
904 3735 1255 3805 dispositione
1287 3745 1522 3804 reperta,
1565 3733 1674 3788 imo

75 3846 204 3885 eam
240 3829 342 3884 Dei
389 3829 704 3898 disponente
738 3826 1042 3892 clementia,
1095 3841 1229 3896 puer
1258 3825 1429 3879 forma
1460 3824 1675 3894 conspi-

77 3937 242 3986 cuus,
299 3935 464 3975 sensu
496 3919 876 3982 docilissimus,
907 3918 1251 3989 peritissimis
1285 3917 1415 3971 viris
1449 3918 1678 3972 traditur

75 4010 428 4066 educandus.
485 4008 861 4064 Ecelesiastica
914 4007 1173 4078 religione
1223 4006 1510 4060 admodum
1548 4005 1679 4060 insi-

77 4109 296 4178 gnitur,
330 4113 388 4160 et
419 4103 715 4159 caelestium
749 4102 1126 4172 mysteriorum
1158 4099 1314 4170 igneo
1361 4113 1547 4153 amore
1583 4112 1678 4166 pe-

77 4197 387 4251 netraliter
420 4192 802 4259 inflammatur,
839 4199 1096 4260 tantoque
1122 4189 1350 4244 celerius
1376 4187 1678 4242 liberalium

78 4285 292 4341 ﬂuenta
325 4284 528 4338 artium
555 4283 814 4352 epotavit,
839 4289 1040 4351 quanto
1067 4279 1346 4334 ardentius
1396 4278 1449 4330 in
1497 4291 1682 4331 amore

83 4380 178 4434 Dei
213 4388 401 4433 totum
441 4389 500 4430 se
525 4374 652 4430 olim
697 4372 984 4428 transfudit
1014 4389 1028 4426 :
1065 4386 1164 4425 nec
1192 4369 1436 4424 celantur
1459 4368 1507 4423 ei
1535 4383 1685 4438 qna:-

81 4484 310 4539 cunque
361 4466 589 4520 obscura
640 4473 921 4535 geruntur,
971 4460 1222 4531 quoniam
1272 4457 1418 4513 nulla
1482 4457 1548 4512 ad
1597 4457 1682 4512 di-

80 4561 362 4617 scendum
416 4571 566 4612 mora
617 4565 721 4622 est,
754 4555 874 4610 ubi
937 4553 1172 4623 Spiritus
1215 4558 1440 4606 sanctus
1496 4549 1686 4605 doctor

81 4657 266 4709 adest.

156 4767 214 4822 6.
258 4765 569 4821 lnstructns
589 4761 800 4817 tandem
826 4759 1023 4816 divinis
1047 4754 1409 4828 dogmatibus,
1439 4760 1494 4808 et
1522 4753 1684 4808 uber~

84 4861 186 4913 tim
219 4859 510 4927 vigoratus
535 4852 844 4907 monasticis
867 4849 1232 4906 sanctionibus
1257 4846 1424 4916 (498),
1452 4845 1688 4900 destina-

85 4949 168 5002 vit
190 4947 372 5002 corde
394 4958 524 5015 puer
547 4944 700 4998 bona:
732 4941 927 4996 indolis
955 4939 1164 5011 regredi
1197 4938 1265 4992 ad
1290 4937 1509 4991 domum
1536 4934 1688 5004 geni-

1779 3737 1940 3792 suris.

1849 3853 1902 3907 7.
1942 3851 2141 3906 Eodem
2164 3859 2402 3920 tempore
2419 3849 2604 3920 Agius,
2633 3848 2872 3921 pontifex
2894 3847 3270 3917 Theodardns,
3301 3860 3358 3908 et

1780 3944 2112 4000 clarissimus
2158 3943 2359 3997 Christi
2411 3953 2618 4014 martyr
2646 3941 2880 4007 futurus,
2912 3943 2995 3996 vir
3039 3943 3362 3998 sacerdotali

1783 4032 2080 4088 reverentia
2105 4031 2315 4101 plenus,
2340 4042 2395 4087 et
2413 4047 2598 4087 coram
2620 4032 2818 4086 divinis
2848 4033 3157 4101 aspectibus
3177 4047 3361 4086 sacer-

1781 4125 1879 4179 dos
1914 4123 2320 4186 beatificandus,
2348 4124 2400 4177 in
2425 4132 2721 4178 memorato
2745 4124 2994 4193 superius
3020 4124 3137 4176 vico
3154 4124 3364 4191 episco-

1782 4213 1954 4283 palem
2003 4211 2414 4266 administrabat
2455 4211 2794 4282 dignitatem.
2825 4211 2961 4266 llnic
2994 4211 3361 4266 memorabilis

1783 4287 2096 4358 ado!cscens
2170 4301 2496 4357 Lautbertus
2570 4301 2849 4356 nobilitate
2919 4300 3362 4364 cluentissimus.

1784 4397 1958 4449 forma
2019 4395 2260 4464 corporis
2311 4393 2743 4464 elegantissiums
2805 4393 3243 4457 commendatur,
3307 4393 3362 4447 in

1785 4487 1907 4543 aula
1929 4488 2073 4558 regia
2099 4486 2431 4551 educandus,
2477 4496 2537 4539 ut
2571 4484 2717 4539 velut
2742 4484 3009 4554 pretiosus
3043 4483 3202 4554 lapis,
3231 4483 3370 4538 mul-

1786 4578 2056 4649 tiplicibus
2085 4578 2349 4648 potiretur
2378 4577 2732 4647 argumentis,
2776 4584 2830 4631 et
2858 4583 3173 4644 competens
3202 4575 3357 4630 ﬁeret

1781 4671 2098 4726 caelestibus
2133 4668 2489 4724 ornamentis.
2523 4667 2660 4722 Tum
2708 4681 2841 4722 sane
2873 4666 3120 4721 columba
3165 4664 3370 4728 Christi

1786 4763 1904 4820 sine
1919 4762 2038 4818 felle
2050 4759 2447 4821 amaritudinis,
2478 4759 2824 4823 Lantbertus,
2847 4758 3099 4813 videlicet
3120 4757 3369 4811 alumnus

1787 4855 2090 4920 laudabilis,
2117 4853 2348 4908 solerter
2381 4851 2674 4909 adhrerens
2701 4849 3013 4918 magisterio
3045 4845 3251 4917 praefati
3274 4860 3373 4897 an-

1793 4946 2344 5016 tistitis,cmpitillum
2374 4943 2637 5002 venerari
2659 4941 2799 4994 sicut
2829 4940 3128 5002 dominum,
3155 4935 3379 5003 diligere

87 5041 251 5095 toris.
280 5037 442 5105 Quod
467 5035 642 5106 sagaci
668 5034 848 5088 animo
867 5033 1132 5102 concepit,
1159 5031 1225 5085 ad
1249 5027 1496 5084 effectum
1520 5028 1681 5082 aetio-
1713 5035 1767 5095 β
1791 5037 2242 5110 quemadmodum
2275 5042 2497 5104 patrem
2555 5028 2950 5093 charissimam,
2999 5036 3055 5080 et
3092 5027 3146 5078 in
3180 5021 3388 5076 cunctis

89 5133 178 5188 nis
238 5143 420 5199 usque
473 5127 741 5198 perduxit.
803 5125 957 5180 Tunc
1002 5123 1264 5192 benignus
1321 5130 1494 5190 pater,
1554 5120 1685 5175 cha-

89 5223 392 5279 rissimum
444 5219 632 5290 pignus
689 5215 966 5285 excipiens
1022 5210 1350 5274 amabiliter,
1425 5209 1688 5266 intellexit

93 5443 110 5472 Ι
164 5370 329 5445 (496)
372 5381 522 5439 Apud
565 5364 969 5437 Cbapeavillum
1015 5372 1136 5419 est:
1196 5359 1368 5415 Musa:
1417 5361 1690 5433 decompla

1792 5133 2004 5190 actibus
2033 5131 2259 5201 obsequi
2280 5130 2438 5200 juxta
2470 5133 2738 5190 edictum
2758 5119 3007 5187 apostoli,
3034 5133 3132 5172 ceu
3175 5113 3398 5201 decebat

1793 5240 2010 5281 servum
2068 5197 2295 5277 Domini
2356 5217 2403 5289 (Ι
2457 5220 2652 5285 Pe".
2698 5210 2778 5280 n3.
2824 5206 3111 5260 Enimvero
3159 5217 3226 5257 ex
3269 5197 3406 5251 tanti

1798 5383 1924 5428 nihil
1953 5384 2106 5424 Isghol
2133 5375 2545 5420 Ωηδοεηιιηιηη
2563 5403 2586 5422 ο
2615 5377 2693 5414 (εν,
2723 5363 2832 5398 mo-
2857 5382 2862 5390 ι
2889 5359 2900 5371 ·
