3848 5558
448 350 483 404 6
494 343 559 403 Π-

1515 342 1858 401 STEPHANI
1896 341 2199 402 EPISCOPI
2239 340 2638 402 LEODlENSIS

3614 351 3691 407 tt:

453 459 632 515 Patris
670 456 942 522 consortio
976 456 1288 527 replebatur
1320 446 1639 528 propensius
1665 456 1861 525 gratia,
1893 456 2030 513 dita-
2064 465 2109 525 Α
2138 458 2508 529 acquiesceret
2532 455 2904 527 lmtitionibus,
2943 458 3105 513 altius
3147 460 3435 523 commoti.
3466 470 3521 515 et
3546 463 3692 519 divisa

454 550 614 603 batur
661 546 976 613 locupletius
999 546 1280 615 sapientia.
1322 546 1623 617 augebatur
1650 546 1891 616 quotidie
1923 562 2035 600 me-

453 641 681 694 ritorum
749 634 1040 691 afﬂuentia.
1089 634 1241 702 Quod
1318 635 1488 691 isdem
1566 637 1794 690 antistes
1869 639 2035 690 tacita

451 728 659 802 [tacite]
688 727 1080 799 contemplans,
1105 737 1159 782 et
1195 725 1380 792 subtili
1416 727 1759 797 indagatioue
1782 736 2033 797 perscru-

451 832 592 884 rans,
647 830 885 891 quantus
927 818 1211 889 qualisque
1268 819 1432 875 foret‘
1462 818 1747 885 intellexit;
1801 820 2034 890 ideoque

448 920 620 966 tetum
659 925 720 966 se
770 911 823 965 in
869 908 987 979 ejus
1037 925 1275 964 amorem
1338 911 1677 976 transvexit,
1747 920 1934 981 utpote
1979 911 2030 966 in

447 1003 702 1057 dilectum
759 1001 1031 1058 lueredem
1094 1009 1150 1054 et
1215 1001 1592 1072 gratissimum
1662 1014 2032 1058 successorem

447 1094 617 1165 (δυο).

516 1185 571 1239 8.
611 1185 852 1256 Adeptns
889 1185 1156 1257 siquidem
1217 1186 1397 1257 magni
1449 1186 1744 1242 sacerdotis
1788 1201 2030 1242 amorem

444 1291 501 1334 et
534 1279 755 1334 edoctus
805 1280 1095 1334 admodum
1136 1290 1318 1334 tenere
1372 1280 1574 1334 monita
1626 1278 2031 1349 Seripturarum

446 1371 701 1442 implebat
737 1371 931 1442 duplex
960 1370 1243 1426 charitatis
1272 1380 1620 1442 praeceptum,
1662 1370 1891 1441 diligens
1920 1381 2030 1426 tota

445 1473 627 1516 mente
682 1462 887 1525 Deum,
956 1463 1395 1532 amplectensque
1464 1462 1766 1531 proximum
1823 1463 2032 1534 integro

446 1566 651 1615 amore,
686 1552 823 1607 sicut
851 1546 1217 1622 semetipsum.
1250 1552 1403 1607 Parvi
1432 1552 1697 1622 pendebat
1721 1554 2029 1623 praesentia,

445 1644 607 1698 veluti
663 1644 956 1699 devoverat
1014 1644 1066 1698 in
1109 1645 1338 1715 pueritia
1387 1644 1558 1715 (501),
1609 1644 1886 1699 mstimans
1934 1659 2032 1713 pro

447 1734 578 1787 nihil
605 1734 804 1796 omnia,
834 1743 1031 1803 przeter
1058 1732 1199 1803 quo]
1227 1741 1348 1788 erat
1371 1741 1588 1787 eneruat
1611 1732 1800 1787 salutis
1831 1732 2028 1803 gratia.

443 1821 764 1876 Cnelestibns
791 1822 972 1876 animo
1008 1822 1270 1887 inhiabat,
1302 1836 1424 1877 sese
1458 1821 1511 1875 in
1546 1819 1923 1875 holocaustum
1951 1820 2028 1874 illi
2063 1849 2105 1906 Β

446 1913 716 1967 mactabat
747 1913 838 1981 qui
874 1913 949 1967 ei
975 1912 1248 1981 singulare
1295 1912 1624 1968 desiderium
1676 1910 1851 1967 factus
1883 1920 2023 1967 erat.

446 2000 735 2070 Postquam
762 2016 892 2055 vero
918 2000 985 2055 ab
1034 2000 1213 2070 impiis
1268 2000 1603 2066 interfectus,
1635 2000 1869 2071 palmam
1902 2002 2023 2054 bea-

446 2090 690 2145 titudinis
740 2100 961 2145 sanctus
998 2090 1238 2160 percepit
1272 2088 1624 2145 Theodardus
1653 2089 1822 2160 (502),
1856 2090 2030 2147 ﬁdelis

442 2181 872 2252 'l‘rajectcnsium
911 2192 1147 2248 caterva,
1198 2184 1288 2253 pio
1327 2191 1545 2254 pastore
1580 2184 1820 2247 viduata,
1860 2186 2029 2256 cmpit

440 2268 788 2328 vehementer
832 2272 1146 2343 perquirere
1193 2271 1358 2328 alium
1402 2273 1636 2329 similem
1684 2274 1974 2330 sanctitate
2009 2314 2025 2339 ,

441 2378 600 2430 quem
650 2363 701 2416 in
731 2362 847 2434 ejus
888 2363 1008 2418 loco
1049 2372 1234 2433 posset
1258 2365 1572 2434 subrogare.
1609 2365 1709 2420 Diu
1758 2366 2026 2435 quazsitis,

440 2456 807 2526 serutatisque
870 2456 1121 2513 omnibus
1154 2496 1169 2522 ,
1244 2457 1484 2511 sanctior
1562 2471 1720 2513 nemo
1776 2459 2027 2513 inventus

440 2546 755 2602 Lantherto.
790 2549 942 2605 Hunc
984 2550 1168 2631 itaque
1210 2551 1437 2631 ditatum
1493 2553 1793 2609 honoribus
1827 2555 2028 2619 sancti-

442 2637 656 2702 moniae,
687 2636 1012 2695 illustratum
1028 2630 1752 2713 commerciisparcimonia',
1794 2645 2028 2716 Spiritus

436 2725 615 2781 sancti
640 2736 911 2796 przecunte
934 2730 1240 2798 clementia,
1275 2733 1428 2802 plebs
1464 2733 1891 2804 Trajectensium
1921 2752 2021 2807 pa-

438 2815 573 2869 riter
594 2830 922 2889 congregata
962 2821 1274 2893 episcopum
1317 2822 1433 2880 fieri
1481 2824 1664 2896 elegit,
1691 2834 1749 2882 et
1799 2827 1853 2882 in
1909 2826 2026 2885 loco

439 2908 688 2978 magistri
723 2910 1015 2966 succedere
1049 2914 1387 2971 acclamavit.

509 3017 563 3072 9.
591 3018 808 3091 Regalis
834 3037 1047 3094 quoque
1068 3025 1332 3085 celsitudo
1359 3043 1423 3083 ac
1444 3029 1808 3100 palatinorum
1833 3047 2025 3103 proce-

439 3125 558 3163 rum
585 3111 887 3178 multitudo,
909 3115 1026 3184 ejus
1050 3117 1303 3187 opinione
1339 3121 1580 3190 cognita,
1614 3121 1761 3177 illum
1792 3124 1844 3177 in
1886 3124 2024 3181 salio

2138 546 2490 616 inspiratione
2528 548 2766 612 accensi.
2811 564 2842 602 a
2880 550 3115 604 maximo
3144 565 3318 620 usque
3354 552 3423 603 ad
3447 551 3692 608 mittimus

2133 639 2313 693 cuncti
2371 640 2627 695 dixerunt
2688 640 2754 695 ad
2810 640 2957 695 illum
3010 659 3023 696 :
3081 641 3196 697 Non
3235 658 3361 707 nos,
3414 641 3693 709 Lantberte,

2133 730 2334 784 diutius
2363 732 2670 799 protrahas,
2718 732 2811 786 sed
2842 747 2941 802 pro
2982 744 3132 788 certo
3172 735 3339 798 scias,
3374 734 3527 803 quia,
3569 737 3692 802 veli,

2135 822 2290 885 nolis,
2332 806 2514 876 uoster
2536 824 2822 893 episcopus
2849 824 2978 887 eris,
3002 832 3057 877 et
3087 824 3526 896 Trajectensium
3550 836 3694 895 pastu

2135 914 2431 967 vocaberis.
2463 912 2539 967 fta
2578 914 2725 968 omni
2766 913 2910 968 clero
2946 914 3310 979 exclamante,
3354 925 3411 969 et
3457 917 3539 971 sic
3580 928 3693 971 ulmo

2131 1017 2237 1070 que
2263 1017 2394 1055 sexu
2428 1001 2778 1067 vociferante,
2812 1003 3019 1057 clamor
3045 1004 3113 1058 ad
3155 1004 3355 1059 malum
3406 1006 3627 1069 tollitur,
3655 1018 3694 1060 tt

2134 1107 2285 1145 mens
2322 1090 2602 1147 Lautberti
2659 1092 2821 1147 tantis
2865 1092 3089 1148 vocibus
3129 1096 3468 1149 moderatur.
3504 1097 3693 1166 Aequic-

2134 1182 2207 1235 vit
2227 1197 2415 1236 eorum
2442 1184 2813 1252 petitionibus,
2840 1184 3146 1255 suscipiens
3168 1202 3359 1242 curam
3382 1188 3690 1255 praesulatus,

2132 1285 2201 1324 ne
2259 1272 2618 1325 obedientiam
2669 1272 2960 1337 desereret,
3010 1290 3133 1344 quae
3184 1286 3519 1330 eactcrarum
3566 1278 3696 1329 virts;-

2136 1369 2245 1414 lum
2282 1375 2465 1415 comes
2492 1376 2610 1415 esse
2632 1356 2849 1417 assolet.
2879 1361 2957 1416 fta
2993 1363 3083 1419 Dei
3108 1365 3332 1419 dextera
3358 1366 3695 1431 exaltams,“

2132 1452 2506 1523 episcoporum
2539 1448 2913 1508 benedictione
2933 1465 3307 1521 consecratus,
3337 1456 3389 1510 in
3412 1457 3695 1525 Trajeete...

2133 1544 2209 1599 sis
2240 1544 2491 1599 Ecclesia:
2513 1543 2747 1601 fascibus
2771 1547 3095 1602 venerabilis
3121 1534 3461 1603 Lautbertus
3490 1532 3693 1618 perutile;

2133 1643 2215 1689 est
2254 1635 2550 1689 institutus.

2206 1725 2291 1779 ll.
2333 1724 2570 1780 Sortitus
2590 1724 2823 1796 denique
2858 1725 3069 1782 culmen
3112 1727 3416 1799 religionis,
3456 1716 3691 1801 perpetes

2135 1817 2341 1872 studuit
2372 1818 2589 1887 pietatis
2617 1833 2815 1888 augere
2842 1834 3029 1888 opera,
3062 1819 3153 1888 qui
3195 1822 3511 1891 pontificali
3545 1834 3695 1877 aecus

2132 1917 2246 1969 erat
2269 1908 2456 1967 infula.
2482 1908 2748 1965 Mactabat
2764 1912 2908 1968 omni
2930 1912 3017 1971 die
3040 1911 3457 1967 holoscaustum
3486 1914 3692 1977 Domino.

2132 2012 2236 2050 non
2288 2012 2355 2051 ex
2385 1997 2562 2051 alieno
2589 2013 2801 2068 pecore,
2834 1999 2926 2053 sed
2958 2014 3027 2053 ex
3074 2000 3295 2069 proprio
3325 2016 3588 2070 corpore.
3616 2003 3697 2058 Nec

2131 2088 2355 2143 vacabat
2390 2103 2419 2142 a
2447 2088 2734 2143 missarum
2765 2088 3061 2155 solcmuiis,
3095 2091 3383 2146 celebrans
3405 2097 3694 2148 meritoriam

2129 2176 2428 2233 salutiferae
2457 2177 2742 2247 passionis,
2786 2176 3127 2249 offerensque
3171 2181 3281 2234 Deo
3332 2182 3602 2249 libamen,
3625 2202 3697 2255 pro

2076 2308 2083 2315 .
2129 2270 2324 2338 quibus
2351 2270 2684 2324 redditurum
2716 2286 2775 2326 se
2816 2272 3024 2327 sciebat
3062 2272 3358 2327 ratiunem.
3408 2275 3554 2331 Erat
3576 2279 3696 2347 plane

2129 2361 2436 2416 laetissimus
2464 2360 2622 2426 facie,
2666 2363 3047 2419 serenissimus
3098 2374 3301 2430 mente,
3331 2366 3583 2436 alloquio
3610 2372 3696 2422 ιω-

2129 2452 2400 2517 cissimus,
2454 2454 2867 2509 conversatione
2920 2456 3431 2521 mansuetissimus,
3490 2470 3697 2513 morum

2130 2545 2358 2599 terrenis
2409 2536 2796 2616 voluptatibus,
2848 2547 3034 2627 vivens
3079 2548 3279 2603 divinis
3323 2551 3695 2620 spiritualibas

2127 2635 2183 2692 lu
2221 2638 2381 2692 domo
2414 2640 2612 2710 quippe
2636 2640 2781 2695 illius
2808 2640 3007 2695 veritas
3032 2643 3221 2698 eratei
3254 2643 3466 2714 gloria,
3500 2644 3558 2698 in
3599 2660 3700 2714 ope»

2128 2728 2277 2784 l‘fbllS
2309 2728 2425 2798 ejus
2461 2730 2691 2801 mquitas
2740 2731 3057 2801 splendebat
3108 2741 3163 2789 ct
3201 2733 3450 2805 justitia.
3494 2734 3699 2791 Instabat

2125 2821 2600 2892 prmdicatiouibus
2631 2824 2889 2890 assiduis,
2921 2839 3153 2897 arguens
3180 2826 3580 2895 delinquentes
3613 2842 3696 2881 ser-

2127 2916 2376 2973 monibus
2403 2918 2671 2974 veritatis.
2700 2919 3017 2989 lncrepabat
3040 2919 3258 2975 desides
3285 2920 3701 2990 correptionist

2127 3011 2656 3081 temperantissimis,
2705 3014 2998 3068 obsecrans
3024 3022 3170 3068 recte
3191 3013 3521 3085 gradientes
3540 3016 3704 3069 exher-

2128 3101 2424 3158 tationibus
2454 3104 2716 3173 paternis.
2747 3105 3097 3160 Exuberabat
3132 3105 3536 3178 eleemosynis,
3575 3122 3703 3161 corl-

438 3199 733 3269 poutificali
766 3203 885 3258 sine
906 3221 1054 3260 mora
1087 3211 1485 3266 constituerunt
1510 3213 1814 3268 sublimari.
1839 3214 1912 3269 At
1936 3216 2019 3273 vir
2046 3208 2090 3269 C
2125 3193 2313 3247 scab“
2345 3194 2643 3261 miraculis:
2690 3211 2931 3267 quosque
2961 3198 3215 3252 ιηοιιθικη
3253 3198 3537 3257 “cuiuis
3568 3200 3703 3256 Ῐθίίιτο

439 3299 774 3353 mansuetus,
805 3294 950 3348 omni
986 3294 1228 3375 bonitate
1253 3297 1504 3372 refertus,
1534 3310 1589 3356 et
1613 3303 1667 3358 in
1696 3304 2017 3363 humilitatis

437 3379 693 3449 gradibus
721 3398 750 3435 a
772 3384 992 3440 Christo
1022 3385 1303 3465 fundatus,
1327 3390 1605 3464 indignum
1637 3408 1697 3449 se
1746 3396 2017 3466 mysteriis

437 3471 862 3529 sacerdotalibus
892 3514 907 3541 ,
958 3476 1142 3534 multis
1199 3480 1485 3552 denegavit
1524 3487 2014 3555 prosecutionibus.

435 3559 687 3628 Grandis,
725 3563 915 3633 inquit,
952 3565 1149 3625 fratres
1180 3571 1308 3637 mei,
1338 3571 1514 3626 honor
1540 3582 1624 3629 est
1653 3575 2010 3644 pontificalis;

435 3650 530 3705 sed
571 3666 733 3722 grave
758 3656 966 3723 pondus
1016 3658 1170 3714 istius
1212 3672 1296 3716 est
1339 3662 1579 3718 honoris.
1620 3664 1902 3736 Indignum
1930 3683 2016 3724 me

435 3740 551 3795 fore
573 3746 862 3810 pronuntio
884 3763 900 3813 ;
920 3750 1194 3819 suscipere
1218 3753 1360 3821 quod
1399 3754 1581 3819 vultis,
1608 3771 1848 3826 nequeo;
1875 3759 2015 3815 vires

435 3832 566 3886 mihi
600 3849 705 3888 non
738 3847 1058 3906 suppetunt;
1106 3842 1408 3899 sanctitatis
1454 3860 1615 3914 opera
1666 3863 1770 3901 non
1817 3859 2015 3918 praesto

432 3936 655 3991 assunt;
692 3927 816 3984 vitae
858 3931 1159 3989 innocentis
1201 3935 1440 4007 regulam
1471 3954 1556 3992 me
1586 3949 1768 3993 tenere
1811 3956 2015 4011 nequa-

433 4033 596 4087 quam
635 4036 903 4090 eognosco
947 4041 961 4077 :
1015 4025 1136 4081 ideo
1165 4024 1587 4097 gubernaculum
1630 4022 2016 4088 ecclesiasticis

433 4109 774 4166 rectitudinis
802 4111 1047 4184 accipere
1078 4113 1276 4173 difiiJo.
1309 4117 1507 4174 Contra
1535 4120 1834 4177 istiusmodi
1859 4138 2016 4179 excu-

429 4205 659 4260 sationis
735 4209 1010 4264 molimiua
1089 4209 1517 4281 Trajecteusium
1582 4227 1802 4275 caterva
1854 4219 2015 4291 lmjus

432 4295 799 4364 responsionis
824 4297 1002 4352 intulit
1026 4301 1187 4356 verba
1216 4316 1231 4355 :

500 4402 753 4475 Prosapia
776 4407 964 4476 polles,
988 4412 1306 4468 meritorum
1338 4414 1538 4472 lumine
1560 4418 1755 4491 fulges.

504 4494 742 4557 Moribus
769 4501 1005 4568 ornaris,
1027 4502 1227 4573 pietate
1252 4520 1513 4564 coruscus
1537 4511 1777 4576 baberis,

501 4584 763 4642 Omnibus
798 4589 1053 4667 excellis;
1082 4592 1200 4647 ideo
1228 4597 1593 4671 nos‘undique
1618 4615 1830 4669 pasces.

501 4698 588 4755 10.
631 4699 769 4757 fliuc
828 4702 1036 4775 vulgari
1085 4721 1236 4762 more
1288 4708 1584 4767 frementes
1608 4752 1645 4778 ,κ
1673 4717 2012 4787 strepituque

426 4790 675 4859 populari
745 4808 909 4863 super
972 4810 1095 4851 eum
1165 4797 1454 4866 irruentes,
1524 4801 1780 4858 dixerunt
1852 4804 2011 4859 simul

422 4896 618 4936 omnes
647 4899 660 4935 :
689 4879 1014 4941 Lautbertus
1034 4887 1170 4943 civis
1198 4899 1406 4957 noster,
1430 4906 1655 4961 operum
1679 4894 2011 4963 plenitudine

421 4969 661 5036 celeber,
693 4984 909 5041 oportet
953 4986 1013 5031 ut
1053 4978 1146 5032 fiat
1187 4980 1476 5049 episcopus
1520 4993 1741 5051 noster;
1790 4988 1869 5042 sic
1916 5003 2012 5042 vo-

425 5061 609 5117 luntas
641 5073 727 5121 est
766 5063 894 5131 Dei;
942 5069 1021 5124 sic
1062 5070 1334 5142 principes
1357 5080 1602 5127 statuunt
1634 5076 1804 5145 regni.
1858 5076 2012 5130 fllqu

424 5152 604 5208 tuitui's
647 5155 815 5227 elegit
850 5157 1057 5225 clerus,
1107 5161 1393 5217 universus
1435 5162 1704 5218 acclamat
1761 5167 2012 5236 populus.

427 5243 536 5297 Sed
587 5246 669 5300 vir
717 5249 1050 5306 humillimus
1101 5269 1225 5307 cum
1272 5254 1505 5321 plenitcr
1559 5254 1738 5311 adhuc
1785 5257 1870 5312 his
1900 5273 2008 5313 non

1122 5364 1134 5378 '
1160 5373 1334 5410 ortum
1373 5363 1472 5418 sub
1512 5365 1814 5423 Theodardi
1848 5369 2008 5424 disci—

1489 5444 1499 5452 ”
1593 5438 1620 5450 ”
1634 5446 1644 5460 ¹
1677 5436 2008 5494 αοαιθδςὶωίο

2122 3283 2305 3336 mabat
2335 3284 2617 3355 exemplis.

2192 3370 2300 3425 Nec
2321 3372 2460 3443 stylo
2489 3373 2673 3440 scribi,
2707 3390 2805 3429 nec
2829 3376 2912 3431 f'as
2938 3389 3021 3432 est
3052 3392 3307 3448 promere
3331 3382 3549 3443 verbis.

2191 3462 2320 3529 Qme
2347 3464 2484 3518 bona
2510 3465 2591 3519 vir
2612 3474 2887 3533 strenuus,
2916 3468 3098 3523 divino
3124 3486 3359 3526 munere
3387 3472 3592 3539 fretus,

2189 3554 2421 3611 Edocuit
2450 3557 2648 3622 verbis,
2679 3559 2920 3614 ostendit
2947 3560 3178 3630 denique
3209 3560 3405 3618 factis.

2188 3644 2274 3700 12.
2318 3644 2425 3701 Sed
2457 3645 2583 3715 quia
2613 3647 2835 3703 minimc
2865 3657 3077 3719 poterat
3102 3649 3353 3717 lucerna,
3390 3654 3707 3709 candelabra

2118 3735 2330 3791 coalitus
2368 3737 2642 3807 imposita,
2687 3738 2901 3795 latitare
2930 3739 3030 3795 sub
3075 3742 3242 3797 modii
3294 3743 3524 3809 umbra,
3553 3746 3704 3815 erepit

2118 3827 2259 3881 inter
2293 3842 2419 3882 suos
2453 3829 2757 3900 praecipuus
2803 3830 3010 3894 haberi,
3053 3846 3218 3900 quem
3247 3832 3459 3890 talibus
3513 3836 3711 3889 indiciis

2116 3915 2364 3971 Christus
2427 3916 2687 3974 Dominus
2743 3919 2944 3974 mundo
2999 3920 3268 3990 disposuit
3344 3923 3706 3979 manifestae.

2116 4007 2324 4063 Interea
2354 4009 2512 4081 longe
2559 4010 2777 4081 lateque
2805 4012 2922 4083 ejus
2951 4013 3261 4067 sanctitatis
3291 4013 3499 4070 diffusa
3535 4017 3710 4086 opime

2117 4100 2359 4166 pervenit
2389 4101 2457 4154 ad
2505 4101 2753 4155 notitiam
2802 4105 2944 4173 regis
2979 4100 3300 4169 Childcrici,
3350 4107 3451 4175 qui
3486 4123 3560 4162 eo
3593 4118 3715 4163 tem-

2117 4206 2246 4259 pore
2306 4191 2446 4245 inter
2497 4192 2863 4263 Francigenas
2913 4204 3187 4264 sceptrum
3240 4196 3709 4272 obtinebat

2118 4282 2264 4350 (503)
2287 4283 2426 4351 quod
2460 4281 2787 4352 Lillllel‘lllS
2812 4295 2996 4353 pastor
3037 4283 3297 4341 Ecclesiae
3343 4287 3714 4357 Trajectcasis

2118 4374 2169 4428 iu
2195 4373 2452 4429 fatnulatu
2492 4375 2767 4430 Creatoris
2801 4377 3215 4446 supereminens
3240 4379 3551 4437 haberetur
3576 4399 3714 4438 norb

2118 4466 2312 4521 talibus
2360 4468 2589 4521 cunctis.
2628 4465 2779 4522 Unde
2826 4467 3023 4523 facutm
3075 4479 3179 4539 est.
3232 4480 3295 4525 ut
3335 4487 3469 4527 cum
3500 4490 3716 4529 suum

2042 4573 2090 4633 ι)
2119 4556 2320 4610 honore
2367 4564 2729 4611 veneraretur
2776 4572 2806 4612 a
2859 4572 3022 4627 rege,
3078 4554 3432 4629 primumque
3485 4566 3715 4632 gradui

2118 4644 2415 4702 vindicaret
2446 4648 2701 4703 amicitiae
2731 4648 2869 4717 ejus,
2901 4658 3123 4703 exslaus
3157 4650 3419 4723 princeps
3461 4656 3717 4709 amabilis

2116 4739 2169 4793 in
2226 4739 2389 4808 regni
2441 4737 2681 4808 palatio,
2743 4747 2797 4793 ct
2848 4737 3090 4808 pontifex
3137 4738 3373 4796 affabilis
3430 4743 3487 4797 in
3545 4746 3717 4816 regali

2114 4833 2359 4886 consilio.
2401 4832 2544 4886 Illius
2589 4831 2929 4903 providentia
2959 4831 3281 4901 optimatum
3327 4833 3717 4906 dirigebantur

2115 4932 2294 4991 gesta;
2332 4923 2498 4992 ipsius
2524 4922 2808 4992 prudentia
2853 4910 3158 4992 reipublica:
3188 4922 3586 4980 tractabantur
3616 4928 3720 4980 uti-

2113 5015 2206 5067 lia.
2241 5012 2644 5084 Magnificabilis
2675 5029 2769 5069 rex
2808 5022 2864 5068 et
2906 5014 3199 5080 exercitus,
3231 5014 3324 5084 qui
3356 5019 3497 5072 tanti
3522 5035 3714 5074 sacer-

2115 5107 2257 5161 dotis
2283 5105 2547 5176 parchaut
2575 5104 2912 5174 jussionibus
2932 5105 2947 5179 ε.

2185 5198 2442 5265 Quamvis
2470 5198 2635 5252 multa
2663 5196 2773 5254 Deo
2793 5196 3079 5263 servirent,
3112 5199 3352 5254 crimine
3379 5203 3554 5264 victo,

2181 5291 2434 5347 Attamen
2458 5291 2703 5347 hortator
2715 5291 2981 5347 scelerum
3002 5294 3284 5363 percorda
3309 5294 3591 5352 malorum

2111 5419 2254 5476 anno
2279 5403 2476 5476 Christi
2507 5404 2611 5459 669
2639 5404 2994 5476 probabilius
3038 5406 3337 5476 contigisse
3366 5408 3617 5465 videtur.
3657 5413 3719 5466 Et

2111 5475 2233 5510 “nn
2298 5475 2508 5522 initium
2568 5475 2910 5527 enisum):th
2982 5477 3157 5524 εβιιθιί
3198 5475 3499 5534 Ιιπηιὺετιε
3554 5485 3717 5536 circa
