3902 6424
143 367 272 426 649

229 479 432 539 Effudit
455 479 624 554 virus,
649 479 890 552 gaudens
910 481 960 536 in
995 483 1147 554 pejus
1175 463 1326 540 abire

228 573 402 632 Omne
429 557 597 644 genus
625 573 926 640 hominum,
951 575 1117 631 ctelos
1142 591 1210 632 ne
1235 578 1408 648 possit
1435 579 1606 635 adire.

225 690 318 746 15.
359 689 700 760 Quapropter
726 691 1021 746 commovit
1051 693 1196 758 odia,
1254 694 1510 748 excitavit
1544 693 1748 767 jurgia,

137 781 404 838 turbavit
471 779 726 836 Ecclesiae
798 796 986 852 pacem
1018 821 1032 847 ,
1096 783 1276 853 posuit
1348 783 1749 840 firmamentum

129 873 308 942 regni
360 871 724 928 formidinem.
781 871 950 929 Rabie
1003 875 1342 930 crudelitatis
1393 877 1530 932 adeo
1581 879 1746 934 corda

121 963 436 1032 hominum
465 964 738 1030 accendit,
780 973 840 1018 ut
881 980 984 1019 nou
1025 965 1272 1022 viderent
1305 966 1525 1033 caelum,
1572 984 1748 1038 neque

119 1058 568 1113 recordarentur
607 1057 700 1112 Dei
746 1055 1102 1124 iudiciorum.
1156 1058 1271 1114 Hoc
1312 1059 1499 1130 itaque
1534 1075 1746 1116 veneno

115 1164 274 1234 per),
293 1149 538 1206 membra
589 1149 788 1207 diaboli
851 1152 1092 1219 graviter
1141 1151 1428 1221 disperso,
1493 1154 1746 1225 princeps

117 1239 296 1312 regni
345 1240 710 1307 interficitur,
765 1241 1022 1298 videlicet
1076 1241 1416 1299 Cbildericus
1478 1260 1576 1300 rex
1629 1247 1744 1318 glo-

121 1331 348 1388 riosus.
383 1332 508 1388 Mox
531 1334 733 1390 etenim
760 1334 978 1390 invidia:
1001 1336 1215 1406 pondus
1251 1346 1305 1392 et
1333 1337 1516 1392 odium
1545 1337 1742 1394 adver-

117 1437 240 1478 sus
301 1423 398 1479 Dei
458 1423 724 1480 famulum
791 1428 1086 1482 commovit
1153 1427 1530 1485 Lantbertum.
1603 1429 1743 1486 l-linc

117 1510 330 1567 hostili
379 1513 531 1568 rabie
560 1514 736 1585 magis
786 1531 852 1571 ac
882 1517 1059 1588 magis
1101 1529 1386 1588 grassante
1433 1529 1488 1575 et
1533 1519 1740 1577 invidia

111 1599 342 1658 diaboli
373 1603 626 1673 nequiter
669 1607 1086 1674 exardescente,
1117 1608 1446 1667 Lantbertus
1485 1603 1739 1670 sacerdos

113 1691 344 1748 Christi
377 1693 609 1765 inclytus
635 1695 802 1752 debiti
836 1698 1060 1754 honoris
1085 1699 1342 1770 privatur
1365 1703 1734 1774 dignitatibus,

111 1799 196 1840 ac
245 1785 316 1842 de
357 1787 655 1857 pontificali
693 1789 948 1846 cathedra
987 1791 1073 1846 vir
1100 1793 1338 1850 caelestis
1376 1795 1591 1866 eiicitur
1618 1798 1736 1854 sine

111 1893 320 1934 musa.
373 1877 522 1934 Proh
588 1879 796 1936 nefas!
857 1882 1056 1954 regalis
1139 1885 1350 1940 interiit
1401 1861 1728 1956 sublimitas,
1761 1861 1810 1922 Β

109 1985 428 2041 pravorum
495 1971 776 2041 prtevaluit
825 1973 1128 2045 iniquitas,
1189 1978 1544 2036 sacerdotalis
1600 1997 1732 2036 con-

109 2062 254 2117 fusa
315 2071 398 2118 est
454 2065 746 2133 sanctitas,
801 2065 1028 2136 iustitia:
1080 2069 1364 2141 profanata
1429 2081 1516 2129 est
1562 2076 1732 2146 tequi-

115 2161 234 2207 tas.

203 2243 300 2300 H.
336 2243 446 2301 lleu
473 2247 486 2302 Ξ
533 2261 696 2319 cogor
721 2249 941 2321 scriptis
970 2252 1287 2322 depromere
1315 2267 1428 2310 rem
1457 2257 1726 2314 veritatis.

111 2333 288 2391 Tunc
313 2346 624 2409 suggestum
667 2339 1036 2412 Trajeclensis
1061 2342 1318 2400 Ecclesiae
1347 2344 1486 2401 latro
1517 2345 1730 2403 Phara-

111 2427 368 2482 mundus
393 2427 592 2484 invasit
627 2429 826 2500 inepte.
857 2430 1190 2490 Prmsrrlatus
1219 2450 1414 2506 nempe
1442 2451 1631 2492 curam
1659 2437 1728 2495 ad

113 2518 324 2574 saiculi
365 2519 706 2577 miserrimus
747 2524 926 2594 rapuit
949 2539 1222 2596 pompam,
1249 2544 1356 2582 non
1385 2529 1450 2584 ad
1473 2530 1730 2600 perennis

111 2609 252 2664 vitae
279 2610 538 2680 palmam.
566 2611 784 2668 Etenim
807 2616 1090 2686 usurpavit
1121 2617 1478 2689 episc0pium,
1529 2620 1731 2678 invasit

111 2701 457 2770 dominium,
513 2704 822 2762 animarum
868 2709 1080 2764 exstitit
1131 2709 1294 2776 latro,
1328 2710 1584 2768 Ecclesia:
1629 2729 1730 2785 pu-

107 2792 305 2850 blicus
325 2795 532 2866 praedo.
565 2795 880 2852 Temeravit
921 2808 1266 2855 sacramenta
1293 2800 1562 2858 Dominici
1601 2819 1724 2860 cor-

111 2885 306 2957 poris,
331 2887 751 2944 commaculavit
796 2889 1006 2960 apicem
1047 2893 1322 2948 canonica:
1363 2894 1726 2964 rectitudinis,

109 2977 346 3034 violavit
375 2980 770 3047 sanctuarium,
817 2981 1126 3053 profanavit
1157 2986 1546 3052 sacerdotium,
1583 3003 1718 3044 con-

113 3069 268 3125 fudit
299 3069 638 3140 religionem,
669 3071 976 3130 immutavit
1004 3076 1272 3143 ordinem,
1301 3078 1539 3148 perdidit
1568 3080 1725 3136 inno-

111 3163 382 3231 centiam,
407 3165 702 3235 captivavit
743 3175 1022 3234 naturam,
1069 3171 1384 3240 (equitatem
1414 3173 1724 3240 debellavit,

1229 371 1318 426 ne
1362 327 1516 446 vim
1558 373 1804 434 SANCTI
1845 375 2214 437 LAMBERTI.

3335 391 3442 448 650

1781 483 1827 552 Α
1856 489 1978 546 simi
2013 491 2218 550 hostes.
2265 494 2437 552 Nemo
2481 497 2590 554 erit
2629 500 2722 571 qui
2765 499 2969 572 abigat,
3017 516 3178 559 nemo
3215 505 3320 561 erit
3347 507 3445 578 qui

1855 593 2068 639 renuat.
2101 584 2180 640 Tu
2231 591 2502 646 stabilitas
2551 593 2796 662 fortium,
2847 599 3118 668 reparatio
3157 600 3440 670 debilium,

1851 672 2107 730 defensor
2135 675 2188 731 in
2222 678 2483 746 adversis,
2515 683 2680 741 decus
2723 687 2776 740 in
2803 690 3100 758 pI'OSpel'iS,
3138 706 3442 764 pauperum

1852 766 2182 833 consolator,
2243 773 2616 841 orphanorum
2663 777 2900 846 adjutor,
2949 783 3235 841 viduarum
3289 803 3442 846 rece—

1849 866 1990 928 ptor.
2020 859 2096 914 Te
2135 865 2312 918 cuncti
2352 881 2666 936 sequemur,
2703 879 2880 928 tecum
2903 890 3094 933 omnes
3119 879 3437 937 moriemur.

1851 949 1910 1004 Si
1959 955 2172 1022 superbi
2203 965 2254 1011 te
2288 957 2612 1030 despiciunt,
2665 973 2722 1020 et
2753 964 2850 1020 tilii
2880 966 3058 1026 Belial
3103 986 3440 1044 persequun-

1849 1050 1958 1108 tur,
1990 1059 2090 1100 nos
2117 1061 2248 1100 oves
2286 1055 2390 1103 tua:
2419 1049 2692 1122 diligimus
2727 1065 2781 1110 et
2810 1071 3156 1115 veneramur.

1847 1133 1934 1188 16.
1957 1135 2152 1192 ltctnlo
2165 1138 2370 1196 clamor
2381 1141 2609 1200 fratrum
2621 1186 2636 1211 ,
2659 1147 3016 1220 lacrynneque
3029 1164 3360 1224 gementum.

1919 1225 2070 1284 Tunc
2091 1229 2252 1286 Pater
2275 1245 2524 1302 evectus,
2551 1237 2806 1311 lacrymis
2832 1244 2905 1298 ita
2939 1244 3084 1301 fatur
3105 1249 3314 1306 obortis
3341 1269 3356 1306 :

1915 1316 2022 1374 Pro
2056 1335 2115 1376 re
2141 1339 2311 1393 pauca
2346 1325 2575 1398 loquar:

1914 1412 2030 1470 Non
2071 1427 2257 1488 pastor
2283 1420 2458 1477 deerit
2483 1425 2652 1492 vobis,
2687 1444 2792 1484 non
2823 1446 2952 1486 cura
2982 1433 3192 1490 salutis.

1899 1506 2072 1564 Unum
2090 1514 2344 1582 est,quod
2361 1517 2558 1572 mando
2575 1531 2843 1590 repetens,
2861 1525 3164 1598 iterumque
3177 1529 3432 1588 monebo:

1911 1600 1956 1657 Ο
1993 1601 2086 1658 lilii
2115 1605 2452 1674 charissimi,
2486 1619 2540 1665 et
2567 1627 2698 1670 oves
2743 1615 2986 1675 Pastoris
3033 1622 3255 1688 summi,
3305 1621 3431 1680 Ser-

1838 1693 1939 1748 vite
1967 1693 2194 1752 Domino
2229 1700 2286 1754 in
2325 1701 2532 1770 timore,
2586 1714 2634 1760 et
2667 1708 2925 1764 exsultate
2963 1713 3012 1766 ei
3049 1731 3168 1768 cum
3209 1725 3434 1774 tremore

1839 1784 2012 1857 (l’sal.
2053 1789 2160 1860 tu).
2196 1809 2216 1842 ι
2280 1793 2556 1852 Declinate
2625 1813 2654 1852 a
2702 1799 2865 1868 malo,
2917 1811 2972 1858 et
3019 1802 3184 1860 facite
3229 1807 3434 1866 bonum

1837 1875 2012 1950 (Paul.
2047 1882 2270 1954 xxxvu);
2309 1883 2707 1946 i'aderitvobis
2729 1890 3307 1966 fortissimusadjutor,
3337 1901 3432 1971 qui

1834 1979 1918 2026 est
1944 1985 2104 2028 verus
2126 1976 2446 2044 promissor,
2478 1996 2652 2050 neque
2689 1983 2832 2039 siuet
2877 1987 3077 2056 perire,
3116 2004 3252 2060 quos
3277 1993 3433 2048 rede-

1833 2061 1934 2116 mit
1958 2078 2055 2118 sua
2082 2067 2336 2135 passione
2359 2067 2518 2126 Jesus
2544 2071 2792 2132 Christus
2827 2078 3104 2148 Dominus,
3137 2082 3228 2152 qui
3255 2092 3338 2139 est
3367 2085 3424 2142 in

1833 2153 2030 2208 saecula
2055 2155 2393 2216 benedictus.
2421 2162 2551 2218 Post
2589 2165 2704 2222 hare
2731 2183 3125 2237 sacrasmanus
3152 2175 3430 2244 attollens,

1832 2252 1889 2298 et
1930 2245 2116 2302 oculos
2161 2249 2228 2304 ad
2277 2252 2474 2309 coelum
2523 2257 2786 2330 dirigens,
2835 2261 3115 2320 benedixit
3171 2266 3318 2322 clero
3375 2279 3434 2325 et

1830 2337 2058 2408 populo,
2099 2344 2426 2416 consignans
2472 2363 2568 2405 eos
2619 2351 2819 2408 Christi
2869 2355 3166 2426 signaculo.
3219 2359 3434 2426 Quibus

1832 2430 1995 2485 etiam
2050 2433 2282 2490 dulciter
2326 2440 2580 2497 omnibus
2625 2445 2978 2513 exosculatis,
3030 2447 3145 2517 ipse
3193 2450 3432 2512 domnus

1832 2537 1953 2579 cum
2003 2528 2193 2595 paucis
2223 2530 2516 2588 comitibus
2545 2533 2695 2607 (504)
2726 2537 2996 2606 quoddam
3027 2545 3427 2601 monasterium

1831 2615 1986 2706 petiit
2014 2617 2159 2688 quod
2184 2617 2474 2678 Stabulaus
2507 2623 2657 2697 (505)
2685 2626 2814 2682 olim
2843 2631 3162 2686 vocabulum
3188 2635 3424 2706 accepit.

1830 2705 1907 2760 lbi
1935 2709 2238 2777 praesertim
2266 2711 2352 2768 vir
2379 2715 2771 2783 memorabilis,
2814 2723 3192 2790 sequeStratus
3241 2741 3273 2780 a
3318 2705 3416 2780 eu-

1830 2803 2007 2858 stodia
2035 2803 2300 2862 Dominici
2341 2809 2524 2880 gregis
2569 2826 2694 2866 cum
2735 2817 3081 2874 senatoribus
3121 2820 3246 2876 eteli
3282 2821 3426 2879 infra

1829 2897 2038 2952 curiam
2061 2901 2265 2956 terreni
2296 2915 2652 2962 conversatus
2683 2917 2765 2963 est
2794 2913 3056 2980 paradisi.

1901 2993 1988 3047 17.
2017 2992 2128 3050 Sub
2152 2996 2388 3066 regulari
2419 2999 2698 3073 disciplina
2729 3005 2840 3060 illic
2865 3010 3252 3068 monachorum
3277 3029 3426 3071 Vive-

1829 3085 1923 3141 bat
1950 3097 2191 3156 caterva,
2226 3108 2456 3162 quorum
2487 3100 2958 3156 conversationem
2997 3118 3118 3160 esse
3147 3106 3290 3164 inter
3313 3123 3426 3166 cte-

1831 3177 1988 3234 lestia
2035 3180 2390 3251 plurimarqu
2439 3187 2696 3244 virtutum
2749 3193 3050 3262 prodebant
3095 3201 3423 3260 testimonia.

106 3251 392 3324 justitiam
416 3255 723 3322 exhorruit,
759 3257 1198 3315 benedictionem
1237 3259 1440 3318 habere
1482 3272 1726 3320 contem—
1754 3239 1798 3304 ο
1829 3271 1976 3328 Inter
2005 3289 2142 3344 quos
2169 3277 2318 3331 venit
2351 3279 2679 3337 novissimus
2713 3239 2922 3352 oi‘dine,
2951 3289 3044 3343 sed
3083 3291 3288 3360 primus
3328 3310 3426 3349 ex-

109 3347 252 3416 psit,
303 3346 744 3404 maledictionem
792 3349 1080 3420 acquirere
1115 3365 1220 3406 non
1255 3351 1457 3418 timuit,
1511 3353 1722 3410 nullum

109 3439 338 3496 facinus
363 3442 690 3509 exsecravit,
731 3441 936 3498 nullum
967 3443 1148 3506 scelus
1177 3445 1442 3501 intactum
1479 3447 1722 3519 reliquit.

112 3531 450 3588 Monstravit
486 3535 656 3592 venbo
696 3542 751 3590 et
804 3550 968 3606 Opere
1020 3551 1128 3606 qua
1173 3537 1371 3591 mentis
1427 3537 1725 3596 intentione

111 3626 186 3681 ad
243 3625 487 3695 regimen
551 3625 893 3682 introductus
959 3625 1152 3681 fuisset
1219 3626 1498 3686 Ecclesiae.
1562 3629 1724 3686 Plura

112 3715 334 3772 referre
363 3716 550 3787 pudet,
578 3718 708 3789 quid
745 3718 853 3775 doli
883 3719 1145 3792 magister
1166 3718 1391 3790 egisset.

755 3851 983 3910 CAPUT
1023 3853 1087 3908 ll.

113 3959 372 4034 Secessus
405 3963 898 4034 inrmonasterinm,
923 3972 972 4018 et
994 3963 1100 4018 vita
1135 3963 1210 4017 ibi
1243 3965 1511 4034 septennia
1555 3975 1674 4020 acta
1702 3983 1722 4022 :

189 4033 381 4116 ejectio
451 4033 855 4100 Pharamundi,
921 4035 1190 4104 sanctique
1241 4033 1307 4089 in
1351 4036 1524 4090 sedem
1572 4053 1720 4090 suam

189 4114 478 4161 restitutio.

201 4221 292 4279 15.
309 4219 737 4287 AtLantbertus,
753 4221 957 4278 Christi
977 4221 1202 4290 athleta,
1219 4223 1426 4279 clemen
1435 4233 1518 4279 ter
1541 4223 1722 4280 ferens

114 4331 342 4386 cuncta,
397 4317 718 4390 praesulatus
763 4317 921 4388 liquit
975 4327 1282 4389 sceptrum,
1337 4318 1722 4374 commendans

117 4429 316 4471 curam
358 4413 540 4466 ovium
581 4411 630 4465 ei
667 4409 758 4480 qui
807 4409 938 4464 lavit
985 4409 1340 4480 baptismate,
1395 4425 1458 4465 ac
1491 4411 1720 4466 redemit

45 4557 52 4576 ,
117 4503 414 4576 sanguine.
442 4502 684 4574 Cumque
713 4503 1018 4558 discederet
1045 4502 1132 4556 vir
1159 4503 1499 4569 mitissimus,
1534 4502 1720 4558 convi-

115 4601 334 4654 ciorum
359 4595 571 4665 injuriis
600 4593 868 4658 addictus,
895 4602 952 4648 et
981 4608 1255 4665 nunquam
1285 4594 1352 4648 ad
1381 4593 1714 4649 iracundiam
1746 4615 1796 4674 ι)

117 4687 448 4752 labefactus,
475 4686 652 4741 omnis
673 4699 797 4740 eum
825 4684 1056 4756 populus
1078 4685 1496 4750 lamentabatur,
1539 4683 1716 4740 omnis

117 4781 304 4835 clerus
335 4777 567 4848 lugebat,
599 4783 653 4830 et
683 4788 806 4830 eum
838 4777 1214 4846 prosequendo
1245 4784 1545 4848 gementes,
1573 4775 1720 4831 dice-

119 4874 256 4926 bant
297 4890 310 4924 :
373 4869 473 4924 Cui
529 4885 632 4924 nos
673 4869 1006 4932 committis,
1037 4877 1224 4941 pastor
1273 4868 1719 4940 vigilantissime?

119 4963 220 5017 Cui
253 4975 356 5015 nos
377 4959 604 5025 deseris,
638 4943 892 5014 sacerdos
931 4959 1308 5014 sanctissime?
1353 4957 1718 5026 Quamobrem

123 5052 391 5121 relinquis
456 5066 675 5122 gregem
724 5052 1011 5118 devotum,
1070 5060 1126 5107 et
1188 5067 1360 5122 quare
1421 5051 1717 5121 supplicem

121 5145 370 5204 clerum?
411 5144 544 5212 Quis
584 5161 682 5200 nos
707 5145 776 5199 ab
813 5144 1026 5200 insidiis
1057 5143 1296 5200 tuebitur
1339 5143 1548 5198 hostis?
1591 5142 1725 5210 Quis

122 5239 308 5296 orabit
344 5239 512 5294 Deum
553 5251 668 5307 pro-
695 5234 884 5292 nobis?
915 5237 1048 5304 Quis
1079 5236 1420 5307 pestilentias
1457 5235 1724 5306 dcpellct?

63 5371 90 5394 ο
126 5329 392 5390 [madent
423 5345 522 5385 nos
565 5329 679 5400 lupi
719 5344 965 5400 rapaces,
1003 5329 1342 5384 dilaniabunt
1372 5342 1470 5382 nos
1495 5325 1725 5384 ferocis-

105 5459 108 5462 λ
200 5444 352 5518 (504)
393 5445 784 5523 Duus_tantum
815 5444 930 5523 ejus
961 5458 1050 5498 seu
1063 5441 1388 5523 “discipulos
1421 5457 1512 5497 seu
1547 5441 1721 5523 famu-

127 5513 220 5572 los'
263 5513 439 5586 ipSutn
499 5516 565 5569 ad
614 5516 1008 5586 monasterium
1050 5513 1380 5586 iStabulense
1431 5515 1717 5586 cernit-atas

132 5582 302 5642 fuisse
331 5595 560 5642 testatur
597 5585 1012 5640 Godeschalcus.
1049 5585 1312 5639 Praeterea
1341 5599 1459 5654 qua}
1485 5582 1714 5653 Stepha-

131 5675 234 5715 nus
261 5659 348 5712 ltic
376 5659 441 5711 de
476 5657 518 5709 Τ
525 5656 900 5726 rajeeteusium
929 5657 983 5708 in
1020 5655 1190 5710 sancti
1224 5657 1465 5726 pratsulis
1495 5654 1577 5708 sui
1610 5654 1719 5710 dis-

131 5745 312 5788 cessu.
357 5737 410 5781 et
449 5721 606 5794 hujus
637 5727 703 5780 ad
739 5727 856 5780 illos
885 5741 1136 5781 sermone
1183 5721 1369 5791 refert,
1408 5727 1506 5780 etsi
1531 5741 1559 5778 a
1587 5739 1716 5780 vero

133 5817 238 5856 non
271 5799 734 5876 abltorreant,,_mab
763 5803 876 5868 ipso
919 5807 1095 5852 tamen
1131 5797 1406 5876 Stephano
1436 5805 1529 5850 aut
1557 5811 1716 5876 exrc-

133 5875 300 5940 gitata
345 5879 436 5923 aut
481 5867 831 5937 ampliﬁcata,
871 5877 925 5921 et
962 5883 1060 5937 pro
1099 5883 1197 5925 suo
1227 5867 1442 5941 ingenio
1472 5867 1716 5938 exposita

413 5963 690 6036 PATIOLr
731 5959 1028 6024 CXXXII
1052 6005 1071 6023 .

1830 3366 1968 3422 stitit
1989 3369 2306 3436 sanctitate;
2329 3381 2635 3441 postremus
2657 3391 2902 3445 numero,
2929 3383 3234 3452 prmcipuus
3255 3387 3426 3442 exsti-

1831 3459 1896 3513 tit
1949 3459 2247 3518 devotionis
2297 3463 2495 3519 studio.
2549 3465 2706 3523 llunc
2750 3467 2940 3525 Patres
2997 3475 3314 3532 monasterii
3363 3487 3426 3533 ut

1830 3552 2206 3608 charissimam
2237 3555 2451 3610 Patrem
2479 3559 2817 3626 recalebant;
2853 3560 2927 3615 illi
2959 3562 3156 3619 fratres
3185 3568 3425 3625 universi

1829 3645 2202 3714 assurgebant,
2235 3661 2332 3700 ceu
2365 3647 2584 3704 domino
2609 3657 2664 3704 et
2691 3653 2852 3720 patri.
2885 3653 3054 3721 Quem
3083 3657 3221 3712 Deus
3245 3660 3424 3730 gratia

1825 3734 2160 3805 perfuderat,
2206 3739 2458 3796 omnibus
2513 3741 2668 3798 bonis
2722 3745 2973 3802 amabilis
3021 3759 3155 3802 erat.
3206 3751 3422 3810 lutetea

1827 3827 1881 3880 in
1912 3827 2136 3896 praefato
2174 3845 2518 3888 conuuorans
2563 3835 2833 3902 emnobio,
2875 3837 3240 3897 famulabatur
3295 3844 3424 3901 totis

1827 3921 2034 3978 nisibus
2063 3923 2190 3988 Deo,
2220 3925 2410 3981 sitiens
2441 3926 2512 3982 illi
2543 3928 2777 3998 placere,
2811 3929 2895 3988 em
2925 3949 2985 3990 se
3013 3935 3268 4007 templum
3296 3954 3422 4009 spo-

1825 4016 2087 4083 ponderat
2112 4031 2252 4070 esse.
2291 4017 2642 4076 lncumbebat
2680 4025 3028 4080 creberrimis
3056 4028 3415 4096 orationibus,

1829 4114 1979 4158 tanto
2001 4107 2266 4176 siquidem
2325 4109 2568 4176 liberius,
2625 4123 2827 4182 quanto
2891 4131 2918 4168 a
2971 4117 3228 4186 pastorali
3284 4134 3418 4176 cura

1825 4197 2140 4268 quantispcr
2191 4197 2369 4255 fuerat
2405 4201 2693 4258 alienatus.
2743 4204 3010 4271 Quantam
3053 4207 3416 4265 humilitatem

1823 4303 1948 4360 erga
1977 4293 2227 4362 praelatos
2249 4294 2513 4360 exhibuit,
2543 4306 2798 4366 quantam
2841 4301 3226 4371 benignitatem
3273 4303 3418 4374 apud

1823 4399 2012 4439 omnes
2041 4386 2243 4452 tenuit,
2279 4386 2456 4442 nullus
2483 4388 2647 4442 verbo
2674 4389 2963 4458 explicare,
2995 4392 3171 4447 nullus
3204 4393 3416 4451 calamo

1821 4487 2000 4550 potest
2045 4481 2523 4551 comprehendere.
2555 4483 2938 4557 Frugalitatem
2985 4504 3218 4558 namque
3257 4491 3308 4545 in
3349 4507 3416 4547 eo

1823 4572 2028 4628 laudari
2067 4589 2171 4629 non
2203 4583 2288 4630 est
2315 4591 2554 4642 necesse,
2593 4595 2754 4648 quam
2803 4579 2881 4634 sic
2911 4581 3234 4637 mirabiliter
3257 4599 3416 4639 exer-

1826 4667 1954 4726 cuit,
1991 4673 2050 4719 ut
2079 4666 2193 4738 ipsa
2227 4669 2427 4722 macies
2455 4672 2696 4739 corporis
2725 4671 2871 4727 illum
2898 4675 3125 4729 Domino
3161 4691 3412 4746 compro-

1825 4758 1982 4813 baret
2010 4761 2220 4814 cunctis
2246 4759 2299 4814 in
2329 4761 2550 4816 odorem
2580 4774 2863 4833 acceptum
2897 4766 3008 4821 fore
3039 4769 3346 4824 suavitatis.

1901 4849 1985 4905 18.
2031 4850 2229 4906 Verum
2279 4857 2408 4923 quid
2461 4855 2524 4908 ad
2576 4857 2848 4910 cuumlutn
2899 4873 3012 4913 suae
3064 4859 3412 4928 perfectionis

1827 4945 1999 5016 pietas
2041 4945 2210 5001 voluit
2244 4948 2532 5002 ostendere
2561 4947 2982 5019 Ornnipotentis,
3017 4952 3145 5007 licet
3173 4952 3414 5008 breviter

1829 5041 2388 5106 counncmorandum,
2426 5043 2673 5111 praesenti
2703 5052 2880 5097 tamen
2916 5057 3162 5098 sermone
3193 5059 3298 5099 non
3330 5057 3417 5102 est

1829 5131 2236 5186 transeundum.
2270 5131 2560 5201 Cujusdatu
2615 5151 2741 5202 ergo
2786 5136 2960 5190 noctis
2997 5135 3229 5200 silentio,
3283 5138 3412 5192 dum

1827 5223 1988 5278 simul
2017 5240 2138 5278 cum
2169 5224 2432 5280 fratribus
2471 5227 2776 5296 quiesceret
2818 5230 2870 5284 in
2899 5229 3238 5294 dormitorio,
3271 5231 3412 5286 clam

1826 5315 1892 5371 de
1925 5317 2068 5374 lecto
2093 5318 2263 5374 voluit
2303 5335 2546 5394 surgere,
2580 5332 2636 5376 ut
2666 5321 2890 5392 prolixis
2925 5323 3263 5378 orationibus
3292 5341 3415 5394 pos-
3447 5401 3454 5408 ο

1823 5439 2093 5494 videntur.

1897 5509 2042 5584 (503)
2085 5507 2444 5594 Stabuleturu,
2487 5509 2658 5594 Iulgo
2715 5509 2954 5594 §tavelo,
2997 5511 3279 5594 hodieque
3324 5525 3414 5594 ce-

1823 5581 1971 5639 lebre
1997 5593 2076 5638 est
2127 5582 2333 5637 ordinis
2381 5581 2438 5636 S.
2487 5581 2748 5636 Bernardi
2799 5583 3186 5638 monasterium
3221 5584 3272 5637 iu
3313 5583 3414 5636 Ar-

1825 5657 2057 5718 duenna,
2111 5665 2374 5708 a-sancto
2412 5652 2674 5725 lieutaclo
2729 5655 3027 5725 conditum,
3061 5671 3230 5725 quem
3288 5663 3413 5708 tunc

1823 5726 1985 5781 etiam
2009 5726 2060 5780 in
2092 5727 2226 5797 vivis
2242 5723 2568 5797 superfuisse
2595 5725 2710 5795 ejus
2731 5724 2833 5782 loci
2857 5723 3104 5781 abbatem
3133 5739 3414 5797 perperam

1825 5799 2053 5855 credi-lit
2081 5795 2334 5853 Nicolaus
2363 5797 2412 5850 in
2445 5795 2584 5850 Vita.

2821 5953 2898 6014 21
