3902 6410
546 367 650 426 65!

540 495 636 545 set
662 481 916 540 insistere
942 472 1222 537 attentius.
1254 469 1498 538 Cumque
1543 462 1658 520 suis
1688 459 1919 515 alterum
1948 468 2016 508 ex
2042 466 2135 507 co-
2161 451 2213 511 Α
2240 452 2292 499 tr

550 562 1125 643 thurnis'accipere'tf'
1141 565 1369 621 alterum
1417 570 1609 615 eorum
1647 570 1676 607 a
1719 563 1881 606 manu
1920 545 2130 617 lapsum

548 684 652 741 est,
681 641 990 739 feriensque
1018 663 1117 721 soli
1146 660 1537 733 pavimentum,
1568 648 1737 722 quieti
1776 645 2005 701 fratrum
2050 641 2134 697 in-

550 737 721 827 cussit
764 737 1022 822 sonitum.
1074 758 1144 814 At
1206 754 1371 811 Pater
1412 746 1645 807 cmnobii
1695 737 2131 813 expergefactus,

544 871 605 919 et
630 858 791 929 hujus
810 854 995 914 arcani
1025 853 1268 924 ignarus,
1302 843 1439 902 dixit
1470 860 1484 896 :
1512 838 1680 910 Cujus
1715 824 2133 904 reprehensibili

538 924 779 1009 audacia
828 948 945 1002 haec
996 940 1156 998 modo
1203 933 1433 1007 contigit
1486 924 1835 999 negligentia,
1886 926 2131 976 nostrum

549 1057 759 1103 morem
779 1037 1013 1110 expleat,
1041 1045 1260 1089 crucem
1286 1024 1538 1099 protinus
1576 1019 1755 1080 adeat,
1781 1022 1838 1069 et
1873 1009 2016 1082 quod
2039 1008 2134 1064 de-

548 1101 729 1213 liquit,
764 1101 933 1191 diluat
960 1128 1296 1187 obedienter.
1323 1120 1477 1175 Tunc
1501 1112 1851 1172 Lantbertus,
1882 1101 2137 1213 sacerdos

548 1192 1000 1305 patientissimus,
1035 1235 1130 1291 spe
1166 1213 1542 1273 firmissimus,
1594 1213 1651 1261 et
1684 1201 1868 1258 animo
1918 1192 2135 1250 laetissi-

550 1288 694 1391 inus,
720 1319 1018 1395 jussionem
1068 1288 1285 1384 praelati
1337 1299 1694 1360 libentissime
1746 1288 2056 1362 complevit,
2083 1293 2140 1341 et

551 1415 620 1471 ad
672 1374 888 1469 cr'ucem
946 1406 1087 1462 sicut
1111 1399 1231 1456 ovis
1279 1396 1347 1453 ad
1392 1392 1670 1449 victimam
1696 1379 2024 1457 properavit.
2050 1374 2139 1431 Nil

550 1466 744 1562 detulit
786 1466 978 1556 secum
1015 1493 1085 1549 ad
1119 1493 1353 1546 immane
1388 1483 1558 1551 frigus
1609 1473 2004 1548 depellendum,
2035 1466 2138 1522 nisi

551 1590 928 1653 tantummodo
956 1600 1144 1649 unum,
1176 1596 1283 1653 quo
1324 1577 1547 1644 indutus
1570 1578 1714 1634 erat,
1753 1565 2011 1623 cilicium.

624 1687 712 1744 19.
768 1684 843 1740 Et
887 1678 1107 1752 quidem
1143 1650 1250 1730 nox
1304 1669 1395 1727 illa
1443 1656 1912 1723 vehementissimi
1942 1650 2142 1725 algoris

1590 338 1933 409 STEPHANI
1963 328 2274 396 EPlSCOPl
2297 321 2705 389 LEODIENSIS

3666 298 3740 356 652

2293 457 2352 498 es
2381 438 2695 512 quantotius
2741 436 2925 490 abeas.
2963 426 3204 495 Quorum
3232 419 3394 477 verba
3443 428 3541 471 non
3582 414 3739 478 renuit,

2237 533 2332 589 sed
2365 505 2491 586 cum
2518 528 2595 584 eis
2626 526 2690 581 ad
2714 525 2933 579 domum
2959 514 3287 591 properavit,
3315 509 3405 565 ubi
3434 505 3743 562 monacbontm

2237 625 2399 681 turba
2424 618 2683 676 indicibili
2736 622 2984 672 caumate
3023 606 3170 680 (506)
3193 611 3307 660 erat
3334 608 3534 658 coacta.
3562 597 3744 668 lpsodo-

2237 732 2358 773 mus
2391 714 2631 770 intrante
2667 708 2889 772 limina,
2936 713 2990 760 et
3028 695 3465 757 inenarrabiliter
3499 688 3744 761 reﬂagnnie

2238 807 2357 880 ejus
2380 805 2518 860 facie
2535 799 2868 862 beatissima,
2905 794 3072 850 abbas
3119 804 3241 846 cum
3283 785 3431 842 omni
3471 780 3746 838 Christicola-

2239 873 2364 959 rum
2402 899 2558 955 turba
2588 894 2655 950 ad
2702 900 2875 947 sancti
2905 882 3186 944 Lantberti
3223 885 3522 953 prostratus
3545 884 3615 929 est
3636 873 3748 929 resti-

2237 987 2345 1060 gia.
2372 985 2543 1055 Quem
2571 991 2812 1040 actutum
2840 979 3035 1035 talibus
3056 970 3275 1030 allocuti
3301 978 3433 1024 sunt
3452 964 3745 1021 sermonibus:

2235 1054 2459 1153 ignosce
2489 1077 2644 1133 nobis
2673 1117 2688 1142 ,
2728 1072 2891 1129 Pater
2917 1065 3266 1128 venerabilis,
3296 1061 3515 1134 ignosce
3554 1054 3748 1111 fratribll

2238 1149 2367 1239 tuis,
2399 1180 2453 1227 et
2478 1186 2545 1226 ne
2569 1176 2805 1241 reputes,
2835 1162 3152 1236 suppliciter
3174 1155 3502 1226 flagitamus,
3528 1149 3646 1221 quod
3665 1163 3749 1204 con-

2234 1255 2323 1352 tra
2351 1275 2403 1322 te
2437 1264 2517 1320 sic
2554 1261 2874 1332 insipienter
2899 1255 3128 1328 egimus.
3158 1248 3419 1306 Miserere
3463 1241 3748 1317 precantibus,

2242 1348 2375 1410 dans
2410 1350 2798 1423 indulgentiam
2822 1343 3152 1419 petentibus.

2279 1467 2364 1523 Ad
2393 1480 2514 1537 qua:
2541 1464 2657 1518 haec
2681 1471 2997 1531 responsum
3020 1450 3208 1526 paucis
3230 1448 3308 1506 ita
3342 1443 3566 1502 reddidit
3584 1443 3728 1499 heros:

2238 1580 2342 1645 Ne,
2369 1579 2663 1650 deprecor,
2688 1572 3015 1637 charissimi,
3050 1583 3141 1633 ne,
3172 1566 3465 1637 deprecor,
3507 1559 3666 1615 dicatis
3688 1556 3752 1612 Do-

2242 1670 2398 1739 mini,
2441 1646 2680 1738 Surgite,
2720 1665 3001 1755 obtestor,
3045 1657 3311 1722 velocius,
3339 1652 3478 1709 meis
3509 1650 3604 1706 imo
3635 1646 3751 1703 indul-

548 1781 675 1853 gelu
721 1774 823 1832 fuit
860 1769 1182 1845 asperrima,
1229 1780 1295 1852 ac
1337 1760 1504 1818 nivali
1549 1745 2140 1853 glaciefrigikdissima.
2170 1831 2218 1853 ﬁ
2243 1770 2367 1834 “te
2392 1739 2852 1818 excessibusgn“
2887 1753 3173 1809 adversam
3211 1761 3302 1803 me
3331 1739 3752 1815 deliquisﬂs’qm

546 1872 791 1929 Ardeba‘
821 1867 981 1939 plane
1026 1842 1280 1919 imm“.
1303 1855 1521 1911 ﬂamma
1562 1845 1823 1939 ΡἎΥπῘθιί
1873 1840 2142 1939 δρίξίίυεῖ
2170 1831 2220 1892 Β
2249 1831 2459 1911 valeam
2494 1854 2697 1909 donare
2735 1847 2906 1906 vobis.
2938 1845 3146 1913 Quibus
3169 1838 3421 1902 elevatis,
3444 1845 3497 1891 et
3520 1834 3755 1909 oppidoru-

554 1963 762 2018 idcirco
828 1955 1071 2014 exterius
1139 1949 1383 2022 frigoris
1435 1934 1768 2011 contempsit
1842 1932 2138 1991 cruciatus.

553 2050 746 2109 Stante
773 2062 905 2104 vero
945 2044 1057 2102 illic
1100 2020 1301 2098 sanctas
1331 2032 1620 2092 Trinitatis
1648 2026 1847 2093 hostia,
1876 2033 1933 2080 et
1960 2020 2143 2078 infati-

552 2141 808 2215 gabiliter
835 2138 920 2194 sui
952 2131 1254 2192 Salvatoris
1294 2133 1556 2186 exorantc
1595 2119 1878 2192 suffragia,
1922 2114 2139 2179 cmlum,

552 2242 615 2289 ut
638 2231 909 2288 veraciter
946 2226 1237 2289 credimus,
1271 2219 1388 2289 ejus
1415 2213 1791 2274 mundissimis
1817 2208 1994 2281 patuit
2020 2219 2144 2277 pre-

554 2325 730 2388 cibus,
764 2330 823 2379 et
847 2321 912 2376 ad
942 2330 1203 2389 supernos
1231 2327 1404 2383 usque
1443 2306 1693 2380 pervenit
1726 2302 1960 2359 auditus.
2000 2299 2143 2369 Ergo

552 2431 677 2474 cum
694 2413 823 2470 illud
852 2409 1167 2467 Davidicum
1188 2412 1368 2461 mente
1379 2407 1616 2465 caneret,
1643 2407 1699 2453 et
1722 2410 1817 2452 ore
1834 2392 2139 2465 proferret:

556 2529 578 2562 ι
632 2505 863 2575 Quando
901 2502 1138 2565 veniam,
1185 2506 1242 2554 et
1282 2494 1557 2567 apparebo
1577 2498 1704 2547 ante
1744 2487 1940 2544 faciem
1970 2492 2142 2549 tuam,

552 2597 782 2659 Domine
803 2592 975 2663 (Paul.
1003 2590 1152 2662 xu)?
1180 2608 1198 2643 ι
1226 2593 1409 2643 actum
1427 2595 1512 2640 est
1530 2582 1764 2647 cmlitus,
1797 2588 1857 2633 ut
1877 2576 2143 2650 gallorum

556 2699 752 2748 cautos
783 2687 1064 2745 audiretur
1113 2682 1272 2740 solito
1311 2679 1493 2736 citius.
1545 2676 1914 2732 Surrexerunt
1962 2669 2145 2737 itaque

554 2784 758 2849 fratres
814 2778 1020 2844 devoti,
1073 2783 1135 2831 ut
1186 2771 1399 2845 vigilias
1450 2767 1793 2824 celebrarent
1854 2774 2006 2817 more
2058 2773 2144 2813 so-

554 2874 748 2932 lemni.
803 2871 1046 2941 Denique
1095 2865 1277 2923 officio
1307 2865 1678 2931 competenter
1714 2863 1950 2927 peracto,
1992 2851 2142 2906 exie-

551 2975 694 3027 runt
729 2966 920 3023 omnes
960 2962 1026 3017 de
1068 2955 1402 3021 sanctuario,
1453 2951 1749 3024 gestientes
1787 2945 1932 3001 domi
1966 2945 2142 3015 ignem

562 3056 885 3122 accendere,
956 3066 1064 3123 quo
1131 3054 1461 3106 exuerentur
1525 3038 1858 3096 validissimo
1908 3036 2139 3107 frigore;

559 3167 723 3226 quem
748 3150 918 3206 nimia
941 3146 1200 3203 aviditate
1232 3141 1557 3202 ambientes,
1589 3145 1663 3202 et,
1700 3138 2142 3201 utopportunum

558 3252 699 3310 erat,
743 3241 984 3312 undique
1029 3235 1455 3297 circumdantes,
1501 3228 1691 3293 abbas,
1724 3224 1850 3280 dum
1908 3229 2146 3275 astantes
2174 3209 2220 3274 C

561 3335 820 3407 inspexit,
849 3332 1203 3390 Lantbertum
1228 3328 1416 3385 deesse
1444 3320 1715 3396 e0gnovit.
1755 3317 2148 3373 Percuuctatus

561 3430 722 3495 alios,
749 3427 970 3484 ubinam
996 3430 1141 3482 esset
1162 3417 1490 3480 venerabilis
1518 3412 1796 3478 sacerdos,
1831 3420 2149 3478 responsum

559 3530 645 3578 est
671 3536 702 3576 a
724 3519 962 3575 fraribus
994 3516 1124 3584 illis,
1160 3511 1303 3585 quod
1323 3512 1438 3583 ipse
1467 3507 1609 3563 foret
1639 3503 1732 3577 qui
1761 3516 1978 3559 crucem
2004 3497 2154 3553 adire

557 3612 833 3686 judicatus
860 3610 1053 3666 fuisse.

637 3704 729 3761 20.
745 3703 828 3760 Ad
840 3703 956 3759 haec
980 3701 1145 3756 abbas
1168 3699 1435 3769 benignus
1459 3694 1512 3749 in
1537 3700 1811 3761 stuporem
1833 3698 2154 3750 conversus,

567 3795 864 3868 suspirans,
890 3793 1105 3862 imoque
1143 3788 1366 3845 trahens
1391 3801 1421 3841 a
1445 3793 1667 3856 pectore
1701 3794 1913 3845 vocem,
1938 3776 2112 3848 inquit
2138 3792 2152 3829 :

556 3888 716 3949 Jleul
760 3885 923 3943 nimis
964 3883 1175 3945 infelix,
1216 3895 1335 3952 quae
1366 3888 1418 3934 te
1458 3875 1728 3933 dementia
1777 3872 1967 3942 cepit?
1996 3871 2154 3924 Inno-

569 3988 782 4037 centem
808 3978 1069 4034 damnare
1101 3972 1273 4031 nefas.
1298 3969 1648 4027 Sacerdotem
1677 3964 1992 4038 glacialibus
2019 3959 2156 4037 prui-

566 4072 658 4129 nis
697 4068 972 4126 destinare
1002 4065 1214 4121 facinus
1242 4072 1326 4118 est
1357 4057 1713 4117 exsecrabile.

644 4165 735 4223 Sic
761 4176 1002 4221 mcerens
1032 4157 1204 4225 dixit;
1231 4164 1351 4226 post
1380 4153 1495 4208 hinc
1525 4149 1828 4206 astantibus
1858 4145 1977 4200 inﬁt
2006 4163 2016 4196 :
2047 4142 2122 4197 lie
2141 4182 2156 4209 ,

575 4259 795 4322 fratres,
830 4256 925 4322 ite,
952 4266 1105 4324 rogo,
1131 4248 1405 4311 celeriter,
1432 4243 1640 4316 poscite
1665 4239 1881 4295 Patrem
1915 4244 2159 4292 nostrum

574 4349 876 4414 humiliter,
916 4354 976 4401 ut
998 4343 1066 4399 ad
1099 4356 1198 4397 nos
1225 4338 1410 4395 veniat
1455 4335 1797 4392 festinanter.
1826 4329 1896 4385 At
1924 4328 1996 4383 illi
2039 4342 2162 4383 cur-

577 4443 679 4498 sim
723 4444 1096 4509 properantes,
1131 4442 1189 4489 et
1226 4431 1367 4503 quod
1391 4428 1601 4499 jussum
1632 4433 1751 4481 erat
1780 4421 2117 4494 perferentes
2147 4459 2163 4485 ,

560 4541 902 4605 repererunt
931 4525 1427 4585 mansuetissimum
1454 4519 1789 4577 sacerdotem
1810 4516 1863 4571 in
1880 4513 2081 4586 frigore
2110 4523 2165 4565 et

546 4701 551 4705 ἓ
582 4622 829 4681 nuditate
855 4617 1175 4675 mirabiliter
1201 4614 1429 4669 Domino
1456 4610 1774 4683 psallentem
1808 4624 1821 4661 :
1852 4625 1871 4658 ι
1908 4605 2014 4661 Cor
2038 4618 2166 4657 con-

582 4717 770 4772 tritum
822 4722 877 4770 et
917 4711 1277 4773 humiliatum,
1323 4707 1488 4772 Deus,
1533 4719 1638 4760 non
1663 4716 1911 4775 spernas,
1951 4697 2045 4753 sed
2072 4698 2167 4752 be-

582 4811 747 4882 nigne
786 4805 1113 4865 sacrificium
1138 4812 1337 4883 nostra:
1365 4797 1641 4855 servitutis
1677 4794 1929 4865 accipias,
1963 4800 2021 4846 ut
2043 4791 2171 4844 redi-

583 4902 817 4959 ﬁcentur
863 4897 1002 4969 muri
1044 4882 1344 4951 Jerusalem
1372 4889 1547 4964 (Psal.
1581 4887 1634 4960 ι.)
1669 4907 1686 4939 ι
1737 4887 1802 4942 ad
1829 4886 1903 4939 tui
1936 4882 2172 4939 nominis

584 4995 813 5069 gloriam
837 4992 1187 5052 ethonorem,
1208 4985 1353 5056 quod
1383 4993 1467 5040 est
1496 4981 1841 5038 benedictum
1869 4977 1922 5032 in
1952 4974 2170 5031 smcula.

584 5088 855 5143 Prreterea
892 5096 1014 5137 cum
1065 5075 1539 5136 constantissimus
1593 5069 1874 5127 confessor
1910 5064 2125 5121 Domini
2155 5104 2171 5130 ,

586 5173 998 5247 ctacceptabile
1025 5170 1325 5228 sacrarium
1356 5166 1589 5236 Spiritus
1630 5161 1824 5227 sancti,
1852 5158 1919 5213 ad
1949 5172 2176 5228 sequen-

592 5273 661 5328 tia
700 5268 939 5342 psalterii
970 5264 1326 5322 intentionem
1354 5257 1531 5314 cordis
1560 5251 1950 5326 dirigeretisui,
1990 5248 2181 5305 astitev

590 5375 719 5423 runt
742 5364 896 5421 missi
923 5361 1139 5426 fratres,
1183 5371 1283 5428 pro
1304 5353 1528 5424 reliquis
1550 5350 1766 5407 veniam
1799 5345 2175 5417 implorantes,

560 5518 565 5523 ,
592 5468 647 5516 et
672 5460 775 5515 hoc
800 5472 869 5513 ex
893 5460 1160 5527 praecepto
1191 5448 1400 5506 abbatis
1423 5444 1752 5502 nuntiantes.

663 5548 753 5604 2t.
789 5545 992 5609 Abbas,
1020 5541 1331 5599 dulcissime
1352 5548 1524 5610 pater,
1560 5536 1816 5593 obsecrat
1844 5546 1948 5602 quo
1979 5529 2047 5586 ad
2070 5528 2180 5585 fra-

670 5674 821 5747 (506)
851 5674 967 5731 Vox
988 5672 1174 5747 Graeca
1204 5668 1580 5747 m5pa_Laline
1619 5676 1777 5747 castris
1808 5672 1922 5729 est;
1954 5661 2183 5747 ideoque

600 5732 937 5818 Stépha'nns,
983 5745 1071 5814 qui
1114 5732 1335 5814 propter
1371 5742 1644 5818 inteiisum
1686 5732 2182 5818 frigusmonaclios

602 5801 1081 5891 atl—l'iypocaustt'tm
1102 5801 1453 5887 congregatos
1484 5809 1722 5866 indicare
1742 5801 1929 5874 v'oluit,
1958 5818 2021 5863 ea
2044 5801 2183 5859 male

2244 1947 2433 2012 xiatis,
2463 1945 2617 2002 laetus
2637 1951 2694 1999 et
2723 1940 2911 1997 hilaris
2935 1938 3098 1995 Pater
3128 1934 3265 1992 dixit
3301 1930 3584 1988 amabilis:
3611 1927 3754 1996 Quaeso,

2244 2040 2463 2107 Patres,
2496 2054 2565 2094 ne
2591 2034 2882 2093 turbemini
2921 2032 3156 2096 diutius;
3182 2027 3330 2083 haud
3355 2040 3443 2080 me
3470 2022 3756 2093 terruitfrigo-

2248 2130 2326 2205 ris
2365 2130 2620 2200 impetus.
2650 2124 2819 2181 Aifuit
2845 2121 2976 2177 mihi
3026 2120 3310 2174 Protector
3342 2115 3469 2171 vitae
3490 2121 3757 2178 meae,costo

2248 2202 2404 2287 diens
2437 2234 2525 2275 me
2564 2219 2617 2274 in
2664 2213 3007 2272 necessitatis
3052 2209 3436 2272 tribulatione,
3465 2214 3517 2260 et
3547 2202 3757 2258 exaudiens

2246 2328 2349 2370 sua
2388 2311 2541 2383 larga
2569 2307 2942 2367 miseratione.
2973 2303 3202 2374 Propter
3236 2298 3386 2372 quod
3434 2297 3506 2353 illi
3531 2295 3690 2368 gratias
3710 2306 3756 2347 re

2246 2402 2466 2475 pendite
2485 2441 2501 2467 ,
2533 2410 2591 2457 et
2609 2398 2728 2469 ejus
2756 2410 2955 2453 nomen
2984 2390 3317 2450 benedicite.

2318 2514 2408 2569 22.
2463 2513 2600 2569 Hinc
2639 2511 2759 2584 pias
2799 2521 2995 2566 manus
3048 2503 3190 2560 caelo
3233 2500 3454 2568 intulit,
3503 2497 3756 2566 frath

2246 2607 2575 2665 benedicens
2604 2604 2833 2677 collegio
2859 2602 2997 2659 dixit
3030 2616 3044 2655 :

2244 2720 2254 2729 ‘
2320 2717 2528 2774 ODeus
2582 2715 2961 2786 omnipotens,
2994 2709 3241 2768 cmlestia
3274 2708 3485 2764 lumine
3537 2701 3756 2775 complens,

2254 2812 2261 2817 ’
2319 2810 2419 2877 Qui
2450 2806 2683 2872 cmlum‘,
2717 2814 2928 2870 terras,
2955 2812 3181 2873 pontum
3211 2798 3427 2856 ditione
3445 2797 3702 2870 gubernas,

2248 2914 2257 2927 '
2320 2899 2392 2958 Ut
2420 2902 2528 2957 sint
2548 2905 2744 2955 cuncta
2781 2897 2887 2953 tuis
2913 2896 2969 2951 in
2999 2904 3251 2966 tempore
3276 2886 3497 2949 subdita
3531 2890 3671 2954 rotis,

2320 2996 2429 3051 llos
2448 3037 2461 3059 ,
2494 2996 2761 3064 exposco‘,
2792 2999 2914 3046 tuos
2936 2986 3163 3046 benedic
3191 3001 3292 3059 per
3326 2978 3522 3044 Smcula
3547 2996 3692 3041 sertos

2252 3092 2257 3098 '
2323 3085 2547 3157 Protegc
2577 3084 2643 3139 ab
2670 3081 2913 3147 insidiis,
2943 3094 3099 3137 serva
3128 3078 3431 3134 virtutibus
3458 3075 3628 3140 almis,

2322 3178 2508 3235 Donec
2536 3187 2586 3232 te
2610 3176 2865 3243 videant,
2886 3184 2942 3231 et
2962 3172 3086 3230 coeli
3118 3186 3283 3244 regna
3333 3168 3669 3244 prehendant,

2330 3272 2407 3328 Te
2430 3271 2731 3335 tribuente,
2759 3270 2902 3324 Deus
2922 3309 2937 3335 ,
2964 3267 3057 3338 qui
3090 3280 3237 3322 nunc
3260 3270 3319 3321 et
3369 3278 3573 3335 semper
3589 3260 3631 3315 in
3649 3269 3759 3313 aerum

2324 3360 2385 3416 in
2418 3358 2616 3431 triplici
2647 3358 2849 3414 virtute
2879 3357 2957 3413 tui
2983 3356 3305 3413 benedictus
3330 3355 3563 3411 haberis.

2325 3454 2498 3526 igitur
2529 3450 2784 3510 omnibus
2827 3445 3307 3520 respondentibus;
3346 3447 3526 3501 Amen.
3556 3439 3631 3499 Sic
3659 3437 3761 3510 facit!

2256 3562 2398 3620 Deus
2426 3604 2441 3630 ,
2495 3566 2873 3635 cognoverunt
2909 3573 3071 3616 senes
3161 3572 3284 3613 cum
3333 3554 3619 3630 junioribus
3673 3544 3761 3619 quod

2257 3655 2563 3713 immodicis
2615 3654 2961 3726 praemiorum
3010 3648 3339 3706 muneribus
3384 3655 3612 3705 sanctum
3653 3637 3761 3697 subli-

2259 3755 2463 3803 masset
2505 3745 2861 3801 Lantbertum
2914 3740 3199 3799 Dominus.
3254 3738 3465 3796 Deinde
3503 3734 3654 3793 ofﬁcia
3683 3731 3763 3785 cha-

2260 3840 2438 3896 ritatis
2465 3840 2544 3895 illi
2583 3838 2866 3909 cupientes
2916 3835 3225 3906 impertiri,
3282 3843 3344 3890 et
3401 3840 3517 3904 post
3569 3836 3761 3885 certamen

2261 3931 2600 3990 intolerabile
2660 3928 3097 3986 amantissimum
3165 3924 3393 3982 Patrem
3448 3923 3657 3979 volentes
3687 3914 3763 3971 reﬁ-

2260 4041 2388 4082 cere
2412 4067 2427 4092 ,
2482 4024 2733 4081 balneum
2763 4022 2838 4077 illi
2866 4035 3061 4093 parare
3094 4021 3463 4083 studuerunt,
3510 4024 3561 4070 et
3601 4006 3763 4066 restibus

2262 4119 2448 4174 nitidis
2467 4132 2589 4172 eum
2617 4112 3111 4170 circumdederunt.
3145 4109 3239 4165 Sic
3264 4108 3582 4163 fortissimus
3605 4094 3761 4157 Christi-

2263 4200 2379 4256 cola
2408 4209 2465 4254 et
2502 4196 2939 4269 patientissimus
2963 4193 3056 4248 Dei
3083 4192 3290 4248 athleta
3327 4199 3449 4260 post
3493 4178 3761 4242 obedientiam

2264 4295 2603 4358 honoratus,
2661 4298 2786 4361 post
2840 4298 3100 4358 tropteum
3152 4285 3509 4346 sublimatur,
3561 4293 3675 4341 non,
3727 4274 3762 4321 ιιι

2258 4383 2566 4457 promeruit
2631 4358 2931 4437 tolerantiae
3006 4377 3329 4442 sinceritas,
3379 4374 3503 4438 sed,
3551 4379 3602 4425 ut
3643 4358 3758 4436 ροιυίί

2269 4474 2584 4531 mortalium
2606 4470 2961 4544 possibilitas.
2988 4469 3135 4523 lutcr
3156 4464 3526 4538 hujuscemodi
3564 4450 3763 4513 miraculo-

2200 4568 2247 4630 D
2272 4582 2395 4623 rum
2434 4565 2666 4637 insignia
2705 4563 2937 4634 degebat
2974 4560 3304 4615 Lantbertus
3344 4554 3541 4613 Christi
3591 4548 3762 4603 victima.

2272 4668 2493 4716 exstans
2517 4656 2757 4728 quotidie
2779 4652 3036 4710 sacerdos
3062 4660 3119 4707 et
3158 4651 3337 4707 hostia
3366 4650 3421 4706 in
3469 4647 3656 4702 odorem
3689 4648 3765 4691 δυ’

2274 4753 2459 4808 vitatis
2517 4758 2778 4820 accepta;
2844 4744 3136 4802 crucifixus
3185 4744 3315 4799 huic
3373 4739 3591 4801 mundo,
3639 4731 3764 4784 vivens

2274 4841 2622 4913 Redemptori
2677 4854 2817 4906 suo;
2851 4837 3093 4908 dejectus
3133 4851 3162 4891 a
3209 4833 3477 4907 pestiferis
3512 4821 3762 4885 hominibus,

2276 4938 2500 4994 allectus
2525 4952 2557 4990 a
2580 4932 2830 5005 supernis
2848 4931 3059 4988 civibus
3079 4970 3094 4995 ,
3121 4928 3309 4999 pulsus
3340 4927 3408 4982 ab
3436 4916 3691 4994 episcopiO.
3708 4920 3763 4960 35‘

2277 5031 2421 5086 citus
2445 5030 2498 5084 in
2536 5024 2859 5082 aeternitatis
2900 5021 3162 5093 collegio;
3191 5019 3411 5092 fugatus
3430 5031 3461 5071 a
3486 5025 3599 5069 cura
3615 5005 3763 5064 ovium,

2280 5120 2536 5176 invitatus
2560 5117 2628 5172 ad
2660 5114 2784 5172 caeli
2804 5112 3088 5185 palatium.

2354 5232 2446 5288 25.
2479 5231 2691 5287 Interea
2728 5225 2917 5282 infelix
2957 5237 3219 5297 pervasor
3247 5219 3499 5278 Ecclesiae.
3541 5208 3765 5297 Ταῖα-ιφ·
3838 5212 3839 5233 ³

2283 5327 2395 5394 sis,
2443 5320 2857 5381 Pharamundus
2879 5290 3132 5374 videlicet
3156 5314 3300 5372 ﬁlius
3353 5304 3647 5383 iniquitatis,
3678 5290 3777 5381 tua

2285 5428 2629 5489 nuncupatus
2652 5422 2839 5488 pastor
2879 5412 3088 5476 ovium,
3138 5405 3479 5481 appellandus
3519 5394 3762 5489 merito}?

2283 5518 2434 5593 gelus
2465 5513 2847 5576 tenebrarum,
2902 5506 3017 5563 suis
3057 5474 3395 5576 exigentibus
3434 5492 3614 5565 culpis,
3652 5474 3761 5553 PM

2282 5671 2415 5715 usus
2443 5654 2610 5710 fuisse
2635 5647 2893 5706 dicendus
2917 5654 3034 5710 est;
3062 5643 3163 5698 nisi
3194 5641 3367 5715 locum
3390 5608 3758 5715 illum..tjelIt-flﬁf‘ﬁi

2353 5687 2383 5712 ll
2444 5687 2610 5710 1|]!an
2635 5687 2893 5706 υιυιοιιυυσ
2920 5687 3002 5700 νυ.
3062 5687 3163 5698 ιιιν.
3195 5687 3367 5697 -υ.....-.
3391 5687 3475 5693 ---ρ

2285 5687 2424 5802 igni:
2462 5732 2725 5802 iestuasse
2778 5687 3253 5802 voluerit,di.cere.
3279 5687 3757 5802 Chapeavillttfmirﬂw

2286 5775 2873 5874 naieciica'b‘ificoumate,
2910 5794 3074 5861 atque
3099 5785 3171 5841 ita
3205 5775 3405 5840 sensus
3419 5788 3495 5833 est
3518 5775 3690 5837 integer-
