3902 6408
1245 381 1364 437 ne
1399 381 1561 438 VITA
1598 381 1844 444 SANCTI
1889 349 2264 444 causam.

3310 391 3415 452 650

136 493 352 560 morum
379 499 700 556 criminatus
739 497 1006 555 conviciis
1021 496 1171 569 (507)
1191 536 1206 562 ,
1248 496 1506 568 expulsus
1563 507 1644 554 est
1695 515 1724 553 a
1756 508 1800 565 Α
1829 505 1953 573 quis
1980 504 2435 573 peritissimornm
2465 503 2641 573 potest
2670 504 3130 575 comprehendere
3179 506 3416 577 scripto?

132 594 436 669 pontiﬁcali
467 592 720 648 cathedra
743 632 760 658 ,
815 599 871 646 et
892 592 958 646 ab
983 592 1170 645 eadem
1194 591 1398 661 ejectus
1423 592 1719 661 provincia.

123 687 362 756 Septem
413 685 614 754 quippe
662 682 818 738 annis”
860 680 1078 750 praefuit
1126 681 1198 735 ibi
1239 680 1414 736 solum
1469 683 1721 746 nomine,

113 780 287 835 ortnlla
319 789 494 836 tamen
515 777 602 834 die
625 777 856 833 actionis
879 775 1082 847 proluit
1102 791 1287 847 opere.
1335 774 1504 846 Digne
1525 791 1555 830 a
1588 775 1722 830 {ideo

107 867 282 927 ’Iibiis
307 873 359 926 in
412 879 556 926 terra
604 879 689 925 est
740 877 1090 940 persecutus,
1123 868 1216 938 qui
1271 867 1556 922 manifeste
1613 866 1725 922 Deo

107 963 258 1022 erat
277 965 603 1021 contrarius.
631 961 930 1018 Dilaniatus
967 971 1142 1016 autem
1171 961 1408 1032 graviter
1453 960 1681 1030 populus
1705 997 1721 1025 ,

123 1060 512 1114 etclementer
565 1056 658 1111 Dei
701 1055 1046 1114 miseratione
1098 1053 1390 1116 liberatus,
1441 1058 1725 1121 coeperunt

129 1149 266 1204 lotis
305 1147 510 1200 viribus
529 1185 544 1210 ,
568 1154 624 1200 et
655 1143 1039 1214 multiplicibus
1060 1143 1394 1214 argumentis
1449 1149 1720 1204 statuere,

122 1239 370 1312 qualiter
390 1239 700 1311 pentitieem
729 1235 1002 1309 egregium
1044 1251 1108 1290 ac
1157 1235 1372 1289 Patrem
1417 1235 1721 1288 modestum

111 1333 478 1394 mererentur
499 1332 740 1404 recipere
759 1330 1054 1385 Lantbertu
1063 1345 1135 1383 ιη.
1159 1327 1253 1382 Illo
1280 1337 1522 1398 tempore
1543 1325 1724 1395 Pippi-

102 1439 240 1481 ἀπε
291 1423 664 1479 monarchiam
717 1421 910 1493 regni,
959 1430 1015 1474 et
1058 1419 1422 1491 principatum
1499 1416 1724 1488 gerebat

103 1515 528 1588 -populi(508),
558 1515 643 1569 vir
689 1514 857 1568 armis
904 1513 1195 1577 strenuus,
1237 1520 1291 1567 et
1341 1511 1538 1566 divina
1591 1508 1722 1565 relin'

103 1607 503 1680 -gionis¢ultor
516 1605 842 1676 praecipuus.
868 1603 970 1658 llic
988 1605 1048 1658 Β.
1076 1601 1353 1658 Ιιθιιιδθηὶ
1371 1608 1723 1676 percunctata

123 1701 583 1765 mansuetudine,
652 1709 709 1754 et
753 1698 1042 1754 admodum
1099 1697 1312 1765 cognita
1387 1696 1719 1761 sanctitate;

121 1795 285 1848 misit
314 1793 518 1864 legatos
547 1791 615 1846 ad
639 1791 1024 1846 monasterium
1074 1789 1322 1859 superius
1375 1788 1718 1858 prteliliatum‘

107 1883 348 1957 (509),.“
365 1885 456 1954 qui
484 1892 729 1939 sanctum
753 1883 1110 1952 deposcerent
1145 1881 1530 1943 Lantbertum,
1583 1895 1722 1949 qua-
1747 1867 1800 1930 Β

121 1984 296 2030 tenus
319 1975 632 2044 dignaretur
661 1974 846 2030 venire
887 1974 956 2029 ad
1003 1988 1224 2044 regem,
1263 1973 1456 2042 suique
1513 1986 1721 2041 priusoh

110 2067 280 2122 tatus
307 2067 553 2138 recipere
590 2066 906 2138 dignitatem

199 2158 294 2213 ﬂ.
334 2159 625 2214 Venientes
675 2157 801 2223 illi,
859 2158 951 2228 qui
1012 2172 1042 2212 a
1103 2172 1230 2230 rege
1275 2164 1492 2212 inerant
1545 2156 1723 2224 missi;

112 2253 488 2308 Leutherium
535 2250 872 2306 sacerdotem
917 2249 1224 2321 huiusmodi
1271 2257 1400 2304 sunt
1451 2247 1672 2303 allocuti
1699 2259 1724 2301 ε

121 2343 234 2408 Te,
267 2341 439 2407 Pater,
470 2356 565 2397 rex
595 2342 866 2409 obsecrat,
908 2341 1192 2410 omnisque
1217 2341 1444 2411 populus
1487 2339 1720 2410 ﬂagitat;

112 2437 196 2490 ω
228 2445 258 2490 a
287 2436 612 2492 monasterio
655 2451 838 2501 exeas,
871 2449 1110 2505 gregem,
1159 2447 1320 2505 quem
1359 2435 1560 2490 dudum
1614 2439 1724 2491 non

113 2529 324 2600 Sponte
356 2530 625 2602 deliquisti
655 2530 773 2602 (aL,
802 2530 1184 2602 dereliquisti),
1215 2531 1466 2600 recipias,
1507 2539 1561 2584 et
1581 2531 1720 2600 opus

120 2623 363 2688 Domini,
394 2632 454 2676 ut
477 2624 766 2694 inctepisti,
795 2621 1064 2693 perﬁcias.

171 2714 314 2770 Tum
333 2715 514 2770 seuior
534 2716 684 2786 (510)
709 2731 805 2786 pro
827 2732 886 2770 re
909 2717 1162 2788 lacrymis
1183 2716 1254 2770 ita
1280 2716 1423 2770 fatur
1437 2715 1642 2771 obortis
1667 2728 1682 2769 :

121 2805 347 2870 Fateor,
387 2805 546 2871 rexi,
594 2811 702 2860 nan
749 2814 810 2859 ut
857 2807 1072 2871 decuit;
1106 2806 1253 2871 vixi,
1287 2821 1392 2860 non
1427 2815 1484 2859 ut
1511 2806 1666 2860 debui
1700 2819 1720 2860 :~

115 2909 351 2967 pascere
373 2895 600 2950 ulterius
629 2909 736 2950 non
777 2897 898 2952 Sum
928 2897 1181 2962 idoneus,
1228 2910 1460 2966 praeesse
1489 2897 1722 2968 amplius

115 3002 230 3043 non
267 2987 612 3058 concupisco,
639 2987 730 3056 qui
764 2989 1021 3058 prodesse
1050 2989 1182 3043 nulli
1215 2989 1392 3044 valeo.

321 3097 660 3171 Subiunxere
689 3103 814 3169 viri,
843 3101 1081 3159 dicentes
1115 3104 1229 3160 lucc
1257 3099 1468 3160 Seniori
1502 3123 1514 3159 :

116 3191 219 3259 Te,
254 3191 494 3248 virorum
525 3179 882 3256 nobilissime.
932 3204 1003 3261 te,
1050 3197 1389 3256 sacerdotum
1436 3196 1715 3252 sanctissi-

115 3301 232 3351 me,
270 3281 366 3357 per
410 3285 730 3343 cliaritatem
781 3288 871 3344 Dei
917 3289 1290 3360 deprecamur,
1337 3305 1436 3360 per
1475 3305 1714 3345 amorem

114 3381 356 3454 proximi
402 3381 756 3447 obtestamur,
785 3392 843 3438 ut
871 3383 1148 3438 nobiscum
1194 3385 1376 3440 venias
1401 3425 1415 3451 ,
1448 3384 1715 3455 regimen-

116 3490 230 3546 que
267 3483 482 3528 tuarum
519 3476 697 3530 ovium
731 3467 1017 3546 dignanter
1041 3475 1294 3546 recipias.

114 3583 322 3652 Altius,
347 3602 492 3652 ecce,
523 3604 744 3659 gemens
775 3604 1090 3658 responsum
1123 3567 1224 3644 hoc
1252 3587 1484 3644 reddidit
1513 3589 1709 3645 heros:

116 3700 409 3766 Refutare,
456 3699 684 3767 fratres,
729 3701 872 3772 quod
906 3701 1105 3767 dicitis,
1158 3716 1264 3756 non
1311 3703 1520 3767 audeo;
1575 3700 1715 3774 regis

115 3797 362 3864 edictum
393 3803 736 3848 contemnere
787 3809 892 3848 non
951 3794 1158 3860 debeo;
1208 3793 1578 3863 proximorum
1620 3811 1714 3850 ne-

117 3883 427 3940 cessitabus
474 3883 762 3938 subvenire
809 3883 986 3954 cupio.
1016 3883 1306 3938 Vobiscum
1356 3884 1436 3938 ire
1466 3899 1572 3939 non
1609 3883 1714 3938 dil-

116 3975 328 4037 l‘crani;
395 3974 535 4042 quod
581 3971 786 4043 jubetis
834 3973 1089 4045 incipiam
1141 3991 1154 4028 :
1201 3983 1392 4044 potens
1439 3984 1522 4028 cst
1573 3975 1716 4030 Deus

113 4063 385 4138 perlicere
417 4107 432 4126 ,
487 4075 539 4119 et
584 4066 649 4118 ad
706 4064 864 4118 ﬁnem
908 4073 1114 4119 certum
1177 4080 1346 4135 usque
1396 4066 1712 4135 perducere.

192 4181 286 4234 Ξῖ).
329 4179 466 4235 Hinc
514 4187 645 4246 ergo
686 4179 1032 4236 beatissnnus
1060 4179 1339 4235 confessor
1365 4179 1712 4248 Lantncrtus,

117 4273 252 4327 felix
299 4271 682 4326 connnercium
727 4287 1032 4342 aggressus,
1076 4273 1389 4328 multimoda
1440 4274 1718 4328 examina-

118 4367 276 4419 tione
324 4365 615 4433 probatus,
666 4363 732 4417 ad
769 4365 1042 4433 propriam
1095 4366 1275 4420 sedem
1331 4376 1413 4420 est
1444 4379 1714 4420 reversus.

122 4457 222 4512 Sic
270 4455 423 4511 exsul
472 4457 891 4522 sacratissimus,
945 4472 1007 4512 ac
1057 4458 1405 4512 inenarrabili
1453 4458 1715 4529 patientia

1829 594 2187 650 Exsultaba'n‘t
2244 594 2506 650 caelorum
2572 597 2719 652 cives
2745 637 2762 662 ,
2831 597 3120 654 individua
3162 599 3418 656 Trinitatl

1827 687 2124 744 referentes
2177 690 2472 745 immensas
2522 689 2914 758 praecaniorum
2960 690 3168 746 laudes.
3199 689 3416 748 Gaude-

1824 778 1916 833 bat
1936 779 2116 833 omnis
2149 788 2314 845 terra,
2334 779 2572 850 jnbilans
2595 780 2825 836 Domino
2850 781 2904 835 in
2935 781 3141 837 laetitia.
3180 782 3417 840 Plaude-6

1823 869 1958 925 bant
1999 872 2236 930 universi
2290 873 2344 927 in
2396 873 2645 938 exCelsis,
2702 882 2758 928 et
2783 874 3036 930 dicebant
3065 887 3174 930 non
3205 877 3416 932 tantum

1823 977 1960 1018 voce
2015 964 2228 1019 excelsa
2262 1003 2276 1030 ,
2327 973 2584 1034 quantum
2639 973 2819 1020 mente
2875 966 3066 1021 devota
3115 981 3134 1019 τ
3177 967 3419 1038 Agamus

1824 1052 2122 1122 gratiarum
2175 1055 2414 1110 actiones
2468 1054 2735 1120 Domino;
2787 1056 3010 1111 visitavi!
3064 1056 3209 1113 erum
3264 1073 3417 1126 nos,

1824 1140 2018 1198 Oriens
2058 1161 2123 1200 ex
2173 1144 2284 1200 alto
2313 1144 2466 1215 (Luc.
2516 1145 2616 1217 tt);
2659 1145 2917 1215 quoniam
2961 1148 3215 1205 retribuit
3261 1150 3419 1206 noble

1823 1233 2089 1292 Dominus
2141 1247 2414 1312 pastorem
2469 1245 2713 1294 nostrum
2763 1237 2981 1294 Patrem
3029 1247 3094 1294 et
3135 1240 3417 1296 custodem

1823 1326 1996 1381 nostri
2020 1326 2507 1399 vigilantissimum.

1897 1437 2110 1510 _Sie_i~e'x’
2140 1441 2194 1491 et
2225 1433 2427 1510 populi,
2457 1439 2663 1510 pariter
2684 1439 2824 1495 dites
2847 1447 2901 1495 et
2923 1441 3097 1510 egeni,

1895 1507 2201 1563 Psallcbant
2226 1507 2473 1564 alacres}
2509 1511 2838 1566 resonabant
2873 1507 3119 1583 undique
3134 1513 3341 1570 laudes.
3393 1561 3396 1564 .

1822 1607 1902 1677 lta'
1971 1619 2126 1677 mnes
2177 1622 2478 1689 emeritus,
2529 1623 2618 1678 vir
2665 1625 3001 1695 permaxima
3075 1609 3420 1709 trlbldaiiiine

1824 1715 2106 1787 purgatus,
2149 1715 2311 1787 digne
2331 1716 2512 1771 ovium
2543 1731 2785 1783 suarum,
2819 1718 3045 1774 vocibus
3069 1719 3334 1777 attollitur
3360 1719 3418 1779 et

1827 1801 1880 1860 in
1908 1807 2165 1862 cathedra
2205 1805 2634 1876 Trajectensium
2661 1807 2932 1862 relocatur
2961 1807 3112 1882 (5H)
3139 1807 3418 1869 decenter!

2445 1919 2526 1974 CA
2537 1917 2673 1974 PUT
2707 1917 2792 1974 Ill.

1823 2007 2010 2084 Sancti
2057 2011 2375 2084 episcopales
2415 2013 2664 2084 virtutes;
2692 2012 2927 2067 dicet-esis
2957 2011 3022 2069 ab
3051 2031 3111 2070 eo
3141 2009 3363 2074 ιαεινάιά
3394 2006 3421 2073 έ

1893 2081 2166 2158 Tarandri
2205 2081 2275 2158 ad
2294 2081 2601 2158 _Cltristuut_
2630 2084 3215 2158 adductﬁmartgrium
3257 2101 3280 2142 :
3301 2091 3420 2144 cer:

1889 2155 2032 2223 poris
2060 2154 2338 2210 translatio
2372 2165 2420 2208 et
2453 2154 2724 2224 sepultura
2744 2157 2999 2225 prodigiis
3025 2154 3192 2213 clara.

1887 2245 1976 2300 26.
1997 2245 2330 2302 Sublimatus
2343 2261 2576 2316 namque
2588 2247 2783 2302 iterum
2797 2250 2863 2302 ad
2876 2251 3180 2322 episcopale
3195 2255 3418 2323 solide

1823 2339 1988 2393 tantis
2030 2337 2195 2407 coepit
2248 2337 2634 2392 sanctitatibus
2675 2353 2968 2394 coruscare
2994 2381 3011 2406 ,
3041 2345 3263 2412 quantis
3310 2345 3418 2408 Dei

1819 2427 2127 2499 pontiﬁcem
2175 2435 2386 2484 constat
2416 2427 2681 2483 decuisse.
2724 2427 2783 2482 In
2813 2431 2979 2486 corde
3006 2431 3150 2488 illius
3194 2435 3419 2492 sinceri-

1821 2529 1904 2580 tas
1926 2528 1982 2575 et
2010 2519 2142 2588 legis
2165 2519 2476 2588 plenitudo;
2524 2519 2580 2574 in
2604 2535 2702 2576 ore
2726 2520 2898 2592 ipsius
2924 2524 3143 2592 veritas,
3176 2536 3234 2583 et
3272 2527 3414 2585 leni-

1823 2611 1947 2666 tatis
2022 2610 2400 2680 pulchritudo;
2459 2611 2514 2666 in
2565 2611 2794 2667 consilio
2844 2613 2965 2685 ejus
3027 2617 3181 2688 vigor
3237 2629 3293 2674 et
3327 2635 3416 2676 sa-

1817 2701 2058 2772 pientia;
2097 2700 2147 2754 in
2193 2701 2408 2756 actibus
2437 2701 2548 2756 suis
2573 2703 2802 2773 aequitas
2829 2714 2884 2759 et
2931 2706 3296 2776 abundantia;
3358 2711 3415 2768 in

1818 2792 2232 2862 conversatione
2281 2794 2450 2864 ipsius
2500 2795 2804 2850 innocentia
2836 2805 2890 2850 et
2936 2799 3190 2866 castitas;
3240 2801 3292 2856 in
3324 2803 3418 2859 ha-

1817 2884 1932 2939 bitu
1983 2881 2099 2951 ejus
2151 2883 2321 2953 gloria
2375 2892 2432 2939 et
2483 2885 2754 2941 honestas.
2815 2888 2949 2942 Erat
2999 2890 3254 2947 nimirum
3308 2893 3417 2950 ﬁde

1817 2975 2310 3040 constantissimus,
2338 2989 2434 3045 spe
2466 2974 2834 3043 ﬁrmissimus,
2877 2980 3146 3037 charitate
3170 2982 3414 3055 integer-

1817 3067 2004 3130 rimus,
2049 3065 2339 3136 insignitus
2383 3068 2686 3137 prudentia,
2727 3071 2987 3141 praeditus
3032 3078 3412 3148 temperantia,-

1817 3157 2132 3216 lortitudine
2181 3161 2465 3215 roboratus
2493 3199 2508 3226 ,
2553 3161 2766 3231 justitia
2811 3163 3207 3236 locupletatus,
3247 3169 3418 3226 bono-

1743 3233 1787 3297 C
1819 3269 1939 3307 rum
1989 3268 2212 3324 operum
2267 3253 2602 3326 exhibitione
2657 3233 2994 3327 singularis,
3048 3233 3294 3318 doctrina
3357 3272 3417 3319 et

1814 3346 2102 3401 virtutibus
2163 3345 2521 3402 admirabilis.
2601 3347 2976 3405 Exornaverat
3028 3353 3180 3408 illum
3236 3355 3414 3426 pietas

1815 3439 2002 3494 :eterni
2028 3439 2223 3500 Patris,
2258 3440 2400 3495 sicut
2428 3439 2554 3494 vitae
2582 3441 2812 3508 meritis,
2847 3443 2923 3498 ita
2949 3453 3006 3500 et
3038 3447 3414 3518 prodigiorum

1815 3533 2092 3588 miraculis
2139 3531 2309 3604 (512).
2360 3531 2630 3590 Personas
2673 3537 2976 3604 potentium
3016 3555 3122 3594 non
3156 3540 3414 3610 respicie-

1816 3624 1940 3686 bat,
1980 3623 2072 3678 sed
2119 3624 2299 3692 potius
2340 3623 2408 3679 ad
2441 3637 2654 3680 morum
2699 3625 3027 3698 elegantiam
3073 3628 3408 3686 intendebat.

1815 3717 1985 3783 Quem
2035 3713 2340 3785 religiosius
2388 3715 2574 3771 vivere
2615 3716 2840 3784 sciebat,
2887 3717 3038 3775 illum
3081 3722 3417 3778 eminentius

1816 3807 2136 3862 honorabat.
2189 3806 2454 3863 Omnibus
2495 3808 2678 3865 omnia
2719 3808 2899 3868 laetus
2946 3817 3090 3880 erat,-
3131 3821 3194 3870 ut
3221 3821 3415 3872 omnes

1815 3898 2157 3956 lucrifaceret
2185 3899 2236 3970 (ι
2263 3899 2388 3955 Cor.
2414 3899 2516 3973 rx).

1885 3991 1973 4046 27.
2002 3992 2147 4046 intra
2192 3993 2386 4049 domus
2414 4001 2566 4066 septa
2613 4010 2888 4066 nunquam
2921 3996 3038 4067 ejus
3073 3999 3412 4056 ornabantur

1816 4082 2001 4137 sedilia
2029 4081 2207 4153 (515),
2253 4083 2350 4138 sed
2377 4083 2628 4139 volvebat
2669 4085 2723 4140 in
2759 4089 3021 4143 memoria
3046 4089 3259 4155 humili,
3288 4106 3410 4161 qua

1815 4187 2164 4243 possessores
2210 4181 2330 4226 erat
2389 4173 2442 4227 in
2483 4175 2592 4229 vita
2651 4177 2898 4246 perenni.
2946 4178 3406 4237 Vestimentorum

1820 4273 2125 4335 tegumenta
2158 4279 2261 4320 non
2291 4266 2426 4321 adeo
2458 4258 2716 4322 induebat
2763 4269 2998 4339 pretiosa
3044 4288 3058 4325 :
3099 4273 3308 4341 primus
3351 4273 3406 4330 ei

1817 4357 2051 4410 amictus
2091 4372 2282 4411 saccus
2311 4365 2432 4412 erat
2461 4358 2727 4414 silicinus.
2777 4356 3042 4416 Studebat
3070 4377 3269 4434 corpus
3300 4367 3406 4422 bu—

1819 4447 2028 4501 miliarc
2060 4448 2111 4500 in
2136 4447 2317 4512 terris,
2349 4456 2614 4518 quatenus
2644 4449 2826 4506 anima
2847 4451 3078 4508 exaltari
3105 4463 3400 4512 mereretur

118 4547 491 4618 plenissimus,
542 4562 757 4617 gregem
804 4563 958 4602 suum
1013 4550 1233 4619 recepit,
1285 4551 1565 4620 magniﬁce
1593 4566 1716 4619 pro-
1745 4578 1794 4636 ι)
1822 4541 1874 4594 in
1904 4541 2076 4595 etelis.
2116 4539 2409 4596 Lustrabat
2433 4541 2587 4597 villas
2629 4558 2694 4598 ac
2736 4545 2953 4616 oppida,
2994 4547 3096 4602 sibi
3125 4562 3156 4602 a
3187 4549 3408 4605 Christo

123 4639 287 4704 texit,
336 4648 390 4691 et
445 4637 717 4693 indefenso
770 4639 1079 4694 custodivit.
1110 4639 1342 4707 Quanta,
1403 4641 1490 4698 illo
1527 4658 1710 4710 regre-

121 4734 334 4793 diente.
377 4733 664 4788 exsultatio
715 4733 769 4787 in
818 4735 1070 4789 universo
1123 4733 1437 4791 eﬁ‘erbuerit
1482 4736 1712 4806 populo,

201 4911 354 5053 ἔδω)
384 4912 438 4967 ld
471 4921 573 4977 est,
615 4915 1086 4971 accusationibus

224 4982 349 5053 508)
375 4982 629 5053 Pippinus
650 5025 664 5049 ,
705 4997 1062 5053 cognomento

224 4982 349 5058 .508)
375 4982 629 5054 Pippinus
650 5025 664 5049 ,
705 4997 1062 5054 cognomento
1091 4985 1406 5058 Herislullits
1436 5030 1449 5052 ,
1487 4990 1575 5058 qui
1624 4990 1711 5046 hic

124 5055 446 5125 designatur
473 5096 486 5118 ,
516 5071 785 5125 nunquam
814 5072 905 5109 rex
937 5066 1024 5110 aut
1053 5059 1348 5112 monarcha
1381 5055 1709 5115 Francorum

123 5123 272 5189 fuit,
320 5126 412 5178 sed
445 5123 852 5192 major-domus,
889 5128 1121 5196 primum
1148 5127 1475 5195 Austrasiae,
1524 5132 1713 5184 deinde

127 5196 312 5267 totius
341 5196 702 5267 monarchiaa;
736 5200 816 5251 sic
879 5206 1057 5250 tamen
1085 5237 1101 5259 ,
1155 5207 1213 5250 ut
1247 5208 1443 5267 praeter
1499 5201 1711 5254 titulum

127 5264 270 5320 nihil
303 5264 399 5334 ipsi
429 5265 587 5335 regia:
613 5267 898 5336 potestatis
935 5267 1030 5336 ipsi
1078 5264 1327 5332 deesset;
1362 5271 1502 5324 unde
1526 5280 1579 5323 et
1623 5287 1714 5326 rex

127 5351 159 5390 a
193 5335 446 5410 nonnulis
469 5335 766 5410 appellatus
814 5347 915 5410 est.
960 5335 1073 5391 Hic
1114 5348 1290 5410 autem
1322 5355 1416 5408 per
1447 5341 1716 5410 prolepsin

129 5407 507 5479 monarcbiam
569 5409 716 5477 regni
774 5407 1034 5471 tenuisse,
1089 5407 1180 5479 sed
1231 5418 1288 5460 ut
1326 5407 1720 5479 majOr-doinus

131 5477 568 5539 administrasse,
630 5476 861 5540 dicitur;
932 5494 1052 5532 cum
1129 5476 1724 5544 Austrasi:u',t:intmn-

131 5549 299 5619 modo
326 5546 589 5619 majoratu
614 5549 794 5618 palatii
855 5548 1204 5619 fungeretur,
1245 5552 1458 5619 quando
1506 5563 1725 5608 sanctus

130 5615 463 5672 Lantbertus
491 5618 540 5669 in
561 5615 712 5671 suam
735 5621 914 5673 sedem
948 5615 1222 5673 restitutus
1249 5615 1366 5674 fuit.

206 5687 358 5758 (509)
387 5686 711 5742 Stabulemm
731 5690 958 5754 scilicet,
997 5691 1084 5744 ubi
1109 5689 1250 5744 inter
1276 5691 1568 5746 monachos
1609 5708 1726 5748 mo-

135 5759 597 5830 nas_l_icam_vitam
621 5760 864 5830 degebat.

211 5827 359 5894 (510)
397 5827 587 5883 Senior
631 5827 772 5899 apud
823 5829 983 5886 medii
1029 5831 1127 5887 aevi
1175 5832 1467 5904 scriptores
1497 5834 1719 5892 honoris

1823 4635 2144 4701 commissa,
2176 4635 2353 4690 sciens
2402 4637 2642 4706 reperire
2687 4639 2935 4696 homines
2959 4682 2974 4706 ,
3013 4657 3150 4713 quos
3203 4643 3409 4700 laceret

1821 4739 2038 4785 alterum
2067 4729 2396 4785 haereditatis
2417 4741 2712 4788 consortes.
2751 4731 2847 4788 His
2867 4734 3115 4804 equidem
3145 4736 3406 4792 sollicitu-

1822 4923 2008 4998 titulus
2049 4931 2260 4998 est,‘_e_t
2306 4924 2574 4979 dominum
2624 4926 2912 4998 signiﬁcat.
2963 4927 3058 4983 llic
3113 4928 3179 4983 de
3219 4937 3408 4986 sancto

1821 4993 2119 5047 Lantherto
2146 4993 2366 5048 dicitur.

1888 5063 2200 5142 (Bl‘l)_ll;cc
2237 5065 2383 5119 circa
2431 5081 2629 5121 annum
2680 5067 2775 5123 681
2828 5068 2910 5122 vel
2961 5069 3066 5124 682
3113 5069 3405 5142 contigisse

1811 5134 1921 5204 jam
1951 5135 2204 5187 diximus.

1891 5204 2038 5281 (512)
2079 5204 2221 5281 ραις
2240 5206 2496 5261 miracula
2533 5205 2590 5262 S.
2629 5206 2953 5281 Lantbertus
2999 5210 3278 5281 episcopus
3311 5217 3405 5281 pa;

1823 5277 2067 5398 liravcrit,
2115 5275 2291 5332 nullus
2320 5288 2562 5333 veterum
2585 5318 2601 5342 ,
2632 5293 2793 5348 quem
2822 5275 3045 5349 quidem
3066 5275 3198 5346 vidi;
3233 5275 3403 5337 tradi-

1823 5364 1840 5398 ι
1861 5355 1918 5398 Il.

1821 5355 1918 5399 till.

1897 5415 2044 5485 (5l5)
2083 5415 2234 5486 Apud
2278 5417 2640 5489 Mabillouium
2675 5418 2872 5489 legitur
2919 5437 2932 5472 :
2969 5417 3074 5475 Sed
3107 5431 3154 5476 et
3208 5422 3261 5476 in
3289 5423 3402 5487 pri-

1835 5497 1953 5539 t'ato
1984 5504 2036 5539 se
2087 5505 2352 5557 nunquam
2382 5487 2618 5541 ornabat.
2651 5487 2959 5544 Lcclioncm
3001 5491 3203 5547 codicis
3233 5494 3402 5548 nostri

1836 5558 2166 5611 retinendam
2200 5568 2346 5627 puto,
2389 5568 2444 5610 et
2481 5559 2904 5614 (indeschalcum
2935 5562 3181 5618 allusisse
3211 5565 3276 5617 ad
3319 5580 3402 5618 se-

1832 5627 1937 5683 dile
1969 5628 2297 5705 episcopale,
2333 5628 2474 5705 quod
2523 5630 2646 5682 dmn
2697 5645 2918 5705 {nituere
2962 5648 3059 5688 suo
3091 5633 3403 5705 fungeretur

1831 5707 2053 5770 sanctus
2100 5697 2332 5770 publice,
2369 5697 2432 5750 de
2465 5714 2612 5753 more
2636 5700 3036 5770 episcoporum,
3079 5697 3400 5760 exornatqu

1829 5767 2083 5835 habebat,
2102 5765 2363 5838 privatim
2394 5769 2571 5824 domui
2593 5765 2703 5825 suae
2733 5765 2935 5842 vulgari
2965 5765 3136 5830 utens.
