3902 6386
550 363 657 422 655
1195 343 1198 346 ’
1608 357 1950 418 STEPHANI
1977 323 2296 416 ‘EPlSCOPI
2329 354 2734 414 LEODIENSIS
3663 366 3732 425 σεε

549 476 769 534 dinibus
797 483 1141 540 serviens,‘et
1161 475 1300 532 hanc
1317 473 1544 544 iustitiae
1563 475 1810 531 esuriens
1833 472 2150 529 indeficien-
2176 464 2226 520 A
2254 488 2378 528 nem
2408 487 2547 528 unus
2578 472 2632 527 in
2660 479 2890 544 utraque
2919 479 2975 528 et
3001 484 3068 528 ex
3102 479 3328 544 utraque
3354 481 3558 541 natura,
3579 486 3622 532 et
3640 478 3732 540 Deus

551 579 638 627 ter
675 569 904 632 habens,
947 568 1225 639 ingressus
1255 577 1340 623 est
1372 566 1737 624 Texandriam
1769 564 1940 638 (5M),
1978 579 2146 636 paga-
2253 564 2555 635 permansit
2583 579 2707 619 cum
2739 562 2932 630 Patre,
2955 574 3010 619 et
3041 563 3109 619 ad
3134 564 3535 636 redemptionem
3565 577 3733 628 nostram

551 675 749 717 norum
797 659 1080 716 erroribus
1139 661 1372 716 deditam
1393 701 1408 729 ,
1445 670 1501 717 et
1556 659 1823 717 idolorum
1870 659 2149 730 spurcitiis
2250 655 2414 712 homo
2443 654 2690 713 mortalis
2723 653 2898 710 factus
2927 663 3013 711 est
3036 669 3104 710 ex
3136 652 3355 726 Virgine
3384 663 3558 710 matre.
3579 654 3656 724 Qui
3673 674 3734 716 re-

548 754 914 829 profanatam.
947 755 1092 825 Ergo
1113 770 1235 810 cum
1268 755 1402 812 inibi
1455 754 1851 812 facundissimo
1894 767 2148 810 sermone
2250 763 2345 805 rus
2371 749 2514 805 Deus
2543 757 2600 806 et
2622 749 2786 804 homo
2822 748 3078 820 prodiens
3111 763 3176 805 ex
3209 746 3438 820 Virginis
3460 760 3607 819 utero,
3637 768 3734 811 mor-

548 846 714 902 fidem
769 845 1091 901 catholicam
1137 848 1395 917 ’cmpisset
1443 847 1714 903 disserere
1739 886 1756 913 ,
1809 859 2147 917 paganenses
2249 839 2437 896 talium
2466 855 2617 897 more
2659 849 2747 896 est
2779 841 3156 908 circumcisus,
3186 849 3242 896 et
3279 841 3347 896 ab
3383 840 3630 900 Joannein
3659 844 3735 902 Jor-

551 939 628 1012 (id
665 947 750 996 est
786 940 1012 1009 ethnici)
1055 939 1296 1009 ejusdem
1327 940 1618 1012 provincia:
1649 940 1705 995 in
1745 954 1912 994 unum
1949 953 2146 994 conve-
2249 932 2388 988 dant:
2430 933 2761 1003 baptiZatus.
2803 933 3004 989 Deinde
3041 933 3334 1004 discipulos
3370 932 3544 1007 elegit;
3579 938 3736 1008 plurim

545 1047 718 1099 nere,
755 1033 998 1089 volentes
1045 1034 1458 1104 praedicatorem
1515 1033 1770 1089 veritatis
1809 1032 2142 1103 discerpere,
2245 1022 2506 1079 Virtutum
2558 1024 2709 1097 signa
2769 1024 3019 1096 peregit.
3065 1033 3122 1080 et
3173 1025 3318 1096 quod
3367 1027 3602 1084 veraciter
3631 1043 3736 1103 erat,

547 1130 605 1179 et
653 1132 777 1196 post
832 1123 1284 1180 contumeliarum
1339 1123 1572 1178 ludibria
1639 1123 1708 1178 ad
1773 1123 2144 1196 ignominiosae
2245 1114 2448 1198 mundo
2475 1115 2649 1184 palam
2681 1114 2998 1170 declaravit-

547 1214 740 1271 mortis
765 1213 1042 1270 destinare
1074 1225 1363 1270 tormenta.
1402 1215 1549 1283 Quos
1575 1215 1654 1269 ira
1676 1225 1732 1271 et
1760 1214 1964 1272 saevitia
1999 1214 2146 1270 fren-
2316 1206 2416 1262 50.-
2444 1206 2526 1262 Ad
2556 1205 2805 1262 ultimum
2846 1222 2957 1263 sna:
2983 1205 3280 1263 voluntatis
3305 1214 3556 1278 potestate
3577 1211 3736 1270 animm
3818 1227 3819 1270 ῑ

547 1304 770 1372 dentes,
815 1312 870 1360 et
918 1304 1184 1360 diabolico
1225 1305 1415 1374 spiritu
1463 1306 1817 1370 bacchantes,
1865 1303 2146 1360 confessor
2247 1315 2402 1357 suam
2430 1301 2609 1371 posuit
2632 1301 2686 1356 in
2709 1316 2890 1366 cruce,
2915 1310 2975 1356 ut
3005 1315 3103 1356 nos
3125 1301 3417 1357 redimeret
3437 1317 3525 1357 suo
3541 1307 3736 1377 sanguine,

550 1397 761 1455 Domini
815 1398 1144 1467 Lantbertus
1199 1398 1500 1470 intrepidus
1540 1407 1596 1454 et
1633 1397 1790 1454 fortis
1837 1396 2143 1454 istiusmodi
2245 1409 2383 1464 quos
2409 1393 2655 1450 diabolus
2682 1411 2710 1448 a
2746 1393 2926 1464 prima
2963 1395 3150 1449 mundi
3180 1394 3390 1466 origine
3416 1395 3737 1453 astrictosteae-
3818 1393 3819 1454 γ

545 1489 826 1548 allocutus
845 1500 937 1552 est.
959 1491 1141 1547 verbis
1166 1505 1182 1546 :
2244 1488 2340 1544 bat
2367 1486 2670 1557 captivitati
2700 1501 2834 1542 suae.
2863 1484 3153 1542 Celebrato
3185 1487 3400 1543 tandem
3427 1486 3647 1556 passionis
3665 1506 3738 1561 my-
3818 1483 3819 1540 l

552 1625 560 1639 .
619 1578 707 1637 28.
735 1581 780 1638 Ο
811 1580 913 1644 viri
942 1579 1160 1647 fratres,
1189 1579 1444 1651 quoniam
1466 1581 1814 1637 estissensus
1840 1587 1897 1636 et
1917 1578 2146 1636 rationis
2244 1579 2438 1646 sterio,
2471 1578 2854 1650 destructoque
2881 1578 3074 1634 mortis
3109 1578 3373 1651 imperio,
3398 1581 3568 1638 vivens
3582 1581 3647 1636 die
3666 1598 3738 1637 sur-

551 1689 797 1746 eapaces,
819 1674 1023 1741 audite,
1053 1688 1258 1744 quaeso,
1305 1673 1597 1743 patienter,
1627 1682 1683 1728 et
1706 1688 1770 1728 ea
1800 1687 1922 1743 quas
1948 1671 2141 1727 dixero
2245 1670 2391 1726 rexit
2419 1671 2599 1737 tertio,
2630 1670 2862 1726 reddens
2886 1670 3045 1726 nobis
3072 1671 3412 1744 privilegium
3440 1682 3630 1740 natura,
3649 1676 3737 1745 quod
3818 1669 3819 1744 Ῐ

549 1745 986 1833 νοΒὶε,τειηίωἱε
1039 1762 1439 1820 rationabiliter
1471 1763 1681 1835 inﬁgite
1731 1763 1931 1818 vestris
1961 1761 2140 1834 (515).
2245 1762 2303 1818 in
2330 1763 2506 1834 primo
2547 1763 2883 1837 perdidimus
2921 1772 3167 1835 parente.
3233 1764 3433 1836 Sicque
3479 1767 3736 1836 quadraginta
3818 1745 3819 1786 Ῑ

542 1861 900 1932 Omnipotens
922 1859 1099 1924 Deus,
1127 1857 1294 1915 Pater
1325 1858 1655 1931 unigenitus,
1698 1855 1852 1928 cujus
1879 1871 1980 1928 ego
2013 1871 2133 1912 sum
2164 1839 2212 1901 Β
2239 1856 2431 1913 diebus
2461 1857 2576 1913 suis
2625 1857 2906 1928 discipulis
2943 1857 3349 1926 manifestatus,
3381 1858 3564 1915 eisdem
3583 1858 3634 1912 ad
3660 1857 3738 1912 ulli-

542 1971 759 2021 servus,
820 1954 1024 2024 quique
1079 1970 1099 2004 ι
1157 1952 1306 2008 solus
1367 1952 1531 2008 habet
1580 1949 2044 2006 immortalitatem
2082 1956 2140 2005 et
2241 1963 2392 2004 mum
2455 1948 2897 2004 recumbentibus
2953 1949 3245 2020 apparuit,
3294 1955 3353 2004 et
3409 1949 3460 2004 in
3517 1948 3736 2004 universum

540 2053 718 2107 lucem
765 2048 976 2104 habitat
1013 2043 1450 2102 inaccessibilem
1507 2042 1580 2115 (Ι
1614 2042 1752 2098 Tim.
1801 2042 1914 2113 vr),
1948 2059 1967 2094 ι
2021 2042 2139 2112 ipse
2238 2041 2428 2098 orbem
2481 2041 2562 2097 ire
2597 2039 2915 2107 mandavit,
2964 2048 3024 2095 ut
3075 2041 3448 2097 remissionem
3488 2047 3736 2112 peccatorum

540 2159 711 2202 unum
739 2142 810 2198 de
839 2157 898 2197 se
933 2141 1126 2212 genuit
1162 2138 1282 2195 sine
1311 2149 1558 2210 tempore
1578 2135 1841 2202 Verbum,
1868 2152 1966 2208 per
1993 2135 2138 2207 quod
2238 2132 2629 2204 praedicarent,
2676 2141 2732 2189 et
2779 2132 2924 2204 quod
2957 2132 3294 2199 didicerant,
3342 2133 3536 2189 cunctis
3564 2132 3735 2203 gentibus
3818 2193 3819 2212 ᾗ

539 2233 672 2290 fecit
695 2230 878 2287 omnia
904 2244 970 2285 ex
1005 2227 1336 2298 nihilo,qute
1362 2235 1490 2282 sunt
1519 2227 1574 2281 in
1596 2228 1699 2282 hoc
1726 2225 1928 2282 mundo
1951 2225 2136 2297 (Joan.
2239 2223 2646 2280 annuntiarent.
2700 2222 2779 2279 Ac
2821 2223 3040 2280 demum
3089 2223 3194 2280 illis
3236 2225 3600 2288 cernentibus,
3632 2219 3736 2278 celos
3818 2219 3819 2298 ί

541 2326 606 2400 ι).
647 2325 825 2393 Quam
857 2321 980 2378 sine
1037 2319 1194 2376 initio
1252 2319 1626 2384 nativitatem,
1679 2327 1737 2373 et
1782 2318 1987 2390 absque
2031 2317 2140 2374 fine
2240 2317 2436 2383 rediit,
2473 2325 2528 2371 et
2554 2316 2729 2371 victor
2758 2316 2950 2372 mortis
2982 2316 3051 2371 ad
3095 2316 3379 2372 dexteram
3408 2315 3585 2371 assedit
3605 2312 3732 2368 Patris.
3818 2312 3819 2386 ξ

541 2416 951 2491 generationem
999 2413 1260 2469 admirari
1303 2412 1572 2485 spirituali
1623 2412 1899 2468 intellectu
1955 2412 2138 2484 possi-
2240 2411 2343 2481 Qui
2373 2411 2612 2484 Spiritus
2633 2410 2810 2466 sancti
2838 2410 3168 2466 charismate
3196 2409 3388 2466 refecti
3413 2410 3462 2464 in
3483 2405 3736 2464 cunctisﬁli-

541 2526 686 2576 mus,
711 2509 804 2565 sed
835 2507 1035 2563 intueri
1058 2507 1178 2562 visu
1203 2507 1473 2578 corporali
1500 2521 1841 2577 nequaquam
1870 2504 2137 2560 valemus.
2239 2503 2342 2560 bus
2367 2503 2518 2560 orbis
2542 2512 2669 2560 sunt
2703 2503 2957 2575 dispersi,
2982 2511 3040 2560 et
3079 2505 3221 2560 hanc
3264 2503 3424 2560 fidem
3448 2501 3737 2559 annuntiannt

541 2601 657 2659 Nec
683 2601 845 2657 Pater
875 2595 1139 2664 anterior,
1187 2615 1288 2654 nec
1338 2597 1508 2654 Natus
1553 2598 1826 2668 posterior
1854 2605 1959 2653 est.
2000 2594 2138 2652 Nam
2239 2593 2527 2660 omnibus,
2555 2608 2719 2664 quam
2748 2607 2848 2650 nos
2877 2594 3248 2650 indubitanter
3275 2595 3534 2652 credimus
3553 2634 3566 2659 ,
3586 2590 3737 2648 etrobit
3818 2625 3819 2650 ;

549 2709 618 2751 ex
667 2694 752 2750 his
798 2692 1010 2749 duabus
1046 2692 1315 2764 personis,
1370 2692 1466 2749 sed
1513 2707 1622 2747 una
1669 2692 1942 2748 individua
1972 2701 2027 2747 et
2055 2691 2144 2746 in.
2241 2685 2298 2741 in
2323 2685 2442 2756 ejus
2468 2687 2689 2744 nomine
2715 2695 2771 2743 et
2800 2703 2899 2758 pro
2935 2686 3052 2758 ejus
3088 2703 3280 2746 amore
3304 2698 3593 2754 constanter
3614 2686 3736 2757 pradi-
3818 2709 3819 2712 η

543 2783 1020 2858 comprehensibili
1047 2784 1306 2850 essentia,
1338 2781 1854 2855 proceditSpiritus
1891 2789 2137 2848 sanctus,
2241 2791 2448 2833 camus.
2485 2776 2613 2834 Haec
2647 2785 2705 2834 et
2744 2778 2831 2834 his
2874 2779 3071 2846 similia
3110 2781 3276 2837 beato
3310 2781 3581 2838 Lantberto
3605 2791 3729 2850 prose-

543 2879 692 2937 Patri
744 2886 801 2933 et
827 2875 970 2932 Filio
1009 2875 1206 2932 similis
1239 2875 1548 2946 majestate,
1577 2884 1632 2930 et
1655 2875 2140 2931 consubstantialis
2241 2875 2476 2937 quenle.
2507 2875 2564 2923 et
2591 2867 2919 2923 mirabiliter
2953 2869 3398 2942 evangelizante,
3437 2869 3641 2926 conversi
3661 2873 3736 2921 sunt

543 2971 841 3027 indiscreta
879 2968 1108 3024 deitate.
1142 2965 1271 3022 Haec
1321 2967 1376 3022 in
1434 2966 1680 3035 personis
1729 2964 1969 3021 Trinitas
1997 2975 2052 3021 et
2083 2967 2139 3022 in
2241 2958 2309 3013 ad
2340 2957 2500 3014 ﬁdem
2529 2959 2874 3026 catholicam,
2906 2970 3171 3031 quotquot
3207 2972 3368 3019 erant
3404 2958 3735 3034 pmordinaliad
3818 2975 3819 2994 ξ

543 3063 776 3121 essentia
830 3077 939 3116 una
976 3069 1031 3116 et
1082 3059 1379 3131 coaequalis
1422 3059 1701 3124 divinitas,
1729 3067 2022 3129 postquam
2068 3075 2136 3116 ex

2245 3049 2414 3104 vitam
2441 3059 2724 3107 aeternam.
2752 3051 2908 3108 Tunc
2937 3053 3189 3126 egregius
3217 3055 3410 3112 doctor
3433 3062 3484 3109 et
3507 3049 3735 3108 facundissi-

544 3153 718 3209 nihilo
765 3152 980 3208 creavit
1005 3151 1321 3206 universum
1361 3150 1571 3214 orbem,
1614 3149 1882 3218 compegit
1910 3163 1977 3204 ex
2008 3149 2138 3205 limo

2245 3157 2364 3198 mus
2405 3144 2731 3214 praedicator
2771 3144 2913 3200 idola
2953 3146 3190 3218 dejecit,
3229 3147 3481 3218 populum
3513 3143 3737 3214 baptismate

544 3254 707 3300 terra:
729 3243 964 3315 primum
986 3242 1296 3307 hominem;
1333 3241 1417 3295 cui
1451 3241 1738 3296 dormienti
1777 3248 1982 3295 costam
2012 3241 2137 3296 abs-
2165 3206 2212 3270 ο
2243 3234 2458 3300 sanxit,
2509 3235 2772 3291 ecclesias
2812 3229 3148 3304 construxit,
3191 3240 3496 3295 sacerdotes
3529 3234 3736 3298 ordinavit.

546 3335 689 3401 tulit,
721 3343 779 3389 et
815 3334 882 3389 de
913 3347 980 3388 ea
1019 3332 1300 3387 mulierem
1330 3330 1586 3385 formavit
1614 3327 1778 3398 (Gen.
1815 3329 1940 3401 xu),
1973 3339 2033 3385 ut
2066 3345 2136 3385 ex
2240 3333 2525 3396 totamque
2560 3329 2840 3398 regionem
2872 3328 3018 3384 illam
3043 3329 3268 3387 Christo
3303 3331 3518 3387 Domino
3543 3337 3738 3384 consecra-

546 3441 736 3484 eorum
789 3423 1139 3481 immaculata
1170 3422 1356 3480 sobole
1396 3428 1766 3492 apostatarum
1797 3421 2137 3476 sarcirentur
2239 3416 2338 3482 vit,
2370 3426 2427 3472 et
2455 3417 2507 3472 in
2541 3420 2859 3476 servitutem
2889 3421 2982 3476 Dei
3011 3421 3063 3476 in
3094 3433 3415 3494 perpetuum
3444 3420 3671 3492 delegavit

545 3516 859 3589 angelorum
888 3517 1082 3571 ruinae.
1757 3516 1759 3518 ’
2311 3510 2400 3565 51.
2441 3509 2654 3567 Interea
2685 3512 2885 3569 talibus
2911 3514 3138 3570 instaret
3164 3517 3314 3572 curis
3345 3517 3465 3572 dum
3485 3522 3634 3586 pastor
3651 3508 3738 3565 heri-

616 3609 708 3666 29.
739 3609 887 3678 Quos
910 3610 963 3665 in
985 3608 1244 3682 paradiso
1261 3607 1585 3664 Deliciarum
1616 3608 1820 3678 posuit,
1835 3616 1972 3664 etex
1987 3609 2135 3664 omni
2241 3603 2330 3671 lis,
2361 3606 2625 3662 dimicans
2651 3607 2790 3663 bella
2812 3608 3248 3665 victoriosissimi
3280 3609 3456 3680 Regis,
3484 3617 3536 3662 ut
3553 3602 3738 3677 puellam!

545 3698 690 3769 ligno
721 3698 1009 3754 comedere
1045 3697 1236 3766 jussit,
1271 3705 1591 3766 tantumque
1632 3712 1664 3752 a
1698 3697 1846 3769 ligno
1876 3696 2138 3753 Scientiae
2246 3697 2483 3753 invictus
2502 3709 2556 3754 et
2582 3699 2762 3767 fortis,
2789 3702 3172 3773 triumphalem
3200 3691 3436 3774 palmam
3457 3699 3740 3772 martyriime-

546 3789 677 3846 boni
729 3795 786 3843 et
819 3787 948 3842 mali
985 3788 1266 3844 abstinere
1306 3785 1708 3852 mandavit,'nt
1756 3803 1855 3857 per
1881 3787 2140 3844 obcdien-
2240 3790 2350 3846 rito
2390 3805 2614 3862 compos
2657 3795 2711 3848 in
2756 3788 2859 3849 hOc
2901 3795 3062 3850 modo
3115 3796 3345 3851 contulit
3387 3795 3461 3851 illi
3503 3790 3638 3866 (5l'l).
3668 3788 3738 3843 Duo

548 3883 705 3948 tiam,
734 3881 853 3938 sine
881 3881 1064 3938 carnis
1090 3887 1287 3945 morte,
1315 3878 1384 3933 ad
1409 3877 1684 3935 cmlestem
1705 3880 2019 3951 angelorum
2044 3895 2146 3950 pa-
2242 3883 2509 3954 siquidem
2566 3883 2764 3942 fratres
2817 3888 3136 3958 nequissimi
3164 3930 3179 3955 ,
3210 3885 3213 3888 ’
3238 3889 3428 3946 Gallus
3470 3885 3668 3943 videlicet
3700 3893 3737 3933 ac

548 3975 711 4030 triam
745 3974 1072 4046 quandoque
1116 3972 1422 4044 potuissent
1449 3972 1702 4037 transire,
1733 3973 1779 4028 si
1826 3987 1887 4029 se
1933 3973 2137 4029 astrin-
2242 3974 2466 4031 Rioldus
2489 3978 2689 4042 vocati,
2717 3978 2977 4034 adversus
2997 3979 3141 4036 beati
3170 3979 3404 4036 famulos
3428 3979 3738 4035 insurrexerunt

550 4073 744 4137 gerent
768 4065 1055 4122 charitatis
1075 4062 1298 4120 vinculo
1327 4077 1424 4134 per
1467 4061 1840 4119 obedientiam
1887 4062 2137 4120 Creatori
2241 4063 2546 4132 Lantberti,
2584 4065 2878 4138 aflligentes
2906 4067 3026 4124 illos
3065 4069 3183 4124 dira
3226 4070 3526 4126 calamitate
3547 4075 3590 4123 et
3625 4060 3740 4118 mulir

547 4173 670 4214 suo.
695 4157 804 4213 Sed
833 4158 971 4228 proh
1001 4155 1186 4212 dolor!
1225 4154 1426 4211 invidia
1459 4154 1729 4225 serpentis
1751 4195 1768 4224 ,
1801 4156 1964 4211 homo
1987 4156 2143 4226 cupi-
2241 4154 2388 4226 plici.
2419 4155 2566 4222 Quos
2593 4171 2718 4212 cum
2765 4157 2996 4214 antistes
3023 4159 3452 4230 patientissimus
3477 4150 3737 4214 humillimis.

550 4252 778 4307 ditatum
810 4250 1023 4306 illectus
1049 4259 1134 4306 est
1155 4248 1453 4315 illecebris,
1485 4247 1674 4318 sicque
1717 4261 1814 4318 per
1849 4249 1952 4305 hoc
1975 4247 2140 4305 morti
2242 4257 2304 4304 ut
2350 4249 2772 4319 resipiscerent,
2825 4261 3080 4308 exoraret
3117 4255 3402 4324 precibus,
3432 4261 3483 4309 et
3517 4242 3740 4320 sapissimis

549 4343 838 4407 obnoxius,
866 4357 896 4396 a
921 4341 1176 4411 paradiso
1199 4349 1284 4396 est
1320 4341 1546 4410 ejectus.
2245 4349 2496 4412 argueret
2535 4341 3000 4413 increpationibus
3023 4384 3041 4412 ,
3073 4353 3225 4403 tanto
3253 4345 3565 4419 pertinacius
3595 4354 3738 4412 gregem

622 4433 734 4488 Nec
783 4433 928 4489 solus
983 4430 1244 4487 meritam
1278 4443 1639 4503 praesumptor
1691 4439 1937 4488 senserat
1981 4433 2138 4499 iram,
2243 4431 2502 4490 Ecclesiae
2529 4433 2884 4500 dilaniabant,
2913 4447 3117 4506 quanto
3141 4439 3458 4508 patientius,
3488 4444 3540 4491 ut
3562 4430 3740 4489 ovrsDn

550 4525 644 4580 sed
677 4538 862 4579 secum
891 4537 1107 4577 omnem
1136 4523 1352 4592 generis
1383 4523 1466 4577 sui
1498 4522 1662 4577 traxit
1685 4522 2059 4593 propaginem,
2087 4531 2144 4579 et
2169 4577 2224 4598 ἢ
2247 4524 2404 4591 mini,
2435 4539 2622 4579 eorum
2658 4526 2921 4581 saevitiam
2964 4528 3330 4598 perferebant.
3360 4529 3596 4598 Quocirca
3627 4518 3725 4593 ponti

553 4616 608 4670 in
675 4613 941 4668 mortiferi
1001 4611 1257 4667 facinoris
1317 4612 1518 4667 invexit
1574 4613 1947 4669 acerbitatem.
2006 4614 2145 4670 Hinc
2169 4577 2225 4640 Β
2249 4615 2369 4673 ficis
2405 4617 2633 4674 clientes
2672 4627 2728 4675 et
2759 4577 2992 4691 cognatir
3003 4621 3096 4691 qui
3135 4631 3294 4677 erant
3321 4577 3553 4692 prosapia
3590 4610 3736 4670 nobilis-

554 4706 735 4761 mundi
769 4705 1018 4774 princeps
1040 4701 1287 4758 homines
1312 4702 1417 4758 sibi
1447 4703 1686 4759 subdidit
1713 4719 1902 4761 omnes
1929 4745 1944 4770 ,
1977 4705 2149 4761 donec
2251 4715 2372 4769 simi
2403 4755 2416 4780 ,
2487 4713 2776 4770 afﬂictione
2828 4715 3191 4788 subjectorum
3252 4710 3586 4787 instigantur,
3624 4715 3663 4762 et
3706 4711 3737 4751 υι

552 4798 631 4864 is,
663 4797 754 4866 qui
785 4796 896 4868 egit
925 4794 1097 4865 (516),
1125 4809 1346 4850 carnem
1391 4795 1458 4851 de
1488 4794 1707 4868 Virgine
1748 4799 2007 4867 sumpsit,
2041 4813 2148 4869 qua
2253 4805 2528 4861 maleficos
2555 4806 2807 4876 persequi
2837 4805 3091 4872 debeant,
3120 4821 3187 4863 eo
3215 4807 3507 4878 ignorante,
3547 4788 3736 4854 communi

556 4888 806 4945 homines
849 4887 1138 4942 redimeret
1183 4901 1214 4940 a
1259 4894 1412 4941 reatu
1451 4888 1954 4957 praevaricationis,
1987 4903 2143 4958 quem

2254 4899 2481 4954 consilio
2503 4899 2826 4955 deliberant.
2852 4900 2986 4955 Nam
3011 4901 3438 4970 supradictornm
3460 4896 3644 4953 fratrum
3665 4897 3737 4953 Pw

551 4995 653 5052 pro
674 4976 992 5032 infirmitate
1013 4977 1197 5032 carnis
1219 4977 1423 5031 malitia
1444 4977 1621 5033 callidi
1644 4980 1931 5033 seduxerat
1955 4980 2147 5036 hostis.
2253 4991 2422 5046 ten-ia
2451 5001 2754 5057 crescente,
2797 5004 2852 5046 et
2880 4993 2930 5047 in
2975 4991 3172 5046 malum
3202 4993 3528 5062 perdurante,
3553 4982 3734 5042 virosgr

553 5069 725 5139 Quem
772 5085 899 5124 vero
936 5083 1001 5123 ex
1038 5066 1200 5124 Patre
1237 5076 1421 5123 natum
1463 5069 1573 5124 dixi
1615 5071 1732 5126 sine
1777 5079 2048 5141 tempore,
2081 5087 2146 5126 ex
2253 5095 2385 5136 nere
2436 5082 2850 5146 famosissimas,
2893 5082 3058 5136 armis
3098 5083 3435 5152 conspicuos,
3468 5078 3527 5130 ab
3565 5068 3734 5152 inclmato

556 5164 874 5218 intemerata
921 5161 1204 5234 genitrice,
1256 5159 1424 5215 Maria
1472 5161 1722 5218 videlicet
1767 5177 1981 5234 semper
2026 5162 2150 5218 Vir-
2254 5190 2419 5244 ορριιθ
2450 5191 2791 5245 nequaquam
2824 5177 3086 5248 (abundat
3116 5150 3717 5248 ηεηάηηαηωρερίεηςειιὶ

554 5253 700 5326 gine,
733 5261 891 5310 natus
917 5261 1002 5310 est
1039 5253 1092 5308 in
1128 5261 1386 5324 tempore,
1420 5262 1477 5308 et
1500 5255 1588 5322 ad
1625 5255 1811 5311 electri
1843 5256 2150 5311 sirnilitudi-
2257 5281 2404 5320 mum
2437 5282 2715 5322 revocare,

634 5407 782 5489 ςὸη)
814 5406 1324 5493 Τςξιθηειτῑξςᾳιξξιιη
1346 5406 1899 5493 θηξΉῑθεξαιιάτῖίιητ,
1927 5406 2143 5493 ΪοΧιιητ
2251 5417 2610 5476 Christianam
2652 5421 3012 5493 explicantem
3049 5420 3269 5476 inducit.

562 5479 740 5534 driam
772 5479 1051 5541 scribunt,
1090 5479 1256 5548 Belgii
1311 5487 1518 5533 tractus
1553 5487 1654 5541 est,
1706 5479 1859 5548 cujus
1901 5479 2038 5534 situs
2089 5488 2143 5534 ct

559 5548 916 5654 ἒῖἱηὶίθῗςῗωἛ
929 5548 2143 5654 μῗλῖξθίξίῗέξῗεῗῗ.ἓιξῗὲἰνίδξῖ;ΧΞ¹’⁵ᾞοῗΞξῖἱξ⁵ἐῖ.¹.Ξῖἳζ

2322 5509 2458 5582 (516
2509 5511 2564 5566 id
2594 5522 2700 5578 est,
2723 5479 2811 5584 qui
2835 5513 2953 5583 fecit
2985 5528 3076 5568 seu
3103 5511 3288 5566 creavit
3312 5509 3541 5563 homines.
3701 5557 3709 5566 ,

2320 5514 2469 5654 (5ης
2512 5582 2716 5639 Vitiosa
2743 5595 2827 5638 est
2872 5585 2983 5638 haec
3026 5583 3296 5652 periodus,
3326 5573 3724 5654 quarmtameagfff:

563 5634 690 5674 nem
743 5619 829 5672 vix
903 5619 1075 5675 tribus
1118 5619 1474 5675 'rnilliaribus.
1535 5620 1670 5676 Hinc
1735 5619 2143 5677 Texandrorum

563 5689 794 5760 apostoli
825 5703 1017 5760 nomen
1040 5692 1360 5760 promeruit.
1987 5717 1996 5724 -

635 5759 786 5831 (5l5)
820 5757 1014 5833 Subdit
1041 5757 1130 5816 hic
1155 5760 1422 5833 prolixum
1458 5762 1631 5818 sancti
1675 5762 1912 5833 episc0pi
1939 5779 2144 5820 sermo-

563 5828 832 5916 nemquo
862 5828 1170 5908 Stephanus
1197 5831 1371 5897 ipsum
1402 5847 1498 5898 pro
1521 5849 1620 5891 suo
1655 5828 1815 5891 sensu
1843 5828 2144 5895 doctrinam

2245 5632 2716 5776 Ptorisilnteiitem‘
3425 5632 3722 5722 Chapeavillutlt

2265 5723 2443 5776 eaitur
2490 5741 2502 5776 :
2549 5721 2796 5776 Palmam
2845 5726 3087 5776 marturii
3137 5724 3368 5776 Christus
3421 5718 3625 5774 Domum
3661 5702 3719 5752 "0‘

2265 5702 2443 5800 ἔδῧῶ
3421 5702 3625 5774 Domina
3661 5702 3719 5752 i105

2248 5793 2403 5856 modo
2428 5793 2675 5852 contulit.
