3848 5752
31 297 135 358 657

1179 303 1270 362 DE
1313 301 1470 362 VITA
1510 300 1756 362 SANC'I‘I
1794 302 2162 364 LAMBERTI.

3195 309 3300 370 658

91 410 184 468 δε.
224 407 364 478 Quid
387 409 590 482 plura?
631 410 756 470 lllos
778 409 922 470 bello
946 412 1316 486 obpetterunt,
1345 426 1606 488 utrosque
1636 422 1682 482 Α
1710 415 1975 473 Viderunt
2002 417 2163 488 plane
2206 417 2419 490 signum
2448 418 2697 476 mirabile
2749 418 2920 476 instar
2969 433 3148 477 crucis
3190 421 3299 478 Du-

25 504 214 562 mortis
266 504 478 574 piaculo
524 505 858 564 indiderunt.
905 506 1114 575 Quibus
1160 509 1234 563 ita
1272 509 1614 582 interemptis

24 605 79 650 et
118 595 171 650 in
218 595 416 651 inferni
440 597 756 655 barathrum
785 597 1072 666 demersis,
1105 599 1254 656 Dodo
1284 599 1490 666 infelix,
1516 615 1613 658 eo-

25 701 174 753 rum,
201 686 292 756 qui
321 687 531 742 multati
559 687 792 755 fuerant,
829 689 1112 759 proximus
1158 685 1613 756 aflinis,'haeredi—

25 784 186 831 tatem
213 777 414 834 infandi
443 781 682 851 suscepit
703 781 967 838 criminis.
993 782 1394 839 Persecutionis
1417 784 1614 855 quippe

23 866 418 923 successionem
465 871 533 924 ad
575 869 878 926 satiandam
923 872 1005 926 sui
1055 871 1255 929 furoris
1301 874 1613 928 immanita-

23 965 148 1025 tem,
200 972 306 1014 non
358 967 540 1015 tamen
573 961 640 1015 ad
671 975 784 1016 suae
812 961 1068 1019 utilitatis
1096 963 1302 1034 recepit
1327 962 1615 1018 incolumi-

23 1056 204 1104 tatem.
237 1049 336 1105 llic
379 1065 614 1121 namque
641 1052 894 1122 superbia
923 1053 1180 1120 tumidus,
1226 1043 1468 1111 consiliis
1510 1053 1610 1108 ha-

22 1141 144 1196 bitis
187 1149 244 1197 et
281 1141 451 1198 armis
478 1142 684 1214 rigidus
718 1142 867 1215 (518)
918 1143 1124 1200 lethum
1167 1145 1311 1201 beati
1353 1145 1614 1201 antistitis

18 1233 298 1290 Lantberti
345 1237 412 1290 ob
460 1235 990 1305 consanguineorum
1021 1252 1209 1292 necem
1256 1237 1420 1292 corde
1448 1235 1615 1306 cmpit

17 1329 294 1396 meditari,
345 1339 400 1384 et
428 1329 529 1400 ipsi
578 1345 744 1401 opere
791 1331 1057 1387 insidiari.
1107 1330 1261 1388 Unde
1302 1331 1403 1387 sibi
1435 1331 1613 1386 socios

15 1421 276 1493 copulans
318 1424 580 1479 audacter
624 1423 839 1494 iniquos
878 1433 931 1480 et
958 1424 1026 1480 ad
1051 1424 1407 1497 prailiandum
1430 1421 1614 1478 fortis-

19 1515 204 1595 simus,
235 1513 495 1569 Leodium
525 1515 756 1580 adierat,
782 1531 891 1586 quo
915 1516 1114 1572 caelebs
1134 1515 1280 1588 (519)
1311 1517 1396 1572 his
1423 1515 1614 1572 diebus

21 1605 154 1661 forte
199 1607 475 1662 manebat.
521 1605 726 1662 Eadem
773 1616 934 1663 nocte
959 1607 1205 1678 pontifex
1229 1607 1610 1679 dignissimus.

18 1712 212 1754 corona
255 1699 500 1772 martyrii
528 1697 924 1770 sublimandus,
953 1699 1158 1755 relictis
1199 1699 1251 1753 in
1278 1697 1439 1754 domo
1461 1713 1615 1767 sopoo

1717 509 1932 566 minica:
1984 525 2150 581 supra
2212 511 2432 567 domum
2496 511 2790 583 pontificiis
2851 512 3114 578 rutilare,
3158 514 3303 584 quod

1713 620 1826 676 pra:
1879 603 2163 674 splendore
2205 604 2470 662 claritatis
2509 621 2609 662 nec
2648 606 2768 660 visu
2811 616 2931 662 erat
2982 605 3137 661 facile
3203 620 3306 662 nec

1715 697 1861 751 dictu
1904 695 2120 752 affabile
2159 695 2453 768 (effabile)
2496 696 2609 751 ulli.
2669 696 2781 753 Hoc
2833 697 3018 766 utique
3057 695 3306 752 Christus

1715 785 1978 844 Dominus
2006 788 2130 844 ideo
2161 789 2333 844 voluit
2379 797 2654 845 ostentare
2711 788 3052 854 mortalibus,
3099 797 3159 843 nt
3204 803 3309 859 per

1715 879 1769 938 id
1797 880 2002 952 liquido
2036 882 2256 937 daretur
2303 881 2529 952 intelligi
2576 881 2725 938 illum
2769 882 3037 939 veraciter
3089 882 3305 938 redem-

1714 980 1865 1042 ptum
1904 972 2166 1043 sanguine
2194 971 2415 1035 Christi,
2467 967 2630 1044 atque
2677 973 2996 1029 crucifixum
3024 972 3311 1030 desideriis

1715 1065 1923 1122 mundi.
1973 1065 2108 1121 Cum
2151 1074 2332 1121 autem
2369 1065 2519 1122 Dodo
2561 1064 2952 1132 ferocissimus,
2995 1066 3166 1123 armis
3207 1081 3308 1122 ne-

1715 1160 1900 1231 quitite
1946 1161 2223 1217 accinctus
2242 1201 2258 1226 ,
2296 1160 2499 1230 junctis
2527 1161 2628 1217 sibi
2657 1161 2904 1216 nefandis
2929 1161 3308 1232 complicibus,

1714 1250 1783 1305 ad
1828 1248 2010 1304 villam
2053 1249 2392 1321 pervenisset
2424 1249 2675 1320 superius
2718 1249 3093 1316 nominatam,
3141 1249 3311 1320 coepit

1716 1340 1966 1418 minister
2011 1341 2230 1396 malitiae
2279 1357 2428 1396 arma
2479 1354 2834 1411 concrepare,
2887 1341 3070 1397 socios
3114 1356 3312 1411 provo-

1714 1447 1861 1498 care,
1891 1442 1946 1488 et
1991 1443 2238 1489 sanctum
2289 1433 2382 1489 Dei
2411 1433 2749 1489 sacerdotem
2794 1432 3149 1502 hacillacque
3169 1433 3312 1488 bac-

1713 1524 1926 1580 cbando
1960 1522 2295 1595 perquirere.
2344 1524 2482 1580 Hinc
2519 1524 2814 1590 satellites,
2861 1524 3049 1579 vesani
3099 1523 3310 1580 lictoris
3361 1592 3372 1599 η

1705 1614 1877 1685 jussis
1903 1617 2360 1683 obsecundantes,
2394 1615 2632 1674 effractis
2671 1617 2878 1672 foribus
2903 1657 2918 1682 ,
2946 1616 3316 1687 disruptisque
3355 1601 3378 1646 ’³

1713 1708 1955 1779 sepibus,
1986 1709 2127 1765 sicut
2154 1709 2297 1766 inter
2340 1724 2471 1766 oves
2499 1709 2633 1780 lupi,
2663 1718 2870 1766 cortem
2898 1708 3158 1765 atrociter
3186 1714 3319 1766 sunt

18 1791 146 1846 ratis
189 1791 492 1857 sodalibus,
547 1791 614 1847 ad
657 1789 962 1847 orationem
1008 1791 1253 1862 perrexit
1297 1789 1573 1846 solitarius
1598 1829 1614 1856 ,
1644 1789 1694 1850 B
1721 1803 1969 1875 ingressi.

19 1897 173 1952 quam
204 1883 508 1939 diutissime
530 1881 859 1954 producens,
885 1891 940 1938 et
965 1881 1374 1953 infatigabiliter
1396 1878 1609 1952 persol-

17 1986 163 2038 vens,
207 1973 278 2029 ad
299 1972 435 2029 lucis
482 1972 861 2043 crepusculum
903 1987 1076 2044 usque
1097 1971 1385 2045 protelavit
1421 1978 1611 2029 totam-

19 2080 116 2136 que
139 2081 290 2138 spem
318 2081 472 2123 suam
500 2065 731 2124 Domino
755 2055 1052 2124 commisit.

119 2177 315 2250 [gneus
336 2179 634 2250 astrigeras
659 2175 774 2248 jam
801 2177 882 2234 sol
908 2177 1265 2250 migrabatgad
1291 2191 1467 2250 arces,

115 2247 370 2306 Crinibus
391 2258 448 2306 et
478 2247 935 2305 roseis’tenebras
961 2247 1156 2304 aurora
1181 2247 1424 2319 fngabat,

16 2359 144 2418 Cum
186 2355 352 2418 Pater
392 2360 765 2418 memorabilis
803 2361 1024 2417 domum
1051 2359 1289 2430 repetiit,
1318 2357 1613 2428 discipulos

15 2466 41 2507 a
67 2468 272 2511 somno
313 2454 592 2518 excitavit,
620 2462 678 2508 et
706 2460 767 2507 ut
793 2451 1146 2508 matutinales
1169 2452 1402 2524 hymnos
1429 2465 1613 2506 secura

15 2554 302 2614 canerent,
334 2546 539 2603 eisdem
569 2546 876 2617 imperavit.

69 2640 165 2696 3'5.
209 2639 429 2707 Quibus
473 2649 716 2705 strenuo,
768 2647 824 2694 et
875 2638 1022 2694 velut
1067 2639 1312 2704 decebat,
1363 2638 1640 2709 religiose,

15 2731 321 2804 completis,
364 2732 479 2804 ipse
509 2733 767 2790 Dominus
793 2730 1015 2803 jejuniis
1039 2743 1094 2788 et
1136 2731 1474 2806 orationibus
1500 2738 1618 2786 erat

15 2823 248 2879 nimium
278 2821 536 2894 fatigatus
560 2842 574 2878 :
620 2838 728 2894 qua
751 2824 817 2879 de
841 2838 900 2878 re
933 2823 1147 2878 famulis
1174 2824 1614 2895 suggerentibus,

17 2912 311 2970 adlectum
367 2914 576 2986 regredi
606 2923 690 2970 est
731 2914 1065 2985 compulsus,
1108 2923 1378 2985 quatenus
1404 2905 1634 2968 lassituA

19 3006 194 3063 dinem
236 3007 419 3061 vexati
466 3007 716 3078 corporis
758 3007 1074 3078 quantisper
1113 3007 1296 3077 quiete
1340 3005 1618 3060 alleviaret

21 3098 248 3169 soporis.
272 3095 381 3154 Sed
405 3096 608 3153 frustra
635 3096 711 3153 ibi
735 3096 1015 3168 quaerebat
1059 3097 1328 3163 levamen,
1358 3096 1447 3151 ubi
1493 3096 1615 3150 nul-

23 3195 124 3244 lam
192 3187 413 3246 volebat
479 3189 684 3245 habere
771 3187 1074 3245 mollitiem.
1143 3186 1354 3258 Corpus
1414 3171 1688 3242 etenimC

23 3297 204 3349 suum,
234 3282 380 3352 quod
427 3296 527 3353 per
567 3281 710 3337 diem
735 3281 853 3337 sine
898 3280 1218 3336 remissione
1265 3279 1614 3345 macerabat,

25 3389 112 3444 per
149 3381 367 3431 noctem
393 3373 511 3430 sine
547 3373 952 3430 intermissione
998 3371 1287 3444 affligebat.
1334 3371 1620 3427 Mundatus

27 3481 208 3540 nempe
236 3467 442 3523 dudum
485 3482 644 3523 sacro
668 3467 1017 3537 baptismate,
1055 3466 1378 3522 sublimatus
1402 3467 1618 3520 demum

29 3557 345 3615 tacerdotali
375 3557 810 3624 consecratione,
854 3557 1114 3628 parat-leti
1157 3556 1392 3626 Spiritus
1420 3571 1619 3627 purga-

31 3648 180 3706 batur
232 3650 620 3716 illustratione,
666 3649 932 3705 candidus
980 3647 1050 3704 ad
1097 3646 1349 3704 ultimum
1400 3646 1620 3719 proprio

33 3754 232 3800 cruore.
287 3742 541 3800 Nondum
606 3757 737 3798 vero
786 3741 1160 3798 obdormierat
1190 3781 1208 3807 ,
1249 3740 1343 3796 sed
1406 3739 1622 3796 felicius

33 3836 297 3905 quiescere
351 3835 726 3907 exspectabat,
767 3851 890 3890 cum
943 3850 1084 3891 unus
1131 3833 1280 3906 (520)
1327 3849 1358 3890 e
1404 3833 1621 3888 famulis

35 3928 176 3985 domo
204 3927 363 3984 foras
389 3928 540 3991 exiit,
574 3936 630 3982 et
652 3926 905 3983 hostilem
933 3940 1163 3982 cuneum
1187 3926 1403 3980 eminus
1433 3925 1621 3980 venire

37 4021 311 4092 conspexit.
350 4019 422 4074 At
447 4019 561 4090 ipse
586 4018 832 4074 concitus
871 4017 1014 4074 intro
1045 4017 1226 4082 rediit,
1273 4025 1348 4082 et,
1377 4016 1506 4087 quid
1534 4016 1620 4070 vi-

39 4110 180 4179 derit,
222 4113 345 4168 suis
397 4110 688 4168 comitibus
733 4111 987 4166 nuntiare
1034 4125 1143 4165 non
1187 4108 1415 4166 dismlit.
1468 4106 1620 4163 Tunc

41 4215 210 4261 omnes
235 4204 310 4260 illi
339 4205 398 4261 in
423 4213 704 4276 stuporem
726 4201 1037 4260 formidinis
1065 4201 1248 4257 subito
1278 4200 1442 4266 versi,
1469 4200 1622 4256 dom-

43 4309 152 4352 num
177 4297 493 4368 pontificem
525 4313 634 4352 non
668 4295 888 4351 fuerunt
929 4293 1174 4350 excitare
1216 4291 1354 4347 ausi.
1383 4290 1619 4346 Praesto-

44 4382 118 4440 lati
142 4396 264 4443 sunt
301 4387 400 4444 diu
425 4387 674 4454 silenter,
699 4387 874 4443 donec
904 4384 1402 4458 appropinquarent
1428 4383 1620 4438 adver-

47 4482 155 4537 sarii
185 4485 490 4540 venientes.

99 4573 182 4630 51.
212 4575 320 4632 Sed
367 4590 545 4646 neque
591 4573 1001 4631 transiliendum
1043 4581 1197 4646 puto,
1225 4572 1368 4643 quod
1397 4569 1623 4643 quibus-

49 4666 148 4723 iam
205 4670 511 4727 exercitum
557 4671 909 4741 sequentibus
960 4685 991 4724 a
1045 4679 1196 4741 tergo
1237 4666 1622 4740 omnipotentis

51 4756 122 4814 Dei
144 4763 379 4818 ostendit
401 4762 687 4819 celsitudo.

137 4873 354 4930 Edicam
383 4875 624 4947 scriptis,
650 4875 898 4933 clamabo
919 4877 1141 4934 vocibus
1163 4875 1308 4944 altis,

135 4963 298 5024 Totus
326 4968 398 5024 ab
425 4967 637 5041 integro
680 4968 998 5026 smculornm
1029 4978 1218 5027 noscat
1259 4978 1319 5025 ut
1355 4969 1510 5027 ordo.

106 5124 246 5196 (5l8)
276 5123 354 5180 lta
403 5124 613 5181 restitui
657 5139 724 5178 ex
769 5123 1139 5196 Chapeavillo,
1168 5137 1292 5196 eum
1344 5121 1396 5196 in
1431 5122 1620 5180 codice

59 5193 215 5320 tostrlo
229 5193 493 5254 mendose
518 5198 792 5270 legeretur
819 5207 835 5248 :
863 5195 1105 5250 consiliis
1129 5194 1345 5250 habitus
1371 5193 1425 5248 et
1451 5195 1618 5251 armis

61 5279 155 5320 ll‘lll
196 5283 273 5320 us.

61 5279 273 5334 ll‘lgldllS.

109 5337 245 5410 (519)
283 5338 358 5410 ita
385 5339 542 5410 etiam
579 5338 751 5396 habet
777 5335 1176 5410 Chapeavillus.
1205 5334 1350 5410 idem
1394 5334 1618 5410 Stepha-

63 5419 138 5462 tus
175 5407 236 5464 de
279 5408 337 5464 S.
383 5408 664 5466 Lantberlo
721 5422 886 5477 agens
931 5409 1109 5466 denuo
1156 5407 1344 5467 utitur,
1403 5407 1503 5463 sic’
1533 5410 1619 5464 in-

65 5479 223 5551 |uiens
248 5498 261 5534 τ
295 5478 551 5536 Cathedra
580 5482 668 5551 vir,
695 5477 877 5551 ctelefis
905 5479 1133 5548 ejicitur.
1158 5477 1616 5551 Forteinsignem

67 5546 205 5604 iancti
244 5552 546 5607 castitatem
583 5549 760 5608 voluit
794 5546 1093 5616 denotare,
1145 5549 1229 5605 vel
1273 5546 1510 5606 alludere
1549 5552 1615 5607 ad

67 5620 180 5693 locis
217 5632 452 5692 elymon,
481 5623 544 5679 de
575 5622 703 5692 quo
730 5619 931 5693 Festus
951 5626 1092 5693 apud
1141 5622 1437 5677 Robertum
1489 5623 1614 5679 Ste-

69 5685 288 5735 ὤπυιε-η’
312 5693 362 5735 in
413 5685 668 5734 ιιιοοο-ηἶοη
719 5693 844 5744 ait:
891 5685 1136 5750 Cwiibem
1184 5693 1382 5747 dictum
1436 5696 1620 5752 exiui-

1781 1915 1872 1972 35.
1912 1916 2180 1975 Continuo
2209 1918 2557 1987 Lantbertus,
2611 1921 2705 1978 Dei
2751 1922 3060 1994 agonitheta
3085 1919 3319 1978 fortissi-

1711 2023 1856 2073 mus,
1906 2024 2183 2065 armorum
2231 2013 2620 2083 congressione
2670 2013 3080 2085 expergefactus
3135 2010 3313 2084 (521),

1713 2113 1744 2152 a
1786 2098 1926 2155 lecto
1971 2103 2232 2166 surrexit,
2261 2117 2444 2157 ensem
2491 2119 2653 2159 manu
2697 2104 2982 2174 corripuit,
3039 2111 3095 2159 et
3123 2110 3316 2158 contra

1715 2191 1905 2247 hostes
1976 2193 2242 2250 dimicare
2307 2193 2647 2250 deliberavit.
2696 2194 2808 2250 Nec
2853 2210 3005 2250 mora
3050 2193 3259 2250 exstitit

1715 2285 2042 2340 sententiam
2081 2287 2280 2357 prioris
2320 2287 2488 2343 animi
2522 2290 2788 2354 mutavit,
2833 2289 3069 2360 gladium
3121 2289 3174 2343 in
3207 2297 3315 2344 ter-

1717 2393 1834 2431 ram
1864 2375 2174 2447 projiciens,
2226 2387 2282 2434 et
2330 2379 2448 2435 haec
2495 2381 2661 2436 corde
2696 2379 2880 2436 dicens
2914 2399 2927 2435 :
2981 2400 2998 2432 ‹
3035 2380 3196 2450 Eripe
3226 2395 3318 2436 me

1715 2467 1784 2524 de
1814 2468 2052 2524 inimicis
2083 2470 2237 2536 meis,
2269 2470 2412 2526 Deus
2439 2486 2613 2537 meus,
2641 2481 2697 2528 et
2717 2472 2786 2526 ab
2819 2471 3229 2542 insurgentibus
3259 2472 3318 2528 in

1717 2580 1804 2618 mc
1832 2563 2002 2621 libera
2051 2582 2138 2622 me
2179 2581 2194 2620 :
2235 2568 2492 2639 quoniam
2524 2585 2704 2641 neque
2745 2570 3004 2640 iniquitas
3039 2585 3181 2635 mea,
3225 2585 3325 2626 ne-

1717 2673 1824 2727 que
1854 2667 2141 2728 peccatum
2171 2668 2280 2727 est,
2326 2670 2547 2732 propter
2597 2662 2739 2732 quod
2774 2663 3192 2720 insurrexerunt
3223 2662 3319 2717 ad-

1718 2764 1937 2806 versum
1967 2765 2054 2805 me
2084 2748 2254 2806 fortes
2280 2752 2556 2823 et-iniqni.
2618 2754 2757 2810 Ecce
2789 2753 3086 2827 Synagoga:
3127 2764 3321 2823 poten-

1719 2845 1852 2900 tium
1906 2854 2157 2915 quaerunt
2205 2847 2443 2903 animam
2492 2863 2692 2914 meam,
2727 2863 2890 2918 quam
2944 2847 3207 2919 deprecor
3260 2853 3326 2903 ut

1719 2938 1988 3008 suscipias
2031 2939 2084 2994 in
2129 2954 2301 3010 pace,
2349 2939 2442 3009 qui
2485 2954 2546 2994 es
2580 2939 2871 2996 miserator
2896 2949 2951 2994 et
2989 2939 3323 3006 misericors,

1722 3031 1951 3087 Domine
1977 3029 2149 3103 (Psal.
2188 3033 2364 3095 LVIII).
2411 3052 2431 3086 ι
2477 3031 2605 3090 Haec
2662 3034 2846 3105 itaque
2895 3050 3018 3093 cum
3067 3033 3329 3106 lacrymis

1720 3123 1782 3179 Β.
1813 3124 2108 3180 Lantberto
2139 3124 2480 3196 implorante,
2516 3125 2667 3196 impii
2699 3125 3039 3197 apparitores
3077 3125 3326 3195 procaci-

1723 3226 1805 3271 ter
1843 3215 2173 3284 fremebant,
2205 3217 2530 3289 lanceasque
2551 3218 2852 3290 parietibus
2897 3218 3218 3288 infigebant,
3264 3225 3324 3272 et

1719 3308 1936 3363 domum
1964 3318 2252 3378 penetrare
2273 3310 2575 3365 tentabant.
2601 3310 2673 3364 At
2719 3310 2826 3366 duo
2856 3318 3082 3380 nepotes
3126 3309 3318 3379 ipsius,

1717 3397 1911 3454 Petrus
1931 3399 2182 3455 videlicet
2205 3408 2370 3470 atque
2395 3400 2725 3467 Audolecus,
2758 3399 2972 3456 fortiter
2990 3399 3072 3456 eis
3102 3400 3324 3456 resiste-

1719 3493 1869 3557 bant,
1902 3492 1993 3561 qui
2026 3493 2244 3547 domum
2296 3491 2501 3548 intrare
2555 3494 2828 3548 volebant.
2861 3492 3068 3560 Quibus
3099 3494 3174 3548 ita
3207 3493 3317 3548 fre-

1720 3583 1991 3640 mentibus
2033 3594 2089 3640 et
2121 3583 2350 3640 viriliter
2380 3583 2665 3655 agentibus
2721 3585 2803 3638 vir
2857 3584 3036 3655 inquit
3079 3582 3321 3639 serenis-

1720 3675 1890 3730 simus
1934 3693 1948 3729 :
1991 3674 2048 3730 Si
2079 3689 2185 3741 me,
2217 3675 2332 3741 filii,
2371 3675 2632 3732 hactenus
2693 3676 2962 3732 veraciter
3025 3674 3316 3742 dilexistis,

1720 3782 1864 3822 nunc
1907 3766 2121 3822 consilii
2168 3767 2275 3823 mei
2322 3767 2538 3824 obedite
2584 3769 2891 3839 praeceptis.
2945 3767 3137 3824 Vestra
3189 3766 3325 3825 Jesu'

1719 3868 1942 3927 precata
1969 3859 2329 3927 confitemini,
2358 3869 2412 3914 et
2454 3869 2607 3915 orate
2636 3875 2734 3930 pro
2765 3861 3022 3928 invicem,
3050 3869 3110 3915 ut
3146 3859 3319 3915 salve-

1721 3949 1875 4003 mini.
1901 3949 1992 4004 Sic
2021 3959 2210 4020 pastor
2245 3960 2468 4006 sanctus
2495 3950 2650 4005 dixit.
2681 3950 2884 4005 Contra
2913 3951 2992 4007 sic
3015 3950 3320 4006 Audoletus

1721 4042 2003 4112 respondit
2030 4061 2042 4096 z
2092 4042 2296 4114 ignem,
2324 4041 2488 4098 Pater
2515 4043 2860 4108 charissime,
2889 4043 3070 4113 ignem
3097 4042 3317 4098 minan-

1723 4144 1812 4190 tur
1838 4133 2076 4201 mittere,
2107 4149 2214 4205 quo
2245 4135 2440 4191 domus
2467 4135 2584 4191 hac
2615 4133 2959 4202 incendatur,
2999 4143 3056 4190 et
3079 4149 3179 4190 nos
3208 4147 3314 4204 pa-

1723 4225 1858 4280 riter
1891 4239 2206 4279 exuramur.

1790 4316 1879 4373 36.
1912 4316 1995 4371 Ad
2032 4318 2148 4372 haec
2185 4317 2269 4372 vir
2294 4316 2623 4374 venerabilis
2653 4315 2790 4372 dixit
2831 4333 2844 4370 :
2879 4313 3054 4372 Nolite
3085 4315 3302 4384 timere,

1720 4407 1839 4472 filii,
1896 4405 2140 4462 flammas
2191 4407 2424 4464 incendii
2481 4415 2688 4470 :certe,
2724 4416 2916 4478 potens
2964 4416 3048 4463 est
3092 4407 3316 4462 dextera

1650 4499 1820 4602 DDei
1877 4499 2086 4570 eripere
2132 4515 2234 4556 nos
2295 4517 2326 4555 a
2381 4500 2622 4570 periculo
2675 4498 3001 4555 imminenti.
3049 4498 3206 4566 Illos,
3259 4507 3319 4556 ut

1728 4595 1918 4660 timeo,
1948 4592 2276 4664 sempiterna
2323 4592 2512 4648 induet
2552 4589 2842 4649 confusio:
2892 4607 3057 4662 super
3099 4609 3218 4656 nos,
3261 4597 3322 4645 ut

1728 4687 1911 4752 credo,
1944 4686 2038 4742 Dei
2074 4683 2340 4742 cfllorebit
2385 4683 2768 4742 sanctificatio.
2792 4683 3049 4740 Attamen
3076 4700 3194 4748 vos,
3225 4683 3318 4751 qui

1728 4780 1807 4837 rei
1866 4779 2044 4837 fuistis
2094 4779 2148 4835 in
2199 4779 2426 4835 crimine
2481 4777 2672 4854 (5‘22),
2725 4778 3052 4832 sententiam
3101 4774 3323 4830 ultionis

1727 4872 1890 4929 modo
1935 4872 2183 4944 recipite,
2234 4888 2302 4928 ne
2344 4887 2443 4928 vos
2485 4869 2772 4929 infernalis
2821 4871 3026 4924 cruciet
3059 4868 3327 4942 gehenna,

1726 4967 1821 5023 sed
1887 4969 2135 5040 expiatos
2189 4965 2447 5038 perennis
2512 4962 2762 5033 excipiat
2824 4963 2956 5016 vita.
3013 4958 3091 5014 ita
3142 4969 3337 5012 omnes

1801 5120 1953 5194 (5‘20)
1991 5119 2294 5194 Baldoveus
2344 5116 2390 5173 is
2432 5130 2581 5187 erat,
2655 5117 2803 5166 teste
2867 5103 3226 5165 Godeschalco
3288 5103 3351 5150 in

1728 5191 1848 5248 Vita
1879 5191 1950 5251 de
1978 5195 2040 5251 Β.
2078 5193 2388 5248 Lantberto.
2855 5249 2878 5251 _
2944 5249 2952 5251 4
3052 5248 3062 5251 ,
3119 5244 3132 5251 _
3341 5234 3356 5251 ρ

1980 5244 2384 5339 ᾗῖεῖὰἰέὸὲὸριιι
2413 5244 3362 5339 Stephanas__a_Godeschalchgl“§

1728 5335 1784 5390 in
1803 5309 3136 5402 Ἐξ¹ιζεὶᾘιῦἐῑῐίιῖιῖξἠῐὲῗὶἷέιιοτυωεεμῖορὶωρ
3161 5309 3368 5402 ,ἐξέΑέ

1724 5379 2773 5468 ﬁsttib've‘é"?"sitféic'iiétum
2826 5379 2961 5446 dicit
2977 5379 3019 5456 ;’
3038 5379 3133 5445 sed
3160 5379 3375 5441 Godes—

1722 5477 1917 5552 chalci
1940 5482 2120 5552 potior
2146 5485 2229 5552 est
2257 5477 2594 5552 auctoritas.

1822 5549 1936 5606 522

1799 5547 1959 5640 (5292
1992 5555 2096 5609 Per
2133 5548 2337 5602 crimen
2383 5547 2726 5626 qodcscuai.

1721 5619 1897 5699 lum,__
1921 5623 2238 5699 Stephanus
2275 5621 2344 5699 et_
2372 5613 2726 5699 ὃὲερρειοωὲ

1721 5669 2242 5752 ᾖὶὶὲᾶῑρῖξιῖἥῖὲιῖῑί
2296 5692 2352 5737 et
2398 5669 2592 5744 nidi—di
2655 5669 2797 5752 Acad

2133 5514 2831 5603 Eriin‘éif'é'dié‘ébnatcus
2883 5531 3024 5601 apud
3053 5514 3384 5609 Chapeavil;

2773 5582 3246 5671 adagium).
3291 5582 3388 5671 ,ες

2800 5659 2914 5752 Enr
2952 5689 3056 5752 suo
3097 5659 3394 5736 sanguine
