  <div class='ocr_page' id='page_1' title='image "/cluster/home/n/w/nwhite01/storage/ocr_20150623/132/hvd.32044015471733/337.png"; bbox 0 0 3902 6412; ppageno 0'>
   <div class='ocr_carea' id='block_1_1' title="bbox 539 339 648 399">
    <p class='ocr_par' dir='ltr' id='par_1_1' title="bbox 539 339 648 399">
     <span class='ocr_line' id='line_1_1' title="bbox 539 339 648 399; baseline 0 0"><span class='ocrx_word' id='word_1_1' title='bbox 539 339 648 399; x_wconf 77' lang='grc'><strong>665</strong></span> 
     </span>
    </p>
   </div>
   <div class='ocr_carea' id='block_1_2' title="bbox 1656 341 2954 412">
    <p class='ocr_par' dir='ltr' id='par_1_2' title="bbox 1656 341 2954 412">
     <span class='ocr_line' id='line_1_2' title="bbox 1656 341 2954 412; baseline -0.003 -3"><span class='ocrx_word' id='word_1_2' title='bbox 1656 350 1944 412; x_wconf 68' lang='lat' dir='ltr'><strong>HERVA&#39;JI</strong></span> <span class='ocrx_word' id='word_1_3' title='bbox 1983 344 2379 410; x_wconf 76' lang='lat' dir='ltr'><strong>RHEMENSIS</strong></span> <span class='ocrx_word' id='word_1_4' title='bbox 2411 344 2728 410; x_wconf 79' lang='lat' dir='ltr'><strong>ARCHIEP.</strong></span> <span class='ocrx_word' id='word_1_5' title='bbox 2747 343 2752 348; x_wconf 71' lang='grc'><em>’</em></span> <span class='ocrx_word' id='word_1_6' title='bbox 2901 341 2954 394; x_wconf 50' lang='grc' dir='ltr'><strong>’λδ</strong></span> 
     </span>
    </p>
   </div>
   <div class='ocr_carea' id='block_1_3' title="bbox 3644 359 3714 416">
    <p class='ocr_par' dir='ltr' id='par_1_3' title="bbox 3644 359 3714 416">
     <span class='ocr_line' id='line_1_3' title="bbox 3644 359 3714 416; baseline 0.029 -2"><span class='ocrx_word' id='word_1_7' title='bbox 3644 359 3714 416; x_wconf 61' lang='grc'><strong>666</strong></span> 
     </span>
    </p>
   </div>
   <div class='ocr_carea' id='block_1_4' title="bbox 617 459 3715 544">
    <p class='ocr_par' dir='ltr' id='par_1_4' title="bbox 617 459 3715 544">
     <span class='ocr_line' id='line_1_4' title="bbox 617 459 3715 544; baseline 0.005 -29"><span class='ocrx_word' id='word_1_8' title='bbox 617 459 691 516; x_wconf 83' lang='lat' dir='ltr'><strong>Ut</strong></span> <span class='ocrx_word' id='word_1_9' title='bbox 714 461 944 532; x_wconf 87' lang='lat' dir='ltr'><strong>rogastis</strong></span> <span class='ocrx_word' id='word_1_10' title='bbox 971 462 1331 524; x_wconf 76' lang='lat' dir='ltr'><strong>humilitatem</strong></span> <span class='ocrx_word' id='word_1_11' title='bbox 1375 478 1616 527; x_wconf 89' lang='lat' dir='ltr'><strong>nostram</strong></span> <span class='ocrx_word' id='word_1_12' title='bbox 1640 487 1884 544; x_wconf 83' lang='lat' dir='ltr'><strong>quaerere</strong></span> <span class='ocrx_word' id='word_1_13' title='bbox 1931 473 2130 530; x_wconf 84' lang='lat' dir='ltr'><strong>divinis</strong></span> <span class='ocrx_word' id='word_1_14' title='bbox 2156 480 2208 540; x_wconf 76' lang='grc' dir='ltr'>Α</span> <span class='ocrx_word' id='word_1_15' title='bbox 2235 471 2481 530; x_wconf 89' lang='lat' dir='ltr'><strong>Silvestri</strong></span> <span class='ocrx_word' id='word_1_16' title='bbox 2520 486 2648 544; x_wconf 88' lang='lat' dir='ltr'><strong>erga</strong></span> <span class='ocrx_word' id='word_1_17' title='bbox 2687 472 3069 544; x_wconf 79' lang='lat' dir='ltr'><strong>imperatorem</strong></span> <span class='ocrx_word' id='word_1_18' title='bbox 3098 465 3490 528; x_wconf 84' lang='lat' dir='ltr'><strong>Constantinum</strong></span> <span class='ocrx_word' id='word_1_19' title='bbox 3517 471 3715 542; x_wconf 77' lang='lat' dir='ltr'><strong>inserere.</strong></span> 
     </span>
    </p>
   </div>
   <div class='ocr_carea' id='block_1_5' title="bbox 546 549 2128 634">
    <p class='ocr_par' dir='ltr' id='par_1_5' title="bbox 546 549 2128 634">
     <span class='ocr_line' id='line_1_5' title="bbox 546 549 2128 634; baseline 0.01 -31"><span class='ocrx_word' id='word_1_20' title='bbox 546 549 603 604; x_wconf 92' lang='lat' dir='ltr'><strong>in</strong></span> <span class='ocrx_word' id='word_1_21' title='bbox 641 550 876 606; x_wconf 81' lang='lat' dir='ltr'><strong>oraculis</strong></span> <span class='ocrx_word' id='word_1_22' title='bbox 907 552 1138 622; x_wconf 74' lang='lat' dir='ltr'><strong>qualiter</strong></span> <span class='ocrx_word' id='word_1_23' title='bbox 1157 558 1542 616; x_wconf 86' lang='lat' dir='ltr'><strong>consulendum</strong></span> <span class='ocrx_word' id='word_1_24' title='bbox 1570 561 1726 619; x_wconf 84' lang='lat' dir='ltr'><strong>vobis</strong></span> <span class='ocrx_word' id='word_1_25' title='bbox 1754 562 1895 620; x_wconf 88' lang='lat' dir='ltr'><strong>foret</strong></span> <span class='ocrx_word' id='word_1_26' title='bbox 1920 563 2006 620; x_wconf 89' lang='lat' dir='ltr'><strong>his</strong></span> <span class='ocrx_word' id='word_1_27' title='bbox 2036 564 2128 634; x_wconf 90' lang='lat' dir='ltr'><strong>qui</strong></span> 
     </span>
    </p>
   </div>
   <div class='ocr_carea' id='block_1_6' title="bbox 546 641 2131 728">
    <p class='ocr_par' dir='ltr' id='par_1_6' title="bbox 546 641 2131 728">
     <span class='ocr_line' id='line_1_6' title="bbox 546 641 2131 728; baseline 0.012 -33"><span class='ocrx_word' id='word_1_28' title='bbox 546 641 867 711; x_wconf 87' lang='lat' dir='ltr'><strong>rebaptizati</strong></span> <span class='ocrx_word' id='word_1_29' title='bbox 894 655 1018 700; x_wconf 90' lang='lat' dir='ltr'><strong>sunt</strong></span> <span class='ocrx_word' id='word_1_30' title='bbox 1047 687 1063 714; x_wconf 90' lang='lat'><strong>,</strong></span> <span class='ocrx_word' id='word_1_31' title='bbox 1113 656 1168 705; x_wconf 89' lang='lat' dir='ltr'><strong>et</strong></span> <span class='ocrx_word' id='word_1_32' title='bbox 1193 665 1346 721; x_wconf 75' lang='lat' dir='ltr'><strong>teque</strong></span> <span class='ocrx_word' id='word_1_33' title='bbox 1383 663 1442 708; x_wconf 89' lang='lat' dir='ltr'><strong>ut</strong></span> <span class='ocrx_word' id='word_1_34' title='bbox 1476 662 1601 710; x_wconf 89' lang='lat' dir='ltr'><strong>ante</strong></span> <span class='ocrx_word' id='word_1_35' title='bbox 1627 655 2131 728; x_wconf 86' lang='lat' dir='ltr'><strong>baptismumjuxta</strong></span> 
     </span>
    </p>
   </div>
   <div class='ocr_carea' id='block_1_7' title="bbox 545 734 2136 813">
    <p class='ocr_par' dir='ltr' id='par_1_7' title="bbox 545 734 2136 813">
     <span class='ocr_line' id='line_1_7' title="bbox 545 734 2136 813; baseline 0.013 -29"><span class='ocrx_word' id='word_1_36' title='bbox 545 734 848 804; x_wconf 81' lang='lat' dir='ltr'><strong>paganismi</strong></span> <span class='ocrx_word' id='word_1_37' title='bbox 878 752 1114 807; x_wconf 90' lang='lat' dir='ltr'><strong>morem,</strong></span> <span class='ocrx_word' id='word_1_38' title='bbox 1146 745 1599 813; x_wconf 84' lang='lat' dir='ltr'><strong>quemadmodum</strong></span> <span class='ocrx_word' id='word_1_39' title='bbox 1651 764 1778 805; x_wconf 91' lang='lat' dir='ltr'><strong>sues</strong></span> <span class='ocrx_word' id='word_1_40' title='bbox 1808 755 1990 804; x_wconf 84' lang='lat' dir='ltr'><strong>&#39;suum</strong></span> <span class='ocrx_word' id='word_1_41' title='bbox 2046 764 2136 805; x_wconf 88' lang='lat' dir='ltr'><strong>re-</strong></span> 
     </span>
    </p>
   </div>
   <div class='ocr_carea' id='block_1_8' title="bbox 546 825 2134 906">
    <p class='ocr_par' dir='ltr' id='par_1_8' title="bbox 546 825 2134 906">
     <span class='ocr_line' id='line_1_8' title="bbox 546 825 2134 906; baseline 0.011 -28"><span class='ocrx_word' id='word_1_42' title='bbox 546 825 690 880; x_wconf 83' lang='lat' dir='ltr'><strong>versi</strong></span> <span class='ocrx_word' id='word_1_43' title='bbox 726 828 792 880; x_wconf 90' lang='lat' dir='ltr'><strong>ad</strong></span> <span class='ocrx_word' id='word_1_44' title='bbox 829 829 1200 900; x_wconf 76' lang='lat' dir='ltr'><strong>volutabrum,</strong></span> <span class='ocrx_word' id='word_1_45' title='bbox 1229 845 1286 892; x_wconf 90' lang='lat' dir='ltr'><strong>et</strong></span> <span class='ocrx_word' id='word_1_46' title='bbox 1338 852 1503 893; x_wconf 90' lang='lat' dir='ltr'><strong>canes</strong></span> <span class='ocrx_word' id='word_1_47' title='bbox 1547 839 1613 893; x_wconf 89' lang='lat' dir='ltr'><strong>ad</strong></span> <span class='ocrx_word' id='word_1_48' title='bbox 1655 839 1951 906; x_wconf 89' lang='lat' dir='ltr'><strong>vomitum,</strong></span> <span class='ocrx_word' id='word_1_49' title='bbox 1994 839 2134 895; x_wconf 88' lang='lat' dir='ltr'><strong>ludi-</strong></span> 
     </span>
    </p>
   </div>
   <div class='ocr_carea' id='block_1_9' title="bbox 547 919 2130 1001">
    <p class='ocr_par' dir='ltr' id='par_1_9' title="bbox 547 919 2130 1001">
     <span class='ocr_line' id='line_1_9' title="bbox 547 919 2130 1001; baseline 0.013 -32"><span class='ocrx_word' id='word_1_50' title='bbox 547 931 670 973; x_wconf 88' lang='lat' dir='ltr'><strong>cras</strong></span> <span class='ocrx_word' id='word_1_51' title='bbox 697 919 1003 991; x_wconf 82' lang='lat' dir='ltr'><strong>voluptates</strong></span> <span class='ocrx_word' id='word_1_52' title='bbox 1043 924 1276 983; x_wconf 90' lang='lat' dir='ltr'><strong>nefando</strong></span> <span class='ocrx_word' id='word_1_53' title='bbox 1300 944 1635 1001; x_wconf 81' lang='lat' dir='ltr'><strong>paganorum</strong></span> <span class='ocrx_word' id='word_1_54' title='bbox 1671 931 1774 986; x_wconf 88' lang='lat' dir='ltr'><strong>ritu</strong></span> <span class='ocrx_word' id='word_1_55' title='bbox 1813 946 2130 998; x_wconf 87' lang='lat' dir='ltr'><strong>exercuere,</strong></span> 
     </span>
    </p>
   </div>
   <div class='ocr_carea' id='block_1_10' title="bbox 546 1009 2134 1094">
    <p class='ocr_par' dir='ltr' id='par_1_10' title="bbox 546 1009 2134 1094">
     <span class='ocr_line' id='line_1_10' title="bbox 546 1009 2134 1094; baseline 0.012 -32"><span class='ocrx_word' id='word_1_56' title='bbox 546 1023 641 1062; x_wconf 85' lang='lat' dir='ltr'><strong>seu</strong></span> <span class='ocrx_word' id='word_1_57' title='bbox 679 1009 742 1064; x_wconf 87' lang='lat' dir='ltr'><strong>de</strong></span> <span class='ocrx_word' id='word_1_58' title='bbox 773 1011 877 1068; x_wconf 90' lang='lat' dir='ltr'><strong>illis</strong></span> <span class='ocrx_word' id='word_1_59' title='bbox 899 1015 989 1084; x_wconf 88' lang='lat' dir='ltr'><strong>qui</strong></span> <span class='ocrx_word' id='word_1_60' title='bbox 1016 1018 1255 1073; x_wconf 88' lang='lat' dir='ltr'><strong>nondum</strong></span> <span class='ocrx_word' id='word_1_61' title='bbox 1309 1022 1589 1092; x_wconf 85' lang='lat' dir='ltr'><strong>percipere</strong></span> <span class='ocrx_word' id='word_1_62' title='bbox 1647 1024 1975 1094; x_wconf 82' lang='lat' dir='ltr'><strong>baptismum</strong></span> <span class='ocrx_word' id='word_1_63' title='bbox 2020 1039 2134 1080; x_wconf 89' lang='lat' dir='ltr'><strong>me-</strong></span> 
     </span>
    </p>
   </div>
   <div class='ocr_carea' id='block_1_11' title="bbox 545 1103 2130 1186">
    <p class='ocr_par' dir='ltr' id='par_1_11' title="bbox 545 1103 2130 1186">
     <span class='ocr_line' id='line_1_11' title="bbox 545 1103 2130 1186; baseline 0.011 -35"><span class='ocrx_word' id='word_1_64' title='bbox 545 1111 772 1156; x_wconf 89' lang='lat' dir='ltr'><strong>ruerunt</strong></span> <span class='ocrx_word' id='word_1_65' title='bbox 814 1103 986 1174; x_wconf 69' lang='lat'><strong>(524),</strong></span> <span class='ocrx_word' id='word_1_66' title='bbox 1015 1117 1175 1176; x_wconf 81' lang='lat' dir='ltr'><strong>prout</strong></span> <span class='ocrx_word' id='word_1_67' title='bbox 1225 1110 1494 1181; x_wconf 86' lang='lat' dir='ltr'><strong>quivimus</strong></span> <span class='ocrx_word' id='word_1_68' title='bbox 1525 1112 1840 1170; x_wconf 79' lang='lat' dir='ltr'><strong>satisfacere</strong></span> <span class='ocrx_word' id='word_1_69' title='bbox 1869 1114 2130 1186; x_wconf 86' lang='lat' dir='ltr'><strong>precatui</strong></span> 
     </span>
    </p>
   </div>
   <div class='ocr_carea' id='block_1_12' title="bbox 545 1196 2162 1276">
    <p class='ocr_par' dir='ltr' id='par_1_12' title="bbox 545 1196 2162 1276">
     <span class='ocr_line' id='line_1_12' title="bbox 545 1196 2162 1276; baseline 0.015 -38"><span class='ocrx_word' id='word_1_70' title='bbox 545 1198 728 1244; x_wconf 86' lang='lat' dir='ltr'><strong>vestro</strong></span> <span class='ocrx_word' id='word_1_71' title='bbox 799 1196 1130 1265; x_wconf 85' lang='lat' dir='ltr'><strong>sategimus,</strong></span> <span class='ocrx_word' id='word_1_72' title='bbox 1191 1209 1524 1268; x_wconf 86' lang='lat' dir='ltr'><strong>quantumve</strong></span> <span class='ocrx_word' id='word_1_73' title='bbox 1584 1203 1821 1260; x_wconf 84' lang='lat' dir='ltr'><strong>brevitas</strong></span> <span class='ocrx_word' id='word_1_74' title='bbox 1875 1196 2162 1276; x_wconf 17' lang='lat' dir='ltr'><strong>temporis.</strong></span> 
     </span>
    </p>
   </div>
   <div class='ocr_carea' id='block_1_13' title="bbox 547 1279 2135 1363">
    <p class='ocr_par' dir='ltr' id='par_1_13' title="bbox 547 1279 2135 1363">
     <span class='ocr_line' id='line_1_13' title="bbox 547 1279 2135 1363; baseline 0.011 -29"><span class='ocrx_word' id='word_1_75' title='bbox 547 1279 697 1335; x_wconf 88' lang='lat' dir='ltr'><strong>sinit.</strong></span> <span class='ocrx_word' id='word_1_76' title='bbox 728 1283 793 1338; x_wconf 86' lang='lat' dir='ltr'><strong>Et</strong></span> <span class='ocrx_word' id='word_1_77' title='bbox 821 1294 881 1340; x_wconf 90' lang='lat' dir='ltr'><strong>ut</strong></span> <span class='ocrx_word' id='word_1_78' title='bbox 911 1291 1332 1361; x_wconf 85' lang='lat' dir='ltr'><strong>unumquodque</strong></span> <span class='ocrx_word' id='word_1_79' title='bbox 1384 1293 1674 1363; x_wconf 88' lang='lat' dir='ltr'><strong>capitulum</strong></span> <span class='ocrx_word' id='word_1_80' title='bbox 1727 1295 1880 1352; x_wconf 89' lang='lat' dir='ltr'><strong>vobis</strong></span> <span class='ocrx_word' id='word_1_81' title='bbox 1920 1295 2135 1351; x_wconf 79' lang='lat' dir='ltr'><strong>facilius</strong></span> 
     </span>
    </p>
   </div>
   <div class='ocr_carea' id='block_1_14' title="bbox 546 1371 2135 1453">
    <p class='ocr_par' dir='ltr' id='par_1_14' title="bbox 546 1371 2135 1453">
     <span class='ocr_line' id='line_1_14' title="bbox 546 1371 2135 1453; baseline 0.011 -27"><span class='ocrx_word' id='word_1_82' title='bbox 546 1371 704 1429; x_wconf 86' lang='lat' dir='ltr'><strong>ﬁeret</strong></span> <span class='ocrx_word' id='word_1_83' title='bbox 724 1376 790 1430; x_wconf 90' lang='lat' dir='ltr'><strong>ad</strong></span> <span class='ocrx_word' id='word_1_84' title='bbox 814 1380 1190 1448; x_wconf 90' lang='lat' dir='ltr'><strong>reperiendum</strong></span> <span class='ocrx_word' id='word_1_85' title='bbox 1216 1422 1232 1449; x_wconf 90' lang='lat'><strong>,</strong></span> <span class='ocrx_word' id='word_1_86' title='bbox 1263 1385 1597 1453; x_wconf 83' lang='lat' dir='ltr'><strong>capitulatim</strong></span> <span class='ocrx_word' id='word_1_87' title='bbox 1626 1388 1677 1440; x_wconf 93' lang='lat' dir='ltr'><strong>in</strong></span> <span class='ocrx_word' id='word_1_88' title='bbox 1717 1390 1819 1443; x_wconf 90' lang='lat' dir='ltr'><strong>hac</strong></span> <span class='ocrx_word' id='word_1_89' title='bbox 1871 1388 2135 1445; x_wconf 90' lang='lat' dir='ltr'><strong>schedula</strong></span> 
     </span>
    </p>
   </div>
   <div class='ocr_carea' id='block_1_15' title="bbox 545 1461 2133 1542">
    <p class='ocr_par' dir='ltr' id='par_1_15' title="bbox 545 1461 2133 1542">
     <span class='ocr_line' id='line_1_15' title="bbox 545 1461 2133 1542; baseline 0.01 -26"><span class='ocrx_word' id='word_1_90' title='bbox 545 1461 777 1520; x_wconf 85' lang='lat' dir='ltr'><strong>fecimus</strong></span> <span class='ocrx_word' id='word_1_91' title='bbox 803 1468 1086 1538; x_wconf 86' lang='lat' dir='ltr'><strong>scriptum.</strong></span> <span class='ocrx_word' id='word_1_92' title='bbox 1130 1471 1198 1526; x_wconf 91' lang='lat' dir='ltr'><strong>Et</strong></span> <span class='ocrx_word' id='word_1_93' title='bbox 1259 1475 1387 1542; x_wconf 87' lang='lat' dir='ltr'><strong>quia</strong></span> <span class='ocrx_word' id='word_1_94' title='bbox 1437 1492 1457 1528; x_wconf 76' lang='grc' dir='ltr'>ι</span> <span class='ocrx_word' id='word_1_95' title='bbox 1494 1477 1870 1532; x_wconf 88' lang='lat' dir='ltr'><strong>misericordia</strong></span> <span class='ocrx_word' id='word_1_96' title='bbox 1919 1477 2133 1534; x_wconf 87' lang='lat' dir='ltr'><strong>Domini</strong></span> 
     </span>
    </p>
   </div>
   <div class='ocr_carea' id='block_1_16' title="bbox 545 1554 2137 1641">
    <p class='ocr_par' dir='ltr' id='par_1_16' title="bbox 545 1554 2137 1641">
     <span class='ocr_line' id='line_1_16' title="bbox 545 1554 2137 1641; baseline 0.011 -32"><span class='ocrx_word' id='word_1_97' title='bbox 545 1554 705 1624; x_wconf 86' lang='lat' dir='ltr'><strong>plena</strong></span> <span class='ocrx_word' id='word_1_98' title='bbox 734 1568 818 1613; x_wconf 90' lang='lat' dir='ltr'><strong>est</strong></span> <span class='ocrx_word' id='word_1_99' title='bbox 855 1569 1000 1614; x_wconf 88' lang='lat' dir='ltr'><strong>terra</strong></span> <span class='ocrx_word' id='word_1_100' title='bbox 1028 1560 1214 1634; x_wconf 77' lang='lat' dir='ltr'><strong>(Psnl.</strong></span> <span class='ocrx_word' id='word_1_101' title='bbox 1243 1566 1458 1639; x_wconf 80' lang='lat' dir='ltr'><strong>xxx&quot;),</strong></span> <span class='ocrx_word' id='word_1_102' title='bbox 1496 1586 1514 1619; x_wconf 72' lang='grc' dir='ltr'><strong>ι</strong></span> <span class='ocrx_word' id='word_1_103' title='bbox 1558 1568 1644 1622; x_wconf 90' lang='lat' dir='ltr'><strong>cui</strong></span> <span class='ocrx_word' id='word_1_104' title='bbox 1683 1578 1735 1624; x_wconf 91' lang='lat' dir='ltr'><strong>et</strong></span> <span class='ocrx_word' id='word_1_105' title='bbox 1758 1569 2001 1625; x_wconf 86' lang='lat' dir='ltr'><strong>Ecclesia</strong></span> <span class='ocrx_word' id='word_1_106' title='bbox 2038 1584 2137 1641; x_wconf 90' lang='lat' dir='ltr'><strong>per</strong></span> 
     </span>
    </p>
   </div>
   <div class='ocr_carea' id='block_1_17' title="bbox 547 1653 2136 1732">
    <p class='ocr_par' dir='ltr' id='par_1_17' title="bbox 547 1653 2136 1732">
     <span class='ocr_line' id='line_1_17' title="bbox 547 1653 2136 1732; baseline 0.01 -29"><span class='ocrx_word' id='word_1_107' title='bbox 547 1653 914 1722; x_wconf 86' lang='lat' dir='ltr'><strong>apostrophen</strong></span> <span class='ocrx_word' id='word_1_108' title='bbox 943 1657 1289 1725; x_wconf 87' lang='lat' dir='ltr'><strong>precabiliter</strong></span> <span class='ocrx_word' id='word_1_109' title='bbox 1317 1660 1448 1716; x_wconf 91' lang='lat' dir='ltr'><strong>dicit</strong></span> <span class='ocrx_word' id='word_1_110' title='bbox 1472 1677 1487 1716; x_wconf 89' lang='lat'><strong>:</strong></span> <span class='ocrx_word' id='word_1_111' title='bbox 1521 1679 1540 1713; x_wconf 76' lang='grc' dir='ltr'>ι</span> <span class='ocrx_word' id='word_1_112' title='bbox 1579 1660 1851 1719; x_wconf 77' lang='lat' dir='ltr'><strong>Miseret-is</strong></span> <span class='ocrx_word' id='word_1_113' title='bbox 1869 1664 2136 1732; x_wconf 91' lang='lat' dir='ltr'><strong>omnium,</strong></span> 
     </span>
    </p>
   </div>
   <div class='ocr_carea' id='block_1_18' title="bbox 545 1744 2169 1826">
    <p class='ocr_par' dir='ltr' id='par_1_18' title="bbox 545 1744 2169 1826">
     <span class='ocr_line' id='line_1_18' title="bbox 545 1744 2169 1826; baseline 0.009 -28"><span class='ocrx_word' id='word_1_114' title='bbox 545 1744 810 1813; x_wconf 89' lang='lat' dir='ltr'><strong>Domine,</strong></span> <span class='ocrx_word' id='word_1_115' title='bbox 841 1758 895 1803; x_wconf 85' lang='lat' dir='ltr'><strong>et</strong></span> <span class='ocrx_word' id='word_1_116' title='bbox 921 1750 1055 1806; x_wconf 89' lang='lat' dir='ltr'><strong>nihil</strong></span> <span class='ocrx_word' id='word_1_117' title='bbox 1083 1766 1270 1808; x_wconf 91' lang='lat' dir='ltr'><strong>eorum</strong></span> <span class='ocrx_word' id='word_1_118' title='bbox 1300 1755 1460 1810; x_wconf 89' lang='lat' dir='ltr'><strong>odisti</strong></span> <span class='ocrx_word' id='word_1_119' title='bbox 1491 1771 1612 1826; x_wconf 73' lang='lat' dir='ltr'><strong>qua:</strong></span> <span class='ocrx_word' id='word_1_120' title='bbox 1637 1755 1844 1822; x_wconf 84' lang='lat' dir='ltr'><strong>fecisti,</strong></span> <span class='ocrx_word' id='word_1_121' title='bbox 1877 1757 2136 1812; x_wconf 90' lang='lat' dir='ltr'><strong>dissimu-</strong></span> <span class='ocrx_word' id='word_1_122' title='bbox 2167 1766 2169 1769; x_wconf 86' lang='lat'>&#39;</span> 
     </span>
    </p>
   </div>
   <div class='ocr_carea' id='block_1_19' title="bbox 2229 561 3717 633">
    <p class='ocr_par' dir='ltr' id='par_1_19' title="bbox 2229 561 3717 633">
     <span class='ocr_line' id='line_1_19' title="bbox 2229 561 3717 633; baseline 0.001 -13"><span class='ocrx_word' id='word_1_123' title='bbox 2229 563 2464 620; x_wconf 79' lang='lat' dir='ltr'><strong>maxime</strong></span> <span class='ocrx_word' id='word_1_124' title='bbox 2510 572 2730 633; x_wconf 88' lang='lat' dir='ltr'><strong>propter</strong></span> <span class='ocrx_word' id='word_1_125' title='bbox 2772 561 3036 633; x_wconf 84' lang='lat' dir='ltr'><strong>jejunium</strong></span> <span class='ocrx_word' id='word_1_126' title='bbox 3095 561 3435 617; x_wconf 66' lang='lat' dir='ltr'><strong>hebdomadam:</strong></span> <span class='ocrx_word' id='word_1_127' title='bbox 3473 563 3532 617; x_wconf 90' lang='lat' dir='ltr'><strong>ab</strong></span> <span class='ocrx_word' id='word_1_128' title='bbox 3575 564 3660 633; x_wconf 87' lang='lat' dir='ltr'><strong>ipso</strong></span> <span class='ocrx_word' id='word_1_129' title='bbox 3686 569 3717 621; x_wconf 80' lang='lat' dir='ltr'><strong>ei</strong></span> 
     </span>
    </p>
   </div>
   <div class='ocr_carea' id='block_1_20' title="bbox 2232 651 3718 723">
    <p class='ocr_par' dir='ltr' id='par_1_20' title="bbox 2232 651 3718 723">
     <span class='ocr_line' id='line_1_20' title="bbox 2232 651 3718 723; baseline 0.001 -14"><span class='ocrx_word' id='word_1_130' title='bbox 2232 653 2512 710; x_wconf 87' lang='lat' dir='ltr'><strong>indictum.</strong></span> <span class='ocrx_word' id='word_1_131' title='bbox 2555 673 2573 706; x_wconf 71' lang='grc' dir='ltr'><strong>ε</strong></span> <span class='ocrx_word' id='word_1_132' title='bbox 2612 651 2876 718; x_wconf 87' lang='lat' dir='ltr'><strong>Sanctus,</strong></span> <span class='ocrx_word' id='word_1_133' title='bbox 2904 652 3116 723; x_wconf 90' lang='lat' dir='ltr'><strong>inquit,</strong></span> <span class='ocrx_word' id='word_1_134' title='bbox 3157 652 3414 708; x_wconf 88' lang='lat' dir='ltr'><strong>Silvester</strong></span> <span class='ocrx_word' id='word_1_135' title='bbox 3441 654 3564 708; x_wconf 87' lang='lat' dir='ltr'><strong>inter</strong></span> <span class='ocrx_word' id='word_1_136' title='bbox 3585 667 3718 711; x_wconf 63' lang='lat' dir='ltr'><strong>cetera</strong></span> 
     </span>
    </p>
   </div>
   <div class='ocr_carea' id='block_1_21' title="bbox 2231 741 3720 817">
    <p class='ocr_par' dir='ltr' id='par_1_21' title="bbox 2231 741 3720 817">
     <span class='ocr_line' id='line_1_21' title="bbox 2231 741 3720 817; baseline 0.002 -17"><span class='ocrx_word' id='word_1_137' title='bbox 2231 744 2297 802; x_wconf 89' lang='lat' dir='ltr'><strong>ad</strong></span> <span class='ocrx_word' id='word_1_138' title='bbox 2321 743 2568 800; x_wconf 89' lang='lat' dir='ltr'><strong>eumdem</strong></span> <span class='ocrx_word' id='word_1_139' title='bbox 2603 744 2738 799; x_wconf 82' lang='lat' dir='ltr'><strong>dixit</strong></span> <span class='ocrx_word' id='word_1_140' title='bbox 2791 741 3098 799; x_wconf 85' lang='lat' dir='ltr'><strong>Caesarem:</strong></span> <span class='ocrx_word' id='word_1_141' title='bbox 3138 761 3156 794; x_wconf 76' lang='grc' dir='ltr'>ι</span> <span class='ocrx_word' id='word_1_142' title='bbox 3190 743 3355 814; x_wconf 90' lang='lat' dir='ltr'><strong>Exige</strong></span> <span class='ocrx_word' id='word_1_143' title='bbox 3404 759 3430 798; x_wconf 89' lang='lat' dir='ltr'><strong>a</strong></span> <span class='ocrx_word' id='word_1_144' title='bbox 3486 746 3629 817; x_wconf 86' lang='lat' dir='ltr'><strong>teipso</strong></span> <span class='ocrx_word' id='word_1_145' title='bbox 3656 748 3720 803; x_wconf 77' lang='lat' dir='ltr'><strong>hac</strong></span> 
     </span>
    </p>
   </div>
   <div class='ocr_carea' id='block_1_22' title="bbox 2235 832 3722 908">
    <p class='ocr_par' dir='ltr' id='par_1_22' title="bbox 2235 832 3722 908">
     <span class='ocr_line' id='line_1_22' title="bbox 2235 832 3722 908; baseline 0.005 -20"><span class='ocrx_word' id='word_1_146' title='bbox 2235 851 2259 887; x_wconf 73' lang='grc' dir='ltr'>σ</span> <span class='ocrx_word' id='word_1_147' title='bbox 2303 849 2412 889; x_wconf 90' lang='lat' dir='ltr'><strong>una</strong></span> <span class='ocrx_word' id='word_1_148' title='bbox 2461 832 2797 889; x_wconf 89' lang='lat' dir='ltr'><strong>hebdomada</strong></span> <span class='ocrx_word' id='word_1_149' title='bbox 2837 833 3141 906; x_wconf 88' lang='lat' dir='ltr'><strong>jejunium,</strong></span> <span class='ocrx_word' id='word_1_150' title='bbox 3190 844 3241 890; x_wconf 88' lang='lat' dir='ltr'><strong>et</strong></span> <span class='ocrx_word' id='word_1_151' title='bbox 3289 836 3515 906; x_wconf 89' lang='lat' dir='ltr'><strong>deposita</strong></span> <span class='ocrx_word' id='word_1_152' title='bbox 3557 853 3722 908; x_wconf 79' lang='lat' dir='ltr'><strong>purpura</strong></span> 
     </span>
    </p>
   </div>
   <div class='ocr_carea' id='block_1_23' title="bbox 2238 924 3724 997">
    <p class='ocr_par' dir='ltr' id='par_1_23' title="bbox 2238 924 3724 997">
     <span class='ocr_line' id='line_1_23' title="bbox 2238 924 3724 997; baseline 0.007 -19"><span class='ocrx_word' id='word_1_153' title='bbox 2238 945 2259 978; x_wconf 74' lang='grc' dir='ltr'><strong>σ</strong></span> <span class='ocrx_word' id='word_1_154' title='bbox 2306 924 2450 980; x_wconf 88' lang='lat' dir='ltr'><strong>intra</strong></span> <span class='ocrx_word' id='word_1_155' title='bbox 2478 925 2530 978; x_wconf 92' lang='lat' dir='ltr'><strong>in</strong></span> <span class='ocrx_word' id='word_1_156' title='bbox 2561 925 2866 980; x_wconf 77' lang='lat' dir='ltr'><strong>cubiculum</strong></span> <span class='ocrx_word' id='word_1_157' title='bbox 2916 934 3100 992; x_wconf 85' lang='lat' dir='ltr'><strong>tuum,</strong></span> <span class='ocrx_word' id='word_1_158' title='bbox 3152 927 3573 997; x_wconf 56' lang='lat' dir='ltr'><strong>iniqueJnduere</strong></span> <span class='ocrx_word' id='word_1_159' title='bbox 3605 932 3724 989; x_wconf 85' lang='lat' dir='ltr'><strong>cilicio</strong></span> 
     </span>
    </p>
   </div>
   <div class='ocr_carea' id='block_1_24' title="bbox 2237 1017 3725 1090">
    <p class='ocr_par' dir='ltr' id='par_1_24' title="bbox 2237 1017 3725 1090">
     <span class='ocr_line' id='line_1_24' title="bbox 2237 1017 3725 1090; baseline 0.005 -21"><span class='ocrx_word' id='word_1_160' title='bbox 2237 1034 2259 1069; x_wconf 70' lang='grc' dir='ltr'><strong><em>ι</em></strong></span> <span class='ocrx_word' id='word_1_161' title='bbox 2303 1026 2604 1088; x_wconf 85' lang='lat' dir='ltr'><strong>prostratus</strong></span> <span class='ocrx_word' id='word_1_162' title='bbox 2643 1018 2833 1082; x_wconf 90' lang='lat' dir='ltr'><strong>humo,</strong></span> <span class='ocrx_word' id='word_1_163' title='bbox 2875 1025 2930 1071; x_wconf 90' lang='lat' dir='ltr'><strong>et</strong></span> <span class='ocrx_word' id='word_1_164' title='bbox 2974 1017 3233 1073; x_wconf 82' lang='lat' dir='ltr'><strong>confitere</strong></span> <span class='ocrx_word' id='word_1_165' title='bbox 3259 1026 3311 1073; x_wconf 90' lang='lat' dir='ltr'><strong>te</strong></span> <span class='ocrx_word' id='word_1_166' title='bbox 3333 1019 3483 1073; x_wconf 91' lang='lat' dir='ltr'><strong>modo</strong></span> <span class='ocrx_word' id='word_1_167' title='bbox 3515 1035 3596 1090; x_wconf 90' lang='lat' dir='ltr'><strong>per</strong></span> <span class='ocrx_word' id='word_1_168' title='bbox 3628 1023 3725 1090; x_wconf 77' lang='lat' dir='ltr'><strong>igno-</strong></span> 
     </span>
    </p>
   </div>
   <div class='ocr_carea' id='block_1_25' title="bbox 2239 1108 3726 1183">
    <p class='ocr_par' dir='ltr' id='par_1_25' title="bbox 2239 1108 3726 1183">
     <span class='ocr_line' id='line_1_25' title="bbox 2239 1108 3726 1183; baseline 0.004 -21"><span class='ocrx_word' id='word_1_169' title='bbox 2239 1127 2260 1162; x_wconf 71' lang='grc' dir='ltr'><strong><em>ι</em></strong></span> <span class='ocrx_word' id='word_1_170' title='bbox 2300 1108 2533 1165; x_wconf 87' lang='lat' dir='ltr'><strong>rantiam</strong></span> <span class='ocrx_word' id='word_1_171' title='bbox 2583 1124 2825 1164; x_wconf 89' lang='lat' dir='ltr'><strong>errorem</strong></span> <span class='ocrx_word' id='word_1_172' title='bbox 2888 1124 3106 1180; x_wconf 86' lang='lat' dir='ltr'><strong>passum</strong></span> <span class='ocrx_word' id='word_1_173' title='bbox 3138 1150 3153 1176; x_wconf 92' lang='lat'><strong>,</strong></span> <span class='ocrx_word' id='word_1_174' title='bbox 3224 1119 3300 1164; x_wconf 82' lang='lat' dir='ltr'><strong>ut</strong></span> <span class='ocrx_word' id='word_1_175' title='bbox 3328 1109 3612 1167; x_wconf 87' lang='lat' dir='ltr'><strong>Christianis</strong></span> <span class='ocrx_word' id='word_1_176' title='bbox 3651 1131 3726 1183; x_wconf 73' lang='lat' dir='ltr'><strong>per-</strong></span> 
     </span>
    </p>
   </div>
   <div class='ocr_carea' id='block_1_26' title="bbox 2240 1199 3726 1271">
    <p class='ocr_par' dir='ltr' id='par_1_26' title="bbox 2240 1199 3726 1271">
     <span class='ocr_line' id='line_1_26' title="bbox 2240 1199 3726 1271; baseline 0.005 -20"><span class='ocrx_word' id='word_1_177' title='bbox 2240 1216 2261 1251; x_wconf 69' lang='grc' dir='ltr'>ι</span> <span class='ocrx_word' id='word_1_178' title='bbox 2306 1199 2964 1255; x_wconf 86' lang='lat' dir='ltr'><strong>secutionemindiceres:</strong></span> <span class='ocrx_word' id='word_1_179' title='bbox 2993 1209 3050 1256; x_wconf 91' lang='lat' dir='ltr'><strong>et</strong></span> <span class='ocrx_word' id='word_1_180' title='bbox 3098 1201 3272 1271; x_wconf 90' lang='lat' dir='ltr'><strong>ipsum</strong></span> <span class='ocrx_word' id='word_1_181' title='bbox 3313 1199 3611 1258; x_wconf 88' lang='lat' dir='ltr'><strong>Salvatorcm</strong></span> <span class='ocrx_word' id='word_1_182' title='bbox 3650 1221 3726 1258; x_wconf 82' lang='lat' dir='ltr'><strong>cor-</strong></span> 
     </span>
    </p>
   </div>
   <div class='ocr_carea' id='block_1_27' title="bbox 2241 1291 3817 1374">
    <p class='ocr_par' dir='ltr' id='par_1_27' title="bbox 2241 1291 3817 1374">
     <span class='ocr_line' id='line_1_27' title="bbox 2241 1291 3817 1374; baseline 0.004 -30"><span class='ocrx_word' id='word_1_183' title='bbox 2241 1310 2260 1344; x_wconf 78' lang='lat'><strong>(</strong></span> <span class='ocrx_word' id='word_1_184' title='bbox 2305 1306 2496 1363; x_wconf 92' lang='lat' dir='ltr'><strong>porum</strong></span> <span class='ocrx_word' id='word_1_185' title='bbox 2532 1293 2906 1348; x_wconf 88' lang='lat' dir='ltr'><strong>etanimarum</strong></span> <span class='ocrx_word' id='word_1_186' title='bbox 2927 1291 3109 1348; x_wconf 88' lang='lat' dir='ltr'><strong>Jesum</strong></span> <span class='ocrx_word' id='word_1_187' title='bbox 3131 1292 3404 1348; x_wconf 87' lang='lat' dir='ltr'><strong>Christum</strong></span> <span class='ocrx_word' id='word_1_188' title='bbox 3432 1333 3445 1360; x_wconf 91' lang='lat'><strong>,</strong></span> <span class='ocrx_word' id='word_1_189' title='bbox 3471 1310 3562 1350; x_wconf 92' lang='lat' dir='ltr'><strong>non</strong></span> <span class='ocrx_word' id='word_1_190' title='bbox 3614 1297 3725 1350; x_wconf 85' lang='lat' dir='ltr'><strong>solum</strong></span> <span class='ocrx_word' id='word_1_191' title='bbox 3816 1311 3817 1374; x_wconf 53' lang='grc' dir='ltr'><em>ξ</em></span> 
     </span>
    </p>
   </div>
   <div class='ocr_carea' id='block_1_28' title="bbox 2241 1377 3817 1457">
    <p class='ocr_par' dir='ltr' id='par_1_28' title="bbox 2241 1377 3817 1457">
     <span class='ocr_line' id='line_1_28' title="bbox 2241 1377 3817 1457; baseline 0.003 -19"><span class='ocrx_word' id='word_1_192' title='bbox 2241 1404 2261 1438; x_wconf 86' lang='grc'><strong><em>‹</em></strong></span> <span class='ocrx_word' id='word_1_193' title='bbox 2301 1384 2606 1455; x_wconf 91' lang='lat' dir='ltr'><strong>loquendo,</strong></span> <span class='ocrx_word' id='word_1_194' title='bbox 2650 1385 2742 1440; x_wconf 84' lang='lat' dir='ltr'><strong>sed</strong></span> <span class='ocrx_word' id='word_1_195' title='bbox 2765 1393 2822 1440; x_wconf 88' lang='lat' dir='ltr'><strong>et</strong></span> <span class='ocrx_word' id='word_1_196' title='bbox 2845 1385 3118 1440; x_wconf 85' lang='lat' dir='ltr'><strong>credendo</strong></span> <span class='ocrx_word' id='word_1_197' title='bbox 3167 1387 3465 1454; x_wconf 72' lang='lat' dir='ltr'><strong>prmnuntia</strong></span> <span class='ocrx_word' id='word_1_198' title='bbox 3490 1427 3503 1450; x_wconf 90' lang='lat'><strong>,</strong></span> <span class='ocrx_word' id='word_1_199' title='bbox 3527 1396 3571 1440; x_wconf 89' lang='lat' dir='ltr'><strong>et</strong></span> <span class='ocrx_word' id='word_1_200' title='bbox 3610 1391 3724 1457; x_wconf 79' lang='lat' dir='ltr'><strong>pteni-</strong></span> 
     </span>
    </p>
   </div>
   <div class='ocr_carea' id='block_1_29' title="bbox 2241 1473 3817 1550">
    <p class='ocr_par' dir='ltr' id='par_1_29' title="bbox 2241 1473 3817 1550">
     <span class='ocr_line' id='line_1_29' title="bbox 2241 1473 3817 1550; baseline -0.002 -21"><span class='ocrx_word' id='word_1_201' title='bbox 2241 1493 2263 1529; x_wconf 73' lang='grc' dir='ltr'>ι</span> <span class='ocrx_word' id='word_1_202' title='bbox 2306 1482 2423 1530; x_wconf 89' lang='lat' dir='ltr'><strong>tere</strong></span> <span class='ocrx_word' id='word_1_203' title='bbox 2438 1484 2490 1530; x_wconf 92' lang='lat' dir='ltr'><strong>te</strong></span> <span class='ocrx_word' id='word_1_204' title='bbox 2506 1473 2702 1529; x_wconf 90' lang='lat' dir='ltr'><strong>multos</strong></span> <span class='ocrx_word' id='word_1_205' title='bbox 2723 1484 2940 1530; x_wconf 89' lang='lat' dir='ltr'><strong>sanctos</strong></span> <span class='ocrx_word' id='word_1_206' title='bbox 2960 1473 3054 1529; x_wconf 90' lang='lat' dir='ltr'><strong>Dci</strong></span> <span class='ocrx_word' id='word_1_207' title='bbox 3079 1475 3362 1530; x_wconf 88' lang='lat' dir='ltr'><strong>occidisse.</strong></span> <span class='ocrx_word' id='word_1_208' title='bbox 3392 1495 3408 1526; x_wconf 75' lang='grc' dir='ltr'><strong><em>ι</em></strong></span> <span class='ocrx_word' id='word_1_209' title='bbox 3438 1475 3497 1530; x_wconf 85' lang='lat' dir='ltr'><strong>Et</strong></span> <span class='ocrx_word' id='word_1_210' title='bbox 3509 1476 3729 1546; x_wconf 79' lang='lat' dir='ltr'><strong>pauiuposl.</strong></span> 
     </span>
    </p>
   </div>
   <div class='ocr_carea' id='block_1_30' title="bbox 2243 1562 3725 1636">
    <p class='ocr_par' dir='ltr' id='par_1_30' title="bbox 2243 1562 3725 1636">
     <span class='ocr_line' id='line_1_30' title="bbox 2243 1562 3725 1636; baseline 0.001 -18"><span class='ocrx_word' id='word_1_211' title='bbox 2243 1562 2443 1636; x_wconf 69' lang='lat' dir='ltr'><strong>«Jube</strong></span> <span class='ocrx_word' id='word_1_212' title='bbox 2473 1580 2572 1635; x_wconf 89' lang='lat' dir='ltr'><strong>per</strong></span> <span class='ocrx_word' id='word_1_213' title='bbox 2598 1573 2765 1619; x_wconf 89' lang='lat' dir='ltr'><strong>totam</strong></span> <span class='ocrx_word' id='word_1_214' title='bbox 2802 1563 3192 1619; x_wconf 82' lang='lat' dir='ltr'><strong>hebdomadam</strong></span> <span class='ocrx_word' id='word_1_215' title='bbox 3231 1564 3597 1636; x_wconf 77' lang='lat' dir='ltr'><strong>eleemosyuam</strong></span> <span class='ocrx_word' id='word_1_216' title='bbox 3621 1567 3725 1630; x_wconf 84' lang='lat' dir='ltr'><strong>ﬁeri,</strong></span> 
     </span>
    </p>
   </div>
   <div class='ocr_carea' id='block_1_31' title="bbox 2244 1655 3817 1725">
    <p class='ocr_par' dir='ltr' id='par_1_31' title="bbox 2244 1655 3817 1725">
     <span class='ocr_line' id='line_1_31' title="bbox 2244 1655 3817 1725; baseline 0.001 -16"><span class='ocrx_word' id='word_1_217' title='bbox 2244 1673 2264 1709; x_wconf 74' lang='grc' dir='ltr'>ι</span> <span class='ocrx_word' id='word_1_218' title='bbox 2310 1655 2574 1712; x_wconf 85' lang='lat' dir='ltr'><strong>beneficia</strong></span> <span class='ocrx_word' id='word_1_219' title='bbox 2613 1656 2778 1711; x_wconf 91' lang='lat' dir='ltr'><strong>etiam</strong></span> <span class='ocrx_word' id='word_1_220' title='bbox 2808 1655 3208 1725; x_wconf 88' lang='lat' dir='ltr'><strong>postulantibus</strong></span> <span class='ocrx_word' id='word_1_221' title='bbox 3235 1656 3428 1711; x_wconf 84' lang='lat' dir='ltr'><strong>exhibe</strong></span> <span class='ocrx_word' id='word_1_222' title='bbox 3452 1697 3465 1720; x_wconf 90' lang='lat'><strong>,</strong></span> <span class='ocrx_word' id='word_1_223' title='bbox 3492 1666 3539 1710; x_wconf 89' lang='lat' dir='ltr'><strong>ct</strong></span> <span class='ocrx_word' id='word_1_224' title='bbox 3582 1657 3728 1711; x_wconf 66' lang='lat' dir='ltr'><strong>idoneis</strong></span> <span class='ocrx_word' id='word_1_225' title='bbox 3816 1683 3817 1686; x_wconf 56' lang='grc' dir='ltr'><strong>η</strong></span> 
     </span>
    </p>
   </div>
   <div class='ocr_carea' id='block_1_32' title="bbox 2249 1747 3817 1818">
    <p class='ocr_par' dir='ltr' id='par_1_32' title="bbox 2249 1747 3817 1818">
     <span class='ocr_line' id='line_1_32' title="bbox 2249 1747 3817 1818; baseline 0.003 -18"><span class='ocrx_word' id='word_1_226' title='bbox 2249 1759 2292 1800; x_wconf 74' lang='grc' dir='ltr'><strong>ι·</strong></span> <span class='ocrx_word' id='word_1_227' title='bbox 2313 1749 2405 1818; x_wconf 88' lang='lat' dir='ltr'><strong>qui</strong></span> <span class='ocrx_word' id='word_1_228' title='bbox 2430 1749 2547 1803; x_wconf 59' lang='lat' dir='ltr'><strong>haec</strong></span> <span class='ocrx_word' id='word_1_229' title='bbox 2575 1756 2944 1817; x_wconf 82' lang='lat' dir='ltr'><strong>exsequantur</strong></span> <span class='ocrx_word' id='word_1_230' title='bbox 2961 1747 3284 1802; x_wconf 68' lang='lat' dir='ltr'><strong>constitue.»</strong></span> <span class='ocrx_word' id='word_1_231' title='bbox 3306 1747 3372 1803; x_wconf 90' lang='lat' dir='ltr'><strong>Et</strong></span> <span class='ocrx_word' id='word_1_232' title='bbox 3395 1756 3505 1818; x_wconf 89' lang='lat' dir='ltr'><strong>post</strong></span> <span class='ocrx_word' id='word_1_233' title='bbox 3523 1747 3729 1818; x_wconf 78' lang='lat' dir='ltr'><strong>aliquanta.</strong></span> <span class='ocrx_word' id='word_1_234' title='bbox 3816 1763 3817 1804; x_wconf 42' lang='grc' dir='ltr'>ἢ</span> 
     </span>
    </p>
   </div>
   <div class='ocr_carea' id='block_1_33' title="bbox 547 1827 3817 1922">
    <p class='ocr_par' dir='ltr' id='par_1_33' title="bbox 547 1827 3817 1922">
     <span class='ocr_line' id='line_1_33' title="bbox 547 1827 3817 1922; baseline -0.001 -30"><span class='ocrx_word' id='word_1_235' title='bbox 547 1838 671 1895; x_wconf 89' lang='lat' dir='ltr'><strong>lans</strong></span> <span class='ocrx_word' id='word_1_236' title='bbox 693 1851 913 1910; x_wconf 78' lang='lat' dir='ltr'><strong>peccata</strong></span> <span class='ocrx_word' id='word_1_237' title='bbox 945 1846 1224 1901; x_wconf 84' lang='lat' dir='ltr'><strong>hominum</strong></span> <span class='ocrx_word' id='word_1_238' title='bbox 1277 1857 1502 1919; x_wconf 64' lang='lat' dir='ltr'><strong>propter</strong></span> <span class='ocrx_word' id='word_1_239' title='bbox 1556 1851 1930 1920; x_wconf 52' lang='lat' dir='ltr'><strong>paenitentiam</strong></span> <span class='ocrx_word' id='word_1_240' title='bbox 1965 1849 2139 1922; x_wconf 54' lang='grc' dir='ltr'><strong>(εαρη</strong></span> <span class='ocrx_word' id='word_1_241' title='bbox 2171 1835 2220 1896; x_wconf 89' lang='grc' dir='ltr'><strong>Β</strong></span> <span class='ocrx_word' id='word_1_242' title='bbox 2251 1859 2271 1892; x_wconf 86' lang='grc'><strong><em>‹</em></strong></span> <span class='ocrx_word' id='word_1_243' title='bbox 2318 1840 2576 1910; x_wconf 88' lang='lat' dir='ltr'><strong>Imposuit</strong></span> <span class='ocrx_word' id='word_1_244' title='bbox 2623 1848 2842 1896; x_wconf 89' lang='lat' dir='ltr'><strong>sanctus</strong></span> <span class='ocrx_word' id='word_1_245' title='bbox 2891 1838 3155 1894; x_wconf 85' lang='lat' dir='ltr'><strong>Silvester</strong></span> <span class='ocrx_word' id='word_1_246' title='bbox 3202 1854 3420 1901; x_wconf 89' lang='lat' dir='ltr'><strong>manum</strong></span> <span class='ocrx_word' id='word_1_247' title='bbox 3469 1854 3596 1893; x_wconf 88' lang='lat' dir='ltr'><strong>suam</strong></span> <span class='ocrx_word' id='word_1_248' title='bbox 3631 1853 3732 1906; x_wconf 79' lang='lat' dir='ltr'><strong>super</strong></span> 
     </span>
    </p>
   </div>
   <div class='ocr_carea' id='block_1_34' title="bbox 545 1929 2176 2005">
    <p class='ocr_par' dir='ltr' id='par_1_34' title="bbox 545 1929 2176 2005">
     <span class='ocr_line' id='line_1_34' title="bbox 545 1929 2176 2005; baseline 0.007 -21"><span class='ocrx_word' id='word_1_249' title='bbox 545 1929 668 2002; x_wconf 74' lang='lat' dir='ltr'><strong>x1);</strong></span> <span class='ocrx_word' id='word_1_250' title='bbox 711 1950 726 1984; x_wconf 82' lang='grc' dir='ltr'><strong><em>ι</em></strong></span> <span class='ocrx_word' id='word_1_251' title='bbox 759 1932 979 2003; x_wconf 87' lang='lat' dir='ltr'><strong>dignum</strong></span> <span class='ocrx_word' id='word_1_252' title='bbox 1009 1936 1294 2004; x_wconf 85' lang='lat' dir='ltr'><strong>duximus,</strong></span> <span class='ocrx_word' id='word_1_253' title='bbox 1329 1939 1577 1995; x_wconf 89' lang='lat' dir='ltr'><strong>mirabile</strong></span> <span class='ocrx_word' id='word_1_254' title='bbox 1614 1949 1669 1994; x_wconf 92' lang='lat' dir='ltr'><strong>et</strong></span> <span class='ocrx_word' id='word_1_255' title='bbox 1699 1939 2176 2005; x_wconf 41' lang='lat' dir='ltr'><strong>misericordissig</strong></span> 
     </span>
    </p>
   </div>
   <div class='ocr_carea' id='block_1_35' title="bbox 547 2024 2143 2105">
    <p class='ocr_par' dir='ltr' id='par_1_35' title="bbox 547 2024 2143 2105">
     <span class='ocr_line' id='line_1_35' title="bbox 547 2024 2143 2105; baseline 0.008 -29"><span class='ocrx_word' id='word_1_256' title='bbox 547 2037 699 2077; x_wconf 84' lang='lat' dir='ltr'><strong>mum</strong></span> <span class='ocrx_word' id='word_1_257' title='bbox 722 2024 866 2080; x_wconf 89' lang='lat' dir='ltr'><strong>beati</strong></span> <span class='ocrx_word' id='word_1_258' title='bbox 891 2024 1117 2084; x_wconf 82' lang='lat' dir='ltr'><strong>Joannis</strong></span> <span class='ocrx_word' id='word_1_259' title='bbox 1145 2030 1378 2100; x_wconf 88' lang='lat' dir='ltr'><strong>apostoli</strong></span> <span class='ocrx_word' id='word_1_260' title='bbox 1403 2041 1460 2087; x_wconf 89' lang='lat' dir='ltr'><strong>et</strong></span> <span class='ocrx_word' id='word_1_261' title='bbox 1499 2033 1848 2105; x_wconf 77' lang='lat' dir='ltr'><strong>evangelista:</strong></span> <span class='ocrx_word' id='word_1_262' title='bbox 1888 2033 2089 2090; x_wconf 90' lang='lat' dir='ltr'><strong>factum</strong></span> <span class='ocrx_word' id='word_1_263' title='bbox 2127 2075 2143 2100; x_wconf 92' lang='lat'><strong>,</strong></span> 
     </span>
    </p>
   </div>
   <div class='ocr_carea' id='block_1_36' title="bbox 548 2114 2148 2193">
    <p class='ocr_par' dir='ltr' id='par_1_36' title="bbox 548 2114 2148 2193">
     <span class='ocr_line' id='line_1_36' title="bbox 548 2114 2148 2193; baseline 0.008 -25"><span class='ocrx_word' id='word_1_264' title='bbox 548 2114 661 2170; x_wconf 88' lang='lat' dir='ltr'><strong>imo</strong></span> <span class='ocrx_word' id='word_1_265' title='bbox 684 2115 853 2187; x_wconf 91' lang='lat' dir='ltr'><strong>ipsius</strong></span> <span class='ocrx_word' id='word_1_266' title='bbox 883 2119 1095 2176; x_wconf 90' lang='lat' dir='ltr'><strong>Domini</strong></span> <span class='ocrx_word' id='word_1_267' title='bbox 1125 2136 1262 2193; x_wconf 92' lang='lat' dir='ltr'><strong>opus</strong></span> <span class='ocrx_word' id='word_1_268' title='bbox 1321 2121 1625 2192; x_wconf 89' lang='lat' dir='ltr'><strong>piissimum</strong></span> <span class='ocrx_word' id='word_1_269' title='bbox 1647 2162 1664 2191; x_wconf 89' lang='lat'><strong>,</strong></span> <span class='ocrx_word' id='word_1_270' title='bbox 1694 2134 1749 2178; x_wconf 91' lang='lat' dir='ltr'><strong>et</strong></span> <span class='ocrx_word' id='word_1_271' title='bbox 1793 2125 2148 2180; x_wconf 87' lang='lat' dir='ltr'><strong>consuetissi-</strong></span> 
     </span>
    </p>
   </div>
   <div class='ocr_carea' id='block_1_37' title="bbox 549 2208 2142 2286">
    <p class='ocr_par' dir='ltr' id='par_1_37' title="bbox 549 2208 2142 2286">
     <span class='ocr_line' id='line_1_37' title="bbox 549 2208 2142 2286; baseline 0.008 -27"><span class='ocrx_word' id='word_1_272' title='bbox 549 2220 700 2260; x_wconf 88' lang='lat' dir='ltr'><strong>mum</strong></span> <span class='ocrx_word' id='word_1_273' title='bbox 723 2247 738 2273; x_wconf 89' lang='lat'><strong>,</strong></span> <span class='ocrx_word' id='word_1_274' title='bbox 772 2208 850 2264; x_wconf 91' lang='lat' dir='ltr'><strong>sic</strong></span> <span class='ocrx_word' id='word_1_275' title='bbox 878 2211 1027 2267; x_wconf 81' lang='lat' dir='ltr'><strong>vobis</strong></span> <span class='ocrx_word' id='word_1_276' title='bbox 1051 2215 1303 2282; x_wconf 89' lang='lat' dir='ltr'><strong>ponendo</strong></span> <span class='ocrx_word' id='word_1_277' title='bbox 1329 2213 1650 2271; x_wconf 85' lang='lat' dir='ltr'><strong>brevissime</strong></span> <span class='ocrx_word' id='word_1_278' title='bbox 1681 2215 2142 2286; x_wconf 86' lang='lat' dir='ltr'><strong>expromendum;</strong></span> 
     </span>
    </p>
   </div>
   <div class='ocr_carea' id='block_1_38' title="bbox 552 2299 2145 2372">
    <p class='ocr_par' dir='ltr' id='par_1_38' title="bbox 552 2299 2145 2372">
     <span class='ocr_line' id='line_1_38' title="bbox 552 2299 2145 2372; baseline 0.006 -20"><span class='ocrx_word' id='word_1_279' title='bbox 552 2299 1009 2366; x_wconf 87' lang='lat' dir='ltr'><strong>quemadmodum</strong></span> <span class='ocrx_word' id='word_1_280' title='bbox 1039 2304 1193 2360; x_wconf 81' lang='lat' dir='ltr'><strong>vobis</strong></span> <span class='ocrx_word' id='word_1_281' title='bbox 1213 2303 1578 2372; x_wconf 90' lang='lat' dir='ltr'><strong>n0tissimum,</strong></span> <span class='ocrx_word' id='word_1_282' title='bbox 1611 2314 1664 2360; x_wconf 90' lang='lat' dir='ltr'><strong>et</strong></span> <span class='ocrx_word' id='word_1_283' title='bbox 1691 2307 1748 2362; x_wconf 91' lang='lat' dir='ltr'><strong>in</strong></span> <span class='ocrx_word' id='word_1_284' title='bbox 1774 2305 2145 2362; x_wconf 86' lang='lat' dir='ltr'><strong>ecclesiastica</strong></span> 
     </span>
    </p>
   </div>
   <div class='ocr_carea' id='block_1_39' title="bbox 549 2388 1293 2467">
    <p class='ocr_par' dir='ltr' id='par_1_39' title="bbox 549 2388 1293 2467">
     <span class='ocr_line' id='line_1_39' title="bbox 549 2388 1293 2467; baseline 0.009 -22"><span class='ocrx_word' id='word_1_285' title='bbox 549 2388 793 2455; x_wconf 80' lang='lat' dir='ltr'><strong>Historia</strong></span> <span class='ocrx_word' id='word_1_286' title='bbox 815 2393 978 2450; x_wconf 89' lang='lat' dir='ltr'><strong>latius</strong></span> <span class='ocrx_word' id='word_1_287' title='bbox 1005 2395 1293 2467; x_wconf 77' lang='lat' dir='ltr'><strong>digestum.</strong></span> 
     </span>
    </p>
   </div>
   <div class='ocr_carea' id='block_1_40' title="bbox 909 2485 1744 2563">
    <p class='ocr_par' dir='ltr' id='par_1_40' title="bbox 909 2485 1744 2563">
     <span class='ocr_line' id='line_1_40' title="bbox 909 2485 1744 2563; baseline 0.008 -25"><span class='ocrx_word' id='word_1_288' title='bbox 909 2485 977 2563; x_wconf 23' lang='lat' dir='ltr'><strong>ll.</strong></span> <span class='ocrx_word' id='word_1_289' title='bbox 1001 2485 1078 2541; x_wconf 86' lang='lat' dir='ltr'><strong>De</strong></span> <span class='ocrx_word' id='word_1_290' title='bbox 1102 2487 1161 2543; x_wconf 90' lang='lat' dir='ltr'><strong>S.</strong></span> <span class='ocrx_word' id='word_1_291' title='bbox 1191 2488 1401 2544; x_wconf 79' lang='lat' dir='ltr'><strong>Joanne</strong></span> <span class='ocrx_word' id='word_1_292' title='bbox 1429 2489 1744 2562; x_wconf 74' lang='lat' dir='ltr'><strong>evangelista</strong></span> 
     </span>
    </p>
   </div>
   <div class='ocr_carea' id='block_1_41' title="bbox 626 2572 2149 2645">
    <p class='ocr_par' dir='ltr' id='par_1_41' title="bbox 626 2572 2149 2645">
     <span class='ocr_line' id='line_1_41' title="bbox 626 2572 2149 2645; baseline 0.007 -17"><span class='ocrx_word' id='word_1_293' title='bbox 626 2572 758 2629; x_wconf 87' lang='lat' dir='ltr'><strong>Cum</strong></span> <span class='ocrx_word' id='word_1_294' title='bbox 788 2574 901 2645; x_wconf 87' lang='lat' dir='ltr'><strong>ipse</strong></span> <span class='ocrx_word' id='word_1_295' title='bbox 948 2575 1222 2645; x_wconf 87' lang='lat' dir='ltr'><strong>Ephesum</strong></span> <span class='ocrx_word' id='word_1_296' title='bbox 1244 2578 1462 2636; x_wconf 89' lang='lat' dir='ltr'><strong>rediens</strong></span> <span class='ocrx_word' id='word_1_297' title='bbox 1484 2621 1498 2645; x_wconf 93' lang='lat'><strong>,</strong></span> <span class='ocrx_word' id='word_1_298' title='bbox 1538 2579 1797 2636; x_wconf 89' lang='lat' dir='ltr'><strong>lustraret</strong></span> <span class='ocrx_word' id='word_1_299' title='bbox 1829 2580 2035 2637; x_wconf 91' lang='lat' dir='ltr'><strong>vicinas</strong></span> <span class='ocrx_word' id='word_1_300' title='bbox 2093 2590 2149 2638; x_wconf 92' lang='lat' dir='ltr'><strong>et</strong></span> 
     </span>
    </p>
   </div>
   <div class='ocr_carea' id='block_1_42' title="bbox 555 2665 2144 2744">
    <p class='ocr_par' dir='ltr' id='par_1_42' title="bbox 555 2665 2144 2744">
     <span class='ocr_line' id='line_1_42' title="bbox 555 2665 2144 2744; baseline 0.006 -24"><span class='ocrx_word' id='word_1_301' title='bbox 555 2665 849 2724; x_wconf 89' lang='lat' dir='ltr'><strong>illustraret</strong></span> <span class='ocrx_word' id='word_1_302' title='bbox 877 2669 1216 2740; x_wconf 88' lang='lat' dir='ltr'><strong>provincias,</strong></span> <span class='ocrx_word' id='word_1_303' title='bbox 1248 2671 1386 2728; x_wconf 89' lang='lat' dir='ltr'><strong>vidit</strong></span> <span class='ocrx_word' id='word_1_304' title='bbox 1418 2671 1674 2741; x_wconf 89' lang='lat' dir='ltr'><strong>juvenem</strong></span> <span class='ocrx_word' id='word_1_305' title='bbox 1707 2674 1998 2744; x_wconf 88' lang='lat' dir='ltr'><strong>quemdam</strong></span> <span class='ocrx_word' id='word_1_306' title='bbox 2022 2675 2144 2729; x_wconf 92' lang='lat' dir='ltr'><strong>ani-</strong></span> 
     </span>
    </p>
   </div>
   <div class='ocr_carea' id='block_1_43' title="bbox 555 2759 2152 2836">
    <p class='ocr_par' dir='ltr' id='par_1_43' title="bbox 555 2759 2152 2836">
     <span class='ocr_line' id='line_1_43' title="bbox 555 2759 2152 2836; baseline 0.006 -25"><span class='ocrx_word' id='word_1_307' title='bbox 555 2759 661 2814; x_wconf 88' lang='lat' dir='ltr'><strong>mis</strong></span> <span class='ocrx_word' id='word_1_308' title='bbox 693 2775 872 2815; x_wconf 89' lang='lat' dir='ltr'><strong>acrem</strong></span> <span class='ocrx_word' id='word_1_309' title='bbox 892 2761 1074 2828; x_wconf 87' lang='lat' dir='ltr'><strong>nimis,</strong></span> <span class='ocrx_word' id='word_1_310' title='bbox 1107 2778 1269 2834; x_wconf 88' lang='lat' dir='ltr'><strong>quem</strong></span> <span class='ocrx_word' id='word_1_311' title='bbox 1297 2763 1400 2819; x_wconf 91' lang='lat' dir='ltr'><strong>loci</strong></span> <span class='ocrx_word' id='word_1_312' title='bbox 1431 2763 1576 2819; x_wconf 89' lang='lat' dir='ltr'><strong>illius</strong></span> <span class='ocrx_word' id='word_1_313' title='bbox 1598 2764 1852 2836; x_wconf 90' lang='lat' dir='ltr'><strong>episcopo</strong></span> <span class='ocrx_word' id='word_1_314' title='bbox 1874 2781 2152 2820; x_wconf 63' lang='lat' dir='ltr'><strong>commeno</strong></span> 
     </span>
    </p>
   </div>
   <div class='ocr_carea' id='block_1_44' title="bbox 556 2849 2183 2925">
    <p class='ocr_par' dir='ltr' id='par_1_44' title="bbox 556 2849 2183 2925">
     <span class='ocr_line' id='line_1_44' title="bbox 556 2849 2183 2925; baseline 0.006 -24"><span class='ocrx_word' id='word_1_315' title='bbox 556 2849 736 2915; x_wconf 87' lang='lat' dir='ltr'><strong>davit,</strong></span> <span class='ocrx_word' id='word_1_316' title='bbox 787 2850 877 2920; x_wconf 89' lang='lat' dir='ltr'><strong>qui</strong></span> <span class='ocrx_word' id='word_1_317' title='bbox 902 2860 958 2906; x_wconf 94' lang='lat' dir='ltr'><strong>ct</strong></span> <span class='ocrx_word' id='word_1_318' title='bbox 987 2851 1063 2906; x_wconf 88' lang='lat' dir='ltr'><strong>illi</strong></span> <span class='ocrx_word' id='word_1_319' title='bbox 1123 2853 1372 2924; x_wconf 22' lang='lat' dir='ltr'><strong>gratiam,</strong></span> <span class='ocrx_word' id='word_1_320' title='bbox 1409 2854 1574 2908; x_wconf 90' lang='lat' dir='ltr'><strong>tradit</strong></span> <span class='ocrx_word' id='word_1_321' title='bbox 1620 2855 1896 2925; x_wconf 86' lang='lat' dir='ltr'><strong>baptismi.</strong></span> <span class='ocrx_word' id='word_1_322' title='bbox 1948 2856 2183 2922; x_wconf 26' lang='lat' dir='ltr'><strong>Deinde.</strong></span> 
     </span>
    </p>
   </div>
   <div class='ocr_carea' id='block_1_45' title="bbox 559 2944 2151 3017">
    <p class='ocr_par' dir='ltr' id='par_1_45' title="bbox 559 2944 2151 3017">
     <span class='ocr_line' id='line_1_45' title="bbox 559 2944 2151 3017; baseline 0.004 -21"><span class='ocrx_word' id='word_1_323' title='bbox 559 2944 841 2998; x_wconf 87' lang='lat' dir='ltr'><strong>conlidens</strong></span> <span class='ocrx_word' id='word_1_324' title='bbox 872 2947 1093 3015; x_wconf 76' lang='lat' dir='ltr'><strong>gratim,</strong></span> <span class='ocrx_word' id='word_1_325' title='bbox 1123 2961 1232 3017; x_wconf 86' lang='lat' dir='ltr'><strong>qua</strong></span> <span class='ocrx_word' id='word_1_326' title='bbox 1259 2947 1438 3002; x_wconf 87' lang='lat' dir='ltr'><strong>fuerat</strong></span> <span class='ocrx_word' id='word_1_327' title='bbox 1469 2949 1870 3013; x_wconf 88' lang='lat' dir='ltr'><strong>communitus,</strong></span> <span class='ocrx_word' id='word_1_328' title='bbox 1896 2949 2151 3004; x_wconf 88' lang='lat' dir='ltr'><strong>eumdem</strong></span> 
     </span>
    </p>
   </div>
   <div class='ocr_carea' id='block_1_46' title="bbox 553 3033 2151 3111">
    <p class='ocr_par' dir='ltr' id='par_1_46' title="bbox 553 3033 2151 3111">
     <span class='ocr_line' id='line_1_46' title="bbox 553 3033 2151 3111; baseline 0.006 -25"><span class='ocrx_word' id='word_1_329' title='bbox 553 3033 809 3100; x_wconf 83' lang='lat' dir='ltr'><strong>juvenem</strong></span> <span class='ocrx_word' id='word_1_330' title='bbox 841 3038 1120 3094; x_wconf 89' lang='lat' dir='ltr'><strong>remissius</strong></span> <span class='ocrx_word' id='word_1_331' title='bbox 1145 3039 1346 3095; x_wconf 87' lang='lat' dir='ltr'><strong>habere</strong></span> <span class='ocrx_word' id='word_1_332' title='bbox 1365 3040 1552 3111; x_wconf 85' lang='lat' dir='ltr'><strong>coepit.</strong></span> <span class='ocrx_word' id='word_1_333' title='bbox 1589 3040 1694 3095; x_wconf 87' lang='lat' dir='ltr'><strong>Sed</strong></span> <span class='ocrx_word' id='word_1_334' title='bbox 1719 3041 1826 3106; x_wconf 85' lang='lat' dir='ltr'><strong>ille,</strong></span> <span class='ocrx_word' id='word_1_335' title='bbox 1861 3041 2151 3096; x_wconf 88' lang='lat' dir='ltr'><strong>immatura</strong></span> 
     </span>
    </p>
   </div>
   <div class='ocr_carea' id='block_1_47' title="bbox 559 3127 2146 3204">
    <p class='ocr_par' dir='ltr' id='par_1_47' title="bbox 559 3127 2146 3204">
     <span class='ocr_line' id='line_1_47' title="bbox 559 3127 2146 3204; baseline 0.006 -24"><span class='ocrx_word' id='word_1_336' title='bbox 559 3127 810 3184; x_wconf 89' lang='lat' dir='ltr'><strong>libertate</strong></span> <span class='ocrx_word' id='word_1_337' title='bbox 836 3132 1070 3200; x_wconf 89' lang='lat' dir='ltr'><strong>potitus,</strong></span> <span class='ocrx_word' id='word_1_338' title='bbox 1129 3141 1397 3204; x_wconf 65' lang='lat' dir='ltr'><strong>corruptae</strong></span> <span class='ocrx_word' id='word_1_339' title='bbox 1453 3135 1556 3189; x_wconf 75' lang='lat' dir='ltr'><strong>via:</strong></span> <span class='ocrx_word' id='word_1_340' title='bbox 1601 3135 1871 3190; x_wconf 89' lang='lat' dir='ltr'><strong>tramitem</strong></span> <span class='ocrx_word' id='word_1_341' title='bbox 1924 3135 2146 3193; x_wconf 87' lang='lat' dir='ltr'><strong>incedit.</strong></span> 
     </span>
    </p>
   </div>
   <div class='ocr_carea' id='block_1_48' title="bbox 2247 1928 3731 2001">
    <p class='ocr_par' dir='ltr' id='par_1_48' title="bbox 2247 1928 3731 2001">
     <span class='ocr_line' id='line_1_48' title="bbox 2247 1928 3731 2001; baseline -0.003 -15"><span class='ocrx_word' id='word_1_342' title='bbox 2247 1939 2410 2000; x_wconf 86' lang='lat' dir='ltr'><strong>caput</strong></span> <span class='ocrx_word' id='word_1_343' title='bbox 2459 1928 2576 1998; x_wconf 87' lang='lat' dir='ltr'><strong>ejus</strong></span> <span class='ocrx_word' id='word_1_344' title='bbox 2635 1930 2787 2001; x_wconf 87' lang='lat' dir='ltr'><strong>(quin</strong></span> <span class='ocrx_word' id='word_1_345' title='bbox 2835 1930 3063 2000; x_wconf 82' lang='lat' dir='ltr'><strong>Augusti</strong></span> <span class='ocrx_word' id='word_1_346' title='bbox 3107 1928 3465 2000; x_wconf 79' lang='lat' dir='ltr'><strong>Constantini)</strong></span> <span class='ocrx_word' id='word_1_347' title='bbox 3503 1929 3731 1985; x_wconf 82' lang='lat' dir='ltr'><strong>benedicens</strong></span> 
     </span>
    </p>
   </div>
   <div class='ocr_carea' id='block_1_49' title="bbox 2246 2019 3730 2090">
    <p class='ocr_par' dir='ltr' id='par_1_49' title="bbox 2246 2019 3730 2090">
     <span class='ocr_line' id='line_1_49' title="bbox 2246 2019 3730 2090; baseline -0.005 -12"><span class='ocrx_word' id='word_1_348' title='bbox 2246 2036 2369 2078; x_wconf 90' lang='lat' dir='ltr'><strong>eum</strong></span> <span class='ocrx_word' id='word_1_349' title='bbox 2438 2037 2503 2078; x_wconf 90' lang='lat' dir='ltr'><strong>ac</strong></span> <span class='ocrx_word' id='word_1_350' title='bbox 2572 2020 2778 2077; x_wconf 85' lang='lat' dir='ltr'><strong>faciens</strong></span> <span class='ocrx_word' id='word_1_351' title='bbox 2838 2022 3310 2077; x_wconf 90' lang='lat' dir='ltr'><strong>catechumenum.</strong></span> <span class='ocrx_word' id='word_1_352' title='bbox 3383 2019 3521 2076; x_wconf 90' lang='lat' dir='ltr'><strong>Tunc</strong></span> <span class='ocrx_word' id='word_1_353' title='bbox 3579 2035 3730 2090; x_wconf 76' lang='lat' dir='ltr'><strong>congre-</strong></span> 
     </span>
    </p>
   </div>
   <div class='ocr_carea' id='block_1_50' title="bbox 2255 2111 3730 2185">
    <p class='ocr_par' dir='ltr' id='par_1_50' title="bbox 2255 2111 3730 2185">
     <span class='ocr_line' id='line_1_50' title="bbox 2255 2111 3730 2185; baseline -0.004 -18"><span class='ocrx_word' id='word_1_354' title='bbox 2255 2113 2395 2185; x_wconf 90' lang='lat' dir='ltr'><strong>gatis</strong></span> <span class='ocrx_word' id='word_1_355' title='bbox 2461 2112 2713 2168; x_wconf 87' lang='lat' dir='ltr'><strong>omnibus</strong></span> <span class='ocrx_word' id='word_1_356' title='bbox 2773 2111 3142 2184; x_wconf 88' lang='lat' dir='ltr'><strong>presbyteris,</strong></span> <span class='ocrx_word' id='word_1_357' title='bbox 3207 2120 3266 2167; x_wconf 89' lang='lat' dir='ltr'><strong>et</strong></span> <span class='ocrx_word' id='word_1_358' title='bbox 3307 2111 3622 2174; x_wconf 86' lang='lat' dir='ltr'><strong>diaconibus,</strong></span> <span class='ocrx_word' id='word_1_359' title='bbox 3657 2125 3730 2164; x_wconf 82' lang='lat' dir='ltr'><strong>cum</strong></span> 
     </span>
    </p>
   </div>
   <div class='ocr_carea' id='block_1_51' title="bbox 2247 2200 3728 2272">
    <p class='ocr_par' dir='ltr' id='par_1_51' title="bbox 2247 2200 3728 2272">
     <span class='ocr_line' id='line_1_51' title="bbox 2247 2200 3728 2272; baseline -0.005 -14"><span class='ocrx_word' id='word_1_360' title='bbox 2247 2204 2503 2260; x_wconf 88' lang='lat' dir='ltr'><strong>universo</strong></span> <span class='ocrx_word' id='word_1_361' title='bbox 2555 2203 2738 2266; x_wconf 91' lang='lat' dir='ltr'><strong>clero,</strong></span> <span class='ocrx_word' id='word_1_362' title='bbox 2795 2203 2989 2258; x_wconf 82' lang='lat' dir='ltr'><strong>indixit</strong></span> <span class='ocrx_word' id='word_1_363' title='bbox 3044 2200 3312 2272; x_wconf 89' lang='lat' dir='ltr'><strong>jejunium</strong></span> <span class='ocrx_word' id='word_1_364' title='bbox 3360 2203 3496 2258; x_wconf 89' lang='lat' dir='ltr'><strong>omni</strong></span> <span class='ocrx_word' id='word_1_365' title='bbox 3537 2201 3728 2262; x_wconf 74' lang='lat' dir='ltr'><strong>ecclesia,</strong></span> 
     </span>
    </p>
   </div>
   <div class='ocr_carea' id='block_1_52' title="bbox 2248 2292 3728 2364">
    <p class='ocr_par' dir='ltr' id='par_1_52' title="bbox 2248 2292 3728 2364">
     <span class='ocr_line' id='line_1_52' title="bbox 2248 2292 3728 2364; baseline -0.004 -14"><span class='ocrx_word' id='word_1_366' title='bbox 2248 2295 2431 2350; x_wconf 88' lang='lat' dir='ltr'><strong>dicens</strong></span> <span class='ocrx_word' id='word_1_367' title='bbox 2459 2309 2472 2348; x_wconf 91' lang='lat'><strong>:</strong></span> <span class='ocrx_word' id='word_1_368' title='bbox 2505 2295 2561 2348; x_wconf 90' lang='lat' dir='ltr'><strong>Si</strong></span> <span class='ocrx_word' id='word_1_369' title='bbox 2624 2294 2874 2349; x_wconf 72' lang='lat' dir='ltr'><strong>Ninivita:</strong></span> <span class='ocrx_word' id='word_1_370' title='bbox 2898 2293 2951 2348; x_wconf 90' lang='lat' dir='ltr'><strong>in</strong></span> <span class='ocrx_word' id='word_1_371' title='bbox 2978 2292 3365 2363; x_wconf 52' lang='lat' dir='ltr'><strong>praedicatione</strong></span> <span class='ocrx_word' id='word_1_372' title='bbox 3402 2292 3536 2348; x_wconf 64' lang='lat' dir='ltr'><strong>Jouaz</strong></span> <span class='ocrx_word' id='word_1_373' title='bbox 3568 2308 3640 2364; x_wconf 86' lang='lat' dir='ltr'><strong>per</strong></span> <span class='ocrx_word' id='word_1_374' title='bbox 3672 2292 3728 2344; x_wconf 87' lang='lat' dir='ltr'><strong>tri-</strong></span> 
     </span>
    </p>
   </div>
   <div class='ocr_carea' id='block_1_53' title="bbox 2251 2371 3817 2457">
    <p class='ocr_par' dir='ltr' id='par_1_53' title="bbox 2251 2371 3817 2457">
     <span class='ocr_line' id='line_1_53' title="bbox 2251 2371 3817 2457; baseline -0.005 -16"><span class='ocrx_word' id='word_1_375' title='bbox 2251 2387 2488 2441; x_wconf 89' lang='lat' dir='ltr'><strong>duanum</strong></span> <span class='ocrx_word' id='word_1_376' title='bbox 2525 2383 2830 2457; x_wconf 76' lang='lat' dir='ltr'><strong>jejunium,</strong></span> <span class='ocrx_word' id='word_1_377' title='bbox 2877 2384 3013 2439; x_wconf 86' lang='lat' dir='ltr'><strong>iram</strong></span> <span class='ocrx_word' id='word_1_378' title='bbox 3079 2385 3174 2440; x_wconf 90' lang='lat' dir='ltr'><strong>Dei</strong></span> <span class='ocrx_word' id='word_1_379' title='bbox 3244 2381 3584 2456; x_wconf 72' lang='lat' dir='ltr'><strong>offensamque</strong></span> <span class='ocrx_word' id='word_1_380' title='bbox 3634 2398 3737 2453; x_wconf 12' lang='lat' dir='ltr'><strong>quam.</strong></span> <span class='ocrx_word' id='word_1_381' title='bbox 3816 2371 3817 2398; x_wconf 42' lang='grc' dir='ltr'>έ</span> 
     </span>
    </p>
   </div>
   <div class='ocr_carea' id='block_1_54' title="bbox 2178 2474 3817 2549">
    <p class='ocr_par' dir='ltr' id='par_1_54' title="bbox 2178 2474 3817 2549">
     <span class='ocr_line' id='line_1_54' title="bbox 2178 2474 3817 2549; baseline -0.005 -17"><span class='ocrx_word' id='word_1_382' title='bbox 2178 2513 2180 2516; x_wconf 52' lang='grc' dir='ltr'>μ</span> <span class='ocrx_word' id='word_1_383' title='bbox 2249 2477 2620 2549; x_wconf 88' lang='lat' dir='ltr'><strong>promiserat,</strong></span> <span class='ocrx_word' id='word_1_384' title='bbox 2670 2475 2759 2532; x_wconf 91' lang='lat' dir='ltr'><strong>his</strong></span> <span class='ocrx_word' id='word_1_385' title='bbox 2813 2476 2995 2532; x_wconf 87' lang='lat' dir='ltr'><strong>debita</strong></span> <span class='ocrx_word' id='word_1_386' title='bbox 3053 2488 3382 2543; x_wconf 88' lang='lat' dir='ltr'><strong>evaserunt,</strong></span> <span class='ocrx_word' id='word_1_387' title='bbox 3431 2485 3600 2547; x_wconf 88' lang='lat' dir='ltr'><strong>quanto</strong></span> <span class='ocrx_word' id='word_1_388' title='bbox 3631 2474 3732 2542; x_wconf 74' lang='lat' dir='ltr'><strong>magis</strong></span> <span class='ocrx_word' id='word_1_389' title='bbox 3816 2515 3817 2549; x_wconf 29' lang='grc' dir='ltr'><strong>ἦ</strong></span> 
     </span>
    </p>
   </div>
   <div class='ocr_carea' id='block_1_55' title="bbox 2252 2565 3732 2641">
    <p class='ocr_par' dir='ltr' id='par_1_55' title="bbox 2252 2565 3732 2641">
     <span class='ocr_line' id='line_1_55' title="bbox 2252 2565 3732 2641; baseline -0.007 -15"><span class='ocrx_word' id='word_1_390' title='bbox 2252 2587 2352 2626; x_wconf 89' lang='lat' dir='ltr'><strong>nos</strong></span> <span class='ocrx_word' id='word_1_391' title='bbox 2393 2572 2446 2624; x_wconf 93' lang='lat' dir='ltr'><strong>in</strong></span> <span class='ocrx_word' id='word_1_392' title='bbox 2497 2569 2880 2641; x_wconf 76' lang='lat' dir='ltr'><strong>praedicatione</strong></span> <span class='ocrx_word' id='word_1_393' title='bbox 2927 2569 3141 2624; x_wconf 86' lang='lat' dir='ltr'><strong>Dominl</strong></span> <span class='ocrx_word' id='word_1_394' title='bbox 3191 2571 3362 2625; x_wconf 89' lang='lat' dir='ltr'><strong>nostri</strong></span> <span class='ocrx_word' id='word_1_395' title='bbox 3407 2567 3520 2624; x_wconf 88' lang='lat' dir='ltr'><strong>Jesu</strong></span> <span class='ocrx_word' id='word_1_396' title='bbox 3577 2565 3732 2625; x_wconf 73' lang='lat' dir='ltr'><strong>Christi,</strong></span> 
     </span>
    </p>
   </div>
   <div class='ocr_carea' id='block_1_56' title="bbox 2253 2661 3817 2733">
    <p class='ocr_par' dir='ltr' id='par_1_56' title="bbox 2253 2661 3817 2733">
     <span class='ocr_line' id='line_1_56' title="bbox 2253 2661 3817 2733; baseline -0.008 -16"><span class='ocrx_word' id='word_1_397' title='bbox 2253 2665 2659 2733; x_wconf 78' lang='lat' dir='ltr'><strong>persecutiones</strong></span> <span class='ocrx_word' id='word_1_398' title='bbox 2681 2662 2992 2717; x_wconf 89' lang='lat' dir='ltr'><strong>evademus.</strong></span> <span class='ocrx_word' id='word_1_399' title='bbox 3019 2661 3325 2717; x_wconf 88' lang='lat' dir='ltr'><strong>Lucramur</strong></span> <span class='ocrx_word' id='word_1_400' title='bbox 3373 2661 3586 2725; x_wconf 86' lang='lat' dir='ltr'><strong>animas,</strong></span> <span class='ocrx_word' id='word_1_401' title='bbox 3617 2672 3732 2728; x_wconf 72' lang='lat' dir='ltr'><strong>pacem</strong></span> <span class='ocrx_word' id='word_1_402' title='bbox 3816 2661 3817 2720; x_wconf 49' lang='grc' dir='ltr'>ξ</span> 
     </span>
    </p>
   </div>
   <div class='ocr_carea' id='block_1_57' title="bbox 2266 2747 3817 2820">
    <p class='ocr_par' dir='ltr' id='par_1_57' title="bbox 2266 2747 3817 2820">
     <span class='ocr_line' id='line_1_57' title="bbox 2266 2747 3817 2820; baseline -0.006 -13"><span class='ocrx_word' id='word_1_403' title='bbox 2266 2752 2363 2808; x_wconf 90' lang='lat' dir='ltr'><strong>Dei</strong></span> <span class='ocrx_word' id='word_1_404' title='bbox 2386 2751 2628 2807; x_wconf 89' lang='lat' dir='ltr'><strong>ecclesiis</strong></span> <span class='ocrx_word' id='word_1_405' title='bbox 2656 2751 2986 2820; x_wconf 87' lang='lat' dir='ltr'><strong>acquirimus</strong></span> <span class='ocrx_word' id='word_1_406' title='bbox 3006 2792 3020 2816; x_wconf 88' lang='lat'><strong>,</strong></span> <span class='ocrx_word' id='word_1_407' title='bbox 3049 2760 3104 2807; x_wconf 86' lang='lat' dir='ltr'><strong>et</strong></span> <span class='ocrx_word' id='word_1_408' title='bbox 3134 2751 3431 2806; x_wconf 86' lang='lat' dir='ltr'><strong>idololatris</strong></span> <span class='ocrx_word' id='word_1_409' title='bbox 3454 2751 3590 2805; x_wconf 86' lang='lat' dir='ltr'><strong>ﬁnem</strong></span> <span class='ocrx_word' id='word_1_410' title='bbox 3627 2748 3732 2814; x_wconf 76' lang='lat' dir='ltr'><strong>impo-</strong></span> <span class='ocrx_word' id='word_1_411' title='bbox 3816 2747 3817 2772; x_wconf 38' lang='grc' dir='ltr'>ξ</span> 
     </span>
    </p>
   </div>
   <div class='ocr_carea' id='block_1_58' title="bbox 2263 2837 3732 2914">
    <p class='ocr_par' dir='ltr' id='par_1_58' title="bbox 2263 2837 3732 2914">
     <span class='ocr_line' id='line_1_58' title="bbox 2263 2837 3732 2914; baseline -0.008 -15"><span class='ocrx_word' id='word_1_412' title='bbox 2263 2845 2465 2900; x_wconf 89' lang='lat' dir='ltr'><strong>nimus.</strong></span> <span class='ocrx_word' id='word_1_413' title='bbox 2492 2843 2615 2898; x_wconf 84' lang='lat' dir='ltr'><strong>llacc</strong></span> <span class='ocrx_word' id='word_1_414' title='bbox 2636 2852 2817 2898; x_wconf 87' lang='lat' dir='ltr'><strong>autem</strong></span> <span class='ocrx_word' id='word_1_415' title='bbox 2871 2842 3102 2898; x_wconf 87' lang='lat' dir='ltr'><strong>facimus</strong></span> <span class='ocrx_word' id='word_1_416' title='bbox 3145 2837 3410 2914; x_wconf 88' lang='lat' dir='ltr'><strong>jejuniis,</strong></span> <span class='ocrx_word' id='word_1_417' title='bbox 3461 2837 3732 2900; x_wconf 78' lang='lat' dir='ltr'><strong>orationibus,</strong></span> 
     </span>
    </p>
   </div>
   <div class='ocr_carea' id='block_1_59' title="bbox 2254 2936 3432 3006">
    <p class='ocr_par' dir='ltr' id='par_1_59' title="bbox 2254 2936 3432 3006">
     <span class='ocr_line' id='line_1_59' title="bbox 2254 2936 3432 3006; baseline -0.003 -14"><span class='ocrx_word' id='word_1_418' title='bbox 2254 2945 2316 2992; x_wconf 91' lang='lat' dir='ltr'><strong>ut</strong></span> <span class='ocrx_word' id='word_1_419' title='bbox 2338 2938 2454 2993; x_wconf 79' lang='lat' dir='ltr'><strong>lucc</strong></span> <span class='ocrx_word' id='word_1_420' title='bbox 2480 2952 2510 2991; x_wconf 89' lang='lat' dir='ltr'><strong>a</strong></span> <span class='ocrx_word' id='word_1_421' title='bbox 2541 2937 2650 2991; x_wconf 91' lang='lat' dir='ltr'><strong>Deo</strong></span> <span class='ocrx_word' id='word_1_422' title='bbox 2673 2936 3045 3006; x_wconf 89' lang='lat' dir='ltr'><strong>impetremus.</strong></span> <span class='ocrx_word' id='word_1_423' title='bbox 3070 2956 3087 2987; x_wconf 76' lang='grc' dir='ltr'><strong><em>ι</em></strong></span> <span class='ocrx_word' id='word_1_424' title='bbox 3112 2936 3179 2990; x_wconf 84' lang='grc' dir='ltr'><strong>Ει</strong></span> <span class='ocrx_word' id='word_1_425' title='bbox 3215 2945 3432 2991; x_wconf 62' lang='lat' dir='ltr'><strong>caetera.</strong></span> 
     </span>
    </p>
   </div>
   <div class='ocr_carea' id='block_1_60' title="bbox 2450 3028 3548 3099">
    <p class='ocr_par' dir='ltr' id='par_1_60' title="bbox 2450 3028 3548 3099">
     <span class='ocr_line' id='line_1_60' title="bbox 2450 3028 3548 3099; baseline -0.005 -15"><span class='ocrx_word' id='word_1_426' title='bbox 2450 3039 2454 3042; x_wconf 81' lang='grc'><em>’</em></span> <span class='ocrx_word' id='word_1_427' title='bbox 2522 3029 2609 3085; x_wconf 83' lang='lat' dir='ltr'><strong>Ill.</strong></span> <span class='ocrx_word' id='word_1_428' title='bbox 2652 3029 2806 3084; x_wconf 74' lang='lat' dir='ltr'><strong>Dicta</strong></span> <span class='ocrx_word' id='word_1_429' title='bbox 2852 3029 2918 3084; x_wconf 86' lang='grc' dir='ltr'><strong>Β.</strong></span> <span class='ocrx_word' id='word_1_430' title='bbox 2944 3028 3187 3099; x_wconf 79' lang='lat' dir='ltr'><strong>Gregorii</strong></span> <span class='ocrx_word' id='word_1_431' title='bbox 3210 3029 3280 3081; x_wconf 79' lang='lat' dir='ltr'><strong>ad</strong></span> <span class='ocrx_word' id='word_1_432' title='bbox 3303 3032 3548 3098; x_wconf 79' lang='lat' dir='ltr'><strong>populum.</strong></span> 
     </span>
    </p>
   </div>
   <div class='ocr_carea' id='block_1_61' title="bbox 2307 3111 3733 3192">
    <p class='ocr_par' dir='ltr' id='par_1_61' title="bbox 2307 3111 3733 3192">
     <span class='ocr_line' id='line_1_61' title="bbox 2307 3111 3733 3192; baseline -0.007 -17"><span class='ocrx_word' id='word_1_433' title='bbox 2307 3111 2530 3178; x_wconf 81' lang='lat' dir='ltr'><strong>Beatus</strong></span> <span class='ocrx_word' id='word_1_434' title='bbox 2558 3136 2774 3192; x_wconf 88' lang='lat' dir='ltr'><strong>quoque</strong></span> <span class='ocrx_word' id='word_1_435' title='bbox 2796 3119 3088 3191; x_wconf 79' lang='lat' dir='ltr'><strong>Gregorius</strong></span> <span class='ocrx_word' id='word_1_436' title='bbox 3113 3120 3167 3175; x_wconf 91' lang='lat' dir='ltr'><strong>in</strong></span> <span class='ocrx_word' id='word_1_437' title='bbox 3201 3119 3466 3187; x_wconf 78' lang='lat' dir='ltr'><strong>Evangelii</strong></span> <span class='ocrx_word' id='word_1_438' title='bbox 3505 3115 3668 3172; x_wconf 77' lang='lat' dir='ltr'><strong>homilia</strong></span> <span class='ocrx_word' id='word_1_439' title='bbox 3697 3111 3733 3164; x_wconf 78' lang='lat' dir='ltr'><strong>ad</strong></span> 
     </span>
    </p>
   </div>
   <div class='ocr_carea' id='block_1_62' title="bbox 560 3205 3733 3301">
    <p class='ocr_par' dir='ltr' id='par_1_62' title="bbox 560 3205 3733 3301">
     <span class='ocr_line' id='line_1_62' title="bbox 560 3205 3733 3301; baseline 0.002 -27"><span class='ocrx_word' id='word_1_440' title='bbox 560 3220 769 3276; x_wconf 85' lang='lat' dir='ltr'><strong>Deinde</strong></span> <span class='ocrx_word' id='word_1_441' title='bbox 825 3239 855 3277; x_wconf 89' lang='lat' dir='ltr'><strong>a</strong></span> <span class='ocrx_word' id='word_1_442' title='bbox 909 3223 1070 3280; x_wconf 91' lang='lat' dir='ltr'><strong>furtis</strong></span> <span class='ocrx_word' id='word_1_443' title='bbox 1121 3225 1262 3282; x_wconf 90' lang='lat' dir='ltr'><strong>mala</strong></span> <span class='ocrx_word' id='word_1_444' title='bbox 1310 3243 1538 3298; x_wconf 70' lang='lat' dir='ltr'><strong>qumque</strong></span> <span class='ocrx_word' id='word_1_445' title='bbox 1581 3230 1783 3286; x_wconf 90' lang='lat' dir='ltr'><strong>sensim</strong></span> <span class='ocrx_word' id='word_1_446' title='bbox 1844 3230 2108 3301; x_wconf 87' lang='lat' dir='ltr'><strong>incipiens</strong></span> <span class='ocrx_word' id='word_1_447' title='bbox 2133 3273 2150 3298; x_wconf 93' lang='lat'><strong>,</strong></span> <span class='ocrx_word' id='word_1_448' title='bbox 2180 3206 2226 3268; x_wconf 67' lang='grc' dir='ltr'><strong>δ</strong></span> <span class='ocrx_word' id='word_1_449' title='bbox 2260 3213 2512 3284; x_wconf 73' lang='grc' dir='ltr'><strong>ρονυιιιιη</strong></span> <span class='ocrx_word' id='word_1_450' title='bbox 2541 3211 2766 3284; x_wconf 65' lang='lat' dir='ltr'><strong>(&quot;0m&quot;-</strong></span> <span class='ocrx_word' id='word_1_451' title='bbox 2796 3212 2862 3267; x_wconf 68' lang='grc'><strong>19</strong></span> <span class='ocrx_word' id='word_1_452' title='bbox 2905 3223 2952 3266; x_wconf 71' lang='grc' dir='ltr'><strong>ει</strong></span> <span class='ocrx_word' id='word_1_453' title='bbox 3001 3211 3070 3267; x_wconf 64' lang='grc'><strong>20</strong></span> <span class='ocrx_word' id='word_1_454' title='bbox 3099 3251 3114 3278; x_wconf 72' lang='grc' dir='ltr'><strong>ν</strong></span> <span class='ocrx_word' id='word_1_455' title='bbox 3166 3211 3222 3267; x_wconf 63' lang='grc' dir='ltr'><strong>δη</strong></span> <span class='ocrx_word' id='word_1_456' title='bbox 3255 3210 3491 3282; x_wconf 73' lang='grc' dir='ltr'><strong>Εῑάηθ·)·</strong></span> <span class='ocrx_word' id='word_1_457' title='bbox 3520 3228 3536 3260; x_wconf 76' lang='grc' dir='ltr'>ί</span> <span class='ocrx_word' id='word_1_458' title='bbox 3561 3207 3604 3301; x_wconf 48' lang='lat' dir='ltr'><strong>si</strong></span> <span class='ocrx_word' id='word_1_459' title='bbox 3638 3205 3733 3301; x_wconf 50' lang='lat' dir='ltr'><strong>Mt</strong></span> 
     </span>
    </p>
   </div>
   <div class='ocr_carea' id='block_1_63' title="bbox 561 3310 2188 3390">
    <p class='ocr_par' dir='ltr' id='par_1_63' title="bbox 561 3310 2188 3390">
     <span class='ocr_line' id='line_1_63' title="bbox 561 3310 2188 3390; baseline 0.008 -25"><span class='ocrx_word' id='word_1_460' title='bbox 561 3310 780 3367; x_wconf 89' lang='lat' dir='ltr'><strong>demum</strong></span> <span class='ocrx_word' id='word_1_461' title='bbox 805 3315 1060 3386; x_wconf 75' lang='lat' dir='ltr'><strong>magister</strong></span> <span class='ocrx_word' id='word_1_462' title='bbox 1084 3315 1354 3372; x_wconf 90' lang='lat' dir='ltr'><strong>latronum</strong></span> <span class='ocrx_word' id='word_1_463' title='bbox 1380 3319 1435 3374; x_wconf 92' lang='lat' dir='ltr'><strong>in</strong></span> <span class='ocrx_word' id='word_1_464' title='bbox 1466 3320 1616 3376; x_wconf 89' lang='lat' dir='ltr'><strong>brevi</strong></span> <span class='ocrx_word' id='word_1_465' title='bbox 1648 3319 1871 3377; x_wconf 76' lang='lat' dir='ltr'><strong>allectus</strong></span> <span class='ocrx_word' id='word_1_466' title='bbox 1893 3332 2009 3390; x_wconf 91' lang='lat' dir='ltr'><strong>est,</strong></span> <span class='ocrx_word' id='word_1_467' title='bbox 2059 3323 2158 3378; x_wconf 84' lang='lat' dir='ltr'><strong>do-</strong></span> <span class='ocrx_word' id='word_1_468' title='bbox 2185 3351 2188 3355; x_wconf 90' lang='lat'><em>-</em></span> 
     </span>
    </p>
   </div>
   <div class='ocr_carea' id='block_1_64' title="bbox 564 3401 2157 3485">
    <p class='ocr_par' dir='ltr' id='par_1_64' title="bbox 564 3401 2157 3485">
     <span class='ocr_line' id='line_1_64' title="bbox 564 3401 2157 3485; baseline 0.009 -30"><span class='ocrx_word' id='word_1_469' title='bbox 564 3415 668 3457; x_wconf 89' lang='lat' dir='ltr'><strong>nec</strong></span> <span class='ocrx_word' id='word_1_470' title='bbox 698 3401 838 3458; x_wconf 87' lang='lat' dir='ltr'><strong>idem</strong></span> <span class='ocrx_word' id='word_1_471' title='bbox 868 3401 1102 3463; x_wconf 90' lang='lat' dir='ltr'><strong>Jeannes</strong></span> <span class='ocrx_word' id='word_1_472' title='bbox 1157 3409 1408 3464; x_wconf 88' lang='lat' dir='ltr'><strong>eumdem</strong></span> <span class='ocrx_word' id='word_1_473' title='bbox 1455 3409 1633 3466; x_wconf 91' lang='lat' dir='ltr'><strong>locum</strong></span> <span class='ocrx_word' id='word_1_474' title='bbox 1681 3420 1922 3482; x_wconf 90' lang='lat' dir='ltr'><strong>tempore</strong></span> <span class='ocrx_word' id='word_1_475' title='bbox 1973 3413 2157 3485; x_wconf 88' lang='lat' dir='ltr'><strong>elapso</strong></span> 
     </span>
    </p>
   </div>
   <div class='ocr_carea' id='block_1_65' title="bbox 561 3491 2158 3576">
    <p class='ocr_par' dir='ltr' id='par_1_65' title="bbox 561 3491 2158 3576">
     <span class='ocr_line' id='line_1_65' title="bbox 561 3491 2158 3576; baseline 0.009 -30"><span class='ocrx_word' id='word_1_476' title='bbox 561 3491 836 3559; x_wconf 89' lang='lat' dir='ltr'><strong>invisens,</strong></span> <span class='ocrx_word' id='word_1_477' title='bbox 869 3510 901 3550; x_wconf 88' lang='lat' dir='ltr'><strong>a</strong></span> <span class='ocrx_word' id='word_1_478' title='bbox 934 3495 1158 3567; x_wconf 76' lang='lat' dir='ltr'><strong>przefato</strong></span> <span class='ocrx_word' id='word_1_479' title='bbox 1185 3500 1470 3570; x_wconf 89' lang='lat' dir='ltr'><strong>requisivit</strong></span> <span class='ocrx_word' id='word_1_480' title='bbox 1493 3503 1796 3572; x_wconf 87' lang='lat' dir='ltr'><strong>depositum</strong></span> <span class='ocrx_word' id='word_1_481' title='bbox 1827 3520 1984 3560; x_wconf 91' lang='lat' dir='ltr'><strong>suum</strong></span> <span class='ocrx_word' id='word_1_482' title='bbox 2039 3505 2158 3576; x_wconf 86' lang='lat' dir='ltr'><strong>epi-</strong></span> 
     </span>
    </p>
   </div>
   <div class='ocr_carea' id='block_1_66' title="bbox 563 3585 2156 3662">
    <p class='ocr_par' dir='ltr' id='par_1_66' title="bbox 563 3585 2156 3662">
     <span class='ocr_line' id='line_1_66' title="bbox 563 3585 2156 3662; baseline 0.008 -21"><span class='ocrx_word' id='word_1_483' title='bbox 563 3600 748 3657; x_wconf 90' lang='lat' dir='ltr'><strong>sc0po.</strong></span> <span class='ocrx_word' id='word_1_484' title='bbox 789 3585 859 3642; x_wconf 87' lang='lat' dir='ltr'><strong>Et</strong></span> <span class='ocrx_word' id='word_1_485' title='bbox 924 3602 1047 3644; x_wconf 91' lang='lat' dir='ltr'><strong>cum</strong></span> <span class='ocrx_word' id='word_1_486' title='bbox 1093 3592 1448 3662; x_wconf 89' lang='lat' dir='ltr'><strong>comperisset</strong></span> <span class='ocrx_word' id='word_1_487' title='bbox 1507 3593 1755 3650; x_wconf 90' lang='lat' dir='ltr'><strong>eumdem</strong></span> <span class='ocrx_word' id='word_1_488' title='bbox 1811 3597 2156 3653; x_wconf 89' lang='lat' dir='ltr'><strong>absentatum</strong></span> 
     </span>
    </p>
   </div>
   <div class='ocr_carea' id='block_1_67' title="bbox 563 3679 2160 3759">
    <p class='ocr_par' dir='ltr' id='par_1_67' title="bbox 563 3679 2160 3759">
     <span class='ocr_line' id='line_1_67' title="bbox 563 3679 2160 3759; baseline 0.006 -25"><span class='ocrx_word' id='word_1_489' title='bbox 563 3694 685 3736; x_wconf 88' lang='lat' dir='ltr'><strong>esse</strong></span> <span class='ocrx_word' id='word_1_490' title='bbox 741 3679 1036 3751; x_wconf 88' lang='lat' dir='ltr'><strong>juvenem,</strong></span> <span class='ocrx_word' id='word_1_491' title='bbox 1097 3698 1330 3740; x_wconf 89' lang='lat' dir='ltr'><strong>ascenso</strong></span> <span class='ocrx_word' id='word_1_492' title='bbox 1388 3685 1549 3742; x_wconf 89' lang='lat' dir='ltr'><strong>citius</strong></span> <span class='ocrx_word' id='word_1_493' title='bbox 1601 3701 1768 3758; x_wconf 89' lang='lat' dir='ltr'><strong>equo,</strong></span> <span class='ocrx_word' id='word_1_494' title='bbox 1835 3688 2160 3759; x_wconf 89' lang='lat' dir='ltr'><strong>perquisivit</strong></span> 
     </span>
    </p>
   </div>
   <div class='ocr_carea' id='block_1_68' title="bbox 564 3773 2153 3847">
    <p class='ocr_par' dir='ltr' id='par_1_68' title="bbox 564 3773 2153 3847">
     <span class='ocr_line' id='line_1_68' title="bbox 564 3773 2153 3847; baseline 0.004 -20"><span class='ocrx_word' id='word_1_495' title='bbox 564 3787 721 3839; x_wconf 87' lang='lat' dir='ltr'><strong>eum;</strong></span> <span class='ocrx_word' id='word_1_496' title='bbox 754 3785 818 3829; x_wconf 88' lang='lat' dir='ltr'><strong>ac</strong></span> <span class='ocrx_word' id='word_1_497' title='bbox 849 3773 1147 3843; x_wconf 84' lang='lat' dir='ltr'><strong>perquisito</strong></span> <span class='ocrx_word' id='word_1_498' title='bbox 1171 3814 1187 3840; x_wconf 93' lang='lat'><strong>,</strong></span> <span class='ocrx_word' id='word_1_499' title='bbox 1236 3784 1288 3830; x_wconf 91' lang='lat' dir='ltr'><strong>et</strong></span> <span class='ocrx_word' id='word_1_500' title='bbox 1317 3773 1599 3846; x_wconf 85' lang='lat' dir='ltr'><strong>fugitanti,</strong></span> <span class='ocrx_word' id='word_1_501' title='bbox 1632 3777 1766 3832; x_wconf 86' lang='lat' dir='ltr'><strong>dixit</strong></span> <span class='ocrx_word' id='word_1_502' title='bbox 1827 3777 2153 3847; x_wconf 72' lang='lat' dir='ltr'><strong>Apostolus:</strong></span> 
     </span>
    </p>
   </div>
   <div class='ocr_carea' id='block_1_69' title="bbox 572 3861 2157 3938">
    <p class='ocr_par' dir='ltr' id='par_1_69' title="bbox 572 3861 2157 3938">
     <span class='ocr_line' id='line_1_69' title="bbox 572 3861 2157 3938; baseline 0.008 -23"><span class='ocrx_word' id='word_1_503' title='bbox 572 3881 593 3913; x_wconf 76' lang='grc' dir='ltr'>ι</span> <span class='ocrx_word' id='word_1_504' title='bbox 630 3861 724 3917; x_wconf 89' lang='lat' dir='ltr'><strong>Sta</strong></span> <span class='ocrx_word' id='word_1_505' title='bbox 755 3871 994 3929; x_wconf 88' lang='lat' dir='ltr'><strong>tantum,</strong></span> <span class='ocrx_word' id='word_1_506' title='bbox 1040 3875 1111 3931; x_wconf 37' lang='lat' dir='ltr'><strong>.et</strong></span> <span class='ocrx_word' id='word_1_507' title='bbox 1153 3867 1314 3922; x_wconf 89' lang='lat' dir='ltr'><strong>crede</strong></span> <span class='ocrx_word' id='word_1_508' title='bbox 1361 3867 1526 3933; x_wconf 90' lang='lat' dir='ltr'><strong>mihi,</strong></span> <span class='ocrx_word' id='word_1_509' title='bbox 1600 3869 1724 3938; x_wconf 88' lang='lat' dir='ltr'><strong>quia</strong></span> <span class='ocrx_word' id='word_1_510' title='bbox 1770 3869 2018 3926; x_wconf 87' lang='lat' dir='ltr'><strong>Christus</strong></span> <span class='ocrx_word' id='word_1_511' title='bbox 2071 3886 2157 3927; x_wconf 90' lang='lat' dir='ltr'><strong>me</strong></span> 
     </span>
    </p>
   </div>
   <div class='ocr_carea' id='block_1_70' title="bbox 568 3953 2156 4025">
    <p class='ocr_par' dir='ltr' id='par_1_70' title="bbox 568 3953 2156 4025">
     <span class='ocr_line' id='line_1_70' title="bbox 568 3953 2156 4025; baseline 0.006 -18"><span class='ocrx_word' id='word_1_512' title='bbox 568 3953 740 4010; x_wconf 86' lang='lat' dir='ltr'><strong>misit.</strong></span> <span class='ocrx_word' id='word_1_513' title='bbox 776 3972 795 4007; x_wconf 74' lang='grc' dir='ltr'><strong><em>ι</em></strong></span> <span class='ocrx_word' id='word_1_514' title='bbox 821 3953 893 4009; x_wconf 85' lang='lat' dir='ltr'><strong>At</strong></span> <span class='ocrx_word' id='word_1_515' title='bbox 921 3954 1010 4010; x_wconf 87' lang='lat' dir='ltr'><strong>ille</strong></span> <span class='ocrx_word' id='word_1_516' title='bbox 1039 3957 1266 4014; x_wconf 89' lang='lat' dir='ltr'><strong>audiens</strong></span> <span class='ocrx_word' id='word_1_517' title='bbox 1290 3999 1306 4025; x_wconf 93' lang='lat'><strong>,</strong></span> <span class='ocrx_word' id='word_1_518' title='bbox 1364 3959 1584 4014; x_wconf 88' lang='lat' dir='ltr'><strong>restitit.</strong></span> <span class='ocrx_word' id='word_1_519' title='bbox 1627 3957 1747 4015; x_wconf 90' lang='lat' dir='ltr'><strong>Jam</strong></span> <span class='ocrx_word' id='word_1_520' title='bbox 1801 3961 1995 4016; x_wconf 90' lang='lat' dir='ltr'><strong>deinde</strong></span> <span class='ocrx_word' id='word_1_521' title='bbox 2043 3971 2156 4018; x_wconf 89' lang='lat' dir='ltr'><strong>tre-</strong></span> 
     </span>
    </p>
   </div>
   <div class='ocr_carea' id='block_1_71' title="bbox 565 4043 2199 4116">
    <p class='ocr_par' dir='ltr' id='par_1_71' title="bbox 565 4043 2199 4116">
     <span class='ocr_line' id='line_1_71' title="bbox 565 4043 2199 4116; baseline 0.006 -16"><span class='ocrx_word' id='word_1_522' title='bbox 565 4043 842 4101; x_wconf 89' lang='lat' dir='ltr'><strong>mefactus</strong></span> <span class='ocrx_word' id='word_1_523' title='bbox 868 4045 1032 4102; x_wconf 67' lang='lat' dir='ltr'><strong>flebat</strong></span> <span class='ocrx_word' id='word_1_524' title='bbox 1087 4049 1459 4116; x_wconf 90' lang='lat' dir='ltr'><strong>amarissime,</strong></span> <span class='ocrx_word' id='word_1_525' title='bbox 1509 4059 1563 4106; x_wconf 90' lang='lat' dir='ltr'><strong>et</strong></span> <span class='ocrx_word' id='word_1_526' title='bbox 1619 4051 1927 4107; x_wconf 89' lang='lat' dir='ltr'><strong>accedentis</strong></span> <span class='ocrx_word' id='word_1_527' title='bbox 1985 4054 2052 4107; x_wconf 92' lang='lat' dir='ltr'><strong>ad</strong></span> <span class='ocrx_word' id='word_1_528' title='bbox 2098 4054 2199 4109; x_wconf 85' lang='lat' dir='ltr'><strong>se</strong></span> 
     </span>
    </p>
   </div>
   <div class='ocr_carea' id='block_1_72' title="bbox 567 4138 2156 4214">
    <p class='ocr_par' dir='ltr' id='par_1_72' title="bbox 567 4138 2156 4214">
     <span class='ocr_line' id='line_1_72' title="bbox 567 4138 2156 4214; baseline 0.003 -21"><span class='ocrx_word' id='word_1_529' title='bbox 567 4138 714 4194; x_wconf 90' lang='lat' dir='ltr'><strong>senis</strong></span> <span class='ocrx_word' id='word_1_530' title='bbox 740 4138 968 4209; x_wconf 86' lang='lat' dir='ltr'><strong>genibus</strong></span> <span class='ocrx_word' id='word_1_531' title='bbox 997 4140 1336 4210; x_wconf 86' lang='lat' dir='ltr'><strong>provolvitur</strong></span> <span class='ocrx_word' id='word_1_532' title='bbox 1356 4181 1372 4207; x_wconf 87' lang='lat'><strong>,</strong></span> <span class='ocrx_word' id='word_1_533' title='bbox 1413 4142 1704 4214; x_wconf 90' lang='lat' dir='ltr'><strong>gemitibus</strong></span> <span class='ocrx_word' id='word_1_534' title='bbox 1734 4151 1789 4197; x_wconf 90' lang='lat' dir='ltr'><strong>et</strong></span> <span class='ocrx_word' id='word_1_535' title='bbox 1825 4142 2121 4199; x_wconf 89' lang='lat' dir='ltr'><strong>ululatibus</strong></span> <span class='ocrx_word' id='word_1_536' title='bbox 2140 4185 2156 4208; x_wconf 91' lang='lat'><strong>,</strong></span> 
     </span>
    </p>
   </div>
   <div class='ocr_carea' id='block_1_73' title="bbox 568 4232 2162 4308">
    <p class='ocr_par' dir='ltr' id='par_1_73' title="bbox 568 4232 2162 4308">
     <span class='ocr_line' id='line_1_73' title="bbox 568 4232 2162 4308; baseline 0.002 -22"><span class='ocrx_word' id='word_1_537' title='bbox 568 4232 1035 4302; x_wconf 80' lang='lat' dir='ltr'><strong>quibus&#39;poterat,</strong></span> <span class='ocrx_word' id='word_1_538' title='bbox 1088 4234 1458 4301; x_wconf 85' lang='lat' dir='ltr'><strong>satisfaciens,</strong></span> <span class='ocrx_word' id='word_1_539' title='bbox 1529 4243 1584 4290; x_wconf 91' lang='lat' dir='ltr'><strong>et</strong></span> <span class='ocrx_word' id='word_1_540' title='bbox 1637 4235 1928 4290; x_wconf 88' lang='lat' dir='ltr'><strong>uberrimis</strong></span> <span class='ocrx_word' id='word_1_541' title='bbox 1981 4235 2162 4308; x_wconf 82' lang='lat' dir='ltr'><strong>lacry-</strong></span> 
     </span>
    </p>
   </div>
   <div class='ocr_carea' id='block_1_74' title="bbox 569 4325 2159 4395">
    <p class='ocr_par' dir='ltr' id='par_1_74' title="bbox 569 4325 2159 4395">
     <span class='ocr_line' id='line_1_74' title="bbox 569 4325 2159 4395; baseline 0.001 -18"><span class='ocrx_word' id='word_1_542' title='bbox 569 4337 784 4378; x_wconf 89' lang='lat' dir='ltr'><strong>marum</strong></span> <span class='ocrx_word' id='word_1_543' title='bbox 811 4340 1031 4380; x_wconf 91' lang='lat' dir='ltr'><strong>suarum</strong></span> <span class='ocrx_word' id='word_1_544' title='bbox 1061 4325 1301 4381; x_wconf 90' lang='lat' dir='ltr'><strong>fontibus</strong></span> <span class='ocrx_word' id='word_1_545' title='bbox 1327 4327 1523 4382; x_wconf 91' lang='lat' dir='ltr'><strong>iterum</strong></span> <span class='ocrx_word' id='word_1_546' title='bbox 1552 4325 1947 4395; x_wconf 88' lang='lat' dir='ltr'><strong>baptizabatur,</strong></span> <span class='ocrx_word' id='word_1_547' title='bbox 1979 4326 2159 4382; x_wconf 86' lang='lat' dir='ltr'><strong>occul-</strong></span> 
     </span>
    </p>
   </div>
   <div class='ocr_carea' id='block_1_75' title="bbox 570 4415 2162 4489">
    <p class='ocr_par' dir='ltr' id='par_1_75' title="bbox 570 4415 2162 4489">
     <span class='ocr_line' id='line_1_75' title="bbox 570 4415 2162 4489; baseline 0.003 -21"><span class='ocrx_word' id='word_1_548' title='bbox 570 4422 698 4469; x_wconf 90' lang='lat' dir='ltr'><strong>tans</strong></span> <span class='ocrx_word' id='word_1_549' title='bbox 721 4415 891 4470; x_wconf 89' lang='lat' dir='ltr'><strong>solam</strong></span> <span class='ocrx_word' id='word_1_550' title='bbox 918 4416 1200 4472; x_wconf 85' lang='lat' dir='ltr'><strong>dexteram</strong></span> <span class='ocrx_word' id='word_1_551' title='bbox 1248 4433 1422 4472; x_wconf 91' lang='lat' dir='ltr'><strong>suam.</strong></span> <span class='ocrx_word' id='word_1_552' title='bbox 1448 4419 1740 4489; x_wconf 83' lang='lat' dir='ltr'><strong>Apostolus</strong></span> <span class='ocrx_word' id='word_1_553' title='bbox 1769 4435 1896 4474; x_wconf 89' lang='lat' dir='ltr'><strong>vero</strong></span> <span class='ocrx_word' id='word_1_554' title='bbox 1937 4419 2162 4489; x_wconf 88' lang='lat' dir='ltr'><strong>jurisju-</strong></span> 
     </span>
    </p>
   </div>
   <div class='ocr_carea' id='block_1_76' title="bbox 572 4508 2165 4585">
    <p class='ocr_par' dir='ltr' id='par_1_76' title="bbox 572 4508 2165 4585">
     <span class='ocr_line' id='line_1_76' title="bbox 572 4508 2165 4585; baseline 0.004 -25"><span class='ocrx_word' id='word_1_555' title='bbox 572 4508 731 4563; x_wconf 90' lang='lat' dir='ltr'><strong>randi</strong></span> <span class='ocrx_word' id='word_1_556' title='bbox 754 4519 1093 4565; x_wconf 88' lang='lat' dir='ltr'><strong>sacramento</strong></span> <span class='ocrx_word' id='word_1_557' title='bbox 1137 4524 1196 4565; x_wconf 90' lang='lat' dir='ltr'><strong>se</strong></span> <span class='ocrx_word' id='word_1_558' title='bbox 1252 4525 1318 4585; x_wconf 82' lang='lat' dir='ltr'><strong>e9</strong></span> <span class='ocrx_word' id='word_1_559' title='bbox 1364 4511 1772 4580; x_wconf 85' lang='lat' dir='ltr'><strong>impetraturum</strong></span> <span class='ocrx_word' id='word_1_560' title='bbox 1804 4528 1835 4566; x_wconf 91' lang='lat' dir='ltr'><strong>a</strong></span> <span class='ocrx_word' id='word_1_561' title='bbox 1883 4511 2165 4567; x_wconf 89' lang='lat' dir='ltr'><strong>Salvatore</strong></span> 
     </span>
    </p>
   </div>
   <div class='ocr_carea' id='block_1_77' title="bbox 573 4600 2162 4674">
    <p class='ocr_par' dir='ltr' id='par_1_77' title="bbox 573 4600 2162 4674">
     <span class='ocr_line' id='line_1_77' title="bbox 573 4600 2162 4674; baseline 0.003 -20"><span class='ocrx_word' id='word_1_562' title='bbox 573 4600 788 4655; x_wconf 89' lang='lat' dir='ltr'><strong>veniam</strong></span> <span class='ocrx_word' id='word_1_563' title='bbox 815 4601 1095 4672; x_wconf 87' lang='lat' dir='ltr'><strong>pollicens,</strong></span> <span class='ocrx_word' id='word_1_564' title='bbox 1135 4603 1402 4673; x_wconf 89' lang='lat' dir='ltr'><strong>simulque</strong></span> <span class='ocrx_word' id='word_1_565' title='bbox 1425 4604 1650 4674; x_wconf 88' lang='lat' dir='ltr'><strong>genibus</strong></span> <span class='ocrx_word' id='word_1_566' title='bbox 1689 4603 1804 4674; x_wconf 78' lang='lat' dir='ltr'><strong>ejus</strong></span> <span class='ocrx_word' id='word_1_567' title='bbox 1827 4603 2162 4672; x_wconf 85' lang='lat' dir='ltr'><strong>provolutus,</strong></span> 
     </span>
    </p>
   </div>
   <div class='ocr_carea' id='block_1_78' title="bbox 576 4691 2166 4764">
    <p class='ocr_par' dir='ltr' id='par_1_78' title="bbox 576 4691 2166 4764">
     <span class='ocr_line' id='line_1_78' title="bbox 576 4691 2166 4764; baseline 0.004 -20"><span class='ocrx_word' id='word_1_568' title='bbox 576 4698 743 4760; x_wconf 88' lang='lat' dir='ltr'><strong>atque</strong></span> <span class='ocrx_word' id='word_1_569' title='bbox 780 4691 953 4762; x_wconf 89' lang='lat' dir='ltr'><strong>ipsam</strong></span> <span class='ocrx_word' id='word_1_570' title='bbox 986 4693 1269 4750; x_wconf 83' lang='lat' dir='ltr'><strong>dexteram</strong></span> <span class='ocrx_word' id='word_1_571' title='bbox 1290 4735 1304 4761; x_wconf 92' lang='lat'><strong>,</strong></span> <span class='ocrx_word' id='word_1_572' title='bbox 1337 4710 1403 4750; x_wconf 87' lang='lat' dir='ltr'><strong>ex</strong></span> <span class='ocrx_word' id='word_1_573' title='bbox 1427 4694 1580 4764; x_wconf 91' lang='lat' dir='ltr'><strong>cujus</strong></span> <span class='ocrx_word' id='word_1_574' title='bbox 1632 4696 1795 4752; x_wconf 66' lang='lat' dir='ltr'><strong>caedis</strong></span> <span class='ocrx_word' id='word_1_575' title='bbox 1834 4695 2166 4751; x_wconf 88' lang='lat' dir='ltr'><strong>conscientia</strong></span> 
     </span>
    </p>
   </div>
   <div class='ocr_carea' id='block_1_79' title="bbox 577 4782 2164 4856">
    <p class='ocr_par' dir='ltr' id='par_1_79' title="bbox 577 4782 2164 4856">
     <span class='ocr_line' id='line_1_79' title="bbox 577 4782 2164 4856; baseline 0.003 -22"><span class='ocrx_word' id='word_1_576' title='bbox 577 4782 960 4853; x_wconf 86' lang='lat' dir='ltr'><strong>torquebatur,</strong></span> <span class='ocrx_word' id='word_1_577' title='bbox 1006 4791 1264 4855; x_wconf 90' lang='lat' dir='ltr'><strong>tanquam</strong></span> <span class='ocrx_word' id='word_1_578' title='bbox 1311 4783 1425 4856; x_wconf 88' lang='lat' dir='ltr'><strong>jam</strong></span> <span class='ocrx_word' id='word_1_579' title='bbox 1482 4800 1579 4854; x_wconf 91' lang='lat' dir='ltr'><strong>per</strong></span> <span class='ocrx_word' id='word_1_580' title='bbox 1634 4786 1996 4840; x_wconf 89' lang='lat' dir='ltr'><strong>innocentiam</strong></span> <span class='ocrx_word' id='word_1_581' title='bbox 2033 4801 2164 4856; x_wconf 90' lang='lat' dir='ltr'><strong>pur-</strong></span> 
     </span>
    </p>
   </div>
   <div class='ocr_carea' id='block_1_80' title="bbox 577 4876 2164 4948">
    <p class='ocr_par' dir='ltr' id='par_1_80' title="bbox 577 4876 2164 4948">
     <span class='ocr_line' id='line_1_80' title="bbox 577 4876 2164 4948; baseline 0 -18"><span class='ocrx_word' id='word_1_582' title='bbox 577 4884 759 4948; x_wconf 89' lang='lat' dir='ltr'><strong>gatam</strong></span> <span class='ocrx_word' id='word_1_583' title='bbox 813 4877 1161 4945; x_wconf 88' lang='lat' dir='ltr'><strong>deosculans,</strong></span> <span class='ocrx_word' id='word_1_584' title='bbox 1215 4878 1281 4933; x_wconf 89' lang='lat' dir='ltr'><strong>ad</strong></span> <span class='ocrx_word' id='word_1_585' title='bbox 1329 4877 1612 4933; x_wconf 88' lang='lat' dir='ltr'><strong>ecclesiam</strong></span> <span class='ocrx_word' id='word_1_586' title='bbox 1664 4885 1920 4943; x_wconf 84' lang='lat' dir='ltr'><strong>revocat,</strong></span> <span class='ocrx_word' id='word_1_587' title='bbox 1971 4883 2026 4930; x_wconf 88' lang='lat' dir='ltr'><strong>et</strong></span> <span class='ocrx_word' id='word_1_588' title='bbox 2078 4876 2164 4930; x_wconf 93' lang='lat' dir='ltr'><strong>in-</strong></span> 
     </span>
    </p>
   </div>
   <div class='ocr_carea' id='block_1_81' title="bbox 579 4968 2162 5042">
    <p class='ocr_par' dir='ltr' id='par_1_81' title="bbox 579 4968 2162 5042">
     <span class='ocr_line' id='line_1_81' title="bbox 579 4968 2162 5042; baseline -0.001 -18"><span class='ocrx_word' id='word_1_589' title='bbox 579 4968 894 5025; x_wconf 88' lang='lat' dir='ltr'><strong>desinenter</strong></span> <span class='ocrx_word' id='word_1_590' title='bbox 921 4987 1020 5042; x_wconf 92' lang='lat' dir='ltr'><strong>pro</strong></span> <span class='ocrx_word' id='word_1_591' title='bbox 1070 4985 1134 5026; x_wconf 93' lang='lat' dir='ltr'><strong>eo</strong></span> <span class='ocrx_word' id='word_1_592' title='bbox 1187 4972 1462 5026; x_wconf 87' lang='lat' dir='ltr'><strong>orationes</strong></span> <span class='ocrx_word' id='word_1_593' title='bbox 1520 4969 1878 5040; x_wconf 85' lang='lat' dir='ltr'><strong>profundens,</strong></span> <span class='ocrx_word' id='word_1_594' title='bbox 1943 4976 2162 5022; x_wconf 90' lang='lat' dir='ltr'><strong>etcum</strong></span> 
     </span>
    </p>
   </div>
   <div class='ocr_carea' id='block_1_82' title="bbox 580 5058 2166 5130">
    <p class='ocr_par' dir='ltr' id='par_1_82' title="bbox 580 5058 2166 5130">
     <span class='ocr_line' id='line_1_82' title="bbox 580 5058 2166 5130; baseline -0.001 -17"><span class='ocrx_word' id='word_1_595' title='bbox 580 5058 700 5129; x_wconf 92' lang='lat' dir='ltr'><strong>ipso</strong></span> <span class='ocrx_word' id='word_1_596' title='bbox 732 5059 940 5130; x_wconf 88' lang='lat' dir='ltr'><strong>pariter</strong></span> <span class='ocrx_word' id='word_1_597' title='bbox 967 5060 1168 5116; x_wconf 89' lang='lat' dir='ltr'><strong>ducens</strong></span> <span class='ocrx_word' id='word_1_598' title='bbox 1193 5061 1383 5115; x_wconf 85' lang='lat' dir='ltr'><strong>crebra</strong></span> <span class='ocrx_word' id='word_1_599' title='bbox 1401 5059 1638 5130; x_wconf 83' lang='lat' dir='ltr'><strong>jejunia,</strong></span> <span class='ocrx_word' id='word_1_600' title='bbox 1693 5058 2079 5130; x_wconf 83' lang='lat' dir='ltr'><strong>indulgentiam</strong></span> <span class='ocrx_word' id='word_1_601' title='bbox 2136 5075 2166 5112; x_wconf 89' lang='lat' dir='ltr'><strong>a</strong></span> 
     </span>
    </p>
   </div>
   <div class='ocr_carea' id='block_1_83' title="bbox 582 5148 2172 5224">
    <p class='ocr_par' dir='ltr' id='par_1_83' title="bbox 582 5148 2172 5224">
     <span class='ocr_line' id='line_1_83' title="bbox 582 5148 2172 5224; baseline 0 -20"><span class='ocrx_word' id='word_1_602' title='bbox 582 5149 695 5207; x_wconf 89' lang='lat' dir='ltr'><strong>Deo</strong></span> <span class='ocrx_word' id='word_1_603' title='bbox 763 5168 924 5222; x_wconf 90' lang='lat' dir='ltr'><strong>quam</strong></span> <span class='ocrx_word' id='word_1_604' title='bbox 992 5153 1042 5208; x_wconf 89' lang='lat' dir='ltr'><strong>ei</strong></span> <span class='ocrx_word' id='word_1_605' title='bbox 1115 5152 1388 5224; x_wconf 91' lang='lat' dir='ltr'><strong>pollicitus</strong></span> <span class='ocrx_word' id='word_1_606' title='bbox 1447 5152 1651 5218; x_wconf 87' lang='lat' dir='ltr'><strong>fuerat,</strong></span> <span class='ocrx_word' id='word_1_607' title='bbox 1709 5151 2010 5222; x_wconf 88' lang='lat' dir='ltr'><strong>expetebat.</strong></span> <span class='ocrx_word' id='word_1_608' title='bbox 2060 5148 2172 5205; x_wconf 87' lang='lat' dir='ltr'><strong>Nec</strong></span> 
     </span>
    </p>
   </div>
   <div class='ocr_carea' id='block_1_84' title="bbox 581 5240 2168 5315">
    <p class='ocr_par' dir='ltr' id='par_1_84' title="bbox 581 5240 2168 5315">
     <span class='ocr_line' id='line_1_84' title="bbox 581 5240 2168 5315; baseline -0.001 -19"><span class='ocrx_word' id='word_1_609' title='bbox 581 5240 735 5309; x_wconf 85' lang='lat' dir='ltr'><strong>prius</strong></span> <span class='ocrx_word' id='word_1_610' title='bbox 765 5243 1015 5310; x_wconf 88' lang='lat' dir='ltr'><strong>abstitit,</strong></span> <span class='ocrx_word' id='word_1_611' title='bbox 1049 5260 1210 5315; x_wconf 88' lang='lat' dir='ltr'><strong>quam</strong></span> <span class='ocrx_word' id='word_1_612' title='bbox 1235 5259 1358 5299; x_wconf 80' lang='lat' dir='ltr'><strong>etim</strong></span> <span class='ocrx_word' id='word_1_613' title='bbox 1387 5245 1439 5299; x_wconf 91' lang='lat' dir='ltr'><strong>in</strong></span> <span class='ocrx_word' id='word_1_614' title='bbox 1478 5245 1730 5299; x_wconf 88' lang='lat' dir='ltr'><strong>omnibus</strong></span> <span class='ocrx_word' id='word_1_615' title='bbox 1782 5241 2126 5299; x_wconf 88' lang='lat' dir='ltr'><strong>emendatum</strong></span> <span class='ocrx_word' id='word_1_616' title='bbox 2153 5281 2168 5308; x_wconf 93' lang='lat'><strong>,</strong></span> 
     </span>
    </p>
   </div>
   <div class='ocr_carea' id='block_1_85' title="bbox 583 5330 2169 5408">
    <p class='ocr_par' dir='ltr' id='par_1_85' title="bbox 583 5330 2169 5408">
     <span class='ocr_line' id='line_1_85' title="bbox 583 5330 2169 5408; baseline -0.003 -19"><span class='ocrx_word' id='word_1_617' title='bbox 583 5332 748 5389; x_wconf 84' lang='lat' dir='ltr'><strong>etiam</strong></span> <span class='ocrx_word' id='word_1_618' title='bbox 785 5335 1026 5391; x_wconf 84' lang='lat' dir='ltr'><strong>ecclesiae</strong></span> <span class='ocrx_word' id='word_1_619' title='bbox 1053 5335 1354 5407; x_wconf 69' lang='lat' dir='ltr'><strong>praeficeret</strong></span> <span class='ocrx_word' id='word_1_620' title='bbox 1385 5332 1599 5408; x_wconf 81' lang='lat' dir='ltr'><strong>(Euseb.</strong></span> <span class='ocrx_word' id='word_1_621' title='bbox 1621 5376 1634 5401; x_wconf 89' lang='lat'><strong>,</strong></span> <span class='ocrx_word' id='word_1_622' title='bbox 1675 5332 1816 5389; x_wconf 77' lang='lat' dir='ltr'><strong>Hist.</strong></span> <span class='ocrx_word' id='word_1_623' title='bbox 1848 5331 2010 5400; x_wconf 57' lang='lat' dir='ltr'><strong>rock,</strong></span> <span class='ocrx_word' id='word_1_624' title='bbox 2075 5330 2169 5388; x_wconf 89' lang='lat' dir='ltr'><strong>lib.</strong></span> 
     </span>
    </p>
   </div>
   <div class='ocr_carea' id='block_1_86' title="bbox 587 5428 985 5501">
    <p class='ocr_par' dir='ltr' id='par_1_86' title="bbox 587 5428 985 5501">
     <span class='ocr_line' id='line_1_86' title="bbox 587 5428 985 5501; baseline 0.008 -20"><span class='ocrx_word' id='word_1_625' title='bbox 587 5439 650 5482; x_wconf 82' lang='grc' dir='ltr'><strong>ιιι</strong></span> <span class='ocrx_word' id='word_1_626' title='bbox 677 5465 695 5495; x_wconf 82' lang='grc'><em>,</em></span> <span class='ocrx_word' id='word_1_627' title='bbox 719 5439 840 5498; x_wconf 88' lang='lat' dir='ltr'><strong>cap.</strong></span> <span class='ocrx_word' id='word_1_628' title='bbox 871 5428 985 5501; x_wconf 78' lang='lat'><strong>‘23).</strong></span> 
     </span>
    </p>
   </div>
   <div class='ocr_carea' id='block_1_87' title="bbox 668 5517 2104 5591">
    <p class='ocr_par' dir='ltr' id='par_1_87' title="bbox 668 5517 2104 5591">
     <span class='ocr_line' id='line_1_87' title="bbox 668 5517 2104 5591; baseline -0.001 -16"><span class='ocrx_word' id='word_1_629' title='bbox 668 5517 734 5575; x_wconf 86' lang='lat' dir='ltr'><strong>Il.</strong></span> <span class='ocrx_word' id='word_1_630' title='bbox 765 5518 843 5574; x_wconf 87' lang='lat' dir='ltr'><strong>De</strong></span> <span class='ocrx_word' id='word_1_631' title='bbox 868 5520 930 5577; x_wconf 92' lang='lat' dir='ltr'><strong>S.</strong></span> <span class='ocrx_word' id='word_1_632' title='bbox 961 5521 1213 5578; x_wconf 81' lang='lat' dir='ltr'><strong>Silvestro</strong></span> <span class='ocrx_word' id='word_1_633' title='bbox 1242 5564 1256 5590; x_wconf 92' lang='lat'><strong>,</strong></span> <span class='ocrx_word' id='word_1_634' title='bbox 1303 5531 1352 5577; x_wconf 86' lang='lat' dir='ltr'><strong>et</strong></span> <span class='ocrx_word' id='word_1_635' title='bbox 1405 5520 1750 5578; x_wconf 81' lang='lat' dir='ltr'><strong>Constantino</strong></span> <span class='ocrx_word' id='word_1_636' title='bbox 1774 5520 2104 5591; x_wconf 85' lang='lat' dir='ltr'><strong>imperatore.</strong></span> 
     </span>
    </p>
   </div>
   <div class='ocr_carea' id='block_1_88' title="bbox 657 5611 2182 5684">
    <p class='ocr_par' dir='ltr' id='par_1_88' title="bbox 657 5611 2182 5684">
     <span class='ocr_line' id='line_1_88' title="bbox 657 5611 2182 5684; baseline 0 -15"><span class='ocrx_word' id='word_1_637' title='bbox 657 5611 822 5670; x_wconf 80' lang='lat' dir='ltr'><strong>Juvat</strong></span> <span class='ocrx_word' id='word_1_638' title='bbox 849 5615 934 5671; x_wconf 86' lang='lat' dir='ltr'><strong>hic</strong></span> <span class='ocrx_word' id='word_1_639' title='bbox 960 5626 1016 5671; x_wconf 91' lang='lat' dir='ltr'><strong>et</strong></span> <span class='ocrx_word' id='word_1_640' title='bbox 1053 5617 1181 5672; x_wconf 90' lang='lat' dir='ltr'><strong>illud</strong></span> <span class='ocrx_word' id='word_1_641' title='bbox 1237 5616 1589 5672; x_wconf 89' lang='lat' dir='ltr'><strong>memorabile</strong></span> <span class='ocrx_word' id='word_1_642' title='bbox 1626 5616 1826 5671; x_wconf 89' lang='lat' dir='ltr'><strong>factum</strong></span> <span class='ocrx_word' id='word_1_643' title='bbox 1852 5613 1995 5670; x_wconf 88' lang='lat' dir='ltr'><strong>beati</strong></span> <span class='ocrx_word' id='word_1_644' title='bbox 2030 5627 2182 5684; x_wconf 66' lang='lat' dir='ltr'><strong>papa:</strong></span> 
     </span>
    </p>
   </div>
   <div class='ocr_carea' id='block_1_89' title="bbox 2264 3298 3817 3376">
    <p class='ocr_par' dir='ltr' id='par_1_89' title="bbox 2264 3298 3817 3376">
     <span class='ocr_line' id='line_1_89' title="bbox 2264 3298 3817 3376; baseline -0.006 -17"><span class='ocrx_word' id='word_1_645' title='bbox 2264 3305 2485 3375; x_wconf 90' lang='lat' dir='ltr'><strong>inquit,</strong></span> <span class='ocrx_word' id='word_1_646' title='bbox 2519 3305 2700 3360; x_wconf 81' lang='lat' dir='ltr'><strong>vivere</strong></span> <span class='ocrx_word' id='word_1_647' title='bbox 2743 3304 2796 3359; x_wconf 92' lang='lat' dir='ltr'><strong>in</strong></span> <span class='ocrx_word' id='word_1_648' title='bbox 2847 3304 3078 3374; x_wconf 89' lang='lat' dir='ltr'><strong>pueritia</strong></span> <span class='ocrx_word' id='word_1_649' title='bbox 3125 3313 3181 3359; x_wconf 90' lang='lat' dir='ltr'><strong>et</strong></span> <span class='ocrx_word' id='word_1_650' title='bbox 3237 3305 3506 3376; x_wconf 88' lang='lat' dir='ltr'><strong>juventute</strong></span> <span class='ocrx_word' id='word_1_651' title='bbox 3539 3298 3733 3358; x_wconf 82' lang='lat' dir='ltr'><strong>noluistis,</strong></span> <span class='ocrx_word' id='word_1_652' title='bbox 3816 3343 3817 3372; x_wconf 25' lang='grc' dir='ltr'><strong><em>λ</em></strong></span> 
     </span>
    </p>
   </div>
   <div class='ocr_carea' id='block_1_90' title="bbox 2263 3379 3817 3468">
    <p class='ocr_par' dir='ltr' id='par_1_90' title="bbox 2263 3379 3817 3468">
     <span class='ocr_line' id='line_1_90' title="bbox 2263 3379 3817 3468; baseline -0.01 -16"><span class='ocrx_word' id='word_1_653' title='bbox 2263 3395 2454 3452; x_wconf 90' lang='lat' dir='ltr'><strong>saltem</strong></span> <span class='ocrx_word' id='word_1_654' title='bbox 2501 3395 2567 3450; x_wconf 90' lang='lat' dir='ltr'><strong>ad</strong></span> <span class='ocrx_word' id='word_1_655' title='bbox 2602 3394 2847 3450; x_wconf 88' lang='lat' dir='ltr'><strong>ultimam</strong></span> <span class='ocrx_word' id='word_1_656' title='bbox 2873 3404 3087 3451; x_wconf 61' lang='lat' dir='ltr'><strong>aetatem</strong></span> <span class='ocrx_word' id='word_1_657' title='bbox 3109 3395 3416 3468; x_wconf 88' lang='lat' dir='ltr'><strong>resipiscite</strong></span> <span class='ocrx_word' id='word_1_658' title='bbox 3443 3436 3456 3460; x_wconf 89' lang='lat'><strong>,</strong></span> <span class='ocrx_word' id='word_1_659' title='bbox 3500 3402 3544 3449; x_wconf 91' lang='lat' dir='ltr'><strong>et</strong></span> <span class='ocrx_word' id='word_1_660' title='bbox 3581 3392 3629 3445; x_wconf 76' lang='lat' dir='ltr'><strong>ad</strong></span> <span class='ocrx_word' id='word_1_661' title='bbox 3665 3389 3736 3441; x_wconf 69' lang='lat' dir='ltr'><strong>vita</strong></span> <span class='ocrx_word' id='word_1_662' title='bbox 3816 3379 3817 3438; x_wconf 60' lang='grc' dir='ltr'><strong>ἶ</strong></span> 
     </span>
    </p>
   </div>
   <div class='ocr_carea' id='block_1_91' title="bbox 2261 3475 3735 3558">
    <p class='ocr_par' dir='ltr' id='par_1_91' title="bbox 2261 3475 3735 3558">
     <span class='ocr_line' id='line_1_91' title="bbox 2261 3475 3735 3558; baseline -0.004 -16"><span class='ocrx_word' id='word_1_663' title='bbox 2261 3489 2381 3544; x_wconf 90' lang='lat' dir='ltr'><strong>vias</strong></span> <span class='ocrx_word' id='word_1_664' title='bbox 2409 3529 2423 3553; x_wconf 91' lang='lat'><strong>,</strong></span> <span class='ocrx_word' id='word_1_665' title='bbox 2471 3503 2592 3543; x_wconf 90' lang='lat' dir='ltr'><strong>cum</strong></span> <span class='ocrx_word' id='word_1_666' title='bbox 2642 3486 2758 3558; x_wconf 90' lang='lat' dir='ltr'><strong>jam</strong></span> <span class='ocrx_word' id='word_1_667' title='bbox 2801 3487 3097 3544; x_wconf 87' lang='lat' dir='ltr'><strong>laboraturi</strong></span> <span class='ocrx_word' id='word_1_668' title='bbox 3151 3488 3385 3544; x_wconf 90' lang='lat' dir='ltr'><strong>multum</strong></span> <span class='ocrx_word' id='word_1_669' title='bbox 3412 3504 3508 3543; x_wconf 90' lang='lat' dir='ltr'><strong>non</strong></span> <span class='ocrx_word' id='word_1_670' title='bbox 3531 3485 3654 3546; x_wconf 86' lang='lat' dir='ltr'><strong>estis,</strong></span> <span class='ocrx_word' id='word_1_671' title='bbox 3687 3475 3735 3532; x_wconf 70' lang='lat' dir='ltr'><strong>vel</strong></span> 
     </span>
    </p>
   </div>
   <div class='ocr_carea' id='block_1_92' title="bbox 2263 3575 3736 3650">
    <p class='ocr_par' dir='ltr' id='par_1_92' title="bbox 2263 3575 3736 3650">
     <span class='ocr_line' id='line_1_92' title="bbox 2263 3575 3736 3650; baseline -0.01 -13"><span class='ocrx_word' id='word_1_672' title='bbox 2263 3596 2387 3637; x_wconf 88' lang='lat' dir='ltr'><strong>sero</strong></span> <span class='ocrx_word' id='word_1_673' title='bbox 2417 3580 2615 3636; x_wconf 89' lang='lat' dir='ltr'><strong>venite.</strong></span> <span class='ocrx_word' id='word_1_674' title='bbox 2662 3599 2681 3632; x_wconf 77' lang='grc' dir='ltr'><strong><em>ι</em></strong></span> <span class='ocrx_word' id='word_1_675' title='bbox 2733 3579 2801 3634; x_wconf 88' lang='lat' dir='ltr'><strong>Et</strong></span> <span class='ocrx_word' id='word_1_676' title='bbox 2826 3580 3010 3650; x_wconf 91' lang='lat' dir='ltr'><strong>paucis</strong></span> <span class='ocrx_word' id='word_1_677' title='bbox 3065 3580 3415 3650; x_wconf 86' lang='lat' dir='ltr'><strong>interpositis.</strong></span> <span class='ocrx_word' id='word_1_678' title='bbox 3451 3595 3468 3630; x_wconf 87' lang='grc'><em>‹</em></span> <span class='ocrx_word' id='word_1_679' title='bbox 3517 3575 3736 3637; x_wconf 75' lang='lat' dir='ltr'><strong>Plerumque</strong></span> 
     </span>
    </p>
   </div>
   <div class='ocr_carea' id='block_1_93' title="bbox 2263 3658 3735 3742">
    <p class='ocr_par' dir='ltr' id='par_1_93' title="bbox 2263 3658 3735 3742">
     <span class='ocr_line' id='line_1_93' title="bbox 2263 3658 3735 3742; baseline -0.007 -12"><span class='ocrx_word' id='word_1_680' title='bbox 2263 3675 2400 3730; x_wconf 88' lang='lat' dir='ltr'><strong>tales</strong></span> <span class='ocrx_word' id='word_1_681' title='bbox 2439 3681 2564 3728; x_wconf 88' lang='lat' dir='ltr'><strong>ante</strong></span> <span class='ocrx_word' id='word_1_682' title='bbox 2595 3683 3040 3736; x_wconf 88' lang='lat' dir='ltr'><strong>remunerantur,</strong></span> <span class='ocrx_word' id='word_1_683' title='bbox 3091 3672 3219 3742; x_wconf 90' lang='lat' dir='ltr'><strong>quia</strong></span> <span class='ocrx_word' id='word_1_684' title='bbox 3250 3672 3400 3742; x_wconf 89' lang='lat' dir='ltr'><strong>prius</strong></span> <span class='ocrx_word' id='word_1_685' title='bbox 3424 3669 3484 3724; x_wconf 90' lang='lat' dir='ltr'><strong>ad</strong></span> <span class='ocrx_word' id='word_1_686' title='bbox 3512 3677 3676 3737; x_wconf 79' lang='lat' dir='ltr'><strong>regnum</strong></span> <span class='ocrx_word' id='word_1_687' title='bbox 3698 3658 3735 3710; x_wconf 61' lang='lat' dir='ltr'><strong>de</strong></span> 
     </span>
    </p>
   </div>
   <div class='ocr_carea' id='block_1_94' title="bbox 2264 3757 3737 3850">
    <p class='ocr_par' dir='ltr' id='par_1_94' title="bbox 2264 3757 3737 3850">
     <span class='ocr_line' id='line_1_94' title="bbox 2264 3757 3737 3850; baseline -0.01 -28"><span class='ocrx_word' id='word_1_688' title='bbox 2264 3782 2491 3839; x_wconf 89' lang='lat' dir='ltr'><strong>corpore</strong></span> <span class='ocrx_word' id='word_1_689' title='bbox 2529 3774 2759 3834; x_wconf 81' lang='lat' dir='ltr'><strong>exeunt,</strong></span> <span class='ocrx_word' id='word_1_690' title='bbox 2793 3769 2973 3838; x_wconf 68' lang='lat' dir='ltr'><strong>quam“</strong></span> <span class='ocrx_word' id='word_1_691' title='bbox 3006 3765 3060 3822; x_wconf 92' lang='lat' dir='ltr'><strong>hi</strong></span> <span class='ocrx_word' id='word_1_692' title='bbox 3094 3766 3185 3836; x_wconf 90' lang='lat' dir='ltr'><strong>qui</strong></span> <span class='ocrx_word' id='word_1_693' title='bbox 3208 3765 3321 3837; x_wconf 90' lang='lat' dir='ltr'><strong>jam</strong></span> <span class='ocrx_word' id='word_1_694' title='bbox 3369 3765 3421 3818; x_wconf 91' lang='lat' dir='ltr'><strong>in</strong></span> <span class='ocrx_word' id='word_1_695' title='bbox 3471 3757 3652 3832; x_wconf 77' lang='lat' dir='ltr'><strong>pueritia</strong></span> <span class='ocrx_word' id='word_1_696' title='bbox 3683 3764 3737 3850; x_wconf 61' lang='lat' dir='ltr'><strong>to-</strong></span> 
     </span>
    </p>
   </div>
   <div class='ocr_carea' id='block_1_95' title="bbox 2264 3850 3737 3941">
    <p class='ocr_par' dir='ltr' id='par_1_95' title="bbox 2264 3850 3737 3941">
     <span class='ocr_line' id='line_1_95' title="bbox 2264 3850 3737 3941; baseline -0.002 -26"><span class='ocrx_word' id='word_1_697' title='bbox 2264 3860 2370 3915; x_wconf 87' lang='lat' dir='ltr'><strong>cati</strong></span> <span class='ocrx_word' id='word_1_698' title='bbox 2395 3875 2514 3915; x_wconf 90' lang='lat' dir='ltr'><strong>esse</strong></span> <span class='ocrx_word' id='word_1_699' title='bbox 2559 3859 2902 3915; x_wconf 88' lang='lat' dir='ltr'><strong>videbantur.</strong></span> <span class='ocrx_word' id='word_1_700' title='bbox 2955 3857 3148 3913; x_wconf 87' lang='lat' dir='ltr'><strong>Annon</strong></span> <span class='ocrx_word' id='word_1_701' title='bbox 3201 3860 3272 3913; x_wconf 88' lang='lat' dir='ltr'><strong>ad</strong></span> <span class='ocrx_word' id='word_1_702' title='bbox 3323 3850 3737 3941; x_wconf 70' lang='lat' dir='ltr'><strong>undecimam</strong></span> 
     </span>
    </p>
   </div>
   <div class='ocr_carea' id='block_1_96' title="bbox 2263 3937 3734 4019">
    <p class='ocr_par' dir='ltr' id='par_1_96' title="bbox 2263 3937 3734 4019">
     <span class='ocr_line' id='line_1_96' title="bbox 2263 3937 3734 4019; baseline -0.01 -14"><span class='ocrx_word' id='word_1_703' title='bbox 2263 3952 2448 4007; x_wconf 81' lang='lat' dir='ltr'><strong>latro?</strong></span> <span class='ocrx_word' id='word_1_704' title='bbox 2498 3951 2601 4018; x_wconf 86' lang='lat' dir='ltr'><strong>Qui</strong></span> <span class='ocrx_word' id='word_1_705' title='bbox 2653 3951 2756 4007; x_wconf 90' lang='lat' dir='ltr'><strong>etsi</strong></span> <span class='ocrx_word' id='word_1_706' title='bbox 2816 3966 2922 4006; x_wconf 91' lang='lat' dir='ltr'><strong>non</strong></span> <span class='ocrx_word' id='word_1_707' title='bbox 2965 3949 3155 4005; x_wconf 88' lang='lat' dir='ltr'><strong>habuit</strong></span> <span class='ocrx_word' id='word_1_708' title='bbox 3200 3965 3300 4019; x_wconf 92' lang='lat' dir='ltr'><strong>per</strong></span> <span class='ocrx_word' id='word_1_709' title='bbox 3351 3957 3577 4008; x_wconf 66' lang='lat' dir='ltr'><strong>aetatem,</strong></span> <span class='ocrx_word' id='word_1_710' title='bbox 3618 3937 3734 3993; x_wconf 58' lang='lat' dir='ltr'><strong>habui</strong></span> 
     </span>
    </p>
   </div>
   <div class='ocr_carea' id='block_1_97' title="bbox 2265 4038 3736 4124">
    <p class='ocr_par' dir='ltr' id='par_1_97' title="bbox 2265 4038 3736 4124">
     <span class='ocr_line' id='line_1_97' title="bbox 2265 4038 3736 4124; baseline -0.01 -26"><span class='ocrx_word' id='word_1_711' title='bbox 2265 4055 2445 4098; x_wconf 89' lang='lat' dir='ltr'><strong>tamen</strong></span> <span class='ocrx_word' id='word_1_712' title='bbox 2471 4056 2594 4098; x_wconf 90' lang='lat' dir='ltr'><strong>sero</strong></span> <span class='ocrx_word' id='word_1_713' title='bbox 2621 4057 2716 4112; x_wconf 92' lang='lat' dir='ltr'><strong>per</strong></span> <span class='ocrx_word' id='word_1_714' title='bbox 2739 4055 2955 4124; x_wconf 71' lang='lat' dir='ltr'><strong>poepam</strong></span> <span class='ocrx_word' id='word_1_715' title='bbox 2986 4080 3000 4105; x_wconf 90' lang='lat'><strong>,</strong></span> <span class='ocrx_word' id='word_1_716' title='bbox 3044 4039 3136 4110; x_wconf 86' lang='lat' dir='ltr'><strong>qui</strong></span> <span class='ocrx_word' id='word_1_717' title='bbox 3190 4040 3360 4096; x_wconf 91' lang='lat' dir='ltr'><strong>Deum</strong></span> <span class='ocrx_word' id='word_1_718' title='bbox 3403 4038 3454 4092; x_wconf 92' lang='lat' dir='ltr'><strong>in</strong></span> <span class='ocrx_word' id='word_1_719' title='bbox 3497 4038 3736 4124; x_wconf 31' lang='lat' dir='ltr'><strong>cruce-tom</strong></span> 
     </span>
    </p>
   </div>
   <div class='ocr_carea' id='block_1_98' title="bbox 2268 4117 3737 4202">
    <p class='ocr_par' dir='ltr' id='par_1_98' title="bbox 2268 4117 3737 4202">
     <span class='ocr_line' id='line_1_98' title="bbox 2268 4117 3737 4202; baseline -0.012 -16"><span class='ocrx_word' id='word_1_720' title='bbox 2268 4133 2444 4188; x_wconf 88' lang='lat' dir='ltr'><strong>fessus</strong></span> <span class='ocrx_word' id='word_1_721' title='bbox 2483 4141 2606 4198; x_wconf 87' lang='lat' dir='ltr'><strong>est;</strong></span> <span class='ocrx_word' id='word_1_722' title='bbox 2649 4141 2703 4186; x_wconf 88' lang='lat' dir='ltr'><strong>et</strong></span> <span class='ocrx_word' id='word_1_723' title='bbox 2757 4117 2894 4202; x_wconf 82' lang='lat' dir='ltr'><strong>pene</strong></span> <span class='ocrx_word' id='word_1_724' title='bbox 2932 4147 3054 4186; x_wconf 90' lang='lat' dir='ltr'><strong>cum</strong></span> <span class='ocrx_word' id='word_1_725' title='bbox 3104 4145 3237 4187; x_wconf 86' lang='lat' dir='ltr'><strong>voce</strong></span> <span class='ocrx_word' id='word_1_726' title='bbox 3276 4126 3553 4189; x_wconf 64' lang='lat' dir='ltr'><strong>sententiae,</strong></span> <span class='ocrx_word' id='word_1_727' title='bbox 3573 4117 3737 4190; x_wconf 77' lang='lat' dir='ltr'><strong>spiritum</strong></span> 
     </span>
    </p>
   </div>
   <div class='ocr_carea' id='block_1_99' title="bbox 2267 4210 3737 4282">
    <p class='ocr_par' dir='ltr' id='par_1_99' title="bbox 2267 4210 3737 4282">
     <span class='ocr_line' id='line_1_99' title="bbox 2267 4210 3737 4282; baseline -0.009 0"><span class='ocrx_word' id='word_1_728' title='bbox 2267 4224 2544 4282; x_wconf 81' lang='lat' dir='ltr'><strong>exhalavit</strong></span> <span class='ocrx_word' id='word_1_729' title='bbox 2573 4225 2717 4280; x_wconf 65' lang='lat' dir='ltr'><strong>vitae.</strong></span> <span class='ocrx_word' id='word_1_730' title='bbox 2756 4226 2799 4278; x_wconf 92' lang='lat' dir='ltr'><strong>A</strong></span> <span class='ocrx_word' id='word_1_731' title='bbox 2851 4224 3145 4280; x_wconf 91' lang='lat' dir='ltr'><strong>novissimo</strong></span> <span class='ocrx_word' id='word_1_732' title='bbox 3185 4233 3364 4279; x_wconf 89' lang='lat' dir='ltr'><strong>autem</strong></span> <span class='ocrx_word' id='word_1_733' title='bbox 3407 4217 3599 4278; x_wconf 82' lang='lat' dir='ltr'><strong>reddere</strong></span> <span class='ocrx_word' id='word_1_734' title='bbox 3639 4210 3737 4266; x_wconf 70' lang='lat' dir='ltr'><strong>dell&quot;</strong></span> 
     </span>
    </p>
   </div>
   <div class='ocr_carea' id='block_1_100' title="bbox 2279 4300 3738 4398">
    <p class='ocr_par' dir='ltr' id='par_1_100' title="bbox 2279 4300 3738 4398">
     <span class='ocr_line' id='line_1_100' title="bbox 2279 4300 3738 4398; baseline -0.01 -28"><span class='ocrx_word' id='word_1_735' title='bbox 2279 4317 2421 4370; x_wconf 88' lang='lat' dir='ltr'><strong>rium</strong></span> <span class='ocrx_word' id='word_1_736' title='bbox 2473 4314 2864 4386; x_wconf 85' lang='lat' dir='ltr'><strong>paterfamilias</strong></span> <span class='ocrx_word' id='word_1_737' title='bbox 2911 4315 3108 4386; x_wconf 60' lang='lat' dir='ltr'><strong>capit,</strong></span> <span class='ocrx_word' id='word_1_738' title='bbox 3181 4315 3309 4385; x_wconf 90' lang='lat' dir='ltr'><strong>quia</strong></span> <span class='ocrx_word' id='word_1_739' title='bbox 3365 4315 3428 4367; x_wconf 88' lang='lat' dir='ltr'><strong>ad</strong></span> <span class='ocrx_word' id='word_1_740' title='bbox 3468 4300 3738 4398; x_wconf 39' lang='lat' dir='ltr'><strong>paradisi}?-</strong></span> 
     </span>
    </p>
   </div>
   <div class='ocr_carea' id='block_1_101' title="bbox 2271 4393 3817 4484">
    <p class='ocr_par' dir='ltr' id='par_1_101' title="bbox 2271 4393 3817 4484">
     <span class='ocr_line' id='line_1_101' title="bbox 2271 4393 3817 4484; baseline 0.001 -23"><span class='ocrx_word' id='word_1_741' title='bbox 2271 4409 2449 4478; x_wconf 90' lang='lat' dir='ltr'><strong>quiem</strong></span> <span class='ocrx_word' id='word_1_742' title='bbox 2490 4407 2640 4479; x_wconf 90' lang='lat' dir='ltr'><strong>prius</strong></span> <span class='ocrx_word' id='word_1_743' title='bbox 2685 4407 2990 4472; x_wconf 85' lang='lat' dir='ltr'><strong>latronem,</strong></span> <span class='ocrx_word' id='word_1_744' title='bbox 3041 4421 3206 4476; x_wconf 87' lang='lat' dir='ltr'><strong>quam</strong></span> <span class='ocrx_word' id='word_1_745' title='bbox 3257 4404 3466 4462; x_wconf 85' lang='lat' dir='ltr'><strong>Petrum</strong></span> <span class='ocrx_word' id='word_1_746' title='bbox 3507 4393 3736 4484; x_wconf 38' lang='lat' dir='ltr'><strong>perduxi“)</strong></span> <span class='ocrx_word' id='word_1_747' title='bbox 3816 4447 3817 4484; x_wconf 24' lang='grc' dir='ltr'>ἦ</span> 
     </span>
    </p>
   </div>
   <div class='ocr_carea' id='block_1_102' title="bbox 2271 4487 3817 4578">
    <p class='ocr_par' dir='ltr' id='par_1_102' title="bbox 2271 4487 3817 4578">
     <span class='ocr_line' id='line_1_102' title="bbox 2271 4487 3817 4578; baseline -0.013 -24"><span class='ocrx_word' id='word_1_748' title='bbox 2271 4499 2405 4556; x_wconf 82' lang='lat' dir='ltr'><strong>item</strong></span> <span class='ocrx_word' id='word_1_749' title='bbox 2451 4500 2615 4556; x_wconf 90' lang='lat' dir='ltr'><strong>idem.</strong></span> <span class='ocrx_word' id='word_1_750' title='bbox 2653 4487 2682 4551; x_wconf 71' lang='grc' dir='ltr'><strong>ι’</strong></span> <span class='ocrx_word' id='word_1_751' title='bbox 2727 4497 3290 4578; x_wconf 41' lang='grc' dir='ltr'><strong>Βθεηυηιοοωιοι-υηι</strong></span> <span class='ocrx_word' id='word_1_752' title='bbox 3327 4495 3439 4566; x_wconf 87' lang='lat' dir='ltr'><strong>rapi</strong></span> <span class='ocrx_word' id='word_1_753' title='bbox 3481 4489 3574 4545; x_wconf 89' lang='lat' dir='ltr'><strong>vult</strong></span> <span class='ocrx_word' id='word_1_754' title='bbox 3604 4487 3739 4578; x_wconf 43' lang='lat' dir='ltr'><strong>nostri?</strong></span> 
     </span>
    </p>
   </div>
   <div class='ocr_carea' id='block_1_103' title="bbox 2272 4574 3737 4660">
    <p class='ocr_par' dir='ltr' id='par_1_103' title="bbox 2272 4574 3737 4660">
     <span class='ocr_line' id='line_1_103' title="bbox 2272 4574 3737 4660; baseline -0.007 -14"><span class='ocrx_word' id='word_1_755' title='bbox 2272 4591 2484 4647; x_wconf 85' lang='lat' dir='ltr'><strong>fletibus</strong></span> <span class='ocrx_word' id='word_1_756' title='bbox 2504 4631 2518 4655; x_wconf 91' lang='lat'><strong>,</strong></span> <span class='ocrx_word' id='word_1_757' title='bbox 2557 4591 2699 4660; x_wconf 89' lang='lat' dir='ltr'><strong>quod</strong></span> <span class='ocrx_word' id='word_1_758' title='bbox 2729 4590 2926 4645; x_wconf 91' lang='lat' dir='ltr'><strong>nostris</strong></span> <span class='ocrx_word' id='word_1_759' title='bbox 2950 4574 3160 4645; x_wconf 84' lang='lat' dir='ltr'><strong>meritis</strong></span> <span class='ocrx_word' id='word_1_760' title='bbox 3191 4603 3299 4645; x_wconf 90' lang='lat' dir='ltr'><strong>nor.</strong></span> <span class='ocrx_word' id='word_1_761' title='bbox 3344 4586 3562 4643; x_wconf 89' lang='lat' dir='ltr'><strong>debetur.</strong></span> <span class='ocrx_word' id='word_1_762' title='bbox 3591 4574 3650 4632; x_wconf 80' lang='lat' dir='ltr'><strong>Ab</strong></span> <span class='ocrx_word' id='word_1_763' title='bbox 3669 4579 3737 4636; x_wconf 66' lang='grc' dir='ltr'><strong>δρα</strong></span> 
     </span>
    </p>
   </div>
   <div class='ocr_carea' id='block_1_104' title="bbox 2273 4669 3738 4760">
    <p class='ocr_par' dir='ltr' id='par_1_104' title="bbox 2273 4669 3738 4760">
     <span class='ocr_line' id='line_1_104' title="bbox 2273 4669 3738 4760; baseline -0.014 -16"><span class='ocrx_word' id='word_1_764' title='bbox 2273 4704 2403 4760; x_wconf 89' lang='lat' dir='ltr'><strong>ergo</strong></span> <span class='ocrx_word' id='word_1_765' title='bbox 2434 4687 2759 4744; x_wconf 88' lang='lat' dir='ltr'><strong>certitudine</strong></span> <span class='ocrx_word' id='word_1_766' title='bbox 2793 4669 2941 4741; x_wconf 77' lang='lat' dir='ltr'><strong>nulla</strong></span> <span class='ocrx_word' id='word_1_767' title='bbox 2967 4701 3065 4742; x_wconf 89' lang='lat' dir='ltr'><strong>nos</strong></span> <span class='ocrx_word' id='word_1_768' title='bbox 3095 4695 3400 4742; x_wconf 90' lang='lat' dir='ltr'><strong>nostrorum</strong></span> <span class='ocrx_word' id='word_1_769' title='bbox 3432 4677 3644 4736; x_wconf 88' lang='lat' dir='ltr'><strong>malorum</strong></span> <span class='ocrx_word' id='word_1_770' title='bbox 3659 4675 3738 4734; x_wconf 57' lang='lat' dir='ltr'><strong>qur</strong></span> 
     </span>
    </p>
   </div>
   <div class='ocr_carea' id='block_1_105' title="bbox 2273 4764 3739 4849">
    <p class='ocr_par' dir='ltr' id='par_1_105' title="bbox 2273 4764 3739 4849">
     <span class='ocr_line' id='line_1_105' title="bbox 2273 4764 3739 4849; baseline -0.015 -15"><span class='ocrx_word' id='word_1_771' title='bbox 2273 4780 2420 4845; x_wconf 90' lang='lat' dir='ltr'><strong>litas,</strong></span> <span class='ocrx_word' id='word_1_772' title='bbox 2447 4778 2591 4834; x_wconf 88' lang='lat' dir='ltr'><strong>nulla</strong></span> <span class='ocrx_word' id='word_1_773' title='bbox 2621 4778 2898 4848; x_wconf 87' lang='lat' dir='ltr'><strong>quantitas</strong></span> <span class='ocrx_word' id='word_1_774' title='bbox 2929 4776 3158 4849; x_wconf 85' lang='lat' dir='ltr'><strong>frangat.</strong></span> <span class='ocrx_word' id='word_1_775' title='bbox 3190 4775 3415 4832; x_wconf 73' lang='lat' dir='ltr'><strong>Praestat</strong></span> <span class='ocrx_word' id='word_1_776' title='bbox 3461 4774 3658 4836; x_wconf 84' lang='lat' dir='ltr'><strong>magnum</strong></span> <span class='ocrx_word' id='word_1_777' title='bbox 3687 4764 3739 4804; x_wconf 63' lang='grc' dir='ltr'><strong>τε*</strong></span> 
     </span>
    </p>
   </div>
   <div class='ocr_carea' id='block_1_106' title="bbox 2272 4852 3738 4938">
    <p class='ocr_par' dir='ltr' id='par_1_106' title="bbox 2272 4852 3738 4938">
     <span class='ocr_line' id='line_1_106' title="bbox 2272 4852 3738 4938; baseline -0.014 -11"><span class='ocrx_word' id='word_1_778' title='bbox 2272 4873 2378 4928; x_wconf 72' lang='lat' dir='ltr'><strong>nite</strong></span> <span class='ocrx_word' id='word_1_779' title='bbox 2403 4870 2654 4926; x_wconf 80' lang='lat' dir='ltr'><strong>fiduciam</strong></span> <span class='ocrx_word' id='word_1_780' title='bbox 2683 4869 2822 4926; x_wconf 89' lang='lat' dir='ltr'><strong>latro</strong></span> <span class='ocrx_word' id='word_1_781' title='bbox 2842 4871 2931 4926; x_wconf 92' lang='lat' dir='ltr'><strong>ille</strong></span> <span class='ocrx_word' id='word_1_782' title='bbox 2962 4869 3288 4926; x_wconf 89' lang='lat' dir='ltr'><strong>venerabilis</strong></span> <span class='ocrx_word' id='word_1_783' title='bbox 3313 4909 3327 4934; x_wconf 88' lang='lat'><strong>,</strong></span> <span class='ocrx_word' id='word_1_784' title='bbox 3357 4865 3441 4938; x_wconf 90' lang='lat' dir='ltr'><strong>qui</strong></span> <span class='ocrx_word' id='word_1_785' title='bbox 3469 4876 3558 4916; x_wconf 91' lang='lat' dir='ltr'><strong>non</strong></span> <span class='ocrx_word' id='word_1_786' title='bbox 3583 4852 3669 4909; x_wconf 81' lang='lat' dir='ltr'><strong>inde</strong></span> <span class='ocrx_word' id='word_1_787' title='bbox 3684 4856 3738 4898; x_wconf 59' lang='grc' dir='ltr'><strong>νεα</strong></span> 
     </span>
    </p>
   </div>
   <div class='ocr_carea' id='block_1_107' title="bbox 2272 4945 3737 5034">
    <p class='ocr_par' dir='ltr' id='par_1_107' title="bbox 2272 4945 3737 5034">
     <span class='ocr_line' id='line_1_107' title="bbox 2272 4945 3737 5034; baseline -0.016 -12"><span class='ocrx_word' id='word_1_788' title='bbox 2272 4966 2544 5033; x_wconf 63' lang='lat' dir='ltr'><strong>nerabilisf</strong></span> <span class='ocrx_word' id='word_1_789' title='bbox 2590 4965 2730 5019; x_wconf 90' lang='lat' dir='ltr'><strong>unde</strong></span> <span class='ocrx_word' id='word_1_790' title='bbox 2804 4965 2963 5020; x_wconf 90' lang='lat' dir='ltr'><strong>latro.</strong></span> <span class='ocrx_word' id='word_1_791' title='bbox 3015 4963 3148 5019; x_wconf 84' lang='lat' dir='ltr'><strong>Nam</strong></span> <span class='ocrx_word' id='word_1_792' title='bbox 3203 4963 3339 5017; x_wconf 87' lang='lat' dir='ltr'><strong>latro</strong></span> <span class='ocrx_word' id='word_1_793' title='bbox 3379 4975 3439 5014; x_wconf 85' lang='lat' dir='ltr'><strong>ex</strong></span> <span class='ocrx_word' id='word_1_794' title='bbox 3483 4945 3737 5034; x_wconf 34' lang='lat' dir='ltr'><strong>crudelium}</strong></span> 
     </span>
    </p>
   </div>
   <div class='ocr_carea' id='block_1_108' title="bbox 2279 5041 3737 5125">
    <p class='ocr_par' dir='ltr' id='par_1_108' title="bbox 2279 5041 3737 5125">
     <span class='ocr_line' id='line_1_108' title="bbox 2279 5041 3737 5125; baseline -0.003 -13"><span class='ocrx_word' id='word_1_795' title='bbox 2279 5057 2614 5112; x_wconf 89' lang='lat' dir='ltr'><strong>venerabilis</strong></span> <span class='ocrx_word' id='word_1_796' title='bbox 2641 5071 2707 5111; x_wconf 89' lang='lat' dir='ltr'><strong>ex</strong></span> <span class='ocrx_word' id='word_1_797' title='bbox 2735 5055 3096 5112; x_wconf 83' lang='lat' dir='ltr'><strong>confessione.</strong></span> <span class='ocrx_word' id='word_1_798' title='bbox 3159 5053 3402 5125; x_wconf 79' lang='lat' dir='ltr'><strong>Cogitate</strong></span> <span class='ocrx_word' id='word_1_799' title='bbox 3423 5089 3437 5113; x_wconf 88' lang='lat'><strong>,</strong></span> <span class='ocrx_word' id='word_1_800' title='bbox 3473 5057 3613 5115; x_wconf 70' lang='lat' dir='ltr'><strong>rogos</strong></span> 
     </span>
    </p>
   </div>
   <div class='ocr_carea' id='block_1_109' title="bbox 2280 5123 3738 5218">
    <p class='ocr_par' dir='ltr' id='par_1_109' title="bbox 2280 5123 3738 5218">
     <span class='ocr_line' id='line_1_109' title="bbox 2280 5123 3738 5218; baseline -0.014 -14"><span class='ocrx_word' id='word_1_801' title='bbox 2280 5157 2393 5204; x_wconf 87' lang='lat' dir='ltr'><strong>tale</strong></span> <span class='ocrx_word' id='word_1_802' title='bbox 2420 5163 2580 5218; x_wconf 91' lang='lat' dir='ltr'><strong>quam</strong></span> <span class='ocrx_word' id='word_1_803' title='bbox 2613 5147 2724 5202; x_wconf 89' lang='lat' dir='ltr'><strong>sint</strong></span> <span class='ocrx_word' id='word_1_804' title='bbox 2769 5144 3332 5216; x_wconf 87' lang='lat' dir='ltr'><strong>incomprehensibilia</strong></span> <span class='ocrx_word' id='word_1_805' title='bbox 3371 5142 3421 5196; x_wconf 91' lang='lat' dir='ltr'><strong>in</strong></span> <span class='ocrx_word' id='word_1_806' title='bbox 3476 5123 3738 5218; x_wconf 70' lang='grc' dir='ltr'><strong>οιιιηίροιεηυ</strong></span> 
     </span>
    </p>
   </div>
   <div class='ocr_carea' id='block_1_110' title="bbox 2280 5218 3719 5307">
    <p class='ocr_par' dir='ltr' id='par_1_110' title="bbox 2280 5218 3719 5307">
     <span class='ocr_line' id='line_1_110' title="bbox 2280 5218 3719 5307; baseline -0.017 -14"><span class='ocrx_word' id='word_1_807' title='bbox 2280 5237 2392 5293; x_wconf 87' lang='lat' dir='ltr'><strong>Deo</strong></span> <span class='ocrx_word' id='word_1_808' title='bbox 2422 5236 2810 5294; x_wconf 74' lang='lat' dir='ltr'><strong>misericordia:</strong></span> <span class='ocrx_word' id='word_1_809' title='bbox 2832 5237 3062 5291; x_wconf 85' lang='lat' dir='ltr'><strong>viscera.</strong></span> <span class='ocrx_word' id='word_1_810' title='bbox 3102 5235 3267 5291; x_wconf 87' lang='lat' dir='ltr'><strong>Latro</strong></span> <span class='ocrx_word' id='word_1_811' title='bbox 3300 5236 3397 5288; x_wconf 89' lang='lat' dir='ltr'><strong>iste</strong></span> <span class='ocrx_word' id='word_1_812' title='bbox 3438 5218 3629 5304; x_wconf 83' lang='lat' dir='ltr'><strong>cruentis</strong></span> 
     </span>
    </p>
   </div>
   <div class='ocr_carea' id='block_1_111' title="bbox 2281 5305 3738 5412">
    <p class='ocr_par' dir='ltr' id='par_1_111' title="bbox 2281 5305 3738 5412">
     <span class='ocr_line' id='line_1_111' title="bbox 2281 5305 3738 5412; baseline -0.009 -25"><span class='ocrx_word' id='word_1_813' title='bbox 2281 5333 2441 5388; x_wconf 89' lang='lat' dir='ltr'><strong>nibus</strong></span> <span class='ocrx_word' id='word_1_814' title='bbox 2465 5331 2770 5387; x_wconf 85' lang='lat' dir='ltr'><strong>abstractus</strong></span> <span class='ocrx_word' id='word_1_815' title='bbox 2795 5345 2826 5384; x_wconf 89' lang='lat' dir='ltr'><strong>a</strong></span> <span class='ocrx_word' id='word_1_816' title='bbox 2852 5328 3008 5384; x_wconf 89' lang='lat' dir='ltr'><strong>fauce</strong></span> <span class='ocrx_word' id='word_1_817' title='bbox 3051 5327 3292 5391; x_wconf 87' lang='lat' dir='ltr'><strong>itineris,</strong></span> <span class='ocrx_word' id='word_1_818' title='bbox 3339 5327 3592 5390; x_wconf 82' lang='lat' dir='ltr'><strong>suspensus</strong></span> <span class='ocrx_word' id='word_1_819' title='bbox 3624 5305 3738 5412; x_wconf 39' lang='lat'><strong>35:”)</strong></span> 
     </span>
    </p>
   </div>
   <div class='ocr_carea' id='block_1_112' title="bbox 2283 5395 3734 5502">
    <p class='ocr_par' dir='ltr' id='par_1_112' title="bbox 2283 5395 3734 5502">
     <span class='ocr_line' id='line_1_112' title="bbox 2283 5395 3734 5502; baseline -0.005 -24"><span class='ocrx_word' id='word_1_820' title='bbox 2283 5423 2525 5496; x_wconf 88' lang='lat' dir='ltr'><strong>patibulo</strong></span> <span class='ocrx_word' id='word_1_821' title='bbox 2550 5425 2749 5480; x_wconf 87' lang='lat' dir='ltr'><strong>crucis.</strong></span> <span class='ocrx_word' id='word_1_822' title='bbox 2776 5422 2854 5478; x_wconf 88' lang='lat' dir='ltr'><strong>lbi</strong></span> <span class='ocrx_word' id='word_1_823' title='bbox 2897 5420 3180 5478; x_wconf 89' lang='lat' dir='ltr'><strong>confessus</strong></span> <span class='ocrx_word' id='word_1_824' title='bbox 3209 5428 3290 5476; x_wconf 92' lang='lat' dir='ltr'><strong>cst</strong></span> <span class='ocrx_word' id='word_1_825' title='bbox 3311 5459 3325 5484; x_wconf 93' lang='lat'><strong>,</strong></span> <span class='ocrx_word' id='word_1_826' title='bbox 3361 5415 3428 5470; x_wconf 89' lang='lat' dir='ltr'><strong>ibi</strong></span> <span class='ocrx_word' id='word_1_827' title='bbox 3450 5395 3734 5502; x_wconf 53' lang='lat' dir='ltr'><strong>sanatusf’l&#39;</strong></span> 
     </span>
    </p>
   </div>
   <div class='ocr_carea' id='block_1_113' title="bbox 2290 5487 3718 5572">
    <p class='ocr_par' dir='ltr' id='par_1_113' title="bbox 2290 5487 3718 5572">
     <span class='ocr_line' id='line_1_113' title="bbox 2290 5487 3718 5572; baseline -0.018 1"><span class='ocrx_word' id='word_1_828' title='bbox 2290 5487 2364 5572; x_wconf 76' lang='lat' dir='ltr'><strong>ibi</strong></span> <span class='ocrx_word' id='word_1_829' title='bbox 2401 5514 2588 5570; x_wconf 88' lang='lat' dir='ltr'><strong>audire</strong></span> <span class='ocrx_word' id='word_1_830' title='bbox 2614 5513 2811 5570; x_wconf 90' lang='lat' dir='ltr'><strong>meruit</strong></span> <span class='ocrx_word' id='word_1_831' title='bbox 2841 5530 2856 5567; x_wconf 93' lang='lat'><strong>:</strong></span> <span class='ocrx_word' id='word_1_832' title='bbox 2892 5530 2910 5565; x_wconf 81' lang='lat' dir='ltr'><strong>t</strong></span> <span class='ocrx_word' id='word_1_833' title='bbox 2945 5509 3117 5568; x_wconf 83' lang='lat' dir='ltr'><strong>Hodie</strong></span> <span class='ocrx_word' id='word_1_834' title='bbox 3174 5521 3378 5566; x_wconf 89' lang='lat' dir='ltr'><strong>mecum</strong></span> <span class='ocrx_word' id='word_1_835' title='bbox 3429 5499 3521 5556; x_wconf 86' lang='lat' dir='ltr'><strong>eris</strong></span> <span class='ocrx_word' id='word_1_836' title='bbox 3563 5492 3603 5546; x_wconf 80' lang='lat' dir='ltr'><strong>in</strong></span> <span class='ocrx_word' id='word_1_837' title='bbox 3635 5487 3718 5552; x_wconf 52' lang='lat' dir='ltr'><strong>Pa”</strong></span> 
     </span>
    </p>
   </div>
   <div class='ocr_carea' id='block_1_114' title="bbox 2293 5606 2829 5663">
    <p class='ocr_par' dir='ltr' id='par_1_114' title="bbox 2293 5606 2829 5663">
     <span class='ocr_line' id='line_1_114' title="bbox 2293 5606 2829 5663; baseline -0.007 -1"><span class='ocrx_word' id='word_1_838' title='bbox 2293 5607 2428 5663; x_wconf 91' lang='lat' dir='ltr'><strong>diso.</strong></span> <span class='ocrx_word' id='word_1_839' title='bbox 2465 5625 2483 5660; x_wconf 76' lang='grc' dir='ltr'><strong><em>ι</em></strong></span> <span class='ocrx_word' id='word_1_840' title='bbox 2514 5606 2580 5661; x_wconf 84' lang='grc' dir='ltr'><strong>Ει</strong></span> <span class='ocrx_word' id='word_1_841' title='bbox 2611 5616 2829 5661; x_wconf 77' lang='lat' dir='ltr'><strong>caetera.</strong></span> 
     </span>
    </p>
   </div>
   <div class='ocr_carea' id='block_1_115' title="bbox 662 5693 3650 5803">
    <p class='ocr_par' dir='ltr' id='par_1_115' title="bbox 662 5693 3650 5803">
     <span class='ocr_line' id='line_1_115' title="bbox 662 5693 3650 5803; baseline -0.008 -15"><span class='ocrx_word' id='word_1_842' title='bbox 662 5725 814 5803; x_wconf 59' lang='lat'><strong>(524)</strong></span> <span class='ocrx_word' id='word_1_843' title='bbox 853 5729 987 5787; x_wconf 84' lang='lat' dir='ltr'><strong>Vide</strong></span> <span class='ocrx_word' id='word_1_844' title='bbox 1015 5732 1294 5802; x_wconf 88' lang='lat' dir='ltr'><strong>epistolam</strong></span> <span class='ocrx_word' id='word_1_845' title='bbox 1338 5731 1564 5790; x_wconf 89' lang='lat' dir='ltr'><strong>Joannis</strong></span> <span class='ocrx_word' id='word_1_846' title='bbox 1615 5744 1766 5803; x_wconf 69' lang='lat' dir='ltr'><strong>papa:</strong></span> <span class='ocrx_word' id='word_1_847' title='bbox 1804 5726 1875 5786; x_wconf 83' lang='lat' dir='ltr'><strong>IX</strong></span> <span class='ocrx_word' id='word_1_848' title='bbox 1926 5728 1992 5782; x_wconf 88' lang='lat' dir='ltr'><strong>ad</strong></span> <span class='ocrx_word' id='word_1_849' title='bbox 2043 5726 2326 5784; x_wconf 65' lang='lat' dir='ltr'><strong>llervainm</strong></span> <span class='ocrx_word' id='word_1_850' title='bbox 2387 5725 2451 5782; x_wconf 89' lang='lat' dir='ltr'><strong>de</strong></span> <span class='ocrx_word' id='word_1_851' title='bbox 2496 5723 2720 5796; x_wconf 83' lang='lat' dir='ltr'><strong>paganis</strong></span> <span class='ocrx_word' id='word_1_852' title='bbox 2767 5719 3046 5779; x_wconf 87' lang='lat' dir='ltr'><strong>conversis</strong></span> <span class='ocrx_word' id='word_1_853' title='bbox 3079 5728 3132 5777; x_wconf 91' lang='lat' dir='ltr'><strong>et</strong></span> <span class='ocrx_word' id='word_1_854' title='bbox 3162 5712 3410 5791; x_wconf 81' lang='lat' dir='ltr'><strong>gentilitio</strong></span> <span class='ocrx_word' id='word_1_855' title='bbox 3433 5715 3557 5765; x_wconf 79' lang='lat' dir='ltr'><strong>more</strong></span> <span class='ocrx_word' id='word_1_856' title='bbox 3584 5693 3650 5750; x_wconf 68' lang='grc' dir='ltr'><strong>ἅθ’</strong></span> 
     </span>
    </p>
   </div>
   <div class='ocr_carea' id='block_1_116' title="bbox 595 5798 866 5869">
    <p class='ocr_par' dir='ltr' id='par_1_116' title="bbox 595 5798 866 5869">
     <span class='ocr_line' id='line_1_116' title="bbox 595 5798 866 5869; baseline 0.015 -16"><span class='ocrx_word' id='word_1_857' title='bbox 595 5798 866 5869; x_wconf 80' lang='lat' dir='ltr'><strong>gentibus.</strong></span> 
     </span>
    </p>
   </div>
  </div>
