3902 6408
99 351 218 410 6ὕὸ

368 469 457 525 lV.
489 465 744 540 Ejusdem
772 467 840 522 ad
862 465 1080 522 Petrum
1109 469 1426 538 episwpum.

182 562 292 632 Qui
343 577 530 617 rursus
590 561 751 617 Petro
809 561 1062 632 episcopo
1116 561 1356 618 Corsicae
1407 560 1654 616 scribens
1683 596 1700 625 ,

99 654 188 708 ait
217 653 333 726 (lib.
365 667 466 722 vn,
493 653 644 723 epist.
667 652 724 724 9)
758 669 772 706 :
809 673 828 704 ι
859 651 1202 708 Fraternitas
1245 661 1426 708 vestra
1473 649 1704 706 sollicite

101 747 510 818 studeat,0pus
537 745 680 816 quod
702 747 890 817 coepit,
907 745 1200 802 auxiliante
1225 744 1474 810 Domino,
1493 743 1558 798 ad
1580 757 1708 814 per-

99 837 410 894 fectionem
431 837 728 906 deducere;
753 847 807 893 et
829 837 942 894 sive
965 852 1060 893 eos
1086 838 1178 908 qui
1204 837 1496 907 aliquando
1519 833 1706 890 ﬁdeles

101 927 362 996 fuerunt,
391 928 572 1000 scillad
595 929 800 984 cultum
823 928 1114 994 idolorum,
1139 927 1464 1000 negligentia
1491 934 1586 982 aut
1614 937 1706 980 ne-

100 1022 373 1076 cessitate
407 1019 660 1087 faciente,
691 1020 896 1076 reversi
926 1029 1071 1086 sunt,
1100 1020 1322 1076 festinet
1351 1035 1474 1076 cum
1502 1018 1704 1074 indicta

96 1105 856 1184 pmnitentia'aliquantorum
887 1113 1094 1168 dierum
1127 1113 1194 1168 ad
1223 1113 1380 1168 ﬁdem
1407 1110 1668 1167 reducere
1688 1149 1704 1176 ,

99 1215 164 1260 ut
193 1217 412 1262 reatum
443 1221 598 1263 suum
632 1203 886 1277 plangere
922 1205 1183 1272 debeant,
1215 1213 1270 1260 et
1315 1211 1464 1258 tanto
1497 1199 1706 1256 ﬁrmius

99 1305 340 1352 teneant
364 1298 470 1352 hoc
498 1300 565 1352 ad
595 1296 738 1365 quod
765 1294 1056 1364 adjuvante
1085 1293 1312 1350 Domino
1333 1297 1702 1354 revertuntur,

96 1396 322 1457 quanto
343 1387 470 1442 illud
491 1385 729 1458 perfecte
750 1385 1086 1452 deﬂeverint,
1111 1385 1254 1440 unde
1267 1384 1569 1450 discedunt;
1591 1382 1705 1438 sive

100 1495 205 1534 eos
231 1480 328 1550 qui
359 1479 586 1558 necdum
611 1479 866 1549 baptizati
883 1489 1028 1545 sunt,
1047 1477 1412 1542 admonendo,
1442 1475 1703 1548 rogando,

99 1574 174 1629 de
204 1582 438 1629 venturo
462 1572 664 1643 judicio
697 1576 951 1630 terrendo
978 1613 993 1640 ,
1020 1574 1287 1630 rationem
1333 1587 1550 1644 quoque
1591 1569 1708 1626 red-

99 1666 290 1720 dendo
323 1666 464 1736 quod
493 1665 634 1737 ligna
653 1674 710 1721 et
733 1665 940 1736 lapides
967 1665 1146 1722 colere
1185 1681 1292 1722 non
1326 1665 1542 1720 debent.
1574 1662 1707 1719 Fes-

99 1758 248 1812 tinet
277 1756 594 1812 fraternitas
614 1765 702 1812 tua
722 1757 1077 1828 omnipotenti
1099 1757 1328 1812 Domino
1350 1768 1702 1827 congregare,

1041 343 1262 406 EPIST.
1287 345 1380 406 AD
1409 337 1744 412 WITONEM
1777 341 2101 404 ARCHIEP.
2146 341 2458 406 nomon.

3281 332 3391 408 C66

1725 479 1776 540 Α
1802 445 1954 533 putet
1989 460 2267 518 futurum?
2299 461 2422 518 Ideo
2455 459 2715 516 Dominus
2743 459 2904 518 Iesus
2937 475 3250 534 eompassus
3288 481 3388 522 nos

1807 555 1892 612 bis
1917 561 2022 622 est,
2053 563 2114 608 ut
2135 554 2204 609 ad
2227 568 2286 609 se
2305 563 2602 618 revocaret,
2621 569 2728 608 non
2745 554 3063 620 deterreret,
3085 555 3232 612 mitis
3245 557 3390 614 venit

1807 645 1956 700 venit
1982 644 2224 712 humilis,
2253 645 2486 716 denique
2513 645 2588 700 ait
2621 664 2634 700 :
2679 664 2700 698 ι
2737 645 2932 702 Venite
2970 649 3036 702 ad
3067 663 3173 714 me,
3201 664 3392 705 omnes

1807 737 1900 810 qui
1931 737 2208 804 laboratis,
2235 746 2292 792 et
2316 753 2415 809 ego
2441 738 2680 794 reﬁciam
2706 738 3057 810 vos-(Matth.
3095 739 3194 812 xi).
3233 759 3252 794 ι
3285 739 3389 795 Res

1809 829 1923 886 ﬁcit
1951 844 2082 902 ergo
2119 829 2377 885 Dominus
2404 828 2586 896 Jesus,
2615 847 2720 887 non
2760 831 3017 898 excludit,
3049 847 3224 902 neque
3260 833 3394 902 abji-

1809 923 1904 988 cit,
1936 923 2241 994 meritoque
2263 921 2399 979 tales
2425 923 2716 996 discipulos
2763 925 2943 996 elegit,
2971 927 3061 997 qui
3101 927 3394 982 Dominicae

1806 1013 2104 1070 voluntatis
2151 1016 2476 1086 interpretes
2519 1015 2731 1086 plebem
2783 1017 2879 1073 Dei
2907 1017 3244 1089 colligerent,
3287 1033 3392 1073 non

1807 1108 2176 1180 repudiarent.
2209 1107 2364 1164 Unde
2390 1109 2561 1180 liquet
2585 1125 2680 1166 eos
2703 1111 2847 1166 inter
2866 1110 3068 1167 Christi
3103 1110 3398 1180 discipulos

1811 1219 1918 1260 non
1945 1220 2067 1261 esse
2101 1203 2397 1270 habendos,
2443 1206 2534 1276 qui
2567 1205 2704 1262 dura
2742 1221 2840 1276 pro
2879 1207 3119 1271 mitibus,
3163 1205 3392 1275 superba

1809 1307 1908 1364 pro
1931 1293 2222 1350 humilibus
2242 1296 2516 1366 sequenda
2539 1297 2848 1366 opinantur.
2878 1295 2946 1351 Et
2970 1312 3092 1352 cum
3116 1297 3217 1367 ipsi
3245 1310 3394 1365 quaa-
3443 1331 3448 1336 -

1811 1395 1934 1442 rant
1961 1387 2174 1443 Domini
2199 1388 2648 1456 miscricordiam,
2678 1389 2798 1445 aliis
2825 1391 3069 1446 eamdem
3111 1390 3394 1460 denegant,

1811 1487 1872 1532 ut
1895 1487 2024 1532 sunt
2049 1479 2302 1533 doctores
2338 1476 2786 1546 Novatianorum,
2825 1481 2918 1550 qui
2950 1479 3178 1536 mundos
3207 1494 3266 1534 se
3291 1494 3391 1550 ap-

1811 1569 2034 1640 pellant.
2051 1569 2190 1637 Quid
2207 1570 2292 1624 his
2313 1571 2599 1640 superbius
2615 1571 2638 1625 ἶ)
2653 1585 2776 1626 cum
2805 1569 3084 1642 Scriptura
3109 1570 3252 1625 dicat
3273 1569 3396 1640 quia

1818 1679 1838 1712 ι
1875 1659 2046 1716 Nemo
2067 1662 2299 1717 mundus
2330 1677 2361 1716 a
2408 1673 2654 1732 peccato,
2707 1677 2806 1718 nec
2853 1662 3012 1717 unius
3062 1660 3169 1716 diei
3221 1659 3402 1714 infans

1812 1754 1936 1826 (Job
1987 1752 2133 1826 XIV);
2175 1773 2192 1806 ι
2245 1763 2300 1810 et
2365 1755 2535 1809 David
2580 1755 2779 1811 clamat
2821 1773 2836 1808 :
2887 1773 2904 1806 ι
2936 1751 2982 1808 Α
3037 1753 3235 1808 delicto
3279 1765 3402 1807 meo

97 1855 164 1899 ut
195 1845 250 1899 in
282 1846 514 1901 adventu
536 1845 653 1915 ejus
674 1888 688 1913 ,
725 1862 846 1901 cum
877 1847 1157 1902 districtus
1178 1846 1294 1900 dies
1321 1844 1512 1915 judicii
1537 1860 1702 1900 vene-
1733 1857 1782 1918 Β
1810 1846 2008 1902 munda
2037 1859 2124 1901 me
2149 1843 2325 1918 (Psal.
2349 1845 2424 1916 ι).
2464 1865 2482 1898 ι
2517 1845 2586 1900 Ει
2605 1855 2727 1916 post
2749 1860 2920 1917 pauca
2952 1864 3005 1900 ε(
3042 1845 3210 1900 Nemo
3227 1850 3404 1914 potest

99 1939 202 2002 rit,
221 1940 276 1993 in
295 1954 522 1998 munero
543 1949 853 1998 sanctorum
877 1940 1048 2011 possit
1063 1949 1152 1996 tua
1167 1941 1426 1996 sanctitas
1447 1939 1702 1994 inveniri.

104 2028 490 2103 Quodcunque
537 2033 682 2087 enim
725 2033 914 2088 utilius
938 2041 992 2086 et
1025 2032 1310 2088 sublimius
1355 2041 1576 2088 acturus
1601 2045 1661 2086 es
1686 2070 1702 2098 ,

101 2139 276 2192 quam
307 2133 364 2178 ut
397 2111 470 2180 de
513 2126 814 2180 animarum
845 2125 1240 2190 viriﬁcatione,
1287 2133 1343 2180 et
1391 2124 1704 2180 collectione

103 2217 387 2284 cogitans,
422 2226 479 2272 et
507 2226 598 2272 tuo
630 2217 860 2274 Domino
881 2259 894 2282 ,
921 2217 1012 2287 qui
1042 2217 1136 2272 tibi
1167 2216 1345 2273 locum
1375 2216 1704 2286 prmdicandi

105 2307 295 2374 dedit,
325 2309 630 2365 immortale
659 2309 871 2364 lucrum
911 2309 1195 2378 reportes?
1231 2329 1248 2363 ι
1286 2307 1352 2364 Et
1381 2309 1608 2378 reliqua.

383 2401 448 2455 V.
491 2401 746 2472 Ejusdem
778 2403 847 2456 ad
879 2400 1142 2457 Mellitum
1171 2402 1432 2457 abbatem.

187 2495 259 2548 Et
289 2494 414 2550 alibi
444 2495 510 2549 ad
535 2493 792 2548 Mellitum
825 2494 1076 2550 abbatem
1127 2494 1240 2564 (lib.
1274 2511 1351 2560 ις,
1385 2496 1536 2565 epist.
1572 2493 1658 2566 7i)
1687 2508 1702 2548 :

113 2605 132 2638 ι
179 2586 318 2654 Quia
387 2603 519 2658 gens
567 2586 866 2658 Anglorum
907 2585 1072 2642 boves
1117 2586 1292 2642 solent
1331 2587 1384 2640 in
1430 2587 1698 2642 sacriﬁcio

109 2679 420 2734 dmmonum
463 2678 656 2735 multos
702 2679 970 2745 occidere,
1023 2679 1182 2735 debet
1212 2678 1374 2734 etiam
1427 2679 1526 2734 hac
1557 2679 1624 2734 de
1649 2694 1707 2734 re

111 2768 304 2838 aliqua
331 2769 652 2827 solemnitas
683 2770 981 2837 immutari,
1014 2778 1072 2825 ut
1101 2771 1188 2826 die
1207 2770 1584 2836 dedicationis,
1622 2769 1708 2824 vel

109 2861 318 2916 natalis
346 2871 654 2919 sanctorum
683 2874 1006 2936 martyrum,
1046 2878 1274 2933 quorum
1321 2863 1434 2918 illic
1465 2863 1708 2934 reliquiae

110 2963 416 3024 ponuntur,
457 2955 800 3012 tabernacula
847 2957 945 3012 sibi
982 2957 1126 3012 circa
1164 2957 1382 3012 easdem
1423 2957 1706 3024 ecclesias,

110 3063 240 3118 qua:
270 3064 336 3102 ex
367 3048 508 3104 fanis
532 3058 877 3105 commutata!
902 3058 1048 3116 sunt,
1071 3049 1136 3105 de
1159 3049 1324 3104 ramis
1347 3050 1601 3104 arborum
1630 3049 1707 3103 fa-

111 3142 293 3208 ciant,
322 3152 376 3197 ct
399 3144 668 3215 religiosis
689 3143 953 3200 conviviis
981 3145 1378 3201 solemnitatem
1403 3144 1700 3200 celebrent.

109 3233 230 3290 Nec
263 3234 474 3292 diabolo
501 3236 615 3305 jam
647 3236 902 3294 aniu'ialia
941 3237 1244 3304 immolent,
1278 3236 1370 3293 sed
1404 3237 1470 3292 ad
1493 3235 1706 3290 laudem

111 3327 216 3383 Dei
247 3328 302 3383 in
329 3343 422 3384 esu
453 3345 552 3386 suo
596 3329 850 3386 animalia
882 3330 1133 3386 occidant
1162 3347 1177 3385 :
1225 3339 1280 3384 et
1304 3329 1553 3384 donatori
1589 3342 1709 3383 om-

113 3421 273 3476 nium
300 3423 366 3478 de
407 3423 656 3478 satietate
691 3439 786 3480 sua
831 3423 1036 3495 gratias
1074 3422 1334 3488 referant,
1371 3431 1432 3476 ut.
1465 3421 1592 3475 dum
1631 3419 1711 3476 eis

119 3511 310 3583 aliqua
339 3514 581 3570 exterius
605 3515 801 3586 gaudia
828 3513 1162 3580 referuntur,
1194 3513 1260 3568 ad
1293 3511 1551 3568 interiora
1583 3527 1712 3580 gau-

118 3609 212 3666 dia
245 3609 550 3666 consentire
579 3609 790 3665 facilius
819 3609 1051 3664 valeant.
1083 3605 1218 3662 Nam
1249 3606 1400 3662 doris
1433 3607 1706 3661 mentibus

119 3701 286 3758 simul
315 3703 496 3757 onmia
522 3701 825 3767 abscidere,
856 3699 1191 3772 impossibile
1207 3713 1328 3756 esse
1355 3715 1459 3755 non
1489 3699 1710 3754 dubium

115 3802 226 3850 est.
256 3793 391 3862 Quia
419 3795 560 3850 enim
584 3795 673 3866 qui
690 3809 958 3852 summum
983 3795 1156 3851 locum
1181 3795 1476 3850 ascendere
1491 3793 1710 3860 nititur,

117 3885 380 3957 gradibus
410 3883 495 3940 vel
525 3885 792 3956 passibus,
824 3900 933 3940 non
972 3893 1152 3940 autem
1180 3883 1409 3941 saltibus
1446 3883 1710 3940 elevatur.

121 3977 220 4034 Sic
243 3977 540 4034 Israelitico
563 3977 760 4050 populo
791 3978 842 4032 in
875 3977 1084 4049 Egypto
1115 3976 1378 4032 Dominus
1407 3991 1466 4031 se
1493 3975 1710 4046 quidem

119 4070 404 4127 innotuit:
453 4070 546 4126 sed
584 4079 764 4125 tamen
805 4069 885 4125 eis
919 4067 1310 4125 sacriﬁciorum
1349 4083 1526 4133 usum,
1549 4080 1709 4137 quem

120 4167 338 4224 diabolo
363 4166 608 4222 solebant
632 4166 897 4232 exhibire,
923 4165 977 4220 in
1005 4164 1204 4220 cultmn
1224 4163 1501 4234 proprium
1531 4174 1711 4218 reser-

120 4259 293 4324 vavit,
321 4267 380 4314 ut
401 4257 480 4313 eis
513 4258 566 4312 in
593 4273 690 4313 suo
703 4255 970 4312 sacriﬁcio
993 4255 1246 4310 animalia
1265 4255 1548 4310 immolare
1570 4269 1708 4325 prse-

123 4349 338 4420 cipcret
369 4366 382 4402 :
409 4357 678 4420 quatenus
721 4363 816 4404 cor
847 4357 1134 4412 mutantes,
1165 4347 1309 4402 aliud
1343 4347 1410 4403 de
1443 4347 1712 4404 sacriﬁcio

123 4442 458 4508 omitterent,
485 4442 630 4496 aliud
659 4441 994 4506 retinerent;
1025 4449 1084 4495 ut
1103 4441 1205 4496 etsi
1231 4441 1344 4510 ipsa
1377 4449 1566 4496 essent
1594 4439 1706 4494 ani.

123 4533 290 4588 malia
308 4547 427 4604 tgna:
445 4532 640 4587 offerre
663 4538 1080 4596 consueverant,
1105 4545 1236 4585 vero
1259 4537 1435 4586 tamen
1465 4532 1574 4586 Deo
1598 4531 1712 4587 haec

1807 1939 1950 1996 bene
1975 1953 2136 2010 agere
2158 1937 2555 2010 paenitentiam,
2595 1939 2698 1994 nisi
2727 1941 2818 2009 qui
2851 1937 3092 2010 speravit
3121 1936 3402 2008 indulgen-

1809 2031 1964 2086 tiam.
1999 2050 2020 2085 ι

2380 2123 2490 2180 VII.
2515 2123 2864 2196 Augustinus.

1877 2237 2074 2294 Beatus
2125 2238 2282 2294 docet
2311 2237 2554 2293 breviter
2573 2236 2908 2306 Augustinus
2934 2233 3168 2307 qualiter
3200 2233 3279 2290 eis
3305 2233 3400 2305 qui

1803 2339 2044 2403 prscsnnt
2093 2333 2158 2386 de
2211 2330 2620 2400 quibuscunque
2675 2329 2985 2386 hominibus
3022 2329 3206 2400 pravis
3247 2343 3404 2400 agen-

1817 2426 1934 2483 dum
1963 2425 2054 2490 sit,
2085 2425 2272 2480 dicens
2305 2423 2594 2496 (Puosrnn,
2627 2424 2722 2480 lib.
2756 2422 2993 2478 Sentent.
3027 2421 3090 2480 S.
3117 2420 3399 2494 August):

1811 2535 1832 2570 ς
1861 2517 1978 2574 Νοη
2013 2527 2096 2573 est
2131 2519 2524 2588 desperandum
2567 2517 2636 2573 de
2682 2516 2858 2582 malis,
2889 2515 2982 2571 sed
3023 2531 3122 2586 pro
3161 2515 3292 2587 ipsis
3345 2523 3404 2570 ut

1749 2653 1752 2658 .
1809 2610 1936 2666 boni
1983 2610 2116 2666 ﬁant
2157 2609 2451 2666 studiosius
2491 2608 2928 2680 supplicandum,
2972 2609 3100 2678 quia
3142 2621 3404 2664 numerus

1811 2711 2127 2758 sanctorum
2181 2704 2248 2760 de
2297 2719 2526 2759 numero
2571 2717 2788 2772 semper
2833 2709 3026 2758 auctus
3076 2709 3162 2758 est
3207 2700 3402 2772 impio-

1811 2811 1953 2852 rum.
1991 2817 2010 2851 ι

2164 2887 2296 2946 Vill.
2337 2889 2416 2945 De
2443 2889 2506 2946 S.
2537 2889 2774 2962 Remigio
2804 2891 3061 2962 episcopo.

1881 3003 2100 3076 Legitur
2137 3015 2192 3060 et
2238 3005 2303 3058 ad
2337 3003 2513 3060 locum
2564 3004 2617 3058 in
2647 3003 2784 3060 libro
2820 3001 3129 3072 Vitaefbeali
3170 2997 3405 3072 Remigii

1809 3097 2147 3154 Francorum
2175 3097 2400 3168 apostoli
2427 3096 2716 3169 (llmcnsn.
2759 3094 2880 3150 Vita
2907 3094 2970 3151 S.
3005 3093 3232 3165 Remig.)
3264 3093 3409 3148 inter

1738 3224 1782 3285 ο
1815 3199 2012 3246 cretera
2049 3189 2245 3260 quibus
2275 3189 2514 3244 refertur
2554 3187 2841 3246 conversio
2887 3185 3147 3242 Ludovici
3181 3185 3326 3255 regis
3352 3191 3410 3240 et

1815 3282 1996 3354 populi
2034 3279 2170 3350 ejus.
2228 3299 2245 3332 ι
2289 3280 2384 3336 llle
2420 3281 2570 3352 (quin
2605 3289 2827 3336 sanctus
2866 3275 3168 3350 Remigius)
3205 3275 3402 3349 gaudio

1814 3390 2012 3446 magno
2051 3374 2310 3446 repletus,
2339 3388 2520 3445 regem
2550 3383 2602 3428 et
2623 3372 2897 3444 populum,
2925 3371 3159 3442 qualiter
3185 3367 3402 3425 diabolo

1812 3479 1868 3526 et
1890 3469 2145 3540 operibus
2167 3483 2229 3523 ac
2257 3467 2466 3538 pompis
2491 3465 2608 3534 ejus
2633 3463 3038 3528 abrenuntiare,
3062 3471 3116 3518 et
3147 3463 3198 3517 in
3227 3461 3400 3516 Deum

1814 3563 2038 3618 credere
2059 3561 2340 3622 deberent,
2375 3559 2578 3628 apertis
2609 3565 2663 3611 et
2694 3557 2950 3613 brevibus
2987 3553 3168 3610 verbis
3195 3553 3405 3607 instru-

1813 3649 1894 3704 xit
1926 3666 1940 3704 :
1965 3659 2018 3704 et
2045 3651 2170 3721 quia
2193 3650 2310 3705 dies
2337 3649 2511 3706 saneti
2533 3647 2756 3703 Pascha:
2778 3645 3121 3711 imminebat,
3140 3641 3410 3714 jejunium
3463 3669 3466 3673 -

1814 3741 2114 3796 secundum
2165 3740 2606 3798 Christianorum
2642 3735 3090 3796 consuetudinem
3139 3735 3220 3791 eis
3264 3732 3408 3790 indi-

1815 3833 1917 3888 xit.
1967 3852 1985 3887 ι

2183 3943 2275 4001 1X.
2311 3943 2390 4000 De
2416 3941 2476 4000 S.
2517 3941 2743 4001 Vedasto
2773 3944 3036 4016 episcopo.

1886 4057 2026 4115 Hinc
2051 4065 2104 4114 et
2126 4058 2179 4114 in
2211 4059 2354 4114 beati
2385 4055 2658 4130 pontiﬁcis
2703 4055 2924 4114 Vedasti
2967 4055 3090 4111 Vita
3115 4054 3410 4123 invenitur,

1813 4152 2086 4222 quomodo
2115 4150 2168 4206 in
2200 4150 2287 4205 via
2326 4149 2426 4205 sub
2471 4149 2762 4221 praesentia
2791 4147 3032 4218 ejusdem
3063 4145 3207 4217 regis
3235 4155 3292 4204 et
3314 4161 3414 4218 po-

1813 4243 1956 4317 puli,
1998 4243 2085 4298 vir
2134 4243 2230 4298 Dei
2287 4243 2556 4299 Vedastus
2623 4256 2826 4297 caecum
2883 4238 3312 4306 illuminaverit,
3355 4245 3415 4294 et

1813 4335 2274 4407 quemadmodum
2317 4335 2460 4390 idem
2499 4348 2596 4388 rex
2621 4333 2690 4388 ad
2735 4331 3064 4402 baptismum
3099 4329 3332 4396 venerit,
3355 4335 3415 4384 et

1814 4429 1868 4484 in
1900 4427 2192 4484 Rhemensi
2239 4427 2462 4482 civitate
2515 4426 2694 4480 virum
2747 4424 2844 4480 Dei
2884 4422 3174 4480 Vedastum
3219 4429 3414 4478 sancto

1819 4523 2280 4579 commendaverit
2312 4520 2578 4592 Remigio.
2617 4539 2637 4572 ι
2677 4518 2815 4586 Rex,
2867 4517 3119 4590 inquiens
3152 4557 3168 4584 ,
3219 4531 3252 4571 a
3292 4515 3411 4571 viro

125 4633 180 4681 et
209 4588 340 4678 non.
366 4623 522 4679 idolis
569 4621 934 4689 immolantes,
977 4620 1090 4690 jam
1133 4619 1400 4678 sacriﬁcia
1449 4622 1565 4692 ipsa
1607 4637 1714 4678 non
1739 4588 1794 4650 θ
1822 4615 1916 4670 Dei
1945 4612 2272 4684 evangelicis
2319 4613 2566 4684 apprime
2619 4611 2859 4667 imbutus
2889 4607 3178 4676 doctrinis,
3211 4607 3416 4662 ethino

123 4727 330 4776 essent.
367 4737 386 4772 ι
875 4763 878 4766 .

529 4807 612 4864 γι.
664 4807 968 4864 Ambrosius
1021 4807 1312 4878 episcopus.

199 4897 297 4954 llis
326 4911 432 4954 non
465 4897 748 4954 dissimilia
781 4899 848 4953 de
873 4897 1234 4968 paenitentum
1272 4893 1562 4952 mitissima
1599 4910 1720 4952 sus-

123 4993 380 5064 ceptione
419 4991 480 5047 S.
505 4991 825 5048 Ambrosius
854 4991 1094 5046 annectit
1125 4991 1178 5045 in
1209 4990 1346 5044 libro
1398 4989 1489 5060 qui
1534 4988 1720 5044 inscri-

121 5093 258 5156 ptus
285 5093 370 5137 est
387 5081 728 5139 Pmnitentia:
751 5083 888 5152 (cap.
915 5080 989 5154 l).
1020 5100 1037 5133 ι
1058 5080 1158 5149 Qui
1175 5081 1354 5136 studet
1373 5080 1618 5136 humanae
1637 5080 1722 5134 in-

127 5175 411 5232 ﬁrmitatis
441 5175 732 5230 emendare
763 5174 914 5241 vitia,
965 5173 1138 5242 ipsam
1187 5171 1556 5226 inﬁrmitatem
1605 5171 1719 5226 suis

125 5273 294 5330 dedet
339 5271 625 5338 sustinere,
673 5279 728 5326 et
778 5268 1158 5339 quoquomodo
1196 5281 1424 5337 pensare
1454 5265 1718 5334 humeris,

123 5381 238 5421 non
282 5364 535 5434 abjicere.
587 5361 722 5418 Nam
753 5370 942 5434 pastor
987 5360 1077 5416 ille
1132 5357 1474 5427 evangelicus
1521 5357 1718 5412 lassam

125 5471 292 5512 ovem
310 5455 520 5510 vexisse
551 5455 769 5524 legitur,
793 5469 898 5508 non
926 5451 1209 5523 abjecisse.
1235 5450 1298 5505 Et
1323 5448 1576 5505 Salomon
1600 5450 1676 5504 ait
1700 5464 1716 5506 :

133 5566 154 5600 ι
205 5545 326 5601 Noli
372 5545 550 5615 justus
587 5561 707 5600 esse
756 5545 982 5600 nimium
1031 5541 1223 5615 (Eccli.
1277 5542 1431 5613 xv").
1485 5561 1503 5594 ι
1551 5540 1724 5598 Debet

127 5639 281 5694 enim
309 5637 578 5710 justitiam
615 5645 914 5708 temperare
947 5635 1265 5690 moderatio.
1293 5634 1428 5688 Nam
1457 5634 1720 5705 quemad-

131 5728 358 5786 modum
382 5743 440 5784 se
463 5727 558 5782 tibi
591 5730 886 5784 curandum
917 5729 1172 5798 prmbcat,
1197 5743 1354 5798 quem
1386 5725 1602 5782 fastidio
1628 5725 1723 5780 ha-

130 5817 290 5884 beas,
321 5817 412 5890 qni
443 5821 770 5890 cmitemptui
788 5835 864 5888 se,
883 5835 989 5876 non
1015 5818 1372 5892 compassioni
1393 5817 1602 5876 medico
1625 5831 1725 5876 suo

1819 4709 2076 4781 praesenti
2121 4707 2386 4764 miraculo
2435 4707 2488 4762 in
2529 4705 2636 4762 ﬁde
2665 4705 2896 4760 ﬁrmiter
2932 4701 3294 4767 confortatus,
3335 4697 3414 4755 nil

1821 4811 2064 4860 moratus
2091 4801 2146 4858 in
2169 4802 2280 4866 via,
2305 4799 2381 4856 nil
2403 4799 2660 4855 dubitans
2699 4797 2754 4852 in
2802 4797 2928 4861 ﬁde,
2955 4795 3050 4852 sed
3080 4808 3273 4864 magna
3301 4791 3414 4848 ala-

1822 4894 2016 4950 critate
2036 4891 2227 4958 animi,
2254 4905 2449 4960 magna
2479 4888 2828 4944 festinatione
2861 4885 3094 4948 itineris,
3127 4881 3416 4940 sanctissi-

1823 5002 1972 5043 mum
2019 4985 2328 5056 ponitiﬁcetn
2373 4982 2678 5054 Remigium
2721 4981 2908 5036 videre
2959 4975 3308 5049 properavit,
3353 4983 3416 5030 ut

1827 5079 1970 5135 illius
2007 5078 2380 5134 sacratissimo
2411 5075 2748 5141 ministerio,
2799 5072 3006 5144 Spiritu
3045 5076 3238 5125 sancto
3285 5081 3416 5139 ope-

1826 5179 2004 5237 rante,
2057 5171 2113 5226 in
2157 5169 2530 5226 remissionem
2563 5175 2944 5238 peccatorum,
2993 5172 3046 5218 et
3094 5177 3243 5232 spem
3287 5161 3414 5216 vitae

1826 5273 2066 5328 :eternae,
2099 5261 2352 5317 catholici
2379 5259 2720 5330 baptismatis
2749 5257 2872 5312 vivo
2899 5255 3210 5312 ablueretur
3227 5251 3408 5307 fonte:

1825 5370 1949 5410 cum
1977 5367 2084 5424 quo
2109 5351 2401 5422 aliquantis
2435 5357 2676 5404 moratus
2699 5347 2910 5410 diebus,
2937 5354 2998 5399 ut
3025 5341 3414 5400 ecclesiasticis

1828 5449 2168 5506 satisfaceret
2207 5431 2604 5508 sanctionibus,
2637 5453 2692 5496 et
2719 5439 3080 5510 ptenitcntizn,
3115 5435 3414 5493 secundum

1831 5539 2190 5614 apostolicum
2215 5547 2564 5609 praeceptum,
2604 5534 2756 5603 prius
2799 5531 3106 5604 ablueretur
3132 5528 3412 5601 lacrymis,

1830 5634 2044 5690 dicente
2067 5633 2128 5686 Β.
2159 5630 2319 5685 Petro
2351 5628 2596 5698 principe
2637 5623 2999 5696 apostolorum
3031 5640 3044 5677 :
3083 5640 3102 5674 ε
3141 5621 3416 5677 Paeniten-

1833 5729 1962 5783 tiam
1992 5727 2156 5797 agite,
2208 5733 2263 5780 et
2298 5723 2604 5794 baptizatur
2649 5719 3022 5790 unusquisque
3069 5709 3310 5774 vestrum
3357 5713 3412 5770 in

1833 5820 2053 5878 nomine
2077 5816 2288 5876 Domini
2331 5809 2674 5897 nostrigtlesu
2701 5811 2848 5897 (Aet.
2870 5807 2966 5877 n);
3001 5825 3022 5896 ξ
3053 5814 3110 5894 et
3131 5805 3290 5893 sicin
3309 5819 3416 5888 no-
