3902 6402
532 317 634 379 667

1701 329 1987 391 HERVIEI
2029 288 2423 398 summas
2449 341 2768 403 ARCHIEP.

3640 364 3711 436 668

533 434 680 495 mine
728 435 1251 560 sanctfqgriuitatis
1297 439 1538 500 caelestis
1582 447 1825 518 mysterii
1850 448 2118 520 baptisma
2144 456 2195 516 Α
2223 454 2651 533 cumlacqmis,
2680 461 2909 531 Christe,
2953 460 3116 539 Καί-ἕο
3156 469 3365 530 eleison.
3397 475 3458 533 Et
3489 434 3711 560 stantepo.

533 524 828 560 amminan
1076 547 1094 560 ι
2298 547 2311 560 .
2389 550 2401 560 .
2465 551 2478 560 .
2779 555 2793 560 -

532 524 833 597 susciperet
865 524 1035 598 (535).
1074 547 1095 583 ρ

668 614 736 683 Χ.
762 617 848 677 Ex
890 617 1007 673 Vita
1046 618 1108 677 S.
1137 621 1352 691 Basilii,
1379 624 1443 681 de
1468 626 1697 697 quodam
1727 638 1993 698 aposlala.

594 710 686 767 .De
714 713 950 781 quodam
1015 722 1263 785 apostata
1312 720 1585 788 reperitur
1628 720 1683 776 in
1731 722 2009 781 miraculis
2051 724 2113 780 Β.

530 802 716 858 Basilii
772 803 1121 866 Caesariensis
1174 809 1435 881 episcopi,
1500 814 1589 883 qui
1639 814 1844 885 scripto
1905 819 2121 889 negavit

530 894 829 962 Christum,
860 906 915 955 et
944 899 1162 973 diabolo
1188 902 1243 959 in
1268 905 1641 962 testimonium
1685 910 1987 979 negationis
2005 926 2119 968 suae

532 989 755 1051 tradidit
796 990 1054 1063 seipsum.
1093 1012 1115 1049 ι
1155 994 1257 1051 Cui
1300 997 1442 1052 idem
1473 1000 1558 1054 vir
1586 1000 1850 1060 mirabilis
1886 1002 2120 1062 Basilius

530 1079 673 1137 inter
700 1090 894 1143 caetera
937 1083 1114 1143 dixit:
1148 1084 1244 1146 Vis
1268 1089 1468 1145 reverti
1507 1090 1574 1161 ad
1617 1090 1903 1149 Dominum
1945 1095 2117 1161 Deum

530 1182 775 1231 nostrum
796 1174 819 1230 ?
840 1175 921 1235 Ad
968 1191 1128 1247 quem
1150 1193 1286 1249 puer
1317 1197 1330 1234 :
1366 1178 1566 1251 Utique
1588 1182 1727 1248 volo,
1764 1186 1859 1241 sed
1891 1202 1996 1243 non
2024 1204 2117 1244 va-

527 1263 632 1321 leo.
681 1266 821 1325 Dicit
843 1267 894 1323 ei
925 1282 939 1322 :
967 1268 1146 1334 Quare
1175 1270 1197 1323 ‘l
1231 1273 1508 1341 respondit
1557 1288 1693 1359 puer
1728 1293 1739 1327 :
1781 1274 1996 1346 Scripto
2021 1277 2119 1333 ab-

527 1360 719 1429 negavi
744 1359 1042 1425 Christum,
1096 1372 1152 1418 et
1197 1362 1475 1432 professus
1527 1381 1644 1422 sum
1698 1368 1932 1425 diabolo.
1977 1368 2118 1425 Dicit

525 1452 823 1519 cisanctus
871 1451 1148 1511 Basilius:
1201 1454 1318 1511 Non
1373 1456 1443 1513 sit
1492 1457 1585 1513 tibi
1615 1473 1803 1514 cuine:
1852 1461 2118 1533 benignus

526 1550 612 1601 est
659 1544 804 1599 enim
853 1544 996 1603 Deus
1026 1557 1230 1613 noster,
1262 1556 1319 1604 et
1354 1550 1584 1620 recipiet
1631 1561 1682 1607 te
1737 1553 2113 1623 poenitentem.

526 1637 872 1710 Compatitur
918 1641 1063 1696 enim
1113 1643 1337 1701 malitiis
1388 1648 1610 1703 nostris.
1647 1669 1666 1701 ι
1697 1649 1764 1704 Et
1790 1651 2115 1721 quibusdam

529 1730 885 1803 interpositis,
952 1754 974 1785 ι
1006 1733 1150 1791 Dicit
1209 1737 1277 1792 ad
1345 1754 1570 1809 puerum
1648 1742 1788 1797 idem
1851 1752 2112 1799 sanctus:

528 1822 718 1879 Credis
762 1824 1015 1881 salvari?
1059 1826 1162 1895 Qui
1208 1829 1327 1884 ait:
1377 1830 1573 1897 Credo,
1619 1834 1859 1901 domine,
1918 1834 2112 1904 adjuva
2144 1841 2189 1900 B

529 1915 972 1975 incredulitatem
1028 1935 1226 1989 meam.
1281 1921 1350 1978 Et
1392 1924 1649 1981 continuo
1703 1927 2115 1998 apprehendens

532 2023 753 2063 manum
789 2009 928 2080 ejus,
980 2010 1192 2068 faciens
1245 2013 1447 2071 Christi
1496 2016 1709 2089 signum
1764 2018 1818 2073 in
1873 2020 2010 2090 ipso,
2060 2030 2117 2077 et

529 2115 715 2165 orans,
751 2101 979 2157 reclusit
1000 2090 1127 2158 eum
1155 2104 1209 2159 in
1238 2105 1358 2162 loco
1381 2107 1657 2164 interioris
1688 2110 1828 2166 sacri
1851 2113 2110 2180 periboli;

525 2202 589 2248 et
609 2194 745 2249 dans
774 2195 821 2250 ei
849 2194 1115 2269 regulam,
1147 2196 1518 2254 collaborabat
1562 2200 1610 2255 ei
1642 2216 1739 2272 per
1764 2210 1875 2258 tres
1914 2203 2052 2259 dies.
2088 2222 2109 2258 ι

524 2286 592 2342 Ει
623 2296 749 2359 post
773 2287 1088 2359 aliquanta:
1123 2308 1142 2342 ι
1177 2289 1605 2364 Quadragesimo
1627 2294 1714 2351 die
1746 2296 1859 2364 ipse
1898 2306 2117 2353 sanctus

526 2381 593 2435 ad
625 2396 749 2437 eum
790 2382 970 2448 rediit,
1004 2393 1056 2439 et
1094 2382 1226 2439 dicit
1254 2383 1303 2438 ei
1332 2402 1345 2438 :
1380 2385 1661 2453 Quomodo
1690 2387 1878 2452 habes,
1903 2388 2117 2445 frater?

524 2468 900 2541 Respondens,
927 2473 1058 2530 dicit
1080 2475 1147 2529 ad
1177 2489 1300 2531 eum
1333 2493 1345 2529 :
1380 2474 1524 2531 Bene
1552 2477 1747 2545 habeo,
1780 2488 1965 2536 sancte
1996 2481 2113 2537 Dei.

522 2561 644 2618 Vidi
676 2563 821 2619 enim
868 2572 920 2621 te
963 2564 1122 2623 hodie
1149 2565 1203 2621 in
1243 2566 1359 2622 visu
1408 2575 1734 2638 pugnantem
1784 2584 1885 2639 pro
1927 2585 2034 2637 me,
2061 2580 2117 2627 et

521 2654 832 2721 vincentem
873 2654 1167 2733 diabolum.
1207 2656 1272 2735 Et
1322 2657 1518 2713 iterum
1566 2674 1727 2715 mane
1755 2657 1925 2729 facto,
1957 2677 2117 2717 voca-

523 2748 601 2802 vit
666 2763 882 2804 sacrum
961 2748 1196 2815 clerum,
1254 2758 1309 2804 et
1356 2751 1722 2818 monasteria,
1794 2760 1850 2807 et
1898 2768 2113 2811 omnem

522 2839 744 2896 Christo
790 2840 1079 2921 amabilem
1134 2841 1415 2919 populum,
1466 2851 1523 2899 et
1577 2842 1713 2901 dixit
1762 2845 1884 2901 eis:
1938 2846 2113 2904 Filioli

522 2931 628 2989 mei
654 2930 1009 2996 dilectissimi,
1038 2947 1226 2987 omnes
1249 2932 1454 3003 gratias
1484 2937 1657 3007 agatis
1688 2935 1913 2993 Domino
1945 2952 1958 2991 :
1989 2953 2117 2997 ecce

523 3021 667 3078 enim
696 3036 851 3077 ovem
883 3022 1150 3092 perditam
1177 3020 1334 3079 debet
1366 3034 1551 3096 pastor
1589 3025 1761 3083 bonus
1796 3028 1847 3082 in
1875 3029 2115 3087 humeris

525 3124 829 3184 reportare,
860 3122 915 3169 et
936 3113 1132 3173 oﬂ'erre
1175 3116 1436 3172 ecclesiie.
1479 3116 1822 3191 Quapropter
1874 3121 2112 3178 debitum

522 3212 629 3285 est,
660 3214 717 3260 et
744 3221 844 3261 nos
865 3205 1106 3277 vigiliam
1157 3206 1337 3264 facere
1385 3219 1571 3275 nocte,
1601 3228 1666 3268 ac
1694 3212 1969 3283 postulare
1997 3215 2115 3286 ejus
2142 3221 2186 3285 ρ

521 3297 934 3366 benignitatem,
964 3306 1022 3352 ut
1072 3313 1177 3353 non
1228 3299 1411 3355 vincat
1467 3312 1756 3372 corruptor
1804 3305 2111 3360 animarum

522 3380 768 3446 etiamin
799 3391 904 3447 hoc
945 3390 1110 3448 facto.
1155 3391 1223 3447 Et
1270 3375 1528 3451 alacriter
1570 3397 1766 3468 populo
1792 3412 2114 3473 coaggerato

523 3492 622 3555 per
650 3488 867 3541 omnem
896 3494 1109 3542 noctem
1153 3487 1566 3559 postulaverunt
1604 3492 1771 3547 Deum
1821 3508 1944 3550 cum
1971 3496 2115 3554 bono

520 3564 741 3647 pastore
786 3592 910 3632 cum
966 3574 1240 3651 lacrymis,
1297 3578 1596 3638 clamantes
1653 3599 1750 3653 pro
1785 3600 1871 3649 eo,
1920 3585 2109 3661 Kyrie,

525 3666 719 3751 cleison
749 3685 768 3734 ;
797 3676 852 3724 et
889 3679 1101 3749 mature
1147 3686 1270 3726 cum
1322 3674 1468 3728 omni
1536 3675 1879 3734 multitudine
1929 3682 2112 3751 populi

527 3742 737 3834 aesepit
757 3772 977 3819 sanctus
999 3746 1245 3835 puerum,
1272 3774 1328 3821 et
1353 3776 1539 3823 tenens
1569 3770 1846 3826 dexteram
1893 3790 2111 3830 manum

524 3855 665 3926 ejus,
706 3855 937 3911 ducebat
965 3844 1116 3911 illum
1146 3857 1198 3912 in
1228 3868 1473 3914 sanctam
1506 3861 1795 3918 ecclesiam
1845 3865 1942 3920 Dei
1987 3882 2109 3923 cum

523 3944 748 4015 psalmis
769 3953 825 4001 et
850 3946 1089 4019 hymnis.
1113 3947 1181 4002 Et
1209 3961 1336 4004 ecce
1375 3948 1619 4007 diabolus
1657 3954 1842 4011 oculos
1867 3958 2111 4013 omnium

522 4036 797 4097 fascinaus
852 4038 909 4094 in
966 4038 1175 4096 tristem
1217 4039 1385 4096 vitam
1439 4057 1563 4098 cum
1607 4046 1754 4101 omni
1802 4049 2109 4118 perniciosa

519 4134 725 4195 virtute
765 4134 1005 4201 advenit,
1034 4143 1091 4191 et
1127 4135 1475 4197 invisibiliter
1521 4142 1933 4211 apprehendens
1980 4161 2112 4214 pue-

520 4227 673 4289 rum,
727 4226 1028 4282 conabatur
1078 4242 1269 4298 rapere
1323 4243 1447 4283 eum
1493 4230 1558 4282 de
1602 4247 1762 4286 malui
1813 4235 2109 4300 sancti;et

520 4314 688 4385 cepit
747 4313 991 4371 clamare
1026 4330 1207 4387 puer:
1263 4316 1460 4373 Sancte
1494 4318 1607 4384 Dei,
1657 4319 1850 4390 adjuva
1905 4339 2009 4380 me.
2044 4326 2110 4382 Et

522 4420 715 4461 rursus
746 4421 1041 4471 conversus
1094 4417 1320 4463 sanctus
1347 4408 1415 4463 ad
1440 4408 1735 4478 diabolum,
1785 4413 1921 4469 dixit
1956 4434 1969 4470 :
2005 4417 2107 4472 Im-

519 4498 868 4571 probissime,
888 4509 945 4555 et
971 4501 1275 4569 animarum
1304 4512 1593 4575 corruptor
1614 4546 1628 4568 ,
1666 4515 1826 4577 pater
1853 4510 2105 4566 tenebra-

2221 547 2349 618 pulo
2386 550 2441 604 in
2465 551 2652 608 horam
2683 555 2910 611 multam
2967 569 3218 620 extensas
3263 565 3484 625 habente
3508 547 3712 638 manusin

2221 639 2442 707 ctelum,
2468 657 2597 699 ecce
2643 650 3015 722 manuscripts
3059 656 3211 724 pueri
3259 671 3357 728 per
3383 676 3542 719 aerem
3569 670 3712 739 delata,

2220 740 2275 787 et
2304 734 2374 789 ab
2397 738 2654 795 omnibus
2685 741 2801 796 visa
2828 743 2975 798 venit
3004 763 3017 799 :
3045 756 3100 801 et
3133 748 3382 818 imposita
3430 765 3506 809 est
3532 734 3713 820 manibus

2221 825 2589 883 memorabilis
2629 832 2799 887 nostri
2855 834 3028 904 patris
3080 846 3137 892 et
3186 842 3431 909 pastoris.
3478 844 3715 920 Suscipiens

2220 924 2402 973 autem
2435 933 2580 986 eam,
2631 930 2687 977 et
2706 925 2914 996 gratias
2962 943 3128 999 agens
3186 931 3315 998 Deo,
3368 938 3562 1008 gavisus
3594 941 3716 1002 iactus

2219 1018 2305 1064 est
2324 1009 2503 1077 valde,
2530 1022 2585 1068 et
2611 1030 2795 1070 coram
2847 1022 2995 1074 omni
3040 1022 3239 1093 populo
3265 1026 3400 1082 dixit
3427 1031 3487 1084 ad
3510 1047 3713 1101 puerum:

2220 1097 2517 1171 Cognoscis
2551 1103 2820 1162 litterulas
2850 1108 2979 1176 has,
3031 1106 3249 1169 frater?
3291 1114 3389 1183 Qui
3429 1097 3571 1175 aitad
3596 1138 3714 1182 eum:

2218 1189 2396 1247 Etiam
2423 1204 2610 1253 sancte
2636 1196 2756 1265 Dei,
2781 1202 3153 1272 manuscripta
3182 1221 3299 1261 mea
3331 1218 3431 1263 est.
3467 1211 3525 1266 Et
3546 1213 3715 1270 disrum—

2219 1299 2354 1355 pens
2405 1291 2836 1362 manuscriptum
2868 1304 3088 1352 sanctus
3117 1296 3371 1365 Basilius,
3400 1304 3614 1372 perduxit
3633 1324 3713 1364 eum

2219 1377 2287 1431 ad
2317 1377 2602 1436 ecclesiam
2635 1398 2651 1448 ;
2684 1392 2740 1438 et
2786 1385 3006 1455 dignum
3046 1386 3176 1444 fecit
3230 1400 3417 1446 sancto
3467 1397 3714 1462 ministerio,

2220 1476 2276 1523 et
2304 1473 2695 1529 communione
2744 1479 3155 1547 mysteriorum,
3195 1490 3254 1537 et
3308 1498 3567 1542 munerum
3612 1487 3716 1546 Chri-

2218 1560 2310 1617 sti.
2346 1580 2368 1615 ι

2646 1656 2736 1714 XI.
2782 1659 2858 1717 De
2886 1674 3069 1719 sancto
3110 1664 3418 1725 Laurentio.

2290 1762 2440 1820 inter
2466 1764 2570 1821 alia
2610 1769 2872 1841 scriptum
2906 1774 3139 1831 habetur
3166 1778 3219 1833 in
3265 1783 3507 1849 passione
3532 1782 3581 1837 Β.
3620 1785 3714 1841 lau-

2218 1858 2375 1913 rentii
2409 1859 2758 1928 archilevitze,
2792 1874 2847 1921 et
2876 1871 3129 1941 martyris
3156 1870 3384 1929 Christi.
3423 1894 3441 1927 σ
3480 1875 3588 1932 Erat
3608 1878 3714 1935 homo

2217 1947 2272 2002 in
2309 1952 2573 2007 carcerali
2606 1956 2853 2012 custodia
2897 1960 3068 2016 multo
3106 1962 3220 2033 jam
3284 1973 3512 2039 tempore
3547 1970 3712 2041 gentilis,

2218 2041 2311 2110 qui
2344 2041 2606 2110 plorando
2659 2048 2883 2105 amissis
2935 2053 3109 2108 oculis
3163 2072 3346 2113 caicus
3402 2060 3712 2128 factusiuerat,

2218 2133 2352 2188 dixit
2391 2134 2457 2188 ad
2507 2152 2631 2192 eum
2667 2137 2728 2194 Β.
2764 2139 3135 2201 Laurentius:
3173 2146 3234 2203 Si
3278 2152 3449 2206 credis
3491 2153 3535 2205 in
3580 2151 3713 2206 Filium

2216 2223 2310 2278 Dei
2336 2226 2620 2283 Dominum
2645 2228 2829 2287 Iesum
2860 2233 3161 2304 Christum,
3198 2239 3495 2311 baptizare,
3519 2252 3563 2297 et
3590 2243 3714 2297 illumi-

2217 2316 2370 2373 nabit
2394 2328 2466 2375 te.
2497 2321 2564 2377 Et
2598 2325 2859 2382 continuo
2910 2341 3032 2397 post
3073 2331 3248 2402 ipsius
3282 2334 3629 2390 confessionem
3659 2337 3714 2387 ln-

2217 2412 2442 2481 ptizato,
2483 2417 2656 2485 aperti
2686 2427 2811 2473 snnt
2869 2420 3011 2475 oculi
3064 2422 3206 2491 ejus,
3262 2432 3319 2479 et
3359 2426 3510 2496 erepit
3554 2424 3715 2479 clamare

2217 2504 2403 2560 dicens
2437 2524 2449 2562 :
2484 2508 2813 2567 Benedictus
2851 2513 3115 2571 Dominus
3143 2515 3293 2573 Deus
3313 2528 3551 2583 mternus,
3572 2518 3638 2589 qui
3663 2532 3714 2571 me

2218 2593 2542 2653 illuminavit
2584 2613 2682 2669 per
2734 2600 2796 2656 Β.
2848 2602 3232 2674 Laurentium,
3281 2609 3405 2677 quia
3460 2622 3635 2678 semper
3668 2604 3714 2659 lui

2218 2702 2397 2744 caecus
2423 2698 2476 2744 et
2505 2693 2667 2747 modo
2696 2694 2870 2750 video.
2898 2695 3029 2753 Post
3063 2698 3179 2754 haec
3212 2708 3271 2755 et
3295 2702 3501 2756 beatum
3541 2698 3716 2770 hippoly-

2222 2788 2330 2835 tuiu
2357 2798 2508 2838 more
2537 2785 2701 2841 solito
2749 2790 3132 2858 catechizavit,
3161 2805 3241 2859 et,
3274 2805 3484 2866 accepta
3512 2809 3638 2864 aqua,
3659 2793 3715 2846 be-

2219 2870 2428 2929 nedixit
2488 2884 2544 2930 et
2598 2875 2896 2947 baptizavit
2934 2880 3107 2937 illum.
3174 2882 3383 2941 Deinde
3433 2883 3575 2940 simili
3612 2882 3715 2937 modo

2218 2966 2446 3024 militem
2497 2971 2794 3043 baptizavit
2852 2974 3181 3046 Romanum,
3235 2981 3327 3052 qui
3374 2986 3427 3036 et
3473 2978 3713 3050 baptizatus,

2218 3076 2345 3116 mox
2382 3066 2644 3137 martyrio
2677 3077 2973 3124 coronatus
3008 3080 3115 3127 est.
3150 3091 3170 3123 ι

2634 3181 2746 3239 XII.
2776 3184 2853 3240 De
2881 3196 3063 3241 sancto
3087 3185 3423 3245 Sebastiano.

2293 3291 2568 3362 Scriptum
2603 3303 2686 3350 est
2715 3296 2769 3352 in
2798 3297 3052 3368 passione
3079 3301 3261 3356 sancti
3294 3298 3577 3358 Sebastiani
3596 3296 3647 3353 ad
3666 3295 3714 3347 io-

2220 3397 2368 3438 cum.
2403 3403 2421 3435 c
2450 3383 2584 3440 Cum
2607 3401 2798 3444 omnes
2824 3391 2915 3459 qui
2946 3390 3014 3449 ad
3047 3391 3402 3463 decipiendos
3422 3385 3715 3458 sanctos(quitl

2217 3474 2455 3532 Marcum
2483 3487 2536 3534 et
2567 3478 2968 3555 Marcellinum)
3013 3495 3300 3552 venerant,
3343 3483 3628 3541 unanimiter
3643 3493 3717 3534 cm-

2215 3567 2409 3623 derent
2460 3568 2783 3627 Christum:
2840 3572 3183 3632 Nicostratus
3261 3592 3382 3633 cum
3435 3574 3624 3646 conjuge
3654 3584 3715 3625 5'“

2216 3660 2444 3731 urgebat
2470 3662 2699 3718 dicens:
2743 3664 2860 3719 Non
2893 3665 3105 3735 capiam
3139 3667 3346 3737 cibum,
3382 3682 3542 3737 neque
3573 3671 3715 3745 polum.

2216 3752 2318 3807 nisi
2343 3754 2662 3826 mysterium
2690 3756 2822 3812 mihi
2851 3756 3187 3814 Christiana:
3216 3759 3486 3833 religionis
3505 3755 3717 3812 fuerittra-

2215 3847 2411 3921 ditum.
2442 3847 2539 3902 Cui
2584 3860 2807 3905 sanctus
2849 3850 3212 3909 Sebastianus
3250 3854 3386 3911 dixit
3415 3851 3578 3908 :Muta
3597 3842 3716 3917 digni-

2217 3946 2382 3993 tatem
2414 3949 2584 4007 tuam,
2615 3952 2671 3996 et
2700 3942 2878 4014 incipe
2904 3959 3028 4001 esse
3051 3943 3259 4005 Christi
3305 3946 3471 4020 magis
3496 3935 3714 4016 primiscri-

2215 4030 2357 4096 nius,
2388 4046 2552 4101 quam
2581 4033 2853 4104 praefecti.
2892 4037 3032 4092 Audi
3060 4037 3253 4108 itaque
3281 4037 3547 4095 consilium
3578 4042 3713 4087 meum.

2211 4130 2266 4177 et
2287 4137 2480 4179 omnes
2511 4141 2649 4196 quos
2673 4142 2863 4184 carcer
2899 4128 3143 4196 inclusit,
3186 4146 3327 4202 quos
3361 4127 3554 4186 vincula
3574 4125 3715 4179 temnit

2213 4228 2351 4283 quos
2389 4215 2662 4283 ergastula
2709 4216 3027 4285 coniiciunt,
3072 4220 3125 4276 in
3170 4237 3338 4276 unum
3392 4218 3572 4290 redige.
3613 4206 3715 4279 Quod

2210 4327 2335 4369 cum
2401 4312 2618 4379 feceris,
2679 4315 2982 4372 antistitem
3035 4326 3398 4373 sacrosancta:
3450 4311 3568 4399 legis
3609 4302 3713 4361 adhi-

2210 4405 2392 4472 beam,
2416 4416 2477 4462 ut
2505 4424 2628 4465 cum
2650 4410 2906 4467 omnibus
2929 4413 3019 4482 qui
3041 4413 3268 4470 credere
3294 4410 3548 4469 voluerint
3577 4408 3716 4475 mysle'

2212 4501 2278 4556 rii
2309 4502 2576 4573 suscipias
2601 4514 3026 4563 sacramentum.
3054 4506 3110 4563 Si
3144 4509 3289 4565 enim
3319 4504 3546 4565 diabolus
3561 4496 3713 4557 Christo

522 4605 646 4646 rum
670 4597 727 4644 et
751 4589 1075 4660 perditionis
1097 4631 1113 4655 ,
1159 4606 1266 4646 non
1314 4591 1511 4649 suﬂicit
1561 4595 1656 4651 tibi
1707 4606 1798 4652 tua
1851 4600 2104 4669 perditio,
2136 4584 2184 4645 υ
2212 4603 2432 4650 sanctos
2457 4594 2576 4665 eius
2604 4595 2820 4655 auferre
2843 4607 3073 4659 conatus
3099 4608 3203 4667 est.
3227 4609 3285 4656 et
3311 4593 3714 4663 οοιιαιιιτειιυθηίο

519 4697 629 4754 qua
668 4690 740 4749 te,
771 4690 827 4738 et
855 4696 951 4739 eos
975 4684 1068 4753 qui
1115 4684 1219 4740 sub
1248 4693 1303 4741 te
1329 4696 1474 4753 sunt,
1525 4687 1777 4756 alfecisti,
1806 4691 1911 4748 nisi
1943 4693 2109 4749 etiam

520 4785 577 4833 et
592 4775 695 4832 Dei
726 4777 833 4833 mei
862 4783 1038 4833 tentes
1089 4777 1345 4849 plasma?
1381 4800 1400 4834 ι
1426 4780 1496 4836 Ει
1522 4784 1811 4854 perpaucis
1864 4785 2107 4857 interpo-

518 4868 663 4937 sitis,
698 4889 719 4924 ι
749 4869 988 4929 Sanctus
1035 4872 1129 4929 Dei
1179 4875 1257 4930 ait
1312 4877 1377 4930 ad
1433 4878 1702 4939 diabolum
1734 4898 1747 4934 :
1778 4879 2026 4952 Increpat
2059 4891 2111 4939 te

515 4963 800 5031 Dominus,
843 4965 1073 5023 diabole.
1113 4968 1218 5037 Qui
1260 4972 1594 5041 respondens
1642 4973 1781 5028 dixit
1832 4976 1900 5030 ad
1940 4990 2108 5032 eum:

514 5052 705 5122 Basili,
761 5054 1084 5126 prejudices
1138 5074 1243 5125 me,
1271 5075 1376 5115 non
1431 5061 1534 5117 abii
1582 5058 1695 5133 ego
1727 5066 1795 5119 ad
1827 5081 1972 5132 eum,
2015 5068 2109 5123 sed

516 5146 635 5217 ipse
658 5149 808 5205 venit
830 5150 897 5206 ad
930 5167 1036 5208 me.
1072 5152 1375 5225 Abnegavit
1406 5154 1705 5223 Christum,
1741 5168 1796 5215 et
1824 5160 2109 5231 professus

515 5248 601 5295 est
625 5242 775 5296 mihi.
813 5242 879 5297 Et
905 5258 1037 5300 ecce
1085 5246 1514 5317 manuscriptum
1564 5249 1760 5316 habeo,
1811 5260 1865 5306 et
1910 5254 1963 5307 in
2024 5255 2109 5309 die

507 5328 701 5401 judicii
727 5334 793 5388 ad
818 5348 1164 5392 communem
1213 5334 1450 5406 judicem
1490 5354 1614 5395 eum
1660 5342 1820 5397 duco.
1870 5343 2106 5400 Sanctus

513 5421 614 5478 Dei
639 5421 776 5478 dixit
806 5441 821 5479 :
850 5423 1174 5484 Benedictus
1198 5426 1463 5487 Dominus
1487 5429 1628 5486 Deus
1653 5448 1824 5488 meus.
1855 5433 1969 5490 Non
2014 5436 2109 5491 de-

513 5512 696 5573 flectet
723 5517 954 5589 populus
983 5521 1084 5576 iste
1111 5536 1307 5579 manus
1331 5523 1400 5579 de
1438 5523 1723 5581 altitudine
1761 5528 1907 5593 caeli,
1936 5529 2108 5586 donec

513 5608 714 5666 reddas
752 5615 1198 5686 manuscriptum.
1253 5617 1321 5673 Et
1369 5633 1695 5676 convertens
1740 5635 1798 5675 se
1843 5620 1981 5676 dixit
2009 5636 2109 5692 po-

512 5699 641 5773 pulo
673 5720 686 5756 :
721 5701 928 5775 Erigite
971 5721 1162 5764 manus
1208 5718 1417 5766 vestras
1448 5711 1502 5765 in
1533 5710 1754 5779 caelum,
1808 5711 2106 5773 clamantes

593 5815 746 5890 (525)
779 5817 912 5879 Vide
945 5815 1189 5891 Surium,
1217 5823 1349 5881 Acta
1381 5823 1445 5885 Β.
1489 5820 1725 5886 Vedaati.

2213 4685 2389 4756 magis
2416 4701 2513 4741 nos
2564 4688 2782 4758 pietatis
2828 4700 3171 4761 argumento,
3222 4692 3325 4747 hos
3367 4703 3494 4761 quos
3538 4676 3714 4740 diabolus

2211 4776 2411 4847 injuste
2430 4778 2675 4836 lucratus
2696 4789 2800 4847 est,
2818 4796 3014 4838 curare
3034 4781 3313 4848 debemus,
3329 4789 3384 4839 et
3401 4794 3491 4837 suo
3503 4773 3711 4833 τεειῑιυετε

2213 4864 2461 4925 Creatori
2494 4871 2517 4925 ‘i
2543 4871 2611 4926 Et
2640 4870 2984 4930 Nicostratus
3011 4873 3076 4928 ad
3100 4874 3217 4929 haec
3247 4870 3530 4944 respondit,
3551 4865 3709 4921 dicens:

2213 4962 2497 5029 Quomodo
2528 4965 2727 5034 iniquis
2754 4976 2809 5021 et
2833 4966 3145 5037 criminosis
3169 4974 3391 5037 possunt
3423 4966 3587 5023 saneta
3605 4961 3709 5009 ηοω·

2219 5056 2415 5111 mitti?
2462 5056 2698 5113 Sanctus
2743 5056 3102 5117 Sebastianus
3148 5057 3270 5113 ait:
3322 5055 3550 5113 Salvator
3582 5049 3711 5099 ηοειθτ

2216 5160 2314 5215 pro
2340 5147 2720 5217 peccatoribus
2750 5161 2906 5205 suam
2932 5149 3091 5207 nobis
3115 5149 3365 5220 dignatus
3399 5153 3478 5202 est
3523 5133 3711 5229 exhibete

2213 5237 2584 5305 praiseutiam,
2619 5247 2673 5295 et
2707 5240 2946 5295 ostendit
2969 5240 3307 5311 mysterium,
3335 5252 3429 5308 per
3447 5229 3568 5305 quod
3584 5232 3709 5282 0mm!

2215 5339 2438 5400 peccata
2469 5340 2526 5386 et
2553 5332 2786 5387 crimina
2817 5333 2999 5389 omnia
3046 5330 3357 5390 hominibus
3384 5312 3708 5381 auferantur,et

2214 5434 2405 5476 omnes
2424 5421 2654 5478 virtutes
2699 5422 2911 5478 Domini
2943 5422 3313 5478 conferantur.
3346 5417 3412 5475 Et
3442 5422 3550 5487 post
3572 5401 3705 5463 ωιιιυ·

2216 5510 2450 5568 Sanctus
2480 5513 2839 5581 Sebastianus
2863 5514 2995 5570 abiit
3035 5514 3102 5570 ad
3142 5511 3486 5584 Polycarpum
3525 5499 3704 5557 sanctum

2212 5608 2610 5679 presbyterum,
2639 5609 2726 5663 ubi
2756 5616 2876 5664 erat
2906 5623 3070 5665 causa
3100 5601 3474 5678 persecutionis
3510 5585 3701 5683 occulfflff

2212 5674 2269 5754 et
2296 5674 2537 5755 narravit
2557 5700 2604 5757 ei
2638 5699 2822 5756 omnia
2851 5715 2972 5771 qua:
3004 5674 3155 5772 gesta
3191 5704 3333 5753 sum,
3363 5689 3544 5758 Quibus
3564 5674 3703 5735 auditi!
