  <div class='ocr_page' id='page_1' title='image "/cluster/home/n/w/nwhite01/storage/ocr_20150623/132/hvd.32044015471733/340.png"; bbox 0 0 3902 6408; ppageno 0'>
   <div class='ocr_carea' id='block_1_1' title="bbox 105 303 217 368">
    <p class='ocr_par' dir='ltr' id='par_1_1' title="bbox 105 303 217 368">
     <span class='ocr_line' id='line_1_1' title="bbox 105 303 217 368; baseline 0.018 -9"><span class='ocrx_word' id='word_1_1' title='bbox 105 303 217 368; x_wconf 77' lang='grc'><strong>669</strong></span> 
     </span>
    </p>
   </div>
   <div class='ocr_carea' id='block_1_2' title="bbox 101 504 1693 579">
    <p class='ocr_par' dir='ltr' id='par_1_2' title="bbox 101 504 1693 579">
     <span class='ocr_line' id='line_1_2' title="bbox 101 504 1693 579; baseline 0.003 -15"><span class='ocrx_word' id='word_1_2' title='bbox 101 511 326 565; x_wconf 89' lang='lat' dir='ltr'><strong>domum</strong></span> <span class='ocrx_word' id='word_1_3' title='bbox 377 509 667 566; x_wconf 75' lang='lat' dir='ltr'><strong>Nicostrati</strong></span> <span class='ocrx_word' id='word_1_4' title='bbox 702 528 714 566; x_wconf 92' lang='lat'><strong>:</strong></span> <span class='ocrx_word' id='word_1_5' title='bbox 750 519 806 566; x_wconf 90' lang='lat' dir='ltr'><strong>et</strong></span> <span class='ocrx_word' id='word_1_6' title='bbox 854 511 1046 568; x_wconf 85' lang='lat' dir='ltr'><strong>videns</strong></span> <span class='ocrx_word' id='word_1_7' title='bbox 1091 514 1279 570; x_wconf 87' lang='lat' dir='ltr'><strong>turbas</strong></span> <span class='ocrx_word' id='word_1_8' title='bbox 1328 504 1693 579; x_wconf 48' lang='lat' dir='ltr'><strong>credentium,</strong></span> 
     </span>
    </p>
   </div>
   <div class='ocr_carea' id='block_1_3' title="bbox 100 587 1693 676">
    <p class='ocr_par' dir='ltr' id='par_1_3' title="bbox 100 587 1693 676">
     <span class='ocr_line' id='line_1_3' title="bbox 100 587 1693 676; baseline 0.001 -18"><span class='ocrx_word' id='word_1_9' title='bbox 100 605 353 660; x_wconf 81' lang='lat' dir='ltr'><strong>salutans</strong></span> <span class='ocrx_word' id='word_1_10' title='bbox 389 619 484 660; x_wconf 90' lang='lat' dir='ltr'><strong>eos</strong></span> <span class='ocrx_word' id='word_1_11' title='bbox 511 620 634 660; x_wconf 88' lang='lat' dir='ltr'><strong>cum</strong></span> <span class='ocrx_word' id='word_1_12' title='bbox 678 605 826 668; x_wconf 85' lang='lat' dir='ltr'><strong>omni</strong></span> <span class='ocrx_word' id='word_1_13' title='bbox 873 606 1088 676; x_wconf 84' lang='lat' dir='ltr'><strong>gaudio,</strong></span> <span class='ocrx_word' id='word_1_14' title='bbox 1121 607 1196 662; x_wconf 89' lang='lat' dir='ltr'><strong>ait</strong></span> <span class='ocrx_word' id='word_1_15' title='bbox 1226 624 1238 660; x_wconf 90' lang='lat'><strong>:</strong></span> <span class='ocrx_word' id='word_1_16' title='bbox 1266 605 1416 661; x_wconf 86' lang='lat' dir='ltr'><strong>Beati</strong></span> <span class='ocrx_word' id='word_1_17' title='bbox 1452 621 1547 662; x_wconf 90' lang='lat' dir='ltr'><strong>vos</strong></span> <span class='ocrx_word' id='word_1_18' title='bbox 1574 587 1693 661; x_wconf 61' lang='lat' dir='ltr'><strong>om:</strong></span> 
     </span>
    </p>
   </div>
   <div class='ocr_carea' id='block_1_4' title="bbox 101 696 1693 766">
    <p class='ocr_par' dir='ltr' id='par_1_4' title="bbox 101 696 1693 766">
     <span class='ocr_line' id='line_1_4' title="bbox 101 696 1693 766; baseline 0.002 -17"><span class='ocrx_word' id='word_1_19' title='bbox 101 711 203 750; x_wconf 91' lang='lat' dir='ltr'><strong>nes</strong></span> <span class='ocrx_word' id='word_1_20' title='bbox 224 697 322 766; x_wconf 90' lang='lat' dir='ltr'><strong>qui</strong></span> <span class='ocrx_word' id='word_1_21' title='bbox 359 696 585 751; x_wconf 86' lang='lat' dir='ltr'><strong>audistis</strong></span> <span class='ocrx_word' id='word_1_22' title='bbox 622 711 811 754; x_wconf 87' lang='lat' dir='ltr'><strong>vocem</strong></span> <span class='ocrx_word' id='word_1_23' title='bbox 859 697 1071 754; x_wconf 84' lang='lat' dir='ltr'><strong>Domini</strong></span> <span class='ocrx_word' id='word_1_24' title='bbox 1105 699 1276 754; x_wconf 86' lang='lat' dir='ltr'><strong>nostri</strong></span> <span class='ocrx_word' id='word_1_25' title='bbox 1306 697 1434 754; x_wconf 84' lang='lat' dir='ltr'><strong>Jesu</strong></span> <span class='ocrx_word' id='word_1_26' title='bbox 1466 697 1693 765; x_wconf 80' lang='lat' dir='ltr'><strong>Christi,</strong></span> 
     </span>
    </p>
   </div>
   <div class='ocr_carea' id='block_1_5' title="bbox 101 787 1690 860">
    <p class='ocr_par' dir='ltr' id='par_1_5' title="bbox 101 787 1690 860">
     <span class='ocr_line' id='line_1_5' title="bbox 101 787 1690 860; baseline 0.004 -23"><span class='ocrx_word' id='word_1_27' title='bbox 101 787 340 843; x_wconf 83' lang='lat' dir='ltr'><strong>dicentis</strong></span> <span class='ocrx_word' id='word_1_28' title='bbox 371 803 385 842; x_wconf 88' lang='lat'><strong>:</strong></span> <span class='ocrx_word' id='word_1_29' title='bbox 421 809 440 842; x_wconf 74' lang='grc' dir='ltr'>ι</span> <span class='ocrx_word' id='word_1_30' title='bbox 480 789 673 856; x_wconf 76' lang='lat' dir='ltr'><strong>Vertite</strong></span> <span class='ocrx_word' id='word_1_31' title='bbox 700 790 764 843; x_wconf 87' lang='lat' dir='ltr'><strong>ad</strong></span> <span class='ocrx_word' id='word_1_32' title='bbox 797 804 906 855; x_wconf 90' lang='lat' dir='ltr'><strong>me,</strong></span> <span class='ocrx_word' id='word_1_33' title='bbox 957 805 1148 848; x_wconf 88' lang='lat' dir='ltr'><strong>omnes</strong></span> <span class='ocrx_word' id='word_1_34' title='bbox 1195 792 1288 860; x_wconf 90' lang='lat' dir='ltr'><strong>qui</strong></span> <span class='ocrx_word' id='word_1_35' title='bbox 1344 789 1607 846; x_wconf 83' lang='lat' dir='ltr'><strong>laboratis</strong></span> <span class='ocrx_word' id='word_1_36' title='bbox 1635 797 1690 844; x_wconf 91' lang='lat' dir='ltr'><strong>et</strong></span> 
     </span>
    </p>
   </div>
   <div class='ocr_carea' id='block_1_6' title="bbox 100 880 1693 950">
    <p class='ocr_par' dir='ltr' id='par_1_6' title="bbox 100 880 1693 950">
     <span class='ocr_line' id='line_1_6' title="bbox 100 880 1693 950; baseline 0.004 -22"><span class='ocrx_word' id='word_1_37' title='bbox 100 880 318 936; x_wconf 78' lang='lat' dir='ltr'><strong>onerati</strong></span> <span class='ocrx_word' id='word_1_38' title='bbox 347 881 496 945; x_wconf 86' lang='lat' dir='ltr'><strong>estis,</strong></span> <span class='ocrx_word' id='word_1_39' title='bbox 527 888 582 936; x_wconf 81' lang='lat' dir='ltr'><strong>et</strong></span> <span class='ocrx_word' id='word_1_40' title='bbox 608 895 709 950; x_wconf 84' lang='lat' dir='ltr'><strong>ego</strong></span> <span class='ocrx_word' id='word_1_41' title='bbox 740 895 836 934; x_wconf 92' lang='lat' dir='ltr'><strong>vos</strong></span> <span class='ocrx_word' id='word_1_42' title='bbox 861 881 1203 950; x_wconf 80' lang='lat' dir='ltr'><strong>requiescere</strong></span> <span class='ocrx_word' id='word_1_43' title='bbox 1225 881 1443 936; x_wconf 80' lang='lat' dir='ltr'><strong>faciam.</strong></span> <span class='ocrx_word' id='word_1_44' title='bbox 1476 880 1693 946; x_wconf 86' lang='lat' dir='ltr'><strong>Tollite,</strong></span> 
     </span>
    </p>
   </div>
   <div class='ocr_carea' id='block_1_7' title="bbox 95 967 1700 1043">
    <p class='ocr_par' dir='ltr' id='par_1_7' title="bbox 95 967 1700 1043">
     <span class='ocr_line' id='line_1_7' title="bbox 95 967 1700 1043; baseline 0.006 -24"><span class='ocrx_word' id='word_1_45' title='bbox 95 967 292 1039; x_wconf 80' lang='lat' dir='ltr'><strong>jugum</strong></span> <span class='ocrx_word' id='word_1_46' title='bbox 333 984 510 1024; x_wconf 87' lang='lat' dir='ltr'><strong>meum</strong></span> <span class='ocrx_word' id='word_1_47' title='bbox 539 988 703 1042; x_wconf 85' lang='lat' dir='ltr'><strong>super</strong></span> <span class='ocrx_word' id='word_1_48' title='bbox 724 988 840 1036; x_wconf 90' lang='lat' dir='ltr'><strong>vos,</strong></span> <span class='ocrx_word' id='word_1_49' title='bbox 869 983 925 1027; x_wconf 92' lang='lat' dir='ltr'><strong>et</strong></span> <span class='ocrx_word' id='word_1_50' title='bbox 971 973 1166 1030; x_wconf 83' lang='lat' dir='ltr'><strong>discite</strong></span> <span class='ocrx_word' id='word_1_51' title='bbox 1197 990 1228 1029; x_wconf 92' lang='lat' dir='ltr'><strong>a</strong></span> <span class='ocrx_word' id='word_1_52' title='bbox 1255 989 1342 1029; x_wconf 91' lang='lat' dir='ltr'><strong>me</strong></span> <span class='ocrx_word' id='word_1_53' title='bbox 1380 974 1508 1043; x_wconf 85' lang='lat' dir='ltr'><strong>quia</strong></span> <span class='ocrx_word' id='word_1_54' title='bbox 1550 972 1700 1028; x_wconf 87' lang='lat' dir='ltr'><strong>mitis</strong></span> 
     </span>
    </p>
   </div>
   <div class='ocr_carea' id='block_1_8' title="bbox 101 1053 1700 1136">
    <p class='ocr_par' dir='ltr' id='par_1_8' title="bbox 101 1053 1700 1136">
     <span class='ocr_line' id='line_1_8' title="bbox 101 1053 1700 1136; baseline 0.003 -22"><span class='ocrx_word' id='word_1_55' title='bbox 101 1076 226 1114; x_wconf 81' lang='lat' dir='ltr'><strong>sunt</strong></span> <span class='ocrx_word' id='word_1_56' title='bbox 268 1070 326 1114; x_wconf 88' lang='lat' dir='ltr'><strong>et</strong></span> <span class='ocrx_word' id='word_1_57' title='bbox 356 1061 576 1133; x_wconf 78' lang='lat' dir='ltr'><strong>humilis</strong></span> <span class='ocrx_word' id='word_1_58' title='bbox 597 1065 781 1128; x_wconf 87' lang='lat' dir='ltr'><strong>corde,</strong></span> <span class='ocrx_word' id='word_1_59' title='bbox 804 1073 860 1120; x_wconf 88' lang='lat' dir='ltr'><strong>et</strong></span> <span class='ocrx_word' id='word_1_60' title='bbox 894 1053 1182 1126; x_wconf 81' lang='lat' dir='ltr'><strong>invenietis</strong></span> <span class='ocrx_word' id='word_1_61' title='bbox 1211 1066 1454 1136; x_wconf 83' lang='lat' dir='ltr'><strong>requiem</strong></span> <span class='ocrx_word' id='word_1_62' title='bbox 1488 1065 1700 1119; x_wconf 87' lang='lat' dir='ltr'><strong>anima-</strong></span> 
     </span>
    </p>
   </div>
   <div class='ocr_carea' id='block_1_9' title="bbox 104 1150 1699 1223">
    <p class='ocr_par' dir='ltr' id='par_1_9' title="bbox 104 1150 1699 1223">
     <span class='ocr_line' id='line_1_9' title="bbox 104 1150 1699 1223; baseline 0.006 -20"><span class='ocrx_word' id='word_1_63' title='bbox 104 1151 210 1206; x_wconf 87' lang='lat' dir='ltr'><strong>bus</strong></span> <span class='ocrx_word' id='word_1_64' title='bbox 237 1153 457 1222; x_wconf 76' lang='lat' dir='ltr'><strong>vestris.</strong></span> <span class='ocrx_word' id='word_1_65' title='bbox 483 1150 679 1223; x_wconf 83' lang='lat' dir='ltr'><strong>Jugum</strong></span> <span class='ocrx_word' id='word_1_66' title='bbox 724 1156 867 1210; x_wconf 88' lang='lat' dir='ltr'><strong>enim</strong></span> <span class='ocrx_word' id='word_1_67' title='bbox 921 1172 1098 1212; x_wconf 90' lang='lat' dir='ltr'><strong>meum</strong></span> <span class='ocrx_word' id='word_1_68' title='bbox 1147 1173 1315 1213; x_wconf 81' lang='lat' dir='ltr'><strong>suave</strong></span> <span class='ocrx_word' id='word_1_69' title='bbox 1341 1165 1448 1220; x_wconf 89' lang='lat' dir='ltr'><strong>est,</strong></span> <span class='ocrx_word' id='word_1_70' title='bbox 1477 1165 1533 1211; x_wconf 92' lang='lat' dir='ltr'><strong>et</strong></span> <span class='ocrx_word' id='word_1_71' title='bbox 1559 1172 1699 1212; x_wconf 91' lang='lat' dir='ltr'><strong>onus</strong></span> 
     </span>
    </p>
   </div>
   <div class='ocr_carea' id='block_1_10' title="bbox 103 1238 1696 1316">
    <p class='ocr_par' dir='ltr' id='par_1_10' title="bbox 103 1238 1696 1316">
     <span class='ocr_line' id='line_1_10' title="bbox 103 1238 1696 1316; baseline 0.004 -20"><span class='ocrx_word' id='word_1_72' title='bbox 103 1255 293 1296; x_wconf 87' lang='lat' dir='ltr'><strong>meum</strong></span> <span class='ocrx_word' id='word_1_73' title='bbox 335 1238 450 1295; x_wconf 84' lang='lat' dir='ltr'><strong>leve</strong></span> <span class='ocrx_word' id='word_1_74' title='bbox 477 1240 692 1311; x_wconf 80' lang='lat' dir='ltr'><strong>(Matth.</strong></span> <span class='ocrx_word' id='word_1_75' title='bbox 721 1241 819 1313; x_wconf 77' lang='grc' dir='ltr'><strong>ιι).</strong></span> <span class='ocrx_word' id='word_1_76' title='bbox 855 1262 874 1294; x_wconf 76' lang='lat' dir='ltr'><strong>t</strong></span> <span class='ocrx_word' id='word_1_77' title='bbox 920 1242 1027 1300; x_wconf 80' lang='lat' dir='ltr'><strong>Vos</strong></span> <span class='ocrx_word' id='word_1_78' title='bbox 1053 1247 1256 1316; x_wconf 91' lang='lat' dir='ltr'><strong>itaque,</strong></span> <span class='ocrx_word' id='word_1_79' title='bbox 1284 1246 1482 1303; x_wconf 84' lang='lat' dir='ltr'><strong>fratres</strong></span> <span class='ocrx_word' id='word_1_80' title='bbox 1505 1247 1696 1312; x_wconf 91' lang='lat' dir='ltr'><strong>nostri,</strong></span> 
     </span>
    </p>
   </div>
   <div class='ocr_carea' id='block_1_11' title="bbox 100 1333 1698 1403">
    <p class='ocr_par' dir='ltr' id='par_1_11' title="bbox 100 1333 1698 1403">
     <span class='ocr_line' id='line_1_11' title="bbox 100 1333 1698 1403; baseline 0.008 -19"><span class='ocrx_word' id='word_1_81' title='bbox 100 1349 247 1403; x_wconf 90' lang='lat' dir='ltr'><strong>quos</strong></span> <span class='ocrx_word' id='word_1_82' title='bbox 285 1333 628 1402; x_wconf 82' lang='lat' dir='ltr'><strong>baptismatis</strong></span> <span class='ocrx_word' id='word_1_83' title='bbox 675 1336 816 1390; x_wconf 90' lang='lat' dir='ltr'><strong>unda</strong></span> <span class='ocrx_word' id='word_1_84' title='bbox 853 1336 1028 1402; x_wconf 87' lang='lat' dir='ltr'><strong>diluit,</strong></span> <span class='ocrx_word' id='word_1_85' title='bbox 1075 1348 1129 1393; x_wconf 87' lang='lat' dir='ltr'><strong>et</strong></span> <span class='ocrx_word' id='word_1_86' title='bbox 1165 1341 1539 1395; x_wconf 91' lang='lat' dir='ltr'><strong>consecrando</strong></span> <span class='ocrx_word' id='word_1_87' title='bbox 1586 1341 1698 1396; x_wconf 87' lang='lat' dir='ltr'><strong>Deo</strong></span> 
     </span>
    </p>
   </div>
   <div class='ocr_carea' id='block_1_12' title="bbox 102 1423 1698 1499">
    <p class='ocr_par' dir='ltr' id='par_1_12' title="bbox 102 1423 1698 1499">
     <span class='ocr_line' id='line_1_12' title="bbox 102 1423 1698 1499; baseline 0.005 -23"><span class='ocrx_word' id='word_1_88' title='bbox 102 1423 466 1492; x_wconf 87' lang='lat' dir='ltr'><strong>omnipotenti</strong></span> <span class='ocrx_word' id='word_1_89' title='bbox 499 1424 852 1480; x_wconf 85' lang='lat' dir='ltr'><strong>charissimos</strong></span> <span class='ocrx_word' id='word_1_90' title='bbox 882 1425 1022 1482; x_wconf 91' lang='lat' dir='ltr'><strong>ﬁlios</strong></span> <span class='ocrx_word' id='word_1_91' title='bbox 1056 1426 1208 1492; x_wconf 85' lang='lat' dir='ltr'><strong>fecit,</strong></span> <span class='ocrx_word' id='word_1_92' title='bbox 1245 1443 1342 1498; x_wconf 92' lang='lat' dir='ltr'><strong>pro</strong></span> <span class='ocrx_word' id='word_1_93' title='bbox 1377 1430 1479 1486; x_wconf 89' lang='lat' dir='ltr'><strong>hoc</strong></span> <span class='ocrx_word' id='word_1_94' title='bbox 1499 1431 1641 1499; x_wconf 92' lang='lat' dir='ltr'><strong>quod</strong></span> <span class='ocrx_word' id='word_1_95' title='bbox 1666 1445 1698 1484; x_wconf 86' lang='lat' dir='ltr'><strong>a</strong></span> 
     </span>
    </p>
   </div>
   <div class='ocr_carea' id='block_1_13' title="bbox 101 1513 1700 1582">
    <p class='ocr_par' dir='ltr' id='par_1_13' title="bbox 101 1513 1700 1582">
     <span class='ocr_line' id='line_1_13' title="bbox 101 1513 1700 1582; baseline 0.006 -16"><span class='ocrx_word' id='word_1_96' title='bbox 101 1513 391 1582; x_wconf 91' lang='lat' dir='ltr'><strong>proposito</strong></span> <span class='ocrx_word' id='word_1_97' title='bbox 413 1528 512 1570; x_wconf 91' lang='lat' dir='ltr'><strong>suo</strong></span> <span class='ocrx_word' id='word_1_98' title='bbox 551 1524 744 1571; x_wconf 89' lang='lat' dir='ltr'><strong>sancto</strong></span> <span class='ocrx_word' id='word_1_99' title='bbox 790 1531 1046 1572; x_wconf 89' lang='lat' dir='ltr'><strong>revocare</strong></span> <span class='ocrx_word' id='word_1_100' title='bbox 1083 1520 1265 1574; x_wconf 86' lang='lat' dir='ltr'><strong>conati</strong></span> <span class='ocrx_word' id='word_1_101' title='bbox 1317 1520 1449 1576; x_wconf 87' lang='lat' dir='ltr'><strong>estis</strong></span> <span class='ocrx_word' id='word_1_102' title='bbox 1497 1520 1700 1576; x_wconf 89' lang='lat' dir='ltr'><strong>beatis-</strong></span> 
     </span>
    </p>
   </div>
   <div class='ocr_carea' id='block_1_14' title="bbox 101 1605 1696 1682">
    <p class='ocr_par' dir='ltr' id='par_1_14' title="bbox 101 1605 1696 1682">
     <span class='ocr_line' id='line_1_14' title="bbox 101 1605 1696 1682; baseline 0.006 -25"><span class='ocrx_word' id='word_1_103' title='bbox 101 1605 279 1659; x_wconf 89' lang='lat' dir='ltr'><strong>simos</strong></span> <span class='ocrx_word' id='word_1_104' title='bbox 309 1605 510 1661; x_wconf 87' lang='lat' dir='ltr'><strong>milites</strong></span> <span class='ocrx_word' id='word_1_105' title='bbox 532 1605 755 1669; x_wconf 89' lang='lat' dir='ltr'><strong>Christi,</strong></span> <span class='ocrx_word' id='word_1_106' title='bbox 799 1622 935 1677; x_wconf 89' lang='lat' dir='ltr'><strong>opus</strong></span> <span class='ocrx_word' id='word_1_107' title='bbox 989 1617 1109 1664; x_wconf 89' lang='lat' dir='ltr'><strong>erat</strong></span> <span class='ocrx_word' id='word_1_108' title='bbox 1158 1612 1312 1667; x_wconf 81' lang='lat' dir='ltr'><strong>vobis</strong></span> <span class='ocrx_word' id='word_1_109' title='bbox 1352 1612 1696 1682; x_wconf 67' lang='lat' dir='ltr'><strong>paenitentia,</strong></span> 
     </span>
    </p>
   </div>
   <div class='ocr_carea' id='block_1_15' title="bbox 100 1697 1694 1772">
    <p class='ocr_par' dir='ltr' id='par_1_15' title="bbox 100 1697 1694 1772">
     <span class='ocr_line' id='line_1_15' title="bbox 100 1697 1694 1772; baseline 0.006 -22"><span class='ocrx_word' id='word_1_110' title='bbox 100 1705 162 1750; x_wconf 93' lang='lat' dir='ltr'><strong>ut</strong></span> <span class='ocrx_word' id='word_1_111' title='bbox 183 1711 287 1766; x_wconf 88' lang='lat' dir='ltr'><strong>per</strong></span> <span class='ocrx_word' id='word_1_112' title='bbox 310 1697 479 1768; x_wconf 84' lang='lat' dir='ltr'><strong>ipsam</strong></span> <span class='ocrx_word' id='word_1_113' title='bbox 507 1700 572 1751; x_wconf 91' lang='lat' dir='ltr'><strong>ad</strong></span> <span class='ocrx_word' id='word_1_114' title='bbox 599 1698 988 1772; x_wconf 82' lang='lat' dir='ltr'><strong>indulgentiam</strong></span> <span class='ocrx_word' id='word_1_115' title='bbox 1017 1703 1300 1761; x_wconf 84' lang='lat' dir='ltr'><strong>veniretis.</strong></span> <span class='ocrx_word' id='word_1_116' title='bbox 1329 1704 1486 1762; x_wconf 81' lang='lat' dir='ltr'><strong>Nunc</strong></span> <span class='ocrx_word' id='word_1_117' title='bbox 1513 1715 1694 1761; x_wconf 90' lang='lat' dir='ltr'><strong>autem</strong></span> 
     </span>
    </p>
   </div>
   <div class='ocr_carea' id='block_1_16' title="bbox 929 302 2339 385">
    <p class='ocr_par' dir='ltr' id='par_1_16' title="bbox 929 302 2339 385">
     <span class='ocr_line' id='line_1_16' title="bbox 929 302 2339 385; baseline 0 -25"><span class='ocrx_word' id='word_1_118' title='bbox 929 304 1148 361; x_wconf 85' lang='lat' dir='ltr'><strong>EPIST.</strong></span> <span class='ocrx_word' id='word_1_119' title='bbox 1180 304 1272 360; x_wconf 83' lang='lat' dir='ltr'><strong>AD</strong></span> <span class='ocrx_word' id='word_1_120' title='bbox 1312 304 1642 362; x_wconf 68' lang='lat' dir='ltr'><strong>Wlil‘ONEM</strong></span> <span class='ocrx_word' id='word_1_121' title='bbox 1675 302 1998 385; x_wconf 54' lang='lat' dir='ltr'><strong>AECHIEP.</strong></span> <span class='ocrx_word' id='word_1_122' title='bbox 2030 303 2339 385; x_wconf 73' lang='grc' dir='ltr'><strong>ΒΟΤῌΟΜ.</strong></span> 
     </span>
    </p>
   </div>
   <div class='ocr_carea' id='block_1_17' title="bbox 99 379 1776 490">
    <p class='ocr_par' dir='ltr' id='par_1_17' title="bbox 99 418 1769 490">
     <span class='ocr_line' id='line_1_17' title="bbox 99 418 1769 490; baseline -0.001 -16"><span class='ocrx_word' id='word_1_123' title='bbox 99 420 438 490; x_wconf 82' lang='lat' dir='ltr'><strong>Polycarpus</strong></span> <span class='ocrx_word' id='word_1_124' title='bbox 477 419 678 490; x_wconf 77' lang='lat' dir='ltr'><strong>gratias</strong></span> <span class='ocrx_word' id='word_1_125' title='bbox 699 418 808 490; x_wconf 92' lang='lat' dir='ltr'><strong>egit</strong></span> <span class='ocrx_word' id='word_1_126' title='bbox 832 418 942 474; x_wconf 90' lang='lat' dir='ltr'><strong>Deo</strong></span> <span class='ocrx_word' id='word_1_127' title='bbox 969 429 1024 474; x_wconf 91' lang='lat' dir='ltr'><strong>et</strong></span> <span class='ocrx_word' id='word_1_128' title='bbox 1049 437 1156 478; x_wconf 91' lang='lat' dir='ltr'><strong>una</strong></span> <span class='ocrx_word' id='word_1_129' title='bbox 1187 435 1310 476; x_wconf 91' lang='lat' dir='ltr'><strong>cum</strong></span> <span class='ocrx_word' id='word_1_130' title='bbox 1341 436 1406 476; x_wconf 92' lang='lat' dir='ltr'><strong>eo</strong></span> <span class='ocrx_word' id='word_1_131' title='bbox 1433 419 1580 474; x_wconf 88' lang='lat' dir='ltr'><strong>venit</strong></span> <span class='ocrx_word' id='word_1_132' title='bbox 1621 418 1688 473; x_wconf 92' lang='lat' dir='ltr'><strong>ad</strong></span> <span class='ocrx_word' id='word_1_133' title='bbox 1719 419 1769 480; x_wconf 81' lang='grc' dir='ltr'>Α</span> 
     </span>
    </p>
   </div>
   <div class='ocr_carea' id='block_1_18' title="bbox 3263 298 3377 356">
    <p class='ocr_par' dir='ltr' id='par_1_18' title="bbox 3263 298 3377 356">
     <span class='ocr_line' id='line_1_18' title="bbox 3263 298 3377 356; baseline 0.018 -2"><span class='ocrx_word' id='word_1_134' title='bbox 3263 298 3377 356; x_wconf 83' lang='lat'><strong>670</strong></span> 
     </span>
    </p>
   </div>
   <div class='ocr_carea' id='block_1_19' title="bbox 2346 417 3450 500">
    <p class='ocr_par' dir='ltr' id='par_1_19' title="bbox 2346 417 3450 500">
     <span class='ocr_line' id='line_1_19' title="bbox 2346 417 3450 500; baseline 0.003 -26"><span class='ocrx_word' id='word_1_135' title='bbox 2346 417 2484 475; x_wconf 79' lang='lat' dir='ltr'><strong>XIV.</strong></span> <span class='ocrx_word' id='word_1_136' title='bbox 2517 417 2622 475; x_wconf 81' lang='lat' dir='ltr'><strong>Leo</strong></span> <span class='ocrx_word' id='word_1_137' title='bbox 2648 437 2808 493; x_wconf 84' lang='lat' dir='ltr'><strong>papa.</strong></span> <span class='ocrx_word' id='word_1_138' title='bbox 3441 495 3450 500; x_wconf 27' lang='grc' dir='ltr'>ν</span> 
     </span>
    </p>
   </div>
   <div class='ocr_carea' id='block_1_20' title="bbox 1871 509 3384 584">
    <p class='ocr_par' dir='ltr' id='par_1_20' title="bbox 1871 509 3384 584">
     <span class='ocr_line' id='line_1_20' title="bbox 1871 509 3384 584; baseline 0.001 -20"><span class='ocrx_word' id='word_1_139' title='bbox 1871 509 1945 566; x_wconf 85' lang='lat' dir='ltr'><strong>De</strong></span> <span class='ocrx_word' id='word_1_140' title='bbox 1967 511 2052 567; x_wconf 89' lang='lat' dir='ltr'><strong>his</strong></span> <span class='ocrx_word' id='word_1_141' title='bbox 2074 511 2272 582; x_wconf 86' lang='lat' dir='ltr'><strong>quibus</strong></span> <span class='ocrx_word' id='word_1_142' title='bbox 2306 511 2524 567; x_wconf 90' lang='lat' dir='ltr'><strong>dubium</strong></span> <span class='ocrx_word' id='word_1_143' title='bbox 2572 521 2656 568; x_wconf 93' lang='lat' dir='ltr'><strong>est</strong></span> <span class='ocrx_word' id='word_1_144' title='bbox 2684 521 2866 568; x_wconf 91' lang='lat' dir='ltr'><strong>utrum</strong></span> <span class='ocrx_word' id='word_1_145' title='bbox 2892 511 3222 584; x_wconf 88' lang='lat' dir='ltr'><strong>baptismum</strong></span> <span class='ocrx_word' id='word_1_146' title='bbox 3259 525 3384 584; x_wconf 89' lang='lat' dir='ltr'><strong>per-</strong></span> 
     </span>
    </p>
   </div>
   <div class='ocr_carea' id='block_1_21' title="bbox 1796 602 3383 672">
    <p class='ocr_par' dir='ltr' id='par_1_21' title="bbox 1796 602 3383 672">
     <span class='ocr_line' id='line_1_21' title="bbox 1796 602 3383 672; baseline 0.003 -14"><span class='ocrx_word' id='word_1_147' title='bbox 1796 602 2080 672; x_wconf 82' lang='lat' dir='ltr'><strong>ceperint,</strong></span> <span class='ocrx_word' id='word_1_148' title='bbox 2133 618 2357 660; x_wconf 89' lang='lat' dir='ltr'><strong>necesse</strong></span> <span class='ocrx_word' id='word_1_149' title='bbox 2393 612 2476 660; x_wconf 91' lang='lat' dir='ltr'><strong>est</strong></span> <span class='ocrx_word' id='word_1_150' title='bbox 2525 613 2582 660; x_wconf 92' lang='lat' dir='ltr'><strong>ut</strong></span> <span class='ocrx_word' id='word_1_151' title='bbox 2611 613 2989 672; x_wconf 87' lang='lat' dir='ltr'><strong>renascantur,</strong></span> <span class='ocrx_word' id='word_1_152' title='bbox 3026 620 3093 660; x_wconf 82' lang='lat' dir='ltr'><strong>ex</strong></span> <span class='ocrx_word' id='word_1_153' title='bbox 3149 606 3383 663; x_wconf 88' lang='lat' dir='ltr'><strong>decretis</strong></span> 
     </span>
    </p>
   </div>
   <div class='ocr_carea' id='block_1_22' title="bbox 1797 691 3386 769">
    <p class='ocr_par' dir='ltr' id='par_1_22' title="bbox 1797 691 3386 769">
     <span class='ocr_line' id='line_1_22' title="bbox 1797 691 3386 769; baseline 0.003 -21"><span class='ocrx_word' id='word_1_154' title='bbox 1797 708 1948 764; x_wconf 81' lang='lat' dir='ltr'><strong>papae</strong></span> <span class='ocrx_word' id='word_1_155' title='bbox 1986 691 2185 750; x_wconf 85' lang='lat' dir='ltr'><strong>Leonis</strong></span> <span class='ocrx_word' id='word_1_156' title='bbox 2216 693 2386 766; x_wconf 72' lang='lat' dir='ltr'><strong>(epist.</strong></span> <span class='ocrx_word' id='word_1_157' title='bbox 2418 695 2487 750; x_wconf 82' lang='lat' dir='ltr'><strong>ad</strong></span> <span class='ocrx_word' id='word_1_158' title='bbox 2525 693 2777 769; x_wconf 63' lang='lat' dir='ltr'><strong>Raetia).</strong></span> <span class='ocrx_word' id='word_1_159' title='bbox 2807 715 2825 750; x_wconf 77' lang='grc' dir='ltr'>ι</span> <span class='ocrx_word' id='word_1_160' title='bbox 2869 695 2927 752; x_wconf 89' lang='lat' dir='ltr'><strong>Si</strong></span> <span class='ocrx_word' id='word_1_161' title='bbox 2966 696 3112 752; x_wconf 92' lang='lat' dir='ltr'><strong>nulla</strong></span> <span class='ocrx_word' id='word_1_162' title='bbox 3167 706 3386 753; x_wconf 84' lang='lat' dir='ltr'><strong>exstant</strong></span> 
     </span>
    </p>
   </div>
   <div class='ocr_carea' id='block_1_23' title="bbox 1798 785 3381 856">
    <p class='ocr_par' dir='ltr' id='par_1_23' title="bbox 1798 785 3381 856">
     <span class='ocr_line' id='line_1_23' title="bbox 1798 785 3381 856; baseline 0.003 -16"><span class='ocrx_word' id='word_1_163' title='bbox 1798 785 1939 841; x_wconf 91' lang='lat' dir='ltr'><strong>inter</strong></span> <span class='ocrx_word' id='word_1_164' title='bbox 1963 785 2296 856; x_wconf 89' lang='lat' dir='ltr'><strong>propinquos</strong></span> <span class='ocrx_word' id='word_1_165' title='bbox 2331 796 2424 842; x_wconf 89' lang='lat' dir='ltr'><strong>aut</strong></span> <span class='ocrx_word' id='word_1_166' title='bbox 2472 789 2747 846; x_wconf 89' lang='lat' dir='ltr'><strong>seculares</strong></span> <span class='ocrx_word' id='word_1_167' title='bbox 2778 789 3009 853; x_wconf 90' lang='lat' dir='ltr'><strong>indicia,</strong></span> <span class='ocrx_word' id='word_1_168' title='bbox 3045 789 3208 845; x_wconf 71' lang='lat' dir='ltr'><strong>inulla</strong></span> <span class='ocrx_word' id='word_1_169' title='bbox 3238 791 3381 846; x_wconf 91' lang='lat' dir='ltr'><strong>inter</strong></span> 
     </span>
    </p>
   </div>
   <div class='ocr_carea' id='block_1_24' title="bbox 1800 875 3384 953">
    <p class='ocr_par' dir='ltr' id='par_1_24' title="bbox 1800 875 3384 953">
     <span class='ocr_line' id='line_1_24' title="bbox 1800 875 3384 953; baseline 0.004 -21"><span class='ocrx_word' id='word_1_170' title='bbox 1800 875 2029 932; x_wconf 87' lang='lat' dir='ltr'><strong>clericos</strong></span> <span class='ocrx_word' id='word_1_171' title='bbox 2057 876 2400 945; x_wconf 71' lang='lat' dir='ltr'><strong>autivicinos,</strong></span> <span class='ocrx_word' id='word_1_172' title='bbox 2435 879 2634 949; x_wconf 87' lang='lat' dir='ltr'><strong>quibus</strong></span> <span class='ocrx_word' id='word_1_173' title='bbox 2665 882 2742 948; x_wconf 91' lang='lat' dir='ltr'><strong>hi,</strong></span> <span class='ocrx_word' id='word_1_174' title='bbox 2780 881 2845 936; x_wconf 91' lang='lat' dir='ltr'><strong>de</strong></span> <span class='ocrx_word' id='word_1_175' title='bbox 2876 883 3071 952; x_wconf 84' lang='lat' dir='ltr'><strong>quibus</strong></span> <span class='ocrx_word' id='word_1_176' title='bbox 3100 883 3384 953; x_wconf 80' lang='lat' dir='ltr'><strong>quaeritur,</strong></span> 
     </span>
    </p>
   </div>
   <div class='ocr_carea' id='block_1_25' title="bbox 1801 969 3389 1044">
    <p class='ocr_par' dir='ltr' id='par_1_25' title="bbox 1801 969 3389 1044">
     <span class='ocr_line' id='line_1_25' title="bbox 1801 969 3389 1044; baseline 0.004 -20"><span class='ocrx_word' id='word_1_177' title='bbox 1801 969 2060 1040; x_wconf 88' lang='lat' dir='ltr'><strong>baptizati</strong></span> <span class='ocrx_word' id='word_1_178' title='bbox 2112 969 2282 1026; x_wconf 85' lang='lat' dir='ltr'><strong>fuisse</strong></span> <span class='ocrx_word' id='word_1_179' title='bbox 2325 972 2644 1039; x_wconf 89' lang='lat' dir='ltr'><strong>doceantur,</strong></span> <span class='ocrx_word' id='word_1_180' title='bbox 2698 974 2962 1044; x_wconf 87' lang='lat' dir='ltr'><strong>agendum</strong></span> <span class='ocrx_word' id='word_1_181' title='bbox 3018 983 3102 1031; x_wconf 91' lang='lat' dir='ltr'><strong>est</strong></span> <span class='ocrx_word' id='word_1_182' title='bbox 3139 985 3196 1029; x_wconf 93' lang='lat' dir='ltr'><strong>ut</strong></span> <span class='ocrx_word' id='word_1_183' title='bbox 3229 991 3389 1031; x_wconf 86' lang='lat' dir='ltr'><strong>rena-</strong></span> 
     </span>
    </p>
   </div>
   <div class='ocr_carea' id='block_1_26' title="bbox 1801 1061 3388 1138">
    <p class='ocr_par' dir='ltr' id='par_1_26' title="bbox 1801 1061 3388 1138">
     <span class='ocr_line' id='line_1_26' title="bbox 1801 1061 3388 1138; baseline 0.005 -23"><span class='ocrx_word' id='word_1_184' title='bbox 1801 1070 2047 1126; x_wconf 88' lang='lat' dir='ltr'><strong>scantur,</strong></span> <span class='ocrx_word' id='word_1_185' title='bbox 2079 1077 2147 1117; x_wconf 92' lang='lat' dir='ltr'><strong>ne</strong></span> <span class='ocrx_word' id='word_1_186' title='bbox 2174 1061 2460 1118; x_wconf 79' lang='lat' dir='ltr'><strong>manifeste</strong></span> <span class='ocrx_word' id='word_1_187' title='bbox 2492 1072 2741 1136; x_wconf 87' lang='lat' dir='ltr'><strong>pereant,</strong></span> <span class='ocrx_word' id='word_1_188' title='bbox 2773 1065 2824 1120; x_wconf 93' lang='lat' dir='ltr'><strong>in</strong></span> <span class='ocrx_word' id='word_1_189' title='bbox 2859 1067 3056 1136; x_wconf 90' lang='lat' dir='ltr'><strong>quibus</strong></span> <span class='ocrx_word' id='word_1_190' title='bbox 3083 1067 3225 1138; x_wconf 90' lang='lat' dir='ltr'><strong>quod</strong></span> <span class='ocrx_word' id='word_1_191' title='bbox 3278 1083 3388 1123; x_wconf 90' lang='lat' dir='ltr'><strong>non</strong></span> 
     </span>
    </p>
   </div>
   <div class='ocr_carea' id='block_1_27' title="bbox 1802 1153 3387 1224">
    <p class='ocr_par' dir='ltr' id='par_1_27' title="bbox 1802 1153 3387 1224">
     <span class='ocr_line' id='line_1_27' title="bbox 1802 1153 3387 1224; baseline 0.004 -16"><span class='ocrx_word' id='word_1_192' title='bbox 1802 1153 2110 1208; x_wconf 82' lang='lat' dir='ltr'><strong>ostenditur</strong></span> <span class='ocrx_word' id='word_1_193' title='bbox 2139 1163 2372 1224; x_wconf 87' lang='lat' dir='ltr'><strong>gestum,</strong></span> <span class='ocrx_word' id='word_1_194' title='bbox 2405 1153 2544 1209; x_wconf 87' lang='lat' dir='ltr'><strong>ratio</strong></span> <span class='ocrx_word' id='word_1_195' title='bbox 2571 1171 2676 1212; x_wconf 93' lang='lat' dir='ltr'><strong>non</strong></span> <span class='ocrx_word' id='word_1_196' title='bbox 2705 1157 2837 1212; x_wconf 89' lang='lat' dir='ltr'><strong>sinit</strong></span> <span class='ocrx_word' id='word_1_197' title='bbox 2862 1199 2876 1223; x_wconf 95' lang='lat'><strong>,</strong></span> <span class='ocrx_word' id='word_1_198' title='bbox 2916 1168 2974 1213; x_wconf 91' lang='lat' dir='ltr'><strong>ut</strong></span> <span class='ocrx_word' id='word_1_199' title='bbox 3002 1159 3249 1214; x_wconf 87' lang='lat' dir='ltr'><strong>videatur</strong></span> <span class='ocrx_word' id='word_1_200' title='bbox 3280 1159 3387 1215; x_wconf 53' lang='lat' dir='ltr'><strong>ite»</strong></span> 
     </span>
    </p>
   </div>
   <div class='ocr_carea' id='block_1_28' title="bbox 1804 1244 3384 1322">
    <p class='ocr_par' dir='ltr' id='par_1_28' title="bbox 1804 1244 3384 1322">
     <span class='ocr_line' id='line_1_28' title="bbox 1804 1244 3384 1322; baseline 0.006 -24"><span class='ocrx_word' id='word_1_201' title='bbox 1804 1254 2000 1300; x_wconf 89' lang='lat' dir='ltr'><strong>ratum.</strong></span> <span class='ocrx_word' id='word_1_202' title='bbox 2032 1244 2136 1311; x_wconf 84' lang='lat' dir='ltr'><strong>Qui</strong></span> <span class='ocrx_word' id='word_1_203' title='bbox 2182 1254 2363 1300; x_wconf 89' lang='lat' dir='ltr'><strong>autem</strong></span> <span class='ocrx_word' id='word_1_204' title='bbox 2394 1256 2618 1317; x_wconf 89' lang='lat' dir='ltr'><strong>possunt</strong></span> <span class='ocrx_word' id='word_1_205' title='bbox 2653 1249 2964 1304; x_wconf 82' lang='lat' dir='ltr'><strong>meminisse</strong></span> <span class='ocrx_word' id='word_1_206' title='bbox 2992 1252 3135 1322; x_wconf 88' lang='lat' dir='ltr'><strong>quod</strong></span> <span class='ocrx_word' id='word_1_207' title='bbox 3185 1252 3251 1306; x_wconf 91' lang='lat' dir='ltr'><strong>ad</strong></span> <span class='ocrx_word' id='word_1_208' title='bbox 3299 1265 3384 1307; x_wconf 88' lang='lat' dir='ltr'><strong>ec-</strong></span> 
     </span>
    </p>
   </div>
   <div class='ocr_carea' id='block_1_29' title="bbox 1803 1327 3381 1413">
    <p class='ocr_par' dir='ltr' id='par_1_29' title="bbox 1803 1327 3381 1413">
     <span class='ocr_line' id='line_1_29' title="bbox 1803 1327 3381 1413; baseline 0.004 -19"><span class='ocrx_word' id='word_1_209' title='bbox 1803 1336 2022 1394; x_wconf 85' lang='lat' dir='ltr'><strong>clesiam</strong></span> <span class='ocrx_word' id='word_1_210' title='bbox 2049 1337 2338 1394; x_wconf 86' lang='lat' dir='ltr'><strong>veniebant</strong></span> <span class='ocrx_word' id='word_1_211' title='bbox 2367 1355 2488 1394; x_wconf 90' lang='lat' dir='ltr'><strong>cum</strong></span> <span class='ocrx_word' id='word_1_212' title='bbox 2517 1341 2832 1412; x_wconf 86' lang='lat' dir='ltr'><strong>parentibus</strong></span> <span class='ocrx_word' id='word_1_213' title='bbox 2852 1342 2989 1409; x_wconf 89' lang='lat' dir='ltr'><strong>suis,</strong></span> <span class='ocrx_word' id='word_1_214' title='bbox 3025 1350 3255 1413; x_wconf 90' lang='lat' dir='ltr'><strong>possunt</strong></span> <span class='ocrx_word' id='word_1_215' title='bbox 3302 1327 3381 1400; x_wconf 71' lang='lat' dir='ltr'><strong>re-</strong></span> 
     </span>
    </p>
   </div>
   <div class='ocr_carea' id='block_1_30' title="bbox 1803 1430 3388 1504">
    <p class='ocr_par' dir='ltr' id='par_1_30' title="bbox 1803 1430 3388 1504">
     <span class='ocr_line' id='line_1_30' title="bbox 1803 1430 3388 1504; baseline 0.004 -20"><span class='ocrx_word' id='word_1_216' title='bbox 1803 1430 2069 1496; x_wconf 88' lang='lat' dir='ltr'><strong>cordare,</strong></span> <span class='ocrx_word' id='word_1_217' title='bbox 2111 1447 2179 1486; x_wconf 88' lang='lat' dir='ltr'><strong>an</strong></span> <span class='ocrx_word' id='word_1_218' title='bbox 2234 1432 2380 1501; x_wconf 90' lang='lat' dir='ltr'><strong>quod</strong></span> <span class='ocrx_word' id='word_1_219' title='bbox 2433 1433 2503 1488; x_wconf 87' lang='lat' dir='ltr'><strong>ab</strong></span> <span class='ocrx_word' id='word_1_220' title='bbox 2529 1448 2718 1488; x_wconf 90' lang='lat' dir='ltr'><strong>eorum</strong></span> <span class='ocrx_word' id='word_1_221' title='bbox 2777 1435 3094 1504; x_wconf 90' lang='lat' dir='ltr'><strong>parentibus</strong></span> <span class='ocrx_word' id='word_1_222' title='bbox 3141 1435 3388 1502; x_wconf 90' lang='lat' dir='ltr'><strong>dabatur,</strong></span> 
     </span>
    </p>
   </div>
   <div class='ocr_carea' id='block_1_31' title="bbox 1803 1523 3392 1593">
    <p class='ocr_par' dir='ltr' id='par_1_31' title="bbox 1803 1523 3392 1593">
     <span class='ocr_line' id='line_1_31' title="bbox 1803 1523 3392 1593; baseline 0.004 -16"><span class='ocrx_word' id='word_1_223' title='bbox 1803 1524 2127 1593; x_wconf 87' lang='lat' dir='ltr'><strong>acceperint.</strong></span> <span class='ocrx_word' id='word_1_224' title='bbox 2150 1523 2254 1580; x_wconf 88' lang='lat' dir='ltr'><strong>Sed</strong></span> <span class='ocrx_word' id='word_1_225' title='bbox 2278 1525 2324 1580; x_wconf 90' lang='lat' dir='ltr'><strong>si</strong></span> <span class='ocrx_word' id='word_1_226' title='bbox 2351 1525 2454 1581; x_wconf 93' lang='lat' dir='ltr'><strong>hoc</strong></span> <span class='ocrx_word' id='word_1_227' title='bbox 2482 1526 2643 1582; x_wconf 91' lang='lat' dir='ltr'><strong>etiam</strong></span> <span class='ocrx_word' id='word_1_228' title='bbox 2674 1527 2741 1583; x_wconf 89' lang='lat' dir='ltr'><strong>ab</strong></span> <span class='ocrx_word' id='word_1_229' title='bbox 2764 1542 2951 1583; x_wconf 90' lang='lat' dir='ltr'><strong>eorum</strong></span> <span class='ocrx_word' id='word_1_230' title='bbox 2979 1528 3239 1584; x_wconf 83' lang='lat' dir='ltr'><strong>memoria</strong></span> <span class='ocrx_word' id='word_1_231' title='bbox 3264 1526 3392 1584; x_wconf 85' lang='lat' dir='ltr'><strong>alie-</strong></span> 
     </span>
    </p>
   </div>
   <div class='ocr_carea' id='block_1_32' title="bbox 1805 1616 3392 1690">
    <p class='ocr_par' dir='ltr' id='par_1_32' title="bbox 1805 1616 3392 1690">
     <span class='ocr_line' id='line_1_32' title="bbox 1805 1616 3392 1690; baseline 0.004 -22"><span class='ocrx_word' id='word_1_232' title='bbox 1805 1630 1934 1669; x_wconf 88' lang='lat' dir='ltr'><strong>num</strong></span> <span class='ocrx_word' id='word_1_233' title='bbox 1990 1623 2097 1680; x_wconf 91' lang='lat' dir='ltr'><strong>est,</strong></span> <span class='ocrx_word' id='word_1_234' title='bbox 2143 1616 2534 1672; x_wconf 88' lang='lat' dir='ltr'><strong>conferendum</strong></span> <span class='ocrx_word' id='word_1_235' title='bbox 2570 1618 2650 1673; x_wconf 91' lang='lat' dir='ltr'><strong>eis</strong></span> <span class='ocrx_word' id='word_1_236' title='bbox 2692 1618 2928 1686; x_wconf 90' lang='lat' dir='ltr'><strong>videtur,</strong></span> <span class='ocrx_word' id='word_1_237' title='bbox 2961 1620 3103 1690; x_wconf 92' lang='lat' dir='ltr'><strong>quod</strong></span> <span class='ocrx_word' id='word_1_238' title='bbox 3137 1619 3392 1676; x_wconf 89' lang='lat' dir='ltr'><strong>collatum</strong></span> 
     </span>
    </p>
   </div>
   <div class='ocr_carea' id='block_1_33' title="bbox 1803 1707 3392 1785">
    <p class='ocr_par' dir='ltr' id='par_1_33' title="bbox 1803 1707 3392 1785">
     <span class='ocr_line' id='line_1_33' title="bbox 1803 1707 3392 1785; baseline 0.005 -25"><span class='ocrx_word' id='word_1_239' title='bbox 1803 1720 1926 1762; x_wconf 88' lang='lat' dir='ltr'><strong>esse</strong></span> <span class='ocrx_word' id='word_1_240' title='bbox 1965 1707 2240 1763; x_wconf 88' lang='lat' dir='ltr'><strong>nescitur:</strong></span> <span class='ocrx_word' id='word_1_241' title='bbox 2269 1709 2396 1779; x_wconf 90' lang='lat' dir='ltr'><strong>quia</strong></span> <span class='ocrx_word' id='word_1_242' title='bbox 2433 1726 2540 1766; x_wconf 93' lang='lat' dir='ltr'><strong>non</strong></span> <span class='ocrx_word' id='word_1_243' title='bbox 2577 1711 2861 1778; x_wconf 60' lang='lat' dir='ltr'><strong>temeritas</strong></span> <span class='ocrx_word' id='word_1_244' title='bbox 2911 1711 3204 1769; x_wconf 88' lang='lat' dir='ltr'><strong>intervenit</strong></span> <span class='ocrx_word' id='word_1_245' title='bbox 3252 1728 3392 1785; x_wconf 49' lang='lat' dir='ltr'><strong>praes</strong></span> 
     </span>
    </p>
   </div>
   <div class='ocr_carea' id='block_1_34' title="bbox 98 1787 3007 1876">
    <p class='ocr_par' dir='ltr' id='par_1_34' title="bbox 98 1787 3007 1876">
     <span class='ocr_line' id='line_1_34' title="bbox 98 1787 3007 1876; baseline 0.006 -34"><span class='ocrx_word' id='word_1_246' title='bbox 98 1790 234 1858; x_wconf 78' lang='lat' dir='ltr'><strong>quia</strong></span> <span class='ocrx_word' id='word_1_247' title='bbox 287 1791 352 1843; x_wconf 92' lang='lat' dir='ltr'><strong>ad</strong></span> <span class='ocrx_word' id='word_1_248' title='bbox 387 1799 588 1862; x_wconf 78' lang='lat' dir='ltr'><strong>tantam</strong></span> <span class='ocrx_word' id='word_1_249' title='bbox 627 1792 857 1864; x_wconf 75' lang='lat' dir='ltr'><strong>gloriam</strong></span> <span class='ocrx_word' id='word_1_250' title='bbox 911 1798 1242 1864; x_wconf 85' lang='lat' dir='ltr'><strong>accessistis,</strong></span> <span class='ocrx_word' id='word_1_251' title='bbox 1303 1808 1363 1854; x_wconf 90' lang='lat' dir='ltr'><strong>ut</strong></span> <span class='ocrx_word' id='word_1_252' title='bbox 1419 1791 1698 1858; x_wconf 61' lang='lat' dir='ltr'><strong>etiam&#39;ad</strong></span> <span class='ocrx_word' id='word_1_253' title='bbox 1729 1787 1776 1848; x_wconf 82' lang='grc' dir='ltr'><strong>Β</strong></span> <span class='ocrx_word' id='word_1_254' title='bbox 1804 1801 2152 1872; x_wconf 87' lang='lat' dir='ltr'><strong>sumptionis,</strong></span> <span class='ocrx_word' id='word_1_255' title='bbox 2180 1801 2271 1858; x_wconf 88' lang='lat' dir='ltr'><strong>ubi</strong></span> <span class='ocrx_word' id='word_1_256' title='bbox 2294 1811 2378 1858; x_wconf 92' lang='lat' dir='ltr'><strong>est</strong></span> <span class='ocrx_word' id='word_1_257' title='bbox 2399 1803 2676 1876; x_wconf 88' lang='lat' dir='ltr'><strong>diligentia</strong></span> <span class='ocrx_word' id='word_1_258' title='bbox 2712 1805 2948 1876; x_wconf 88' lang='lat' dir='ltr'><strong>pietatis.</strong></span> <span class='ocrx_word' id='word_1_259' title='bbox 2988 1824 3007 1858; x_wconf 77' lang='grc' dir='ltr'><strong><em>ι</em></strong></span> 
     </span>
    </p>
   </div>
   <div class='ocr_carea' id='block_1_35' title="bbox 100 1881 1699 1958">
    <p class='ocr_par' dir='ltr' id='par_1_35' title="bbox 100 1881 1699 1958">
     <span class='ocr_line' id='line_1_35' title="bbox 100 1881 1699 1958; baseline 0.009 -22"><span class='ocrx_word' id='word_1_260' title='bbox 100 1881 415 1954; x_wconf 78' lang='lat' dir='ltr'><strong>passionem</strong></span> <span class='ocrx_word' id='word_1_261' title='bbox 438 1898 594 1954; x_wconf 88' lang='lat' dir='ltr'><strong>aqua</strong></span> <span class='ocrx_word' id='word_1_262' title='bbox 619 1883 866 1950; x_wconf 75' lang='lat' dir='ltr'><strong>dolenter</strong></span> <span class='ocrx_word' id='word_1_263' title='bbox 891 1885 1027 1944; x_wconf 91' lang='lat' dir='ltr'><strong>alios</strong></span> <span class='ocrx_word' id='word_1_264' title='bbox 1055 1903 1313 1945; x_wconf 87' lang='lat' dir='ltr'><strong>revocare</strong></span> <span class='ocrx_word' id='word_1_265' title='bbox 1332 1891 1602 1958; x_wconf 87' lang='lat' dir='ltr'><strong>voluistis,</strong></span> <span class='ocrx_word' id='word_1_266' title='bbox 1630 1894 1699 1950; x_wconf 88' lang='lat' dir='ltr'><strong>ad</strong></span> 
     </span>
    </p>
   </div>
   <div class='ocr_carea' id='block_1_36' title="bbox 102 1973 1696 2049">
    <p class='ocr_par' dir='ltr' id='par_1_36' title="bbox 102 1973 1696 2049">
     <span class='ocr_line' id='line_1_36' title="bbox 102 1973 1696 2049; baseline 0.011 -24"><span class='ocrx_word' id='word_1_267' title='bbox 102 1973 285 2043; x_wconf 84' lang='lat' dir='ltr'><strong>ipsam</strong></span> <span class='ocrx_word' id='word_1_268' title='bbox 313 1976 628 2033; x_wconf 88' lang='lat' dir='ltr'><strong>desideretis</strong></span> <span class='ocrx_word' id='word_1_269' title='bbox 652 1987 928 2049; x_wconf 76' lang='lat' dir='ltr'><strong>gratanter</strong></span> <span class='ocrx_word' id='word_1_270' title='bbox 954 1981 1090 2038; x_wconf 83' lang='lat' dir='ltr'><strong>velle</strong></span> <span class='ocrx_word' id='word_1_271' title='bbox 1109 1999 1334 2041; x_wconf 86' lang='lat' dir='ltr'><strong>currere</strong></span> <span class='ocrx_word' id='word_1_272' title='bbox 1354 1995 1408 2040; x_wconf 90' lang='lat' dir='ltr'><strong>et</strong></span> <span class='ocrx_word' id='word_1_273' title='bbox 1427 1987 1657 2043; x_wconf 87' lang='lat' dir='ltr'><strong>libenter</strong></span> <span class='ocrx_word' id='word_1_274' title='bbox 1680 2007 1696 2042; x_wconf 89' lang='lat'><strong>:</strong></span> 
     </span>
    </p>
   </div>
   <div class='ocr_carea' id='block_1_37' title="bbox 99 2065 1698 2148">
    <p class='ocr_par' dir='ltr' id='par_1_37' title="bbox 99 2065 1698 2148">
     <span class='ocr_line' id='line_1_37' title="bbox 99 2065 1698 2148; baseline 0.013 -33"><span class='ocrx_word' id='word_1_275' title='bbox 99 2073 263 2119; x_wconf 84' lang='lat' dir='ltr'><strong>vetus</strong></span> <span class='ocrx_word' id='word_1_276' title='bbox 290 2065 393 2122; x_wconf 92' lang='lat' dir='ltr'><strong>hoc</strong></span> <span class='ocrx_word' id='word_1_277' title='bbox 414 2065 616 2142; x_wconf 81' lang='lat' dir='ltr'><strong>Christi</strong></span> <span class='ocrx_word' id='word_1_278' title='bbox 654 2070 944 2128; x_wconf 84' lang='lat' dir='ltr'><strong>artiﬁcium</strong></span> <span class='ocrx_word' id='word_1_279' title='bbox 993 2083 1094 2129; x_wconf 90' lang='lat' dir='ltr'><strong>est.</strong></span> <span class='ocrx_word' id='word_1_280' title='bbox 1143 2074 1280 2131; x_wconf 84' lang='lat' dir='ltr'><strong>Nam</strong></span> <span class='ocrx_word' id='word_1_281' title='bbox 1311 2077 1486 2148; x_wconf 72' lang='lat' dir='ltr'><strong>ipsum</strong></span> <span class='ocrx_word' id='word_1_282' title='bbox 1537 2093 1698 2148; x_wconf 91' lang='lat' dir='ltr'><strong>quem</strong></span> 
     </span>
    </p>
   </div>
   <div class='ocr_carea' id='block_1_38' title="bbox 102 2157 1699 2236">
    <p class='ocr_par' dir='ltr' id='par_1_38' title="bbox 102 2157 1699 2236">
     <span class='ocr_line' id='line_1_38' title="bbox 102 2157 1699 2236; baseline 0.011 -27"><span class='ocrx_word' id='word_1_283' title='bbox 102 2172 204 2225; x_wconf 76' lang='lat' dir='ltr'><strong>vas</strong></span> <span class='ocrx_word' id='word_1_284' title='bbox 240 2157 524 2216; x_wconf 88' lang='lat' dir='ltr'><strong>electionis</strong></span> <span class='ocrx_word' id='word_1_285' title='bbox 553 2175 663 2216; x_wconf 70' lang='lat' dir='ltr'><strong>sure</strong></span> <span class='ocrx_word' id='word_1_286' title='bbox 695 2176 817 2218; x_wconf 85' lang='lat' dir='ltr'><strong>esse</strong></span> <span class='ocrx_word' id='word_1_287' title='bbox 868 2164 1120 2236; x_wconf 85' lang='lat' dir='ltr'><strong>dignatus</strong></span> <span class='ocrx_word' id='word_1_288' title='bbox 1141 2176 1241 2231; x_wconf 90' lang='lat' dir='ltr'><strong>est,</strong></span> <span class='ocrx_word' id='word_1_289' title='bbox 1287 2177 1342 2223; x_wconf 89' lang='lat' dir='ltr'><strong>et</strong></span> <span class='ocrx_word' id='word_1_290' title='bbox 1379 2170 1547 2225; x_wconf 88' lang='lat' dir='ltr'><strong>voluit</strong></span> <span class='ocrx_word' id='word_1_291' title='bbox 1583 2188 1699 2227; x_wconf 89' lang='lat' dir='ltr'><strong>ma-</strong></span> 
     </span>
    </p>
   </div>
   <div class='ocr_carea' id='block_1_39' title="bbox 101 2247 1698 2324">
    <p class='ocr_par' dir='ltr' id='par_1_39' title="bbox 101 2247 1698 2324">
     <span class='ocr_line' id='line_1_39' title="bbox 101 2247 1698 2324; baseline 0.011 -25"><span class='ocrx_word' id='word_1_292' title='bbox 101 2247 338 2316; x_wconf 86' lang='lat' dir='ltr'><strong>gistrum</strong></span> <span class='ocrx_word' id='word_1_293' title='bbox 367 2251 607 2321; x_wconf 78' lang='lat' dir='ltr'><strong>gentium</strong></span> <span class='ocrx_word' id='word_1_294' title='bbox 631 2253 782 2318; x_wconf 81' lang='lat' dir='ltr'><strong>dare,</strong></span> <span class='ocrx_word' id='word_1_295' title='bbox 811 2254 904 2324; x_wconf 84' lang='lat' dir='ltr'><strong>qui</strong></span> <span class='ocrx_word' id='word_1_296' title='bbox 933 2270 1041 2311; x_wconf 89' lang='lat' dir='ltr'><strong>non</strong></span> <span class='ocrx_word' id='word_1_297' title='bbox 1081 2257 1258 2313; x_wconf 88' lang='lat' dir='ltr'><strong>solum</strong></span> <span class='ocrx_word' id='word_1_298' title='bbox 1304 2259 1545 2315; x_wconf 90' lang='lat' dir='ltr'><strong>ﬁdelium</strong></span> <span class='ocrx_word' id='word_1_299' title='bbox 1574 2262 1698 2316; x_wconf 87' lang='lat' dir='ltr'><strong>ani-</strong></span> 
     </span>
    </p>
   </div>
   <div class='ocr_carea' id='block_1_40' title="bbox 103 2339 1700 2415">
    <p class='ocr_par' dir='ltr' id='par_1_40' title="bbox 103 2339 1700 2415">
     <span class='ocr_line' id='line_1_40' title="bbox 103 2339 1700 2415; baseline 0.011 -25"><span class='ocrx_word' id='word_1_300' title='bbox 103 2351 231 2392; x_wconf 90' lang='lat' dir='ltr'><strong>mos</strong></span> <span class='ocrx_word' id='word_1_301' title='bbox 258 2353 288 2391; x_wconf 90' lang='lat' dir='ltr'><strong>a</strong></span> <span class='ocrx_word' id='word_1_302' title='bbox 317 2339 531 2408; x_wconf 89' lang='lat' dir='ltr'><strong>pietatis</strong></span> <span class='ocrx_word' id='word_1_303' title='bbox 568 2344 849 2412; x_wconf 87' lang='lat' dir='ltr'><strong>proposito</strong></span> <span class='ocrx_word' id='word_1_304' title='bbox 907 2346 1232 2415; x_wconf 84' lang='lat' dir='ltr'><strong>revocabat,</strong></span> <span class='ocrx_word' id='word_1_305' title='bbox 1282 2349 1379 2406; x_wconf 85' lang='lat' dir='ltr'><strong>sed</strong></span> <span class='ocrx_word' id='word_1_306' title='bbox 1405 2351 1567 2407; x_wconf 89' lang='lat' dir='ltr'><strong>etiam</strong></span> <span class='ocrx_word' id='word_1_307' title='bbox 1602 2369 1700 2408; x_wconf 82' lang='lat' dir='ltr'><strong>no-</strong></span> 
     </span>
    </p>
   </div>
   <div class='ocr_carea' id='block_1_41' title="bbox 105 2424 1700 2508">
    <p class='ocr_par' dir='ltr' id='par_1_41' title="bbox 105 2424 1700 2508">
     <span class='ocr_line' id='line_1_41' title="bbox 105 2424 1700 2508; baseline 0.014 -29"><span class='ocrx_word' id='word_1_308' title='bbox 105 2424 292 2483; x_wconf 89' lang='lat' dir='ltr'><strong>lentes</strong></span> <span class='ocrx_word' id='word_1_309' title='bbox 320 2443 347 2483; x_wconf 90' lang='lat' dir='ltr'><strong>a</strong></span> <span class='ocrx_word' id='word_1_310' title='bbox 370 2428 900 2492; x_wconf 83' lang='lat' dir='ltr'><strong>Christo&#39;diseedere</strong></span> <span class='ocrx_word' id='word_1_311' title='bbox 928 2436 1196 2508; x_wconf 86' lang='lat' dir='ltr'><strong>lapidibus</strong></span> <span class='ocrx_word' id='word_1_312' title='bbox 1219 2440 1482 2498; x_wconf 75' lang='lat' dir='ltr'><strong>obruebat</strong></span> <span class='ocrx_word' id='word_1_313' title='bbox 1515 2462 1528 2498; x_wconf 87' lang='lat'>:</span> <span class='ocrx_word' id='word_1_314' title='bbox 1553 2445 1700 2502; x_wconf 87' lang='lat' dir='ltr'><strong>hunc</strong></span> 
     </span>
    </p>
   </div>
   <div class='ocr_carea' id='block_1_42' title="bbox 106 2517 1701 2600">
    <p class='ocr_par' dir='ltr' id='par_1_42' title="bbox 106 2517 1701 2600">
     <span class='ocr_line' id='line_1_42' title="bbox 106 2517 1701 2600; baseline 0.014 -29"><span class='ocrx_word' id='word_1_315' title='bbox 106 2517 270 2572; x_wconf 92' lang='lat' dir='ltr'><strong>nobis</strong></span> <span class='ocrx_word' id='word_1_316' title='bbox 302 2519 416 2590; x_wconf 85' lang='lat' dir='ltr'><strong>ipse</strong></span> <span class='ocrx_word' id='word_1_317' title='bbox 450 2520 706 2580; x_wconf 87' lang='lat' dir='ltr'><strong>Dominus</strong></span> <span class='ocrx_word' id='word_1_318' title='bbox 734 2526 1033 2595; x_wconf 76' lang='lat' dir='ltr'><strong>apostolum</strong></span> <span class='ocrx_word' id='word_1_319' title='bbox 1076 2531 1439 2600; x_wconf 88' lang='lat' dir='ltr'><strong>condonavit,</strong></span> <span class='ocrx_word' id='word_1_320' title='bbox 1491 2535 1701 2592; x_wconf 89' lang='lat' dir='ltr'><strong>tribuit-</strong></span> 
     </span>
    </p>
   </div>
   <div class='ocr_carea' id='block_1_43' title="bbox 105 2611 1701 2696">
    <p class='ocr_par' dir='ltr' id='par_1_43' title="bbox 105 2611 1701 2696">
     <span class='ocr_line' id='line_1_43' title="bbox 105 2611 1701 2696; baseline 0.012 -33"><span class='ocrx_word' id='word_1_321' title='bbox 105 2621 215 2677; x_wconf 91' lang='lat' dir='ltr'><strong>que</strong></span> <span class='ocrx_word' id='word_1_322' title='bbox 251 2611 408 2667; x_wconf 89' lang='lat' dir='ltr'><strong>nobis</strong></span> <span class='ocrx_word' id='word_1_323' title='bbox 435 2626 502 2667; x_wconf 79' lang='lat' dir='ltr'><strong>ex</strong></span> <span class='ocrx_word' id='word_1_324' title='bbox 535 2611 703 2668; x_wconf 90' lang='lat' dir='ltr'><strong>Saulo</strong></span> <span class='ocrx_word' id='word_1_325' title='bbox 727 2614 980 2683; x_wconf 91' lang='lat' dir='ltr'><strong>Paulum,</strong></span> <span class='ocrx_word' id='word_1_326' title='bbox 1013 2634 1083 2675; x_wconf 80' lang='lat' dir='ltr'><strong>ex</strong></span> <span class='ocrx_word' id='word_1_327' title='bbox 1120 2631 1370 2692; x_wconf 87' lang='lat' dir='ltr'><strong>apostata</strong></span> <span class='ocrx_word' id='word_1_328' title='bbox 1400 2623 1532 2680; x_wconf 91' lang='lat' dir='ltr'><strong>fecit</strong></span> <span class='ocrx_word' id='word_1_329' title='bbox 1573 2641 1701 2696; x_wconf 90' lang='lat' dir='ltr'><strong>apo-</strong></span> 
     </span>
    </p>
   </div>
   <div class='ocr_carea' id='block_1_44' title="bbox 106 2701 1694 2780">
    <p class='ocr_par' dir='ltr' id='par_1_44' title="bbox 106 2701 1694 2780">
     <span class='ocr_line' id='line_1_44' title="bbox 106 2701 1694 2780; baseline 0.013 -26"><span class='ocrx_word' id='word_1_330' title='bbox 106 2701 334 2768; x_wconf 84' lang='lat' dir='ltr'><strong>stolum,</strong></span> <span class='ocrx_word' id='word_1_331' title='bbox 363 2712 420 2759; x_wconf 92' lang='lat' dir='ltr'><strong>et</strong></span> <span class='ocrx_word' id='word_1_332' title='bbox 451 2704 598 2760; x_wconf 92' lang='lat' dir='ltr'><strong>dedit</strong></span> <span class='ocrx_word' id='word_1_333' title='bbox 621 2707 878 2764; x_wconf 72' lang='lat' dir='ltr'><strong>Ecclesiae</strong></span> <span class='ocrx_word' id='word_1_334' title='bbox 903 2725 969 2766; x_wconf 77' lang='lat' dir='ltr'><strong>ex</strong></span> <span class='ocrx_word' id='word_1_335' title='bbox 998 2723 1347 2780; x_wconf 86' lang='lat' dir='ltr'><strong>persecutore</strong></span> <span class='ocrx_word' id='word_1_336' title='bbox 1379 2727 1647 2774; x_wconf 90' lang='lat' dir='ltr'><strong>rectorem</strong></span> <span class='ocrx_word' id='word_1_337' title='bbox 1681 2737 1694 2774; x_wconf 89' lang='lat'><strong>:</strong></span> 
     </span>
    </p>
   </div>
   <div class='ocr_carea' id='block_1_45' title="bbox 107 2797 1698 2876">
    <p class='ocr_par' dir='ltr' id='par_1_45' title="bbox 107 2797 1698 2876">
     <span class='ocr_line' id='line_1_45' title="bbox 107 2797 1698 2876; baseline 0.013 -30"><span class='ocrx_word' id='word_1_338' title='bbox 107 2803 325 2850; x_wconf 89' lang='lat' dir='ltr'><strong>amator</strong></span> <span class='ocrx_word' id='word_1_339' title='bbox 359 2797 629 2866; x_wconf 87' lang='lat' dir='ltr'><strong>passionis</strong></span> <span class='ocrx_word' id='word_1_340' title='bbox 690 2799 866 2860; x_wconf 85' lang='lat' dir='ltr'><strong>factus</strong></span> <span class='ocrx_word' id='word_1_341' title='bbox 894 2812 996 2865; x_wconf 89' lang='lat' dir='ltr'><strong>est,</strong></span> <span class='ocrx_word' id='word_1_342' title='bbox 1027 2805 1120 2875; x_wconf 88' lang='lat' dir='ltr'><strong>qui</strong></span> <span class='ocrx_word' id='word_1_343' title='bbox 1164 2810 1563 2876; x_wconf 84' lang='lat' dir='ltr'><strong>persecutionis</strong></span> <span class='ocrx_word' id='word_1_344' title='bbox 1604 2828 1698 2866; x_wconf 82' lang='lat' dir='ltr'><strong>au-</strong></span> 
     </span>
    </p>
   </div>
   <div class='ocr_carea' id='block_1_46' title="bbox 105 2889 1694 2975">
    <p class='ocr_par' dir='ltr' id='par_1_46' title="bbox 105 2889 1694 2975">
     <span class='ocr_line' id='line_1_46' title="bbox 105 2889 1694 2975; baseline 0.015 -37"><span class='ocrx_word' id='word_1_345' title='bbox 105 2893 231 2940; x_wconf 91' lang='lat' dir='ltr'><strong>ctor</strong></span> <span class='ocrx_word' id='word_1_346' title='bbox 259 2889 543 2945; x_wconf 80' lang='lat' dir='ltr'><strong>exstiterat</strong></span> <span class='ocrx_word' id='word_1_347' title='bbox 575 2907 591 2957; x_wconf 87' lang='lat'><strong>;</strong></span> <span class='ocrx_word' id='word_1_348' title='bbox 631 2901 688 2947; x_wconf 91' lang='lat' dir='ltr'><strong>et</strong></span> <span class='ocrx_word' id='word_1_349' title='bbox 741 2896 831 2964; x_wconf 91' lang='lat' dir='ltr'><strong>qui</strong></span> <span class='ocrx_word' id='word_1_350' title='bbox 880 2896 1073 2956; x_wconf 88' lang='lat' dir='ltr'><strong>alienis</strong></span> <span class='ocrx_word' id='word_1_351' title='bbox 1136 2900 1520 2960; x_wconf 80' lang='lat' dir='ltr'><strong>afﬂictionibus</strong></span> <span class='ocrx_word' id='word_1_352' title='bbox 1542 2906 1694 2975; x_wconf 89' lang='lat' dir='ltr'><strong>prius</strong></span> 
     </span>
    </p>
   </div>
   <div class='ocr_carea' id='block_1_47' title="bbox 105 2976 1699 3063">
    <p class='ocr_par' dir='ltr' id='par_1_47' title="bbox 105 2976 1699 3063">
     <span class='ocr_line' id='line_1_47' title="bbox 105 2976 1699 3063; baseline 0.016 -34"><span class='ocrx_word' id='word_1_353' title='bbox 105 2976 506 3047; x_wconf 77' lang='lat' dir='ltr'><strong>gratulabatur,</strong></span> <span class='ocrx_word' id='word_1_354' title='bbox 557 2983 610 3038; x_wconf 90' lang='lat' dir='ltr'><strong>in</strong></span> <span class='ocrx_word' id='word_1_355' title='bbox 663 2986 777 3042; x_wconf 83' lang='lat' dir='ltr'><strong>suis</strong></span> <span class='ocrx_word' id='word_1_356' title='bbox 835 2992 1177 3058; x_wconf 85' lang='lat' dir='ltr'><strong>postmodum</strong></span> <span class='ocrx_word' id='word_1_357' title='bbox 1226 2996 1699 3063; x_wconf 84' lang='lat' dir='ltr'><strong>persecutionibus</strong></span> 
     </span>
    </p>
   </div>
   <div class='ocr_carea' id='block_1_48' title="bbox 107 3068 1696 3152">
    <p class='ocr_par' dir='ltr' id='par_1_48' title="bbox 107 3068 1696 3152">
     <span class='ocr_line' id='line_1_48' title="bbox 107 3068 1696 3152; baseline 0.014 -31"><span class='ocrx_word' id='word_1_358' title='bbox 107 3068 421 3126; x_wconf 72' lang='lat' dir='ltr'><strong>Iretabatur.</strong></span> <span class='ocrx_word' id='word_1_359' title='bbox 473 3072 594 3146; x_wconf 87' lang='lat' dir='ltr'><strong>Ipse</strong></span> <span class='ocrx_word' id='word_1_360' title='bbox 621 3078 714 3147; x_wconf 89' lang='lat' dir='ltr'><strong>qui</strong></span> <span class='ocrx_word' id='word_1_361' title='bbox 752 3087 880 3141; x_wconf 83' lang='lat' dir='ltr'><strong>tunc</strong></span> <span class='ocrx_word' id='word_1_362' title='bbox 921 3081 976 3140; x_wconf 88' lang='lat' dir='ltr'><strong>in</strong></span> <span class='ocrx_word' id='word_1_363' title='bbox 1013 3083 1258 3152; x_wconf 86' lang='lat' dir='ltr'><strong>apostolo</strong></span> <span class='ocrx_word' id='word_1_364' title='bbox 1304 3101 1404 3141; x_wconf 89' lang='lat' dir='ltr'><strong>suo</strong></span> <span class='ocrx_word' id='word_1_365' title='bbox 1439 3087 1696 3144; x_wconf 88' lang='lat' dir='ltr'><strong>virtutem</strong></span> 
     </span>
    </p>
   </div>
   <div class='ocr_carea' id='block_1_49' title="bbox 2365 1893 2817 1952">
    <p class='ocr_par' dir='ltr' id='par_1_49' title="bbox 2365 1893 2817 1952">
     <span class='ocr_line' id='line_1_49' title="bbox 2365 1893 2817 1952; baseline 0.009 -4"><span class='ocrx_word' id='word_1_366' title='bbox 2365 1893 2482 1948; x_wconf 81' lang='lat' dir='ltr'><strong>XV.</strong></span> <span class='ocrx_word' id='word_1_367' title='bbox 2520 1894 2656 1950; x_wconf 85' lang='lat' dir='ltr'><strong>Item</strong></span> <span class='ocrx_word' id='word_1_368' title='bbox 2690 1894 2817 1952; x_wconf 83' lang='lat' dir='ltr'><strong>Leo.</strong></span> 
     </span>
    </p>
   </div>
   <div class='ocr_carea' id='block_1_50' title="bbox 1873 1983 3385 2055">
    <p class='ocr_par' dir='ltr' id='par_1_50' title="bbox 1873 1983 3385 2055">
     <span class='ocr_line' id='line_1_50' title="bbox 1873 1983 3385 2055; baseline 0.003 -16"><span class='ocrx_word' id='word_1_369' title='bbox 1873 1983 2113 2055; x_wconf 88' lang='lat' dir='ltr'><strong>Captivis</strong></span> <span class='ocrx_word' id='word_1_370' title='bbox 2163 1985 2315 2041; x_wconf 87' lang='lat' dir='ltr'><strong>cibos</strong></span> <span class='ocrx_word' id='word_1_371' title='bbox 2346 1985 2715 2043; x_wconf 89' lang='lat' dir='ltr'><strong>immolatitios</strong></span> <span class='ocrx_word' id='word_1_372' title='bbox 2749 1986 3076 2044; x_wconf 88' lang='lat' dir='ltr'><strong>necessitate</strong></span> <span class='ocrx_word' id='word_1_373' title='bbox 3109 1987 3385 2044; x_wconf 88' lang='lat' dir='ltr'><strong>comeden-</strong></span> 
     </span>
    </p>
   </div>
   <div class='ocr_carea' id='block_1_51' title="bbox 1805 2077 3391 2151">
    <p class='ocr_par' dir='ltr' id='par_1_51' title="bbox 1805 2077 3391 2151">
     <span class='ocr_line' id='line_1_51' title="bbox 1805 2077 3391 2151; baseline 0.004 -21"><span class='ocrx_word' id='word_1_374' title='bbox 1805 2077 1949 2132; x_wconf 91' lang='lat' dir='ltr'><strong>tibus</strong></span> <span class='ocrx_word' id='word_1_375' title='bbox 2005 2078 2325 2147; x_wconf 67' lang='lat' dir='ltr'><strong>poenitentia</strong></span> <span class='ocrx_word' id='word_1_376' title='bbox 2379 2080 2726 2135; x_wconf 89' lang='lat' dir='ltr'><strong>concedenda</strong></span> <span class='ocrx_word' id='word_1_377' title='bbox 2759 2095 2823 2134; x_wconf 78' lang='lat' dir='ltr'><strong>ex</strong></span> <span class='ocrx_word' id='word_1_378' title='bbox 2862 2080 3097 2136; x_wconf 90' lang='lat' dir='ltr'><strong>decretis</strong></span> <span class='ocrx_word' id='word_1_379' title='bbox 3149 2081 3391 2151; x_wconf 86' lang='lat' dir='ltr'><strong>ejusdem</strong></span> 
     </span>
    </p>
   </div>
   <div class='ocr_carea' id='block_1_52' title="bbox 1802 2169 3388 2242">
    <p class='ocr_par' dir='ltr' id='par_1_52' title="bbox 1802 2169 3388 2242">
     <span class='ocr_line' id='line_1_52' title="bbox 1802 2169 3388 2242; baseline 0.002 -20"><span class='ocrx_word' id='word_1_380' title='bbox 1802 2183 1954 2238; x_wconf 76' lang='lat' dir='ltr'><strong>papze</strong></span> <span class='ocrx_word' id='word_1_381' title='bbox 1977 2169 2175 2223; x_wconf 85' lang='lat' dir='ltr'><strong>Leonis</strong></span> <span class='ocrx_word' id='word_1_382' title='bbox 2202 2169 2373 2240; x_wconf 79' lang='lat' dir='ltr'><strong>(epist.</strong></span> <span class='ocrx_word' id='word_1_383' title='bbox 2416 2171 2486 2224; x_wconf 82' lang='lat' dir='ltr'><strong>ad</strong></span> <span class='ocrx_word' id='word_1_384' title='bbox 2512 2169 2732 2242; x_wconf 85' lang='lat' dir='ltr'><strong>Nicet.).</strong></span> <span class='ocrx_word' id='word_1_385' title='bbox 2767 2191 2785 2222; x_wconf 71' lang='grc' dir='ltr'>ι</span> <span class='ocrx_word' id='word_1_386' title='bbox 2817 2171 2891 2227; x_wconf 89' lang='lat' dir='ltr'><strong>De</strong></span> <span class='ocrx_word' id='word_1_387' title='bbox 2919 2173 3002 2227; x_wconf 87' lang='lat' dir='ltr'><strong>his</strong></span> <span class='ocrx_word' id='word_1_388' title='bbox 3033 2172 3388 2235; x_wconf 86' lang='lat' dir='ltr'><strong>Christianis,</strong></span> 
     </span>
    </p>
   </div>
   <div class='ocr_carea' id='block_1_53' title="bbox 1803 2259 3391 2332">
    <p class='ocr_par' dir='ltr' id='par_1_53' title="bbox 1803 2259 3391 2332">
     <span class='ocr_line' id='line_1_53' title="bbox 1803 2259 3391 2332; baseline 0.006 -22"><span class='ocrx_word' id='word_1_389' title='bbox 1803 2261 1894 2330; x_wconf 81' lang='lat' dir='ltr'><strong>qui</strong></span> <span class='ocrx_word' id='word_1_390' title='bbox 1925 2261 2068 2316; x_wconf 87' lang='lat' dir='ltr'><strong>inter</strong></span> <span class='ocrx_word' id='word_1_391' title='bbox 2091 2275 2184 2316; x_wconf 85' lang='lat' dir='ltr'><strong>eos</strong></span> <span class='ocrx_word' id='word_1_392' title='bbox 2215 2276 2245 2315; x_wconf 91' lang='lat' dir='ltr'><strong>a</strong></span> <span class='ocrx_word' id='word_1_393' title='bbox 2270 2261 2464 2332; x_wconf 90' lang='lat' dir='ltr'><strong>quibus</strong></span> <span class='ocrx_word' id='word_1_394' title='bbox 2492 2259 3004 2332; x_wconf 88' lang='lat' dir='ltr'><strong>fuerantcaptivati,</strong></span> <span class='ocrx_word' id='word_1_395' title='bbox 3034 2261 3391 2319; x_wconf 83' lang='lat' dir='ltr'><strong>imntolatitiis</strong></span> 
     </span>
    </p>
   </div>
   <div class='ocr_carea' id='block_1_54' title="bbox 1803 2350 3396 2422">
    <p class='ocr_par' dir='ltr' id='par_1_54' title="bbox 1803 2350 3396 2422">
     <span class='ocr_line' id='line_1_54' title="bbox 1803 2350 3396 2422; baseline 0 -16"><span class='ocrx_word' id='word_1_396' title='bbox 1803 2351 1940 2406; x_wconf 86' lang='lat' dir='ltr'><strong>cibis</strong></span> <span class='ocrx_word' id='word_1_397' title='bbox 1969 2361 2286 2406; x_wconf 85' lang='lat' dir='ltr'><strong>asseruntur</strong></span> <span class='ocrx_word' id='word_1_398' title='bbox 2306 2364 2427 2405; x_wconf 89' lang='lat' dir='ltr'><strong>esse</strong></span> <span class='ocrx_word' id='word_1_399' title='bbox 2451 2350 2637 2422; x_wconf 91' lang='lat' dir='ltr'><strong>polluti</strong></span> <span class='ocrx_word' id='word_1_400' title='bbox 2663 2352 3080 2408; x_wconf 90' lang='lat' dir='ltr'><strong>:consultationi</strong></span> <span class='ocrx_word' id='word_1_401' title='bbox 3111 2351 3396 2407; x_wconf 74' lang='lat' dir='ltr'><strong>charitntis</strong></span> 
     </span>
    </p>
   </div>
   <div class='ocr_carea' id='block_1_55' title="bbox 1807 2445 3398 2515">
    <p class='ocr_par' dir='ltr' id='par_1_55' title="bbox 1807 2445 3398 2515">
     <span class='ocr_line' id='line_1_55' title="bbox 1807 2445 3398 2515; baseline -0.001 -16"><span class='ocrx_word' id='word_1_402' title='bbox 1807 2455 1912 2499; x_wconf 67' lang='lat' dir='ltr'><strong>tua:</strong></span> <span class='ocrx_word' id='word_1_403' title='bbox 1943 2445 2046 2506; x_wconf 86' lang='lat' dir='ltr'><strong>hoc</strong></span> <span class='ocrx_word' id='word_1_404' title='bbox 2075 2445 2236 2499; x_wconf 87' lang='lat' dir='ltr'><strong>etiam</strong></span> <span class='ocrx_word' id='word_1_405' title='bbox 2269 2446 2702 2515; x_wconf 89' lang='lat' dir='ltr'><strong>respondendum</strong></span> <span class='ocrx_word' id='word_1_406' title='bbox 2725 2460 2846 2503; x_wconf 92' lang='lat' dir='ltr'><strong>esse</strong></span> <span class='ocrx_word' id='word_1_407' title='bbox 2877 2445 3171 2513; x_wconf 89' lang='lat' dir='ltr'><strong>credimus,</strong></span> <span class='ocrx_word' id='word_1_408' title='bbox 3205 2453 3260 2499; x_wconf 90' lang='lat' dir='ltr'><strong>ut</strong></span> <span class='ocrx_word' id='word_1_409' title='bbox 3285 2459 3398 2514; x_wconf 72' lang='grc' dir='ltr'><strong>νω-</strong></span> 
     </span>
    </p>
   </div>
   <div class='ocr_carea' id='block_1_56' title="bbox 1805 2534 3394 2606">
    <p class='ocr_par' dir='ltr' id='par_1_56' title="bbox 1805 2534 3394 2606">
     <span class='ocr_line' id='line_1_56' title="bbox 1805 2534 3394 2606; baseline -0.002 -16"><span class='ocrx_word' id='word_1_410' title='bbox 1805 2536 2045 2590; x_wconf 75' lang='lat' dir='ltr'><strong>niteutiae</strong></span> <span class='ocrx_word' id='word_1_411' title='bbox 2073 2534 2442 2592; x_wconf 88' lang='lat' dir='ltr'><strong>satisfactione</strong></span> <span class='ocrx_word' id='word_1_412' title='bbox 2468 2545 2784 2606; x_wconf 83' lang='lat' dir='ltr'><strong>purgentur,</strong></span> <span class='ocrx_word' id='word_1_413' title='bbox 2813 2553 2933 2606; x_wconf 69' lang='lat' dir='ltr'><strong>qua:</strong></span> <span class='ocrx_word' id='word_1_414' title='bbox 2963 2551 3069 2591; x_wconf 92' lang='lat' dir='ltr'><strong>non</strong></span> <span class='ocrx_word' id='word_1_415' title='bbox 3105 2545 3215 2590; x_wconf 86' lang='lat' dir='ltr'><strong>tam</strong></span> <span class='ocrx_word' id='word_1_416' title='bbox 3263 2542 3394 2588; x_wconf 89' lang='lat' dir='ltr'><strong>tem-</strong></span> 
     </span>
    </p>
   </div>
   <div class='ocr_carea' id='block_1_57' title="bbox 1803 2627 3396 2700">
    <p class='ocr_par' dir='ltr' id='par_1_57' title="bbox 1803 2627 3396 2700">
     <span class='ocr_line' id='line_1_57' title="bbox 1803 2627 3396 2700; baseline -0.002 -18"><span class='ocrx_word' id='word_1_417' title='bbox 1803 2629 1953 2696; x_wconf 92' lang='lat' dir='ltr'><strong>poris</strong></span> <span class='ocrx_word' id='word_1_418' title='bbox 1990 2627 2341 2700; x_wconf 80' lang='lat' dir='ltr'><strong>longitudine,</strong></span> <span class='ocrx_word' id='word_1_419' title='bbox 2384 2644 2546 2699; x_wconf 89' lang='lat' dir='ltr'><strong>quam</strong></span> <span class='ocrx_word' id='word_1_420' title='bbox 2587 2629 2766 2685; x_wconf 88' lang='lat' dir='ltr'><strong>cordis</strong></span> <span class='ocrx_word' id='word_1_421' title='bbox 2809 2628 3225 2700; x_wconf 91' lang='lat' dir='ltr'><strong>compunctioue</strong></span> <span class='ocrx_word' id='word_1_422' title='bbox 3263 2641 3396 2697; x_wconf 88' lang='lat' dir='ltr'><strong>pen-</strong></span> 
     </span>
    </p>
   </div>
   <div class='ocr_carea' id='block_1_58' title="bbox 1805 2715 3398 2785">
    <p class='ocr_par' dir='ltr' id='par_1_58' title="bbox 1805 2715 3398 2785">
     <span class='ocr_line' id='line_1_58' title="bbox 1805 2715 3398 2785; baseline 0 -13"><span class='ocrx_word' id='word_1_423' title='bbox 1805 2717 1970 2772; x_wconf 86' lang='lat' dir='ltr'><strong>sanda</strong></span> <span class='ocrx_word' id='word_1_424' title='bbox 2000 2726 2103 2772; x_wconf 90' lang='lat' dir='ltr'><strong>est.</strong></span> <span class='ocrx_word' id='word_1_425' title='bbox 2135 2717 2222 2784; x_wconf 84' lang='lat' dir='ltr'><strong>Et,</strong></span> <span class='ocrx_word' id='word_1_426' title='bbox 2249 2718 2364 2774; x_wconf 88' lang='lat' dir='ltr'><strong>sive</strong></span> <span class='ocrx_word' id='word_1_427' title='bbox 2395 2718 2499 2773; x_wconf 90' lang='lat' dir='ltr'><strong>hoc</strong></span> <span class='ocrx_word' id='word_1_428' title='bbox 2527 2727 2708 2774; x_wconf 86' lang='lat' dir='ltr'><strong>terror</strong></span> <span class='ocrx_word' id='word_1_429' title='bbox 2744 2719 3056 2785; x_wconf 79' lang='lat' dir='ltr'><strong>extorserit,</strong></span> <span class='ocrx_word' id='word_1_430' title='bbox 3082 2719 3195 2774; x_wconf 84' lang='lat' dir='ltr'><strong>sive</strong></span> <span class='ocrx_word' id='word_1_431' title='bbox 3224 2715 3398 2772; x_wconf 84' lang='lat' dir='ltr'><strong>fames</strong></span> 
     </span>
    </p>
   </div>
   <div class='ocr_carea' id='block_1_59' title="bbox 1803 2807 3394 2882">
    <p class='ocr_par' dir='ltr' id='par_1_59' title="bbox 1803 2807 3394 2882">
     <span class='ocr_line' id='line_1_59' title="bbox 1803 2807 3394 2882; baseline -0.003 -16"><span class='ocrx_word' id='word_1_432' title='bbox 1803 2811 2054 2872; x_wconf 85' lang='lat' dir='ltr'><strong>suaserit,</strong></span> <span class='ocrx_word' id='word_1_433' title='bbox 2085 2825 2190 2864; x_wconf 94' lang='lat' dir='ltr'><strong>non</strong></span> <span class='ocrx_word' id='word_1_434' title='bbox 2221 2810 2498 2867; x_wconf 91' lang='lat' dir='ltr'><strong>dubitetur</strong></span> <span class='ocrx_word' id='word_1_435' title='bbox 2533 2811 2853 2866; x_wconf 90' lang='lat' dir='ltr'><strong>abolendum</strong></span> <span class='ocrx_word' id='word_1_436' title='bbox 2882 2831 2893 2865; x_wconf 90' lang='lat'><strong>:</strong></span> <span class='ocrx_word' id='word_1_437' title='bbox 2929 2827 3050 2866; x_wconf 92' lang='lat' dir='ltr'><strong>cum</strong></span> <span class='ocrx_word' id='word_1_438' title='bbox 3085 2807 3394 2882; x_wconf 80' lang='lat' dir='ltr'><strong>hujusmodi</strong></span> 
     </span>
    </p>
   </div>
   <div class='ocr_carea' id='block_1_60' title="bbox 1804 2900 3395 2974">
    <p class='ocr_par' dir='ltr' id='par_1_60' title="bbox 1804 2900 3395 2974">
     <span class='ocr_line' id='line_1_60' title="bbox 1804 2900 3395 2974; baseline -0.001 -18"><span class='ocrx_word' id='word_1_439' title='bbox 1804 2901 1957 2956; x_wconf 89' lang='lat' dir='ltr'><strong>cibus</strong></span> <span class='ocrx_word' id='word_1_440' title='bbox 2002 2916 2100 2972; x_wconf 90' lang='lat' dir='ltr'><strong>pro</strong></span> <span class='ocrx_word' id='word_1_441' title='bbox 2148 2909 2314 2966; x_wconf 90' lang='lat' dir='ltr'><strong>metu,</strong></span> <span class='ocrx_word' id='word_1_442' title='bbox 2354 2911 2447 2956; x_wconf 87' lang='lat' dir='ltr'><strong>aut</strong></span> <span class='ocrx_word' id='word_1_443' title='bbox 2492 2902 2809 2974; x_wconf 88' lang='lat' dir='ltr'><strong>indigentia,</strong></span> <span class='ocrx_word' id='word_1_444' title='bbox 2851 2919 2954 2958; x_wconf 91' lang='lat' dir='ltr'><strong>non</strong></span> <span class='ocrx_word' id='word_1_445' title='bbox 2988 2917 3086 2973; x_wconf 87' lang='lat' dir='ltr'><strong>pro</strong></span> <span class='ocrx_word' id='word_1_446' title='bbox 3119 2900 3395 2972; x_wconf 86' lang='lat' dir='ltr'><strong>religionis</strong></span> 
     </span>
    </p>
   </div>
   <div class='ocr_carea' id='block_1_61' title="bbox 1802 2993 2602 3064">
    <p class='ocr_par' dir='ltr' id='par_1_61' title="bbox 1802 2993 2602 3064">
     <span class='ocr_line' id='line_1_61' title="bbox 1802 2993 2602 3064; baseline -0.003 -16"><span class='ocrx_word' id='word_1_447' title='bbox 1802 2993 2148 3049; x_wconf 83' lang='lat' dir='ltr'><strong>veneratione</strong></span> <span class='ocrx_word' id='word_1_448' title='bbox 2176 2993 2247 3048; x_wconf 91' lang='lat' dir='ltr'><strong>sit</strong></span> <span class='ocrx_word' id='word_1_449' title='bbox 2275 3001 2540 3064; x_wconf 87' lang='lat' dir='ltr'><strong>sumptus.</strong></span> <span class='ocrx_word' id='word_1_450' title='bbox 2582 3013 2602 3046; x_wconf 73' lang='grc' dir='ltr'><strong><em>ι</em></strong></span> 
     </span>
    </p>
   </div>
   <div class='ocr_carea' id='block_1_62' title="bbox 2203 3084 2972 3142">
    <p class='ocr_par' dir='ltr' id='par_1_62' title="bbox 2203 3084 2972 3142">
     <span class='ocr_line' id='line_1_62' title="bbox 2203 3084 2972 3142; baseline 0.001 -1"><span class='ocrx_word' id='word_1_451' title='bbox 2203 3084 2340 3141; x_wconf 78' lang='lat' dir='ltr'><strong>XVI.</strong></span> <span class='ocrx_word' id='word_1_452' title='bbox 2375 3085 2459 3140; x_wconf 70' lang='lat' dir='ltr'><strong>Ea:</strong></span> <span class='ocrx_word' id='word_1_453' title='bbox 2481 3086 2702 3142; x_wconf 81' lang='lat' dir='ltr'><strong>concilio</strong></span> <span class='ocrx_word' id='word_1_454' title='bbox 2733 3085 2972 3142; x_wconf 76' lang='lat' dir='ltr'><strong>Nictrno.</strong></span> 
     </span>
    </p>
   </div>
   <div class='ocr_carea' id='block_1_63' title="bbox 105 3147 3396 3251">
    <p class='ocr_par' dir='ltr' id='par_1_63' title="bbox 105 3147 3396 3251">
     <span class='ocr_line' id='line_1_63' title="bbox 105 3147 3396 3251; baseline 0.005 -36"><span class='ocrx_word' id='word_1_455' title='bbox 105 3160 270 3216; x_wconf 88' lang='lat' dir='ltr'><strong>istam</strong></span> <span class='ocrx_word' id='word_1_456' title='bbox 315 3167 588 3232; x_wconf 79' lang='lat' dir='ltr'><strong>exercuit,</strong></span> <span class='ocrx_word' id='word_1_457' title='bbox 618 3167 732 3240; x_wconf 87' lang='lat' dir='ltr'><strong>ipse</strong></span> <span class='ocrx_word' id='word_1_458' title='bbox 773 3187 920 3230; x_wconf 89' lang='lat' dir='ltr'><strong>nunc</strong></span> <span class='ocrx_word' id='word_1_459' title='bbox 962 3173 1028 3230; x_wconf 89' lang='lat' dir='ltr'><strong>de</strong></span> <span class='ocrx_word' id='word_1_460' title='bbox 1047 3147 1176 3244; x_wconf 77' lang='lat' dir='ltr'><strong>ipso</strong></span> <span class='ocrx_word' id='word_1_461' title='bbox 1229 3177 1526 3234; x_wconf 90' lang='lat' dir='ltr'><strong>inferorum</strong></span> <span class='ocrx_word' id='word_1_462' title='bbox 1570 3194 1698 3236; x_wconf 85' lang='lat' dir='ltr'><strong>con-</strong></span> <span class='ocrx_word' id='word_1_463' title='bbox 1724 3147 1772 3212; x_wconf 63' lang='grc' dir='ltr'>ο</span> <span class='ocrx_word' id='word_1_464' title='bbox 1875 3179 1950 3234; x_wconf 87' lang='lat' dir='ltr'><strong>De</strong></span> <span class='ocrx_word' id='word_1_465' title='bbox 1993 3177 2148 3235; x_wconf 88' lang='lat' dir='ltr'><strong>laicts</strong></span> <span class='ocrx_word' id='word_1_466' title='bbox 2175 3178 2268 3248; x_wconf 91' lang='lat' dir='ltr'><strong>qui</strong></span> <span class='ocrx_word' id='word_1_467' title='bbox 2317 3178 2484 3234; x_wconf 88' lang='lat' dir='ltr'><strong>Deum</strong></span> <span class='ocrx_word' id='word_1_468' title='bbox 2538 3187 2908 3251; x_wconf 86' lang='lat' dir='ltr'><strong>negaverunt,</strong></span> <span class='ocrx_word' id='word_1_469' title='bbox 2955 3187 3010 3234; x_wconf 89' lang='lat' dir='ltr'><strong>et</strong></span> <span class='ocrx_word' id='word_1_470' title='bbox 3062 3178 3129 3234; x_wconf 91' lang='lat' dir='ltr'><strong>de</strong></span> <span class='ocrx_word' id='word_1_471' title='bbox 3171 3177 3255 3233; x_wconf 89' lang='lat' dir='ltr'><strong>his</strong></span> <span class='ocrx_word' id='word_1_472' title='bbox 3303 3175 3396 3250; x_wconf 89' lang='lat' dir='ltr'><strong>qui</strong></span> 
     </span>
    </p>
   </div>
   <div class='ocr_carea' id='block_1_64' title="bbox 105 3252 1696 3336">
    <p class='ocr_par' dir='ltr' id='par_1_64' title="bbox 105 3252 1696 3336">
     <span class='ocr_line' id='line_1_64' title="bbox 105 3252 1696 3336; baseline 0.015 -30"><span class='ocrx_word' id='word_1_473' title='bbox 105 3252 273 3319; x_wconf 79' lang='lat' dir='ltr'><strong>clavi,</strong></span> <span class='ocrx_word' id='word_1_474' title='bbox 346 3270 414 3311; x_wconf 79' lang='lat' dir='ltr'><strong>ex</strong></span> <span class='ocrx_word' id='word_1_475' title='bbox 445 3257 578 3328; x_wconf 88' lang='lat' dir='ltr'><strong>ipsis</strong></span> <span class='ocrx_word' id='word_1_476' title='bbox 611 3259 908 3328; x_wconf 86' lang='lat' dir='ltr'><strong>draconum</strong></span> <span class='ocrx_word' id='word_1_477' title='bbox 957 3265 1224 3336; x_wconf 84' lang='lat' dir='ltr'><strong>faucibus,</strong></span> <span class='ocrx_word' id='word_1_478' title='bbox 1257 3272 1563 3328; x_wconf 89' lang='lat' dir='ltr'><strong>animarum</strong></span> <span class='ocrx_word' id='word_1_479' title='bbox 1600 3289 1696 3330; x_wconf 87' lang='lat' dir='ltr'><strong>ve-</strong></span> 
     </span>
    </p>
   </div>
   <div class='ocr_carea' id='block_1_65' title="bbox 103 3352 1696 3426">
    <p class='ocr_par' dir='ltr' id='par_1_65' title="bbox 103 3352 1696 3426">
     <span class='ocr_line' id='line_1_65' title="bbox 103 3352 1696 3426; baseline 0.016 -29"><span class='ocrx_word' id='word_1_480' title='bbox 103 3353 351 3400; x_wconf 91' lang='lat' dir='ltr'><strong>strarum</strong></span> <span class='ocrx_word' id='word_1_481' title='bbox 385 3352 751 3420; x_wconf 88' lang='lat' dir='ltr'><strong>captivitatem</strong></span> <span class='ocrx_word' id='word_1_482' title='bbox 787 3357 983 3426; x_wconf 87' lang='lat' dir='ltr'><strong>eripuit</strong></span> <span class='ocrx_word' id='word_1_483' title='bbox 1010 3377 1022 3412; x_wconf 91' lang='lat'>:</span> <span class='ocrx_word' id='word_1_484' title='bbox 1049 3368 1104 3414; x_wconf 90' lang='lat' dir='ltr'><strong>et</strong></span> <span class='ocrx_word' id='word_1_485' title='bbox 1131 3362 1285 3418; x_wconf 88' lang='lat' dir='ltr'><strong>vobis</strong></span> <span class='ocrx_word' id='word_1_486' title='bbox 1307 3379 1454 3420; x_wconf 90' lang='lat' dir='ltr'><strong>nunc</strong></span> <span class='ocrx_word' id='word_1_487' title='bbox 1481 3381 1512 3418; x_wconf 89' lang='lat' dir='ltr'><strong>a</strong></span> <span class='ocrx_word' id='word_1_488' title='bbox 1541 3374 1696 3422; x_wconf 86' lang='lat' dir='ltr'><strong>tene-</strong></span> 
     </span>
    </p>
   </div>
   <div class='ocr_carea' id='block_1_66' title="bbox 105 3434 1698 3528">
    <p class='ocr_par' dir='ltr' id='par_1_66' title="bbox 105 3434 1698 3528">
     <span class='ocr_line' id='line_1_66' title="bbox 105 3434 1698 3528; baseline 0.016 -40"><span class='ocrx_word' id='word_1_489' title='bbox 105 3434 226 3528; x_wconf 85' lang='lat' dir='ltr'><strong>bris</strong></span> <span class='ocrx_word' id='word_1_490' title='bbox 251 3437 318 3492; x_wconf 90' lang='lat' dir='ltr'><strong>ad</strong></span> <span class='ocrx_word' id='word_1_491' title='bbox 346 3437 521 3495; x_wconf 80' lang='lat' dir='ltr'><strong>lucent</strong></span> <span class='ocrx_word' id='word_1_492' title='bbox 550 3447 916 3512; x_wconf 84' lang='lat' dir='ltr'><strong>remeantibus</strong></span> <span class='ocrx_word' id='word_1_493' title='bbox 941 3458 1158 3513; x_wconf 60' lang='lat' dir='ltr'><strong>retentae</strong></span> <span class='ocrx_word' id='word_1_494' title='bbox 1182 3454 1306 3510; x_wconf 70' lang='lat' dir='ltr'><strong>vita:</strong></span> <span class='ocrx_word' id='word_1_495' title='bbox 1326 3453 1524 3523; x_wconf 81' lang='lat' dir='ltr'><strong>januas</strong></span> <span class='ocrx_word' id='word_1_496' title='bbox 1553 3468 1698 3528; x_wconf 89' lang='lat' dir='ltr'><strong>pate-</strong></span> 
     </span>
    </p>
   </div>
   <div class='ocr_carea' id='block_1_67' title="bbox 102 3527 1697 3616">
    <p class='ocr_par' dir='ltr' id='par_1_67' title="bbox 102 3527 1697 3616">
     <span class='ocr_line' id='line_1_67' title="bbox 102 3527 1697 3616; baseline 0.016 -34"><span class='ocrx_word' id='word_1_497' title='bbox 102 3527 262 3584; x_wconf 87' lang='lat' dir='ltr'><strong>fecit.</strong></span> <span class='ocrx_word' id='word_1_498' title='bbox 293 3531 428 3602; x_wconf 83' lang='lat' dir='ltr'><strong>Quia</strong></span> <span class='ocrx_word' id='word_1_499' title='bbox 455 3549 586 3608; x_wconf 87' lang='lat' dir='ltr'><strong>ergo</strong></span> <span class='ocrx_word' id='word_1_500' title='bbox 610 3552 800 3597; x_wconf 87' lang='lat' dir='ltr'><strong>omnes</strong></span> <span class='ocrx_word' id='word_1_501' title='bbox 829 3542 1124 3611; x_wconf 70' lang='lat' dir='ltr'><strong>daemones,</strong></span> <span class='ocrx_word' id='word_1_502' title='bbox 1157 3548 1248 3616; x_wconf 92' lang='lat' dir='ltr'><strong>qui</strong></span> <span class='ocrx_word' id='word_1_503' title='bbox 1289 3560 1416 3604; x_wconf 87' lang='lat' dir='ltr'><strong>sunt</strong></span> <span class='ocrx_word' id='word_1_504' title='bbox 1443 3527 1697 3607; x_wconf 88' lang='lat' dir='ltr'><strong>tenebra-</strong></span> 
     </span>
    </p>
   </div>
   <div class='ocr_carea' id='block_1_68' title="bbox 106 3622 1696 3714">
    <p class='ocr_par' dir='ltr' id='par_1_68' title="bbox 106 3622 1696 3714">
     <span class='ocr_line' id='line_1_68' title="bbox 106 3622 1696 3714; baseline 0.014 -39"><span class='ocrx_word' id='word_1_505' title='bbox 106 3636 238 3710; x_wconf 57' lang='lat' dir='ltr'><strong>rum</strong></span> <span class='ocrx_word' id='word_1_506' title='bbox 265 3622 379 3714; x_wconf 86' lang='lat' dir='ltr'><strong>ﬁlii,</strong></span> <span class='ocrx_word' id='word_1_507' title='bbox 409 3629 799 3694; x_wconf 81' lang='lat' dir='ltr'><strong>contristantur</strong></span> <span class='ocrx_word' id='word_1_508' title='bbox 828 3651 841 3699; x_wconf 93' lang='lat'>;</span> <span class='ocrx_word' id='word_1_509' title='bbox 869 3644 924 3695; x_wconf 83' lang='lat' dir='ltr'><strong>et</strong></span> <span class='ocrx_word' id='word_1_510' title='bbox 957 3651 1148 3694; x_wconf 86' lang='lat' dir='ltr'><strong>omnes</strong></span> <span class='ocrx_word' id='word_1_511' title='bbox 1171 3641 1345 3695; x_wconf 84' lang='lat' dir='ltr'><strong>sancti</strong></span> <span class='ocrx_word' id='word_1_512' title='bbox 1375 3643 1576 3712; x_wconf 83' lang='lat' dir='ltr'><strong>angeli,</strong></span> <span class='ocrx_word' id='word_1_513' title='bbox 1603 3643 1696 3714; x_wconf 90' lang='lat' dir='ltr'><strong>qui</strong></span> 
     </span>
    </p>
   </div>
   <div class='ocr_carea' id='block_1_69' title="bbox 106 3713 1697 3805">
    <p class='ocr_par' dir='ltr' id='par_1_69' title="bbox 106 3713 1697 3805">
     <span class='ocr_line' id='line_1_69' title="bbox 106 3713 1697 3805; baseline 0.014 -37"><span class='ocrx_word' id='word_1_514' title='bbox 106 3723 246 3770; x_wconf 83' lang='lat' dir='ltr'><strong>sunt</strong></span> <span class='ocrx_word' id='word_1_515' title='bbox 279 3713 375 3770; x_wconf 85' lang='lat' dir='ltr'><strong>lilii</strong></span> <span class='ocrx_word' id='word_1_516' title='bbox 432 3717 672 3785; x_wconf 91' lang='lat' dir='ltr'><strong>luminis,</strong></span> <span class='ocrx_word' id='word_1_517' title='bbox 711 3724 1075 3794; x_wconf 82' lang='lat' dir='ltr'><strong>gratulantur,</strong></span> <span class='ocrx_word' id='word_1_518' title='bbox 1113 3731 1338 3787; x_wconf 88' lang='lat' dir='ltr'><strong>accedat</strong></span> <span class='ocrx_word' id='word_1_519' title='bbox 1383 3713 1697 3805; x_wconf 86' lang='lat' dir='ltr'><strong>uniusquis-</strong></span> 
     </span>
    </p>
   </div>
   <div class='ocr_carea' id='block_1_70' title="bbox 103 3806 1696 3894">
    <p class='ocr_par' dir='ltr' id='par_1_70' title="bbox 103 3806 1696 3894">
     <span class='ocr_line' id='line_1_70' title="bbox 103 3806 1696 3894; baseline 0.014 -36"><span class='ocrx_word' id='word_1_520' title='bbox 103 3818 242 3874; x_wconf 86' lang='lat' dir='ltr'><strong>que,</strong></span> <span class='ocrx_word' id='word_1_521' title='bbox 271 3815 328 3860; x_wconf 89' lang='lat' dir='ltr'><strong>et</strong></span> <span class='ocrx_word' id='word_1_522' title='bbox 352 3806 441 3864; x_wconf 90' lang='lat' dir='ltr'><strong>det</strong></span> <span class='ocrx_word' id='word_1_523' title='bbox 467 3825 661 3868; x_wconf 88' lang='lat' dir='ltr'><strong>nomen</strong></span> <span class='ocrx_word' id='word_1_524' title='bbox 697 3829 878 3881; x_wconf 84' lang='lat' dir='ltr'><strong>suum,</strong></span> <span class='ocrx_word' id='word_1_525' title='bbox 914 3827 972 3872; x_wconf 88' lang='lat' dir='ltr'><strong>ut</strong></span> <span class='ocrx_word' id='word_1_526' title='bbox 1018 3819 1282 3876; x_wconf 90' lang='lat' dir='ltr'><strong>hodierno</strong></span> <span class='ocrx_word' id='word_1_527' title='bbox 1313 3823 1399 3878; x_wconf 91' lang='lat' dir='ltr'><strong>die</strong></span> <span class='ocrx_word' id='word_1_528' title='bbox 1426 3839 1595 3894; x_wconf 90' lang='lat' dir='ltr'><strong>usque</strong></span> <span class='ocrx_word' id='word_1_529' title='bbox 1629 3826 1696 3880; x_wconf 90' lang='lat' dir='ltr'><strong>ad</strong></span> 
     </span>
    </p>
   </div>
   <div class='ocr_carea' id='block_1_71' title="bbox 105 3903 1699 3986">
    <p class='ocr_par' dir='ltr' id='par_1_71' title="bbox 105 3903 1699 3986">
     <span class='ocr_line' id='line_1_71' title="bbox 105 3903 1699 3986; baseline 0.014 -36"><span class='ocrx_word' id='word_1_530' title='bbox 105 3911 402 3967; x_wconf 84' lang='lat' dir='ltr'><strong>vesperum</strong></span> <span class='ocrx_word' id='word_1_531' title='bbox 427 3903 760 3972; x_wconf 76' lang='lat' dir='ltr'><strong>perducente</strong></span> <span class='ocrx_word' id='word_1_532' title='bbox 793 3905 1022 3977; x_wconf 83' lang='lat' dir='ltr'><strong>jejunio,</strong></span> <span class='ocrx_word' id='word_1_533' title='bbox 1052 3910 1306 3968; x_wconf 88' lang='lat' dir='ltr'><strong>festivum</strong></span> <span class='ocrx_word' id='word_1_534' title='bbox 1357 3916 1699 3986; x_wconf 87' lang='lat' dir='ltr'><strong>baptismatis</strong></span> 
     </span>
    </p>
   </div>
   <div class='ocr_carea' id='block_1_72' title="bbox 103 4005 1696 4082">
    <p class='ocr_par' dir='ltr' id='par_1_72' title="bbox 103 4005 1696 4082">
     <span class='ocr_line' id='line_1_72' title="bbox 103 4005 1696 4082; baseline 0.013 -35"><span class='ocrx_word' id='word_1_535' title='bbox 103 4005 512 4054; x_wconf 80' lang='lat' dir='ltr'><strong>sacramentum</strong></span> <span class='ocrx_word' id='word_1_536' title='bbox 543 4009 907 4069; x_wconf 86' lang='lat' dir='ltr'><strong>opportunum</strong></span> <span class='ocrx_word' id='word_1_537' title='bbox 945 4015 1154 4082; x_wconf 86' lang='lat' dir='ltr'><strong>tempus</strong></span> <span class='ocrx_word' id='word_1_538' title='bbox 1199 4007 1458 4063; x_wconf 87' lang='lat' dir='ltr'><strong>inveniat.</strong></span> <span class='ocrx_word' id='word_1_539' title='bbox 1497 4009 1564 4065; x_wconf 82' lang='lat' dir='ltr'><strong>Et</strong></span> <span class='ocrx_word' id='word_1_540' title='bbox 1595 4011 1696 4067; x_wconf 87' lang='lat' dir='ltr'><strong>ite-</strong></span> 
     </span>
    </p>
   </div>
   <div class='ocr_carea' id='block_1_73' title="bbox 105 4087 1692 4168">
    <p class='ocr_par' dir='ltr' id='par_1_73' title="bbox 105 4087 1692 4168">
     <span class='ocr_line' id='line_1_73' title="bbox 105 4087 1692 4168; baseline 0.011 -27"><span class='ocrx_word' id='word_1_541' title='bbox 105 4100 256 4141; x_wconf 89' lang='lat' dir='ltr'><strong>rum.</strong></span> <span class='ocrx_word' id='word_1_542' title='bbox 287 4087 474 4144; x_wconf 90' lang='lat' dir='ltr'><strong>Omnis</strong></span> <span class='ocrx_word' id='word_1_543' title='bbox 494 4089 696 4147; x_wconf 87' lang='lat' dir='ltr'><strong>familia</strong></span> <span class='ocrx_word' id='word_1_544' title='bbox 735 4108 857 4164; x_wconf 72' lang='lat' dir='ltr'><strong>quze</strong></span> <span class='ocrx_word' id='word_1_545' title='bbox 909 4097 1116 4152; x_wconf 88' lang='lat' dir='ltr'><strong>eratin</strong></span> <span class='ocrx_word' id='word_1_546' title='bbox 1153 4100 1316 4155; x_wconf 90' lang='lat' dir='ltr'><strong>domo</strong></span> <span class='ocrx_word' id='word_1_547' title='bbox 1372 4101 1692 4168; x_wconf 87' lang='lat' dir='ltr'><strong>Nicostrati,</strong></span> 
     </span>
    </p>
   </div>
   <div class='ocr_carea' id='block_1_74' title="bbox 104 4179 1695 4256">
    <p class='ocr_par' dir='ltr' id='par_1_74' title="bbox 104 4179 1695 4256">
     <span class='ocr_line' id='line_1_74' title="bbox 104 4179 1695 4256; baseline 0.013 -24"><span class='ocrx_word' id='word_1_548' title='bbox 104 4179 310 4236; x_wconf 77' lang='lat' dir='ltr'><strong>anima:</strong></span> <span class='ocrx_word' id='word_1_549' title='bbox 333 4196 503 4239; x_wconf 76' lang='lat' dir='ltr'><strong>nun</strong></span> <span class='ocrx_word' id='word_1_550' title='bbox 555 4185 851 4256; x_wconf 89' lang='lat' dir='ltr'><strong>promiscui</strong></span> <span class='ocrx_word' id='word_1_551' title='bbox 919 4204 1084 4246; x_wconf 83' lang='lat' dir='ltr'><strong>sexus</strong></span> <span class='ocrx_word' id='word_1_552' title='bbox 1129 4202 1184 4248; x_wconf 90' lang='lat' dir='ltr'><strong>et</strong></span> <span class='ocrx_word' id='word_1_553' title='bbox 1230 4195 1450 4250; x_wconf 66' lang='lat' dir='ltr'><strong>aetatis:</strong></span> <span class='ocrx_word' id='word_1_554' title='bbox 1495 4196 1695 4253; x_wconf 91' lang='lat' dir='ltr'><strong>dehinc</strong></span> 
     </span>
    </p>
   </div>
   <div class='ocr_carea' id='block_1_75' title="bbox 103 4278 1694 4358">
    <p class='ocr_par' dir='ltr' id='par_1_75' title="bbox 103 4278 1694 4358">
     <span class='ocr_line' id='line_1_75' title="bbox 103 4278 1694 4358; baseline 0.011 -28"><span class='ocrx_word' id='word_1_555' title='bbox 103 4290 306 4334; x_wconf 87' lang='lat' dir='ltr'><strong>omnes</strong></span> <span class='ocrx_word' id='word_1_556' title='bbox 341 4278 432 4347; x_wconf 91' lang='lat' dir='ltr'><strong>qui</strong></span> <span class='ocrx_word' id='word_1_557' title='bbox 468 4279 653 4346; x_wconf 90' lang='lat' dir='ltr'><strong>vincti,</strong></span> <span class='ocrx_word' id='word_1_558' title='bbox 687 4297 751 4338; x_wconf 91' lang='lat' dir='ltr'><strong>ac</strong></span> <span class='ocrx_word' id='word_1_559' title='bbox 777 4285 847 4341; x_wconf 89' lang='lat' dir='ltr'><strong>de</strong></span> <span class='ocrx_word' id='word_1_560' title='bbox 871 4288 1114 4342; x_wconf 87' lang='lat' dir='ltr'><strong>carceris</strong></span> <span class='ocrx_word' id='word_1_561' title='bbox 1157 4289 1412 4358; x_wconf 85' lang='lat' dir='ltr'><strong>squalore</strong></span> <span class='ocrx_word' id='word_1_562' title='bbox 1457 4291 1694 4358; x_wconf 90' lang='lat' dir='ltr'><strong>adducti,</strong></span> 
     </span>
    </p>
   </div>
   <div class='ocr_carea' id='block_1_76' title="bbox 107 4367 1700 4454">
    <p class='ocr_par' dir='ltr' id='par_1_76' title="bbox 107 4367 1700 4454">
     <span class='ocr_line' id='line_1_76' title="bbox 107 4367 1700 4454; baseline 0.012 -34"><span class='ocrx_word' id='word_1_563' title='bbox 107 4367 316 4423; x_wconf 68' lang='lat' dir='ltr'><strong>anima:</strong></span> <span class='ocrx_word' id='word_1_564' title='bbox 339 4384 454 4436; x_wconf 78' lang='lat' dir='ltr'><strong>xvr,</strong></span> <span class='ocrx_word' id='word_1_565' title='bbox 485 4386 677 4432; x_wconf 91' lang='lat' dir='ltr'><strong>omnes</strong></span> <span class='ocrx_word' id='word_1_566' title='bbox 705 4374 794 4431; x_wconf 88' lang='lat' dir='ltr'><strong>isti</strong></span> <span class='ocrx_word' id='word_1_567' title='bbox 823 4393 951 4432; x_wconf 58' lang='grc' dir='ltr'><strong>ηις</strong></span> <span class='ocrx_word' id='word_1_568' title='bbox 979 4394 1009 4433; x_wconf 93' lang='lat' dir='ltr'><strong>a</strong></span> <span class='ocrx_word' id='word_1_569' title='bbox 1036 4389 1224 4436; x_wconf 89' lang='lat' dir='ltr'><strong>sancto</strong></span> <span class='ocrx_word' id='word_1_570' title='bbox 1247 4380 1546 4453; x_wconf 82' lang='lat' dir='ltr'><strong>Polycarpo</strong></span> <span class='ocrx_word' id='word_1_571' title='bbox 1575 4399 1700 4454; x_wconf 87' lang='lat' dir='ltr'><strong>pre-</strong></span> 
     </span>
    </p>
   </div>
   <div class='ocr_carea' id='block_1_77' title="bbox 104 4462 1696 4554">
    <p class='ocr_par' dir='ltr' id='par_1_77' title="bbox 104 4462 1696 4554">
     <span class='ocr_line' id='line_1_77' title="bbox 104 4462 1696 4554; baseline 0.011 -41"><span class='ocrx_word' id='word_1_572' title='bbox 104 4464 337 4534; x_wconf 67' lang='lat' dir='ltr'><strong>Slly18l&#39;0</strong></span> <span class='ocrx_word' id='word_1_573' title='bbox 376 4462 657 4554; x_wconf 2' lang='lat' dir='ltr'><strong>haptigzati,</strong></span> <span class='ocrx_word' id='word_1_574' title='bbox 696 4474 752 4530; x_wconf 85' lang='lat' dir='ltr'><strong>et</strong></span> <span class='ocrx_word' id='word_1_575' title='bbox 775 4481 807 4523; x_wconf 87' lang='lat' dir='ltr'><strong>a</strong></span> <span class='ocrx_word' id='word_1_576' title='bbox 836 4479 1027 4527; x_wconf 83' lang='lat' dir='ltr'><strong>sancto</strong></span> <span class='ocrx_word' id='word_1_577' title='bbox 1078 4471 1400 4531; x_wconf 88' lang='lat' dir='ltr'><strong>Sebastiano</strong></span> <span class='ocrx_word' id='word_1_578' title='bbox 1458 4476 1696 4548; x_wconf 90' lang='lat' dir='ltr'><strong>suscepti</strong></span> 
     </span>
    </p>
   </div>
   <div class='ocr_carea' id='block_1_78' title="bbox 103 4560 314 4608">
    <p class='ocr_par' dir='ltr' id='par_1_78' title="bbox 103 4560 314 4608">
     <span class='ocr_line' id='line_1_78' title="bbox 103 4560 314 4608; baseline 0.009 -2"><span class='ocrx_word' id='word_1_579' title='bbox 103 4560 257 4608; x_wconf 79' lang='lat' dir='ltr'><strong>sunt.</strong></span> <span class='ocrx_word' id='word_1_580' title='bbox 291 4571 314 4608; x_wconf 71' lang='grc' dir='ltr'><strong><em>ι</em></strong></span> 
     </span>
    </p>
   </div>
   <div class='ocr_carea' id='block_1_79' title="bbox 219 4685 1588 4777">
    <p class='ocr_par' dir='ltr' id='par_1_79' title="bbox 219 4685 1588 4777">
     <span class='ocr_line' id='line_1_79' title="bbox 219 4685 1588 4777; baseline 0.013 -35"><span class='ocrx_word' id='word_1_581' title='bbox 219 4685 359 4744; x_wconf 82' lang='lat' dir='ltr'><strong>XII].</strong></span> <span class='ocrx_word' id='word_1_582' title='bbox 393 4688 563 4748; x_wconf 81' lang='lat' dir='ltr'><strong>Verba</strong></span> <span class='ocrx_word' id='word_1_583' title='bbox 590 4694 771 4752; x_wconf 85' lang='lat' dir='ltr'><strong>damni</strong></span> <span class='ocrx_word' id='word_1_584' title='bbox 814 4695 974 4755; x_wconf 76' lang='lat' dir='ltr'><strong>Beda:</strong></span> <span class='ocrx_word' id='word_1_585' title='bbox 1006 4699 1082 4774; x_wconf 87' lang='lat' dir='ltr'><strong>(in</strong></span> <span class='ocrx_word' id='word_1_586' title='bbox 1127 4701 1287 4758; x_wconf 85' lang='lat' dir='ltr'><strong>Joan.</strong></span> <span class='ocrx_word' id='word_1_587' title='bbox 1333 4721 1450 4776; x_wconf 82' lang='lat' dir='ltr'><strong>cap.</strong></span> <span class='ocrx_word' id='word_1_588' title='bbox 1479 4705 1588 4777; x_wconf 84' lang='lat' dir='ltr'><strong>tu).</strong></span> 
     </span>
    </p>
   </div>
   <div class='ocr_carea' id='block_1_80' title="bbox 190 4825 1696 4901">
    <p class='ocr_par' dir='ltr' id='par_1_80' title="bbox 190 4825 1696 4901">
     <span class='ocr_line' id='line_1_80' title="bbox 190 4825 1696 4901; baseline 0.016 -24"><span class='ocrx_word' id='word_1_589' title='bbox 190 4845 208 4877; x_wconf 72' lang='grc' dir='ltr'><strong>α</strong></span> <span class='ocrx_word' id='word_1_590' title='bbox 244 4825 409 4884; x_wconf 83' lang='lat' dir='ltr'><strong>Juxta</strong></span> <span class='ocrx_word' id='word_1_591' title='bbox 429 4829 763 4891; x_wconf 82' lang='lat' dir='ltr'><strong>salutiferam</strong></span> <span class='ocrx_word' id='word_1_592' title='bbox 783 4875 800 4901; x_wconf 91' lang='lat'><strong>,</strong></span> <span class='ocrx_word' id='word_1_593' title='bbox 827 4845 882 4893; x_wconf 88' lang='lat' dir='ltr'><strong>et</strong></span> <span class='ocrx_word' id='word_1_594' title='bbox 912 4836 1277 4896; x_wconf 87' lang='lat' dir='ltr'><strong>ﬁrmissimam</strong></span> <span class='ocrx_word' id='word_1_595' title='bbox 1310 4841 1433 4899; x_wconf 88' lang='lat' dir='ltr'><strong>ﬁdei</strong></span> <span class='ocrx_word' id='word_1_596' title='bbox 1466 4843 1696 4900; x_wconf 88' lang='lat' dir='ltr'><strong>catholi-</strong></span> 
     </span>
    </p>
   </div>
   <div class='ocr_carea' id='block_1_81' title="bbox 103 4919 1702 4994">
    <p class='ocr_par' dir='ltr' id='par_1_81' title="bbox 103 4919 1702 4994">
     <span class='ocr_line' id='line_1_81' title="bbox 103 4919 1702 4994; baseline 0.013 -22"><span class='ocrx_word' id='word_1_597' title='bbox 103 4932 189 4972; x_wconf 82' lang='lat' dir='ltr'><strong>cae</strong></span> <span class='ocrx_word' id='word_1_598' title='bbox 221 4919 545 4989; x_wconf 87' lang='lat' dir='ltr'><strong>doctrinam,</strong></span> <span class='ocrx_word' id='word_1_599' title='bbox 572 4924 626 4980; x_wconf 91' lang='lat' dir='ltr'><strong>in</strong></span> <span class='ocrx_word' id='word_1_600' title='bbox 661 4933 1086 4985; x_wconf 70' lang='lat' dir='ltr'><strong>toto‘terrarum</strong></span> <span class='ocrx_word' id='word_1_601' title='bbox 1111 4932 1244 4990; x_wconf 88' lang='lat' dir='ltr'><strong>orbe</strong></span> <span class='ocrx_word' id='word_1_602' title='bbox 1282 4935 1610 4992; x_wconf 90' lang='lat' dir='ltr'><strong>unanimiter</strong></span> <span class='ocrx_word' id='word_1_603' title='bbox 1637 4951 1702 4994; x_wconf 88' lang='lat' dir='ltr'><strong>ac</strong></span> 
     </span>
    </p>
   </div>
   <div class='ocr_carea' id='block_1_82' title="bbox 106 5009 1700 5097">
    <p class='ocr_par' dir='ltr' id='par_1_82' title="bbox 106 5009 1700 5097">
     <span class='ocr_line' id='line_1_82' title="bbox 106 5009 1700 5097; baseline 0.014 -35"><span class='ocrx_word' id='word_1_604' title='bbox 106 5009 349 5084; x_wconf 87' lang='lat' dir='ltr'><strong>ﬁdeliter</strong></span> <span class='ocrx_word' id='word_1_605' title='bbox 373 5013 442 5069; x_wconf 87' lang='lat' dir='ltr'><strong>ab</strong></span> <span class='ocrx_word' id='word_1_606' title='bbox 467 5017 719 5075; x_wconf 89' lang='lat' dir='ltr'><strong>omnibus</strong></span> <span class='ocrx_word' id='word_1_607' title='bbox 741 5019 1136 5078; x_wconf 87' lang='lat' dir='ltr'><strong>observandam</strong></span> <span class='ocrx_word' id='word_1_608' title='bbox 1169 5043 1184 5080; x_wconf 89' lang='lat'><strong>:</strong></span> <span class='ocrx_word' id='word_1_609' title='bbox 1215 5027 1358 5096; x_wconf 89' lang='lat' dir='ltr'><strong>quod</strong></span> <span class='ocrx_word' id='word_1_610' title='bbox 1380 5027 1446 5082; x_wconf 88' lang='lat' dir='ltr'><strong>de</strong></span> <span class='ocrx_word' id='word_1_611' title='bbox 1473 5029 1700 5097; x_wconf 86' lang='lat' dir='ltr'><strong>carnali,</strong></span> 
     </span>
    </p>
   </div>
   <div class='ocr_carea' id='block_1_83' title="bbox 106 5107 1696 5187">
    <p class='ocr_par' dir='ltr' id='par_1_83' title="bbox 106 5107 1696 5187">
     <span class='ocr_line' id='line_1_83' title="bbox 106 5107 1696 5187; baseline 0.011 -25"><span class='ocrx_word' id='word_1_612' title='bbox 106 5107 218 5163; x_wconf 88' lang='lat' dir='ltr'><strong>hoc</strong></span> <span class='ocrx_word' id='word_1_613' title='bbox 248 5109 412 5168; x_wconf 90' lang='lat' dir='ltr'><strong>etiam</strong></span> <span class='ocrx_word' id='word_1_614' title='bbox 441 5113 506 5178; x_wconf 83' lang='lat' dir='ltr'><strong>de</strong></span> <span class='ocrx_word' id='word_1_615' title='bbox 533 5114 765 5184; x_wconf 85' lang='lat' dir='ltr'><strong>spiritali</strong></span> <span class='ocrx_word' id='word_1_616' title='bbox 799 5127 882 5172; x_wconf 86' lang='lat' dir='ltr'><strong>est</strong></span> <span class='ocrx_word' id='word_1_617' title='bbox 908 5122 1258 5187; x_wconf 87' lang='lat' dir='ltr'><strong>generatione</strong></span> <span class='ocrx_word' id='word_1_618' title='bbox 1303 5123 1646 5179; x_wconf 89' lang='lat' dir='ltr'><strong>sentiendum</strong></span> <span class='ocrx_word' id='word_1_619' title='bbox 1682 5142 1696 5179; x_wconf 90' lang='lat'><strong>:</strong></span> 
     </span>
    </p>
   </div>
   <div class='ocr_carea' id='block_1_84' title="bbox 106 5205 1699 5284">
    <p class='ocr_par' dir='ltr' id='par_1_84' title="bbox 106 5205 1699 5284">
     <span class='ocr_line' id='line_1_84' title="bbox 106 5205 1699 5284; baseline 0.01 -31"><span class='ocrx_word' id='word_1_620' title='bbox 106 5214 456 5271; x_wconf 88' lang='lat' dir='ltr'><strong>nequaquam</strong></span> <span class='ocrx_word' id='word_1_621' title='bbox 487 5205 734 5262; x_wconf 88' lang='lat' dir='ltr'><strong>videlicet</strong></span> <span class='ocrx_word' id='word_1_622' title='bbox 775 5223 918 5274; x_wconf 90' lang='lat' dir='ltr'><strong>eam,</strong></span> <span class='ocrx_word' id='word_1_623' title='bbox 950 5220 1232 5280; x_wconf 88' lang='lat' dir='ltr'><strong>postquam</strong></span> <span class='ocrx_word' id='word_1_624' title='bbox 1266 5213 1432 5268; x_wconf 91' lang='lat' dir='ltr'><strong>semel</strong></span> <span class='ocrx_word' id='word_1_625' title='bbox 1485 5213 1699 5284; x_wconf 82' lang='lat' dir='ltr'><strong>expleta</strong></span> 
     </span>
    </p>
   </div>
   <div class='ocr_carea' id='block_1_85' title="bbox 110 5295 1698 5370">
    <p class='ocr_par' dir='ltr' id='par_1_85' title="bbox 110 5295 1698 5370">
     <span class='ocr_line' id='line_1_85' title="bbox 110 5295 1698 5370; baseline 0.009 -22"><span class='ocrx_word' id='word_1_626' title='bbox 110 5295 301 5361; x_wconf 81' lang='lat' dir='ltr'><strong>fuerit,</strong></span> <span class='ocrx_word' id='word_1_627' title='bbox 323 5312 480 5365; x_wconf 84' lang='lat' dir='ltr'><strong>posse</strong></span> <span class='ocrx_word' id='word_1_628' title='bbox 511 5299 845 5370; x_wconf 87' lang='lat' dir='ltr'><strong>repeti.Sive</strong></span> <span class='ocrx_word' id='word_1_629' title='bbox 873 5305 1018 5360; x_wconf 91' lang='lat' dir='ltr'><strong>enim</strong></span> <span class='ocrx_word' id='word_1_630' title='bbox 1047 5303 1357 5370; x_wconf 73' lang='lat' dir='ltr'><strong>haereticus,</strong></span> <span class='ocrx_word' id='word_1_631' title='bbox 1385 5307 1499 5361; x_wconf 91' lang='lat' dir='ltr'><strong>sive</strong></span> <span class='ocrx_word' id='word_1_632' title='bbox 1529 5308 1698 5362; x_wconf 90' lang='lat' dir='ltr'><strong>schis-</strong></span> 
     </span>
    </p>
   </div>
   <div class='ocr_carea' id='block_1_86' title="bbox 107 5388 1701 5466">
    <p class='ocr_par' dir='ltr' id='par_1_86' title="bbox 107 5388 1701 5466">
     <span class='ocr_line' id='line_1_86' title="bbox 107 5388 1701 5466; baseline 0.011 -27"><span class='ocrx_word' id='word_1_633' title='bbox 107 5388 346 5442; x_wconf 83' lang='lat' dir='ltr'><strong>tnaticus</strong></span> <span class='ocrx_word' id='word_1_634' title='bbox 368 5429 382 5452; x_wconf 91' lang='lat'><strong>,</strong></span> <span class='ocrx_word' id='word_1_635' title='bbox 415 5389 529 5446; x_wconf 88' lang='lat' dir='ltr'><strong>sive</strong></span> <span class='ocrx_word' id='word_1_636' title='bbox 583 5389 955 5459; x_wconf 90' lang='lat' dir='ltr'><strong>facinorosus,</strong></span> <span class='ocrx_word' id='word_1_637' title='bbox 988 5399 1218 5466; x_wconf 86' lang='lat' dir='ltr'><strong>quisque</strong></span> <span class='ocrx_word' id='word_1_638' title='bbox 1268 5397 1319 5451; x_wconf 93' lang='lat' dir='ltr'><strong>in</strong></span> <span class='ocrx_word' id='word_1_639' title='bbox 1359 5397 1701 5457; x_wconf 89' lang='lat' dir='ltr'><strong>confessione</strong></span> 
     </span>
    </p>
   </div>
   <div class='ocr_carea' id='block_1_87' title="bbox 104 5478 1696 5560">
    <p class='ocr_par' dir='ltr' id='par_1_87' title="bbox 104 5478 1696 5560">
     <span class='ocr_line' id='line_1_87' title="bbox 104 5478 1696 5560; baseline 0.01 -28"><span class='ocrx_word' id='word_1_640' title='bbox 104 5487 320 5542; x_wconf 62' lang='lat' dir='ltr'><strong>sancta:</strong></span> <span class='ocrx_word' id='word_1_641' title='bbox 354 5478 634 5540; x_wconf 87' lang='lat' dir='ltr'><strong>Trinitatis</strong></span> <span class='ocrx_word' id='word_1_642' title='bbox 685 5485 922 5556; x_wconf 88' lang='lat' dir='ltr'><strong>baptizat</strong></span> <span class='ocrx_word' id='word_1_643' title='bbox 957 5505 968 5539; x_wconf 91' lang='lat'>:</span> <span class='ocrx_word' id='word_1_644' title='bbox 1005 5502 1109 5541; x_wconf 93' lang='lat' dir='ltr'><strong>non</strong></span> <span class='ocrx_word' id='word_1_645' title='bbox 1163 5488 1306 5543; x_wconf 83' lang='lat' dir='ltr'><strong>valet</strong></span> <span class='ocrx_word' id='word_1_646' title='bbox 1359 5489 1446 5544; x_wconf 90' lang='lat' dir='ltr'><strong>ille</strong></span> <span class='ocrx_word' id='word_1_647' title='bbox 1489 5492 1581 5560; x_wconf 92' lang='lat' dir='ltr'><strong>qui</strong></span> <span class='ocrx_word' id='word_1_648' title='bbox 1621 5493 1696 5548; x_wconf 85' lang='lat' dir='ltr'><strong>ita</strong></span> 
     </span>
    </p>
   </div>
   <div class='ocr_carea' id='block_1_88' title="bbox 103 5570 1696 5652">
    <p class='ocr_par' dir='ltr' id='par_1_88' title="bbox 103 5570 1696 5652">
     <span class='ocr_line' id='line_1_88' title="bbox 103 5570 1696 5652; baseline 0.01 -29"><span class='ocrx_word' id='word_1_649' title='bbox 103 5570 422 5642; x_wconf 82' lang='lat' dir='ltr'><strong>baptizatus</strong></span> <span class='ocrx_word' id='word_1_650' title='bbox 455 5584 572 5641; x_wconf 89' lang='lat' dir='ltr'><strong>est,</strong></span> <span class='ocrx_word' id='word_1_651' title='bbox 618 5592 648 5630; x_wconf 93' lang='lat' dir='ltr'><strong>a</strong></span> <span class='ocrx_word' id='word_1_652' title='bbox 695 5577 851 5632; x_wconf 90' lang='lat' dir='ltr'><strong>bonis</strong></span> <span class='ocrx_word' id='word_1_653' title='bbox 902 5579 1185 5635; x_wconf 85' lang='lat' dir='ltr'><strong>catholicis</strong></span> <span class='ocrx_word' id='word_1_654' title='bbox 1238 5581 1598 5652; x_wconf 89' lang='lat' dir='ltr'><strong>rebaptizari,</strong></span> <span class='ocrx_word' id='word_1_655' title='bbox 1631 5597 1696 5639; x_wconf 78' lang='lat' dir='ltr'><strong>nt‘</strong></span> 
     </span>
    </p>
   </div>
   <div class='ocr_carea' id='block_1_89' title="bbox 113 5665 1681 5732">
    <p class='ocr_par' dir='ltr' id='par_1_89' title="bbox 113 5665 1681 5732">
     <span class='ocr_line' id='line_1_89' title="bbox 113 5665 1681 5732; baseline 0.009 -14"><span class='ocrx_word' id='word_1_656' title='bbox 113 5665 406 5730; x_wconf 75' lang='lat' dir='ltr'><strong>tonl‘essio,</strong></span> <span class='ocrx_word' id='word_1_657' title='bbox 449 5668 533 5724; x_wconf 90' lang='lat' dir='ltr'><strong>vel</strong></span> <span class='ocrx_word' id='word_1_658' title='bbox 568 5669 830 5726; x_wconf 74' lang='lat' dir='ltr'><strong>exhibitio</strong></span> <span class='ocrx_word' id='word_1_659' title='bbox 873 5672 1006 5727; x_wconf 85' lang='lat' dir='ltr'><strong>tanti</strong></span> <span class='ocrx_word' id='word_1_660' title='bbox 1057 5673 1292 5728; x_wconf 91' lang='lat' dir='ltr'><strong>nominis</strong></span> <span class='ocrx_word' id='word_1_661' title='bbox 1329 5675 1577 5730; x_wconf 85' lang='lat' dir='ltr'><strong>videatur</strong></span> <span class='ocrx_word' id='word_1_662' title='bbox 1605 5693 1681 5732; x_wconf 89' lang='lat' dir='ltr'><strong>an-</strong></span> 
     </span>
    </p>
   </div>
   <div class='ocr_carea' id='block_1_90' title="bbox 103 5754 385 5815">
    <p class='ocr_par' dir='ltr' id='par_1_90' title="bbox 103 5754 385 5815">
     <span class='ocr_line' id='line_1_90' title="bbox 103 5754 385 5815; baseline 0.011 -6"><span class='ocrx_word' id='word_1_663' title='bbox 103 5754 330 5815; x_wconf 82' lang='lat' dir='ltr'><strong>ttullari.</strong></span> <span class='ocrx_word' id='word_1_664' title='bbox 365 5776 385 5812; x_wconf 74' lang='grc' dir='ltr'><strong><em>ι</em></strong></span> 
     </span>
    </p>
   </div>
   <div class='ocr_carea' id='block_1_91' title="bbox 1731 4516 1778 4580">
    <p class='ocr_par' dir='ltr' id='par_1_91' title="bbox 1731 4516 1778 4580">
     <span class='ocr_line' id='line_1_91' title="bbox 1731 4516 1778 4580; baseline 0 -2"><span class='ocrx_word' id='word_1_665' title='bbox 1731 4516 1778 4580; x_wconf 91' lang='lat' dir='ltr'><strong>D</strong></span> 
     </span>
    </p>
   </div>
   <div class='ocr_carea' id='block_1_92' title="bbox 1803 3268 3396 3334">
    <p class='ocr_par' dir='ltr' id='par_1_92' title="bbox 1803 3268 3396 3334">
     <span class='ocr_line' id='line_1_92' title="bbox 1803 3268 3396 3334; baseline -0.001 -11"><span class='ocrx_word' id='word_1_666' title='bbox 1803 3270 2348 3334; x_wconf 89' lang='lat' dir='ltr'><strong>abrenuntiaverunt,</strong></span> <span class='ocrx_word' id='word_1_667' title='bbox 2403 3277 2458 3325; x_wconf 90' lang='lat' dir='ltr'><strong>et</strong></span> <span class='ocrx_word' id='word_1_668' title='bbox 2508 3271 2706 3324; x_wconf 91' lang='lat' dir='ltr'><strong>iterum</strong></span> <span class='ocrx_word' id='word_1_669' title='bbox 2759 3271 2828 3326; x_wconf 91' lang='lat' dir='ltr'><strong>ad</strong></span> <span class='ocrx_word' id='word_1_670' title='bbox 2860 3268 3116 3324; x_wconf 61' lang='lat' dir='ltr'><strong>saeculum</strong></span> <span class='ocrx_word' id='word_1_671' title='bbox 3153 3276 3277 3324; x_wconf 91' lang='lat' dir='ltr'><strong>sunt</strong></span> <span class='ocrx_word' id='word_1_672' title='bbox 3310 3280 3396 3321; x_wconf 89' lang='lat' dir='ltr'><strong>re-</strong></span> 
     </span>
    </p>
   </div>
   <div class='ocr_carea' id='block_1_93' title="bbox 1800 3355 3391 3429">
    <p class='ocr_par' dir='ltr' id='par_1_93' title="bbox 1800 3355 3391 3429">
     <span class='ocr_line' id='line_1_93' title="bbox 1800 3355 3391 3429; baseline -0.003 -15"><span class='ocrx_word' id='word_1_673' title='bbox 1800 3360 1943 3415; x_wconf 90' lang='lat' dir='ltr'><strong>versi</strong></span> <span class='ocrx_word' id='word_1_674' title='bbox 1973 3401 1988 3425; x_wconf 95' lang='lat'><strong>,</strong></span> <span class='ocrx_word' id='word_1_675' title='bbox 2043 3376 2111 3415; x_wconf 78' lang='lat' dir='ltr'><strong>ex</strong></span> <span class='ocrx_word' id='word_1_676' title='bbox 2166 3360 2397 3416; x_wconf 93' lang='lat' dir='ltr'><strong>concilio</strong></span> <span class='ocrx_word' id='word_1_677' title='bbox 2441 3358 2660 3416; x_wconf 67' lang='lat' dir='ltr'><strong>Nicaeno</strong></span> <span class='ocrx_word' id='word_1_678' title='bbox 2691 3359 2858 3429; x_wconf 86' lang='lat' dir='ltr'><strong>(conc.</strong></span> <span class='ocrx_word' id='word_1_679' title='bbox 2893 3359 3039 3424; x_wconf 87' lang='lat' dir='ltr'><strong>Nic.,</strong></span> <span class='ocrx_word' id='word_1_680' title='bbox 3085 3373 3208 3413; x_wconf 90' lang='lat' dir='ltr'><strong>can.</strong></span> <span class='ocrx_word' id='word_1_681' title='bbox 3259 3355 3391 3429; x_wconf 79' lang='lat' dir='ltr'><strong>ll):</strong></span> 
     </span>
    </p>
   </div>
   <div class='ocr_carea' id='block_1_94' title="bbox 1806 3450 3393 3523">
    <p class='ocr_par' dir='ltr' id='par_1_94' title="bbox 1806 3450 3393 3523">
     <span class='ocr_line' id='line_1_94' title="bbox 1806 3450 3393 3523; baseline -0.002 -19"><span class='ocrx_word' id='word_1_682' title='bbox 1806 3472 1825 3504; x_wconf 77' lang='grc' dir='ltr'>ι</span> <span class='ocrx_word' id='word_1_683' title='bbox 1857 3451 1933 3507; x_wconf 89' lang='lat' dir='ltr'><strong>De</strong></span> <span class='ocrx_word' id='word_1_684' title='bbox 1959 3453 2042 3508; x_wconf 91' lang='lat' dir='ltr'><strong>his</strong></span> <span class='ocrx_word' id='word_1_685' title='bbox 2069 3453 2160 3523; x_wconf 87' lang='lat' dir='ltr'><strong>qui</strong></span> <span class='ocrx_word' id='word_1_686' title='bbox 2199 3463 2398 3522; x_wconf 72' lang='lat' dir='ltr'><strong>praeter</strong></span> <span class='ocrx_word' id='word_1_687' title='bbox 2429 3453 2811 3507; x_wconf 88' lang='lat' dir='ltr'><strong>necessitatem</strong></span> <span class='ocrx_word' id='word_1_688' title='bbox 2847 3450 3191 3522; x_wconf 70' lang='lat' dir='ltr'><strong>prawaricati</strong></span> <span class='ocrx_word' id='word_1_689' title='bbox 3219 3457 3348 3504; x_wconf 90' lang='lat' dir='ltr'><strong>sunt</strong></span> <span class='ocrx_word' id='word_1_690' title='bbox 3375 3487 3393 3515; x_wconf 91' lang='lat'><strong>,</strong></span> 
     </span>
    </p>
   </div>
   <div class='ocr_carea' id='block_1_95' title="bbox 1803 3542 3392 3614">
    <p class='ocr_par' dir='ltr' id='par_1_95' title="bbox 1803 3542 3392 3614">
     <span class='ocr_line' id='line_1_95' title="bbox 1803 3542 3392 3614; baseline -0.001 -18"><span class='ocrx_word' id='word_1_691' title='bbox 1803 3554 1894 3597; x_wconf 88' lang='lat' dir='ltr'><strong>aut</strong></span> <span class='ocrx_word' id='word_1_692' title='bbox 1927 3553 2146 3614; x_wconf 90' lang='lat' dir='ltr'><strong>propter</strong></span> <span class='ocrx_word' id='word_1_693' title='bbox 2171 3544 2497 3600; x_wconf 85' lang='lat' dir='ltr'><strong>ablationem</strong></span> <span class='ocrx_word' id='word_1_694' title='bbox 2535 3542 2877 3609; x_wconf 90' lang='lat' dir='ltr'><strong>facultatum,</strong></span> <span class='ocrx_word' id='word_1_695' title='bbox 2912 3551 3004 3598; x_wconf 91' lang='lat' dir='ltr'><strong>aut</strong></span> <span class='ocrx_word' id='word_1_696' title='bbox 3039 3551 3262 3612; x_wconf 89' lang='lat' dir='ltr'><strong>propter</strong></span> <span class='ocrx_word' id='word_1_697' title='bbox 3299 3555 3392 3609; x_wconf 88' lang='lat' dir='ltr'><strong>pe-</strong></span> 
     </span>
    </p>
   </div>
   <div class='ocr_carea' id='block_1_96' title="bbox 1802 3629 3394 3706">
    <p class='ocr_par' dir='ltr' id='par_1_96' title="bbox 1802 3629 3394 3706">
     <span class='ocr_line' id='line_1_96' title="bbox 1802 3629 3394 3706; baseline -0.002 -18"><span class='ocrx_word' id='word_1_698' title='bbox 1802 3635 2054 3700; x_wconf 87' lang='lat' dir='ltr'><strong>riculum,</strong></span> <span class='ocrx_word' id='word_1_699' title='bbox 2086 3635 2170 3690; x_wconf 91' lang='lat' dir='ltr'><strong>vel</strong></span> <span class='ocrx_word' id='word_1_700' title='bbox 2199 3635 2400 3706; x_wconf 89' lang='lat' dir='ltr'><strong>aliquid</strong></span> <span class='ocrx_word' id='word_1_701' title='bbox 2429 3633 2734 3704; x_wconf 88' lang='lat' dir='ltr'><strong>ltujusmodi</strong></span> <span class='ocrx_word' id='word_1_702' title='bbox 2763 3635 2905 3705; x_wconf 88' lang='lat' dir='ltr'><strong>quod</strong></span> <span class='ocrx_word' id='word_1_703' title='bbox 2953 3633 3154 3688; x_wconf 89' lang='lat' dir='ltr'><strong>factum</strong></span> <span class='ocrx_word' id='word_1_704' title='bbox 3181 3639 3267 3688; x_wconf 87' lang='lat' dir='ltr'><strong>est</strong></span> <span class='ocrx_word' id='word_1_705' title='bbox 3292 3629 3394 3686; x_wconf 87' lang='lat' dir='ltr'><strong>sub</strong></span> 
     </span>
    </p>
   </div>
   <div class='ocr_carea' id='block_1_97' title="bbox 1805 3723 3394 3798">
    <p class='ocr_par' dir='ltr' id='par_1_97' title="bbox 1805 3723 3394 3798">
     <span class='ocr_line' id='line_1_97' title="bbox 1805 3723 3394 3798; baseline -0.004 -17"><span class='ocrx_word' id='word_1_706' title='bbox 1805 3727 2089 3798; x_wconf 80' lang='lat' dir='ltr'><strong>tyrannide</strong></span> <span class='ocrx_word' id='word_1_707' title='bbox 2119 3727 2311 3782; x_wconf 86' lang='lat' dir='ltr'><strong>Licinii</strong></span> <span class='ocrx_word' id='word_1_708' title='bbox 2346 3725 2589 3796; x_wconf 87' lang='lat' dir='ltr'><strong>:placuit</strong></span> <span class='ocrx_word' id='word_1_709' title='bbox 2635 3725 2870 3797; x_wconf 82' lang='lat' dir='ltr'><strong>synodo,</strong></span> <span class='ocrx_word' id='word_1_710' title='bbox 2915 3723 3164 3796; x_wconf 88' lang='lat' dir='ltr'><strong>quamvis</strong></span> <span class='ocrx_word' id='word_1_711' title='bbox 3209 3723 3394 3777; x_wconf 90' lang='lat' dir='ltr'><strong>huma-</strong></span> 
     </span>
    </p>
   </div>
   <div class='ocr_carea' id='block_1_98' title="bbox 1803 3813 3394 3887">
    <p class='ocr_par' dir='ltr' id='par_1_98' title="bbox 1803 3813 3394 3887">
     <span class='ocr_line' id='line_1_98' title="bbox 1803 3813 3394 3887; baseline -0.004 -15"><span class='ocrx_word' id='word_1_712' title='bbox 1803 3819 1972 3874; x_wconf 87' lang='lat' dir='ltr'><strong>nitate</strong></span> <span class='ocrx_word' id='word_1_713' title='bbox 2004 3819 2302 3887; x_wconf 90' lang='lat' dir='ltr'><strong>probentur</strong></span> <span class='ocrx_word' id='word_1_714' title='bbox 2325 3817 2553 3887; x_wconf 85' lang='lat' dir='ltr'><strong>indigni,</strong></span> <span class='ocrx_word' id='word_1_715' title='bbox 2598 3825 2776 3872; x_wconf 90' lang='lat' dir='ltr'><strong>tamen</strong></span> <span class='ocrx_word' id='word_1_716' title='bbox 2827 3817 2906 3872; x_wconf 91' lang='lat' dir='ltr'><strong>eis</strong></span> <span class='ocrx_word' id='word_1_717' title='bbox 2957 3813 3394 3873; x_wconf 85' lang='lat' dir='ltr'><strong>benevolentiam</strong></span> 
     </span>
    </p>
   </div>
   <div class='ocr_carea' id='block_1_99' title="bbox 1803 3905 3392 3982">
    <p class='ocr_par' dir='ltr' id='par_1_99' title="bbox 1803 3905 3392 3982">
     <span class='ocr_line' id='line_1_99' title="bbox 1803 3905 3392 3982; baseline -0.005 -16"><span class='ocrx_word' id='word_1_718' title='bbox 1803 3910 2158 3966; x_wconf 90' lang='lat' dir='ltr'><strong>commodari.</strong></span> <span class='ocrx_word' id='word_1_719' title='bbox 2191 3909 2512 3982; x_wconf 83' lang='lat' dir='ltr'><strong>Quicunque</strong></span> <span class='ocrx_word' id='word_1_720' title='bbox 2538 3925 2668 3980; x_wconf 84' lang='lat' dir='ltr'><strong>ergo</strong></span> <span class='ocrx_word' id='word_1_721' title='bbox 2713 3924 2959 3965; x_wconf 91' lang='lat' dir='ltr'><strong>veracem</strong></span> <span class='ocrx_word' id='word_1_722' title='bbox 2999 3905 3392 3978; x_wconf 64' lang='lat' dir='ltr'><strong>paenitudinem</strong></span> 
     </span>
    </p>
   </div>
   <div class='ocr_carea' id='block_1_100' title="bbox 1801 3998 3394 4072">
    <p class='ocr_par' dir='ltr' id='par_1_100' title="bbox 1801 3998 3394 4072">
     <span class='ocr_line' id='line_1_100' title="bbox 1801 3998 3394 4072; baseline -0.004 -16"><span class='ocrx_word' id='word_1_723' title='bbox 1801 4009 2022 4072; x_wconf 87' lang='lat' dir='ltr'><strong>gerunt,</strong></span> <span class='ocrx_word' id='word_1_724' title='bbox 2053 4001 2225 4056; x_wconf 89' lang='lat' dir='ltr'><strong>tribus</strong></span> <span class='ocrx_word' id='word_1_725' title='bbox 2265 4001 2423 4058; x_wconf 90' lang='lat' dir='ltr'><strong>annis</strong></span> <span class='ocrx_word' id='word_1_726' title='bbox 2451 4000 2638 4056; x_wconf 89' lang='lat' dir='ltr'><strong>ﬁdeles</strong></span> <span class='ocrx_word' id='word_1_727' title='bbox 2669 4001 2813 4056; x_wconf 92' lang='lat' dir='ltr'><strong>inter</strong></span> <span class='ocrx_word' id='word_1_728' title='bbox 2840 3999 3124 4056; x_wconf 89' lang='lat' dir='ltr'><strong>audientes</strong></span> <span class='ocrx_word' id='word_1_729' title='bbox 3152 3998 3394 4052; x_wconf 88' lang='lat' dir='ltr'><strong>habean-</strong></span> 
     </span>
    </p>
   </div>
   <div class='ocr_carea' id='block_1_101' title="bbox 1803 4091 3395 4164">
    <p class='ocr_par' dir='ltr' id='par_1_101' title="bbox 1803 4091 3395 4164">
     <span class='ocr_line' id='line_1_101' title="bbox 1803 4091 3395 4164; baseline -0.001 -16"><span class='ocrx_word' id='word_1_730' title='bbox 1803 4104 1910 4160; x_wconf 91' lang='lat' dir='ltr'><strong>tur,</strong></span> <span class='ocrx_word' id='word_1_731' title='bbox 1933 4103 1988 4150; x_wconf 90' lang='lat' dir='ltr'><strong>et</strong></span> <span class='ocrx_word' id='word_1_732' title='bbox 2013 4109 2106 4149; x_wconf 81' lang='lat' dir='ltr'><strong>sex</strong></span> <span class='ocrx_word' id='word_1_733' title='bbox 2129 4094 2285 4150; x_wconf 90' lang='lat' dir='ltr'><strong>anuis</strong></span> <span class='ocrx_word' id='word_1_734' title='bbox 2311 4095 2459 4149; x_wconf 90' lang='lat' dir='ltr'><strong>omni</strong></span> <span class='ocrx_word' id='word_1_735' title='bbox 2485 4110 2544 4150; x_wconf 86' lang='lat' dir='ltr'><strong>se</strong></span> <span class='ocrx_word' id='word_1_736' title='bbox 2587 4095 2914 4150; x_wconf 90' lang='lat' dir='ltr'><strong>contritione</strong></span> <span class='ocrx_word' id='word_1_737' title='bbox 2952 4093 3231 4164; x_wconf 87' lang='lat' dir='ltr'><strong>dejiciaut,</strong></span> <span class='ocrx_word' id='word_1_738' title='bbox 3260 4091 3395 4146; x_wconf 86' lang='lat' dir='ltr'><strong>duo-</strong></span> 
     </span>
    </p>
   </div>
   <div class='ocr_carea' id='block_1_102' title="bbox 1800 4183 3390 4258">
    <p class='ocr_par' dir='ltr' id='par_1_102' title="bbox 1800 4183 3390 4258">
     <span class='ocr_line' id='line_1_102' title="bbox 1800 4183 3390 4258; baseline -0.003 -14"><span class='ocrx_word' id='word_1_739' title='bbox 1800 4190 1901 4244; x_wconf 89' lang='lat' dir='ltr'><strong>bus</strong></span> <span class='ocrx_word' id='word_1_740' title='bbox 1929 4199 2112 4244; x_wconf 87' lang='lat' dir='ltr'><strong>autem</strong></span> <span class='ocrx_word' id='word_1_741' title='bbox 2167 4188 2325 4244; x_wconf 91' lang='lat' dir='ltr'><strong>annis</strong></span> <span class='ocrx_word' id='word_1_742' title='bbox 2361 4189 2474 4244; x_wconf 89' lang='lat' dir='ltr'><strong>sive</strong></span> <span class='ocrx_word' id='word_1_743' title='bbox 2511 4189 2786 4246; x_wconf 90' lang='lat' dir='ltr'><strong>oblatione</strong></span> <span class='ocrx_word' id='word_1_744' title='bbox 2829 4186 3029 4258; x_wconf 91' lang='lat' dir='ltr'><strong>populo</strong></span> <span class='ocrx_word' id='word_1_745' title='bbox 3059 4187 3114 4241; x_wconf 93' lang='lat' dir='ltr'><strong>in</strong></span> <span class='ocrx_word' id='word_1_746' title='bbox 3139 4183 3390 4241; x_wconf 87' lang='lat' dir='ltr'><strong>oratione</strong></span> 
     </span>
    </p>
   </div>
   <div class='ocr_carea' id='block_1_103' title="bbox 1801 4280 2274 4338">
    <p class='ocr_par' dir='ltr' id='par_1_103' title="bbox 1801 4280 2274 4338">
     <span class='ocr_line' id='line_1_103' title="bbox 1801 4280 2274 4338; baseline -0.006 -2"><span class='ocrx_word' id='word_1_747' title='bbox 1801 4280 2222 4338; x_wconf 84' lang='lat' dir='ltr'><strong>communicent.</strong></span> <span class='ocrx_word' id='word_1_748' title='bbox 2254 4299 2274 4333; x_wconf 73' lang='grc' dir='ltr'><strong><em>ι</em></strong></span> 
     </span>
    </p>
   </div>
   <div class='ocr_carea' id='block_1_104' title="bbox 2096 4367 3098 4441">
    <p class='ocr_par' dir='ltr' id='par_1_104' title="bbox 2096 4367 3098 4441">
     <span class='ocr_line' id='line_1_104' title="bbox 2096 4367 3098 4441; baseline -0.002 -15"><span class='ocrx_word' id='word_1_749' title='bbox 2096 4369 2256 4426; x_wconf 76' lang='lat' dir='ltr'><strong>XVI].</strong></span> <span class='ocrx_word' id='word_1_750' title='bbox 2296 4369 2383 4425; x_wconf 73' lang='lat' dir='ltr'><em>Ex</em></span> <span class='ocrx_word' id='word_1_751' title='bbox 2421 4371 2644 4426; x_wconf 81' lang='lat' dir='ltr'><strong>concilio</strong></span> <span class='ocrx_word' id='word_1_752' title='bbox 2674 4367 3098 4441; x_wconf 67' lang='lat' dir='ltr'><strong>Carthaginiensi.</strong></span> 
     </span>
    </p>
   </div>
   <div class='ocr_carea' id='block_1_105' title="bbox 1875 4461 3396 4537">
    <p class='ocr_par' dir='ltr' id='par_1_105' title="bbox 1875 4461 3396 4537">
     <span class='ocr_line' id='line_1_105' title="bbox 1875 4461 3396 4537; baseline -0.001 -17"><span class='ocrx_word' id='word_1_753' title='bbox 1875 4465 2060 4537; x_wconf 79' lang='lat' dir='ltr'><strong>(Cone.</strong></span> <span class='ocrx_word' id='word_1_754' title='bbox 2083 4462 2358 4536; x_wconf 81' lang='lat' dir='ltr'><strong>Carthag.,</strong></span> <span class='ocrx_word' id='word_1_755' title='bbox 2387 4482 2477 4519; x_wconf 81' lang='lat' dir='ltr'><strong>an.</strong></span> <span class='ocrx_word' id='word_1_756' title='bbox 2501 4463 2629 4530; x_wconf 74' lang='grc'><strong>548,</strong></span> <span class='ocrx_word' id='word_1_757' title='bbox 2653 4478 2775 4518; x_wconf 86' lang='lat' dir='ltr'><strong>can.</strong></span> <span class='ocrx_word' id='word_1_758' title='bbox 2808 4464 2923 4533; x_wconf 75' lang='grc'><strong>1.)‹</strong></span> <span class='ocrx_word' id='word_1_759' title='bbox 2961 4463 3162 4520; x_wconf 84' lang='lat' dir='ltr'><strong>Gratus</strong></span> <span class='ocrx_word' id='word_1_760' title='bbox 3187 4461 3396 4533; x_wconf 86' lang='lat' dir='ltr'><strong>episco-</strong></span> 
     </span>
    </p>
   </div>
   <div class='ocr_carea' id='block_1_106' title="bbox 1807 4555 3462 4630">
    <p class='ocr_par' dir='ltr' id='par_1_106' title="bbox 1807 4555 3462 4630">
     <span class='ocr_line' id='line_1_106' title="bbox 1807 4555 3462 4630; baseline -0.002 -19"><span class='ocrx_word' id='word_1_761' title='bbox 1807 4573 1910 4630; x_wconf 88' lang='lat' dir='ltr'><strong>pus</strong></span> <span class='ocrx_word' id='word_1_762' title='bbox 1939 4558 2074 4612; x_wconf 84' lang='lat' dir='ltr'><strong>dixit</strong></span> <span class='ocrx_word' id='word_1_763' title='bbox 2117 4575 2132 4610; x_wconf 89' lang='lat'>:</span> <span class='ocrx_word' id='word_1_764' title='bbox 2171 4556 2229 4611; x_wconf 88' lang='lat' dir='ltr'><strong>Si</strong></span> <span class='ocrx_word' id='word_1_765' title='bbox 2281 4558 2433 4613; x_wconf 89' lang='lat' dir='ltr'><strong>vobis</strong></span> <span class='ocrx_word' id='word_1_766' title='bbox 2480 4557 2677 4629; x_wconf 87' lang='lat' dir='ltr'><strong>placet,</strong></span> <span class='ocrx_word' id='word_1_767' title='bbox 2703 4557 3110 4612; x_wconf 90' lang='lat' dir='ltr'><strong>consideremus</strong></span> <span class='ocrx_word' id='word_1_768' title='bbox 3158 4555 3392 4628; x_wconf 89' lang='lat' dir='ltr'><strong>primum</strong></span> <span class='ocrx_word' id='word_1_769' title='bbox 3457 4591 3462 4594; x_wconf 91' lang='lat'><strong><em>-</em></strong></span> 
     </span>
    </p>
   </div>
   <div class='ocr_carea' id='block_1_107' title="bbox 1810 4649 3393 4720">
    <p class='ocr_par' dir='ltr' id='par_1_107' title="bbox 1810 4649 3393 4720">
     <span class='ocr_line' id='line_1_107' title="bbox 1810 4649 3393 4720; baseline -0.003 -14"><span class='ocrx_word' id='word_1_770' title='bbox 1810 4649 2022 4706; x_wconf 89' lang='lat' dir='ltr'><strong>titulum</strong></span> <span class='ocrx_word' id='word_1_771' title='bbox 2067 4651 2526 4720; x_wconf 87' lang='lat' dir='ltr'><strong>rebaptizationis.</strong></span> <span class='ocrx_word' id='word_1_772' title='bbox 2576 4651 2728 4707; x_wconf 84' lang='lat' dir='ltr'><strong>Unde</strong></span> <span class='ocrx_word' id='word_1_773' title='bbox 2770 4650 3113 4706; x_wconf 90' lang='lat' dir='ltr'><strong>sanctitatem</strong></span> <span class='ocrx_word' id='word_1_774' title='bbox 3157 4660 3393 4704; x_wconf 87' lang='lat' dir='ltr'><strong>vestram</strong></span> 
     </span>
    </p>
   </div>
   <div class='ocr_carea' id='block_1_108' title="bbox 1807 4743 3395 4815">
    <p class='ocr_par' dir='ltr' id='par_1_108' title="bbox 1807 4743 3395 4815">
     <span class='ocr_line' id='line_1_108' title="bbox 1807 4743 3395 4815; baseline -0.004 -13"><span class='ocrx_word' id='word_1_775' title='bbox 1807 4745 2042 4814; x_wconf 88' lang='lat' dir='ltr'><strong>postulo,</strong></span> <span class='ocrx_word' id='word_1_776' title='bbox 2071 4753 2130 4798; x_wconf 94' lang='lat' dir='ltr'><strong>ut</strong></span> <span class='ocrx_word' id='word_1_777' title='bbox 2176 4745 2375 4800; x_wconf 90' lang='lat' dir='ltr'><strong>mentis</strong></span> <span class='ocrx_word' id='word_1_778' title='bbox 2397 4753 2591 4800; x_wconf 75' lang='lat' dir='ltr'><strong>vestrae</strong></span> <span class='ocrx_word' id='word_1_779' title='bbox 2610 4744 2809 4814; x_wconf 87' lang='lat' dir='ltr'><strong>placita</strong></span> <span class='ocrx_word' id='word_1_780' title='bbox 2847 4744 3176 4815; x_wconf 86' lang='lat' dir='ltr'><strong>producatis,</strong></span> <span class='ocrx_word' id='word_1_781' title='bbox 3209 4744 3275 4798; x_wconf 91' lang='lat' dir='ltr'><strong>ad</strong></span> <span class='ocrx_word' id='word_1_782' title='bbox 3308 4743 3395 4796; x_wconf 86' lang='lat' dir='ltr'><strong>de-</strong></span> 
     </span>
    </p>
   </div>
   <div class='ocr_carea' id='block_1_109' title="bbox 1808 4831 3392 4905">
    <p class='ocr_par' dir='ltr' id='par_1_109' title="bbox 1808 4831 3392 4905">
     <span class='ocr_line' id='line_1_109' title="bbox 1808 4831 3392 4905; baseline -0.003 -15"><span class='ocrx_word' id='word_1_783' title='bbox 1808 4835 2152 4890; x_wconf 89' lang='lat' dir='ltr'><strong>scendentem</strong></span> <span class='ocrx_word' id='word_1_784' title='bbox 2201 4835 2255 4889; x_wconf 89' lang='lat' dir='ltr'><strong>itt</strong></span> <span class='ocrx_word' id='word_1_785' title='bbox 2288 4850 2517 4905; x_wconf 89' lang='lat' dir='ltr'><strong>aquam,</strong></span> <span class='ocrx_word' id='word_1_786' title='bbox 2547 4844 2601 4890; x_wconf 91' lang='lat' dir='ltr'><strong>et</strong></span> <span class='ocrx_word' id='word_1_787' title='bbox 2625 4835 3010 4904; x_wconf 84' lang='lat' dir='ltr'><strong>interrogatum</strong></span> <span class='ocrx_word' id='word_1_788' title='bbox 3043 4834 3095 4890; x_wconf 91' lang='lat' dir='ltr'><strong>in</strong></span> <span class='ocrx_word' id='word_1_789' title='bbox 3127 4831 3392 4888; x_wconf 87' lang='lat' dir='ltr'><strong>Trinitate</strong></span> 
     </span>
    </p>
   </div>
   <div class='ocr_carea' id='block_1_110' title="bbox 1810 4925 3394 4998">
    <p class='ocr_par' dir='ltr' id='par_1_110' title="bbox 1810 4925 3394 4998">
     <span class='ocr_line' id='line_1_110' title="bbox 1810 4925 3394 4998; baseline -0.002 -18"><span class='ocrx_word' id='word_1_790' title='bbox 1810 4927 2102 4982; x_wconf 89' lang='lat' dir='ltr'><strong>secundum</strong></span> <span class='ocrx_word' id='word_1_791' title='bbox 2151 4927 2427 4998; x_wconf 88' lang='lat' dir='ltr'><strong>Evangelii</strong></span> <span class='ocrx_word' id='word_1_792' title='bbox 2477 4927 2634 4982; x_wconf 91' lang='lat' dir='ltr'><strong>ﬁdem</strong></span> <span class='ocrx_word' id='word_1_793' title='bbox 2676 4936 2730 4985; x_wconf 93' lang='lat' dir='ltr'><strong>et</strong></span> <span class='ocrx_word' id='word_1_794' title='bbox 2780 4927 3149 4996; x_wconf 89' lang='lat' dir='ltr'><strong>apostolorum</strong></span> <span class='ocrx_word' id='word_1_795' title='bbox 3196 4925 3394 4979; x_wconf 83' lang='lat' dir='ltr'><strong>doctri-</strong></span> 
     </span>
    </p>
   </div>
   <div class='ocr_carea' id='block_1_111' title="bbox 1811 5015 3395 5083">
    <p class='ocr_par' dir='ltr' id='par_1_111' title="bbox 1811 5015 3395 5083">
     <span class='ocr_line' id='line_1_111' title="bbox 1811 5015 3395 5083; baseline -0.003 -9"><span class='ocrx_word' id='word_1_796' title='bbox 1811 5035 1955 5083; x_wconf 89' lang='lat' dir='ltr'><strong>nam,</strong></span> <span class='ocrx_word' id='word_1_797' title='bbox 1979 5028 2034 5076; x_wconf 89' lang='lat' dir='ltr'><strong>et</strong></span> <span class='ocrx_word' id='word_1_798' title='bbox 2057 5019 2364 5075; x_wconf 79' lang='lat' dir='ltr'><strong>confesshm</strong></span> <span class='ocrx_word' id='word_1_799' title='bbox 2396 5021 2592 5076; x_wconf 91' lang='lat' dir='ltr'><strong>bonam</strong></span> <span class='ocrx_word' id='word_1_800' title='bbox 2616 5021 3002 5077; x_wconf 88' lang='lat' dir='ltr'><strong>conscientiam</strong></span> <span class='ocrx_word' id='word_1_801' title='bbox 3034 5019 3086 5073; x_wconf 92' lang='lat' dir='ltr'><strong>in</strong></span> <span class='ocrx_word' id='word_1_802' title='bbox 3128 5017 3296 5072; x_wconf 91' lang='lat' dir='ltr'><strong>Deum</strong></span> <span class='ocrx_word' id='word_1_803' title='bbox 3329 5015 3395 5071; x_wconf 91' lang='lat' dir='ltr'><strong>de</strong></span> 
     </span>
    </p>
   </div>
   <div class='ocr_carea' id='block_1_112' title="bbox 1813 5111 3396 5172">
    <p class='ocr_par' dir='ltr' id='par_1_112' title="bbox 1813 5111 3396 5172">
     <span class='ocr_line' id='line_1_112' title="bbox 1813 5111 3396 5172; baseline -0.004 -2"><span class='ocrx_word' id='word_1_804' title='bbox 1813 5117 2212 5172; x_wconf 90' lang='lat' dir='ltr'><strong>resurrectione</strong></span> <span class='ocrx_word' id='word_1_805' title='bbox 2235 5115 2361 5171; x_wconf 79' lang='lat' dir='ltr'><strong>Jesu</strong></span> <span class='ocrx_word' id='word_1_806' title='bbox 2393 5115 2593 5171; x_wconf 90' lang='lat' dir='ltr'><strong>Christi</strong></span> <span class='ocrx_word' id='word_1_807' title='bbox 2630 5134 2642 5170; x_wconf 90' lang='lat'><strong>:</strong></span> <span class='ocrx_word' id='word_1_808' title='bbox 2675 5117 2720 5170; x_wconf 91' lang='lat' dir='ltr'><strong>si</strong></span> <span class='ocrx_word' id='word_1_809' title='bbox 2749 5115 2909 5170; x_wconf 89' lang='lat' dir='ltr'><strong>liceat</strong></span> <span class='ocrx_word' id='word_1_810' title='bbox 2939 5114 3133 5168; x_wconf 91' lang='lat' dir='ltr'><strong>iterum</strong></span> <span class='ocrx_word' id='word_1_811' title='bbox 3165 5111 3396 5166; x_wconf 91' lang='lat' dir='ltr'><strong>interro-</strong></span> 
     </span>
    </p>
   </div>
   <div class='ocr_carea' id='block_1_113' title="bbox 1812 5201 3396 5281">
    <p class='ocr_par' dir='ltr' id='par_1_113' title="bbox 1812 5201 3396 5281">
     <span class='ocr_line' id='line_1_113' title="bbox 1812 5201 3396 5281; baseline -0.004 -18"><span class='ocrx_word' id='word_1_812' title='bbox 1812 5210 1924 5281; x_wconf 86' lang='lat' dir='ltr'><strong>gari</strong></span> <span class='ocrx_word' id='word_1_813' title='bbox 1967 5210 2018 5262; x_wconf 90' lang='lat' dir='ltr'><strong>in</strong></span> <span class='ocrx_word' id='word_1_814' title='bbox 2049 5209 2235 5263; x_wconf 83' lang='lat' dir='ltr'><strong>cadent</strong></span> <span class='ocrx_word' id='word_1_815' title='bbox 2268 5207 2371 5263; x_wconf 86' lang='lat' dir='ltr'><strong>ﬁde</strong></span> <span class='ocrx_word' id='word_1_816' title='bbox 2417 5217 2469 5262; x_wconf 93' lang='lat' dir='ltr'><strong>et</strong></span> <span class='ocrx_word' id='word_1_817' title='bbox 2506 5209 2556 5262; x_wconf 93' lang='lat' dir='ltr'><strong>in</strong></span> <span class='ocrx_word' id='word_1_818' title='bbox 2606 5223 2800 5276; x_wconf 88' lang='lat' dir='ltr'><strong>aquam</strong></span> <span class='ocrx_word' id='word_1_819' title='bbox 2843 5207 3036 5260; x_wconf 89' lang='lat' dir='ltr'><strong>iterum</strong></span> <span class='ocrx_word' id='word_1_820' title='bbox 3072 5203 3221 5273; x_wconf 88' lang='lat' dir='ltr'><strong>tittgi.</strong></span> <span class='ocrx_word' id='word_1_821' title='bbox 3270 5201 3396 5257; x_wconf 87' lang='lat' dir='ltr'><strong>Unt-</strong></span> 
     </span>
    </p>
   </div>
   <div class='ocr_carea' id='block_1_114' title="bbox 1813 5292 3396 5368">
    <p class='ocr_par' dir='ltr' id='par_1_114' title="bbox 1813 5292 3396 5368">
     <span class='ocr_line' id='line_1_114' title="bbox 1813 5292 3396 5368; baseline -0.006 -14"><span class='ocrx_word' id='word_1_822' title='bbox 1813 5299 1951 5355; x_wconf 83' lang='lat' dir='ltr'><strong>versi</strong></span> <span class='ocrx_word' id='word_1_823' title='bbox 1981 5298 2216 5368; x_wconf 90' lang='lat' dir='ltr'><strong>episcopi</strong></span> <span class='ocrx_word' id='word_1_824' title='bbox 2247 5298 2499 5352; x_wconf 82' lang='lat' dir='ltr'><strong>dixerunt</strong></span> <span class='ocrx_word' id='word_1_825' title='bbox 2531 5312 2545 5350; x_wconf 88' lang='lat'><strong>:</strong></span> <span class='ocrx_word' id='word_1_826' title='bbox 2596 5297 2769 5360; x_wconf 81' lang='lat' dir='ltr'><strong>Absit,</strong></span> <span class='ocrx_word' id='word_1_827' title='bbox 2804 5296 2986 5349; x_wconf 87' lang='lat' dir='ltr'><strong>absit:</strong></span> <span class='ocrx_word' id='word_1_828' title='bbox 3024 5292 3241 5348; x_wconf 89' lang='lat' dir='ltr'><strong>illicitas</strong></span> <span class='ocrx_word' id='word_1_829' title='bbox 3275 5305 3396 5346; x_wconf 87' lang='lat' dir='ltr'><strong>esse</strong></span> 
     </span>
    </p>
   </div>
   <div class='ocr_carea' id='block_1_115' title="bbox 1813 5383 3398 5460">
    <p class='ocr_par' dir='ltr' id='par_1_115' title="bbox 1813 5383 3398 5460">
     <span class='ocr_line' id='line_1_115' title="bbox 1813 5383 3398 5460; baseline -0.006 -12"><span class='ocrx_word' id='word_1_830' title='bbox 1813 5393 2086 5448; x_wconf 89' lang='lat' dir='ltr'><strong>sancimus</strong></span> <span class='ocrx_word' id='word_1_831' title='bbox 2117 5392 2591 5460; x_wconf 85' lang='lat' dir='ltr'><strong>rebaptizatioues,</strong></span> <span class='ocrx_word' id='word_1_832' title='bbox 2626 5400 2681 5445; x_wconf 92' lang='lat' dir='ltr'><strong>et</strong></span> <span class='ocrx_word' id='word_1_833' title='bbox 2713 5389 2847 5443; x_wconf 90' lang='lat' dir='ltr'><strong>satis</strong></span> <span class='ocrx_word' id='word_1_834' title='bbox 2873 5395 2958 5443; x_wconf 90' lang='lat' dir='ltr'><strong>est</strong></span> <span class='ocrx_word' id='word_1_835' title='bbox 2985 5386 3262 5442; x_wconf 88' lang='lat' dir='ltr'><strong>alienuma</strong></span> <span class='ocrx_word' id='word_1_836' title='bbox 3284 5383 3398 5439; x_wconf 93' lang='lat' dir='ltr'><strong>sin-</strong></span> 
     </span>
    </p>
   </div>
   <div class='ocr_carea' id='block_1_116' title="bbox 1813 5481 2823 5552">
    <p class='ocr_par' dir='ltr' id='par_1_116' title="bbox 1813 5481 2823 5552">
     <span class='ocr_line' id='line_1_116' title="bbox 1813 5481 2823 5552; baseline -0.006 -12"><span class='ocrx_word' id='word_1_837' title='bbox 1813 5502 1936 5540; x_wconf 84' lang='lat' dir='ltr'><strong>cera</strong></span> <span class='ocrx_word' id='word_1_838' title='bbox 1967 5485 2071 5540; x_wconf 91' lang='lat' dir='ltr'><strong>ﬁde</strong></span> <span class='ocrx_word' id='word_1_839' title='bbox 2088 5492 2141 5538; x_wconf 93' lang='lat' dir='ltr'><strong>et</strong></span> <span class='ocrx_word' id='word_1_840' title='bbox 2168 5483 2435 5538; x_wconf 87' lang='lat' dir='ltr'><strong>catholica</strong></span> <span class='ocrx_word' id='word_1_841' title='bbox 2467 5481 2770 5552; x_wconf 85' lang='lat' dir='ltr'><strong>disciplina.</strong></span> <span class='ocrx_word' id='word_1_842' title='bbox 2803 5500 2823 5534; x_wconf 76' lang='grc' dir='ltr'><strong><em>ι</em></strong></span> 
     </span>
    </p>
   </div>
   <div class='ocr_carea' id='block_1_117' title="bbox 2167 5572 3036 5642">
    <p class='ocr_par' dir='ltr' id='par_1_117' title="bbox 2167 5572 3036 5642">
     <span class='ocr_line' id='line_1_117' title="bbox 2167 5572 3036 5642; baseline -0.005 -14"><span class='ocrx_word' id='word_1_843' title='bbox 2167 5572 2350 5628; x_wconf 80' lang='lat' dir='ltr'><strong>XVIII.</strong></span> <span class='ocrx_word' id='word_1_844' title='bbox 2385 5574 2468 5628; x_wconf 78' lang='lat' dir='ltr'><strong>Ea:</strong></span> <span class='ocrx_word' id='word_1_845' title='bbox 2489 5573 2708 5629; x_wconf 84' lang='lat' dir='ltr'><strong>concilio</strong></span> <span class='ocrx_word' id='word_1_846' title='bbox 2737 5572 3036 5642; x_wconf 82' lang='lat' dir='ltr'><strong>Ancyrano.</strong></span> 
     </span>
    </p>
   </div>
   <div class='ocr_carea' id='block_1_118' title="bbox 1882 5659 3398 5742">
    <p class='ocr_par' dir='ltr' id='par_1_118' title="bbox 1882 5659 3398 5742">
     <span class='ocr_line' id='line_1_118' title="bbox 1882 5659 3398 5742; baseline -0.009 -15"><span class='ocrx_word' id='word_1_847' title='bbox 1882 5671 2064 5742; x_wconf 79' lang='lat' dir='ltr'><strong>(Cone.</strong></span> <span class='ocrx_word' id='word_1_848' title='bbox 2089 5668 2314 5740; x_wconf 57' lang='lat' dir='ltr'><strong>Ancyra,</strong></span> <span class='ocrx_word' id='word_1_849' title='bbox 2348 5685 2468 5724; x_wconf 82' lang='lat' dir='ltr'><strong>catt.</strong></span> <span class='ocrx_word' id='word_1_850' title='bbox 2513 5665 2589 5738; x_wconf 84' lang='grc'><strong>1.)</strong></span> <span class='ocrx_word' id='word_1_851' title='bbox 2637 5665 2713 5719; x_wconf 90' lang='lat' dir='ltr'><strong>De</strong></span> <span class='ocrx_word' id='word_1_852' title='bbox 2760 5666 2842 5721; x_wconf 89' lang='lat' dir='ltr'><strong>his</strong></span> <span class='ocrx_word' id='word_1_853' title='bbox 2868 5664 2959 5735; x_wconf 85' lang='lat' dir='ltr'><strong>qui</strong></span> <span class='ocrx_word' id='word_1_854' title='bbox 3002 5662 3224 5726; x_wconf 84' lang='lat' dir='ltr'><strong>timore,</strong></span> <span class='ocrx_word' id='word_1_855' title='bbox 3261 5659 3398 5724; x_wconf 81' lang='lat' dir='ltr'><strong>ritus</strong></span> 
     </span>
    </p>
   </div>
   <div class='ocr_carea' id='block_1_119' title="bbox 1813 5755 3397 5843">
    <p class='ocr_par' dir='ltr' id='par_1_119' title="bbox 1813 5755 3397 5843">
     <span class='ocr_line' id='line_1_119' title="bbox 1813 5755 3397 5843; baseline -0.008 -24"><span class='ocrx_word' id='word_1_856' title='bbox 1813 5763 2091 5835; x_wconf 75' lang='lat' dir='ltr'><strong>gentilium</strong></span> <span class='ocrx_word' id='word_1_857' title='bbox 2125 5768 2470 5833; x_wconf 87' lang='lat' dir='ltr'><strong>peregerunt.</strong></span> <span class='ocrx_word' id='word_1_858' title='bbox 2509 5777 2527 5812; x_wconf 72' lang='grc' dir='ltr'>ι</span> <span class='ocrx_word' id='word_1_859' title='bbox 2551 5757 2827 5830; x_wconf 85' lang='lat' dir='ltr'><strong>Quotquot</strong></span> <span class='ocrx_word' id='word_1_860' title='bbox 2869 5755 3231 5843; x_wconf 88' lang='lat' dir='ltr'><strong>ascenderunt</strong></span> <span class='ocrx_word' id='word_1_861' title='bbox 3263 5759 3397 5808; x_wconf 86' lang='lat' dir='ltr'><strong>tem-</strong></span> 
     </span>
    </p>
   </div>
  </div>
