3902 6448
507 386 598 483 στι

1615 395 1912 484 IIERVAEI
1949 395 2343 456 RHEMENSIS
2381 397 2700 458 ARCHIEP.
2875 352 2879 356 7
2915 352 2927 356 ν
3627 404 3699 460 (iit

505 515 592 586 pla
627 528 750 570 cum
785 520 936 570 veste
986 507 1196 584 lugubri
1224 555 1237 580 ,
1277 523 1334 573 et
1374 518 1757 576 recumbentes
1787 520 1930 576 inter
1958 519 2093 576 alios
2118 519 2175 583 Α
2197 519 2364 577 etiam
2388 519 2650 577 habentes
2677 519 2853 577 aetatis
2900 518 3088 578 senilis
3125 518 3412 584 intuitum,
3437 523 3487 573 et
3506 519 3700 588 periculo-

507 608 1001 684 ittttt'ttlttcaverunt,
1051 607 1273 675 ﬂentes;
1305 609 1350 664 si
1386 610 1777 680 compleverint
1818 613 2108 684 pueniten-r

508 701 636 754 tiam
662 701 877 755 triennii
910 709 1121 771 tempus
1140 743 1155 769 ,
1187 703 1305 759 sine
1335 703 1608 760 oblatione
1628 707 1993 777 suscipiantur
2019 707 2088 763 ad

506 793 960 856 communionem,
1011 793 1062 848 id
1092 801 1196 859 est,
1228 802 1286 848 ut
1314 795 1414 865 ipsi
1441 795 1772 851 oblationem
1803 812 1913 852 non
1957 796 2089 853 olfe-

506 891 646 935 rant.
680 883 735 935 Si
767 893 945 938 autem
971 884 1214 962 perducti
1239 885 1304 939 ad
1338 886 1534 956 templa
1580 903 1687 945 non
1727 889 2091 944 manducaveo

506 982 652 1039 runt,
685 974 960 1030 biennium
988 987 1242 1032 maneant
1274 978 1324 1031 in
1359 979 1676 1048 paenitentia
1709 995 1725 1034 :
1756 982 1918 1037 tertio
1959 995 2090 1037 vero

507 1081 646 1121 anno
674 1071 1092 1137 communicent,
1131 1071 1250 1138 sed,
1279 1072 1397 1126 sine
1453 1073 1758 1140 oblatione,
1793 1083 1853 1129 ut
1882 1075 2088 1130 dictum

505 1166 629 1212 est:
663 1169 722 1213 ut
751 1171 946 1238 quarto
967 1161 1080 1232 jam
1123 1179 1266 1219 anno
1303 1165 1693 1235 perfectionem
1722 1183 1873 1222 suam
1907 1167 2088 1239 perci-

504 1251 675 1321 piant.
693 1253 1017 1325 Episcopum
1041 1265 1223 1311 autem
1252 1257 1384 1312 hinc
1405 1259 1606 1314 habere
1633 1259 1905 1315 licentiam
1935 1274 2090 1330 opor~

507 1353 621 1410 tet,
652 1353 712 1398 ut
749 1361 846 1417 pro
872 1348 957 1403 his
999 1358 1220 1418 peccata
1275 1351 1612 1422 singulorum
1639 1353 1984 1420 consideret,
2034 1361 2090 1409 et

504 1445 668 1506 prout
696 1437 898 1495 viderit
931 1443 1421 1506 conversationem,
1460 1459 1706 1500 normam
1738 1444 2092 1516 regulamque

506 1529 874 1585 conversionis
894 1533 1159 1588 attribuat
1188 1549 1203 1588 :
1237 1534 1290 1589 id
1321 1545 1438 1601 est,
1469 1544 1531 1590 ut
1561 1537 1854 1592 humanius
1898 1552 2086 1608 agens,

507 1620 799 1675 secundum
823 1623 948 1678 vitae
987 1623 1204 1680 modum
1237 1634 1447 1695 tempus
1482 1627 1642 1682 alicui
1685 1628 1955 1693 breviare,
1987 1636 2083 1682 aut

507 1713 668 1767 etiam
706 1716 967 1782 prolixius
993 1719 1135 1787 quod
1168 1720 1492 1776 correctioni
1530 1721 1897 1777 necessarium
1936 1721 2088 1776 vide-

507 1802 580 1856 rit
639 1803 854 1860 addere.
903 1805 1238 1863 Discutiatur
1265 1818 1448 1864 autem
1495 1811 1735 1864 omnium
1797 1810 1990 1864 horum
2033 1817 2082 1867 et

2194 627 2316 666 rum
2343 627 2710 682 quorumque,
2741 620 2837 667 aut
2878 612 3266 682 aegritudinum
3299 610 3615 681 respicientes
3637 620 3714 668 ne-'

2192 702 2491 758 cessitates.
2523 703 2579 758 In
2612 703 2807 773 quibus
2829 704 2875 759 si
2905 703 3026 774 quis
3050 704 3120 759 ita
3146 703 3395 772 graviter
3418 713 3645 774 urgeatur,
3665 717 3702 760 ut

2192 794 2319 850 dum
2367 795 2544 851 adhuc
2584 795 2831 865 paenitet,
2889 795 2956 851 de
3000 795 3177 852 salute
3225 796 3399 866 ipsius
3441 797 3700 866 desperetur,

2191 895 2405 958 oportet
2435 888 2483 943 ei
2519 903 2614 959 per
2663 887 3056 944 sacerdotalem
3092 888 3506 946 sollicitudinem
3527 901 3702 942 comma

2192 978 2375 1033 nionis
2402 979 2572 1050 gratia
2609 980 2907 1036 subveniri.
2938 999 2958 1034 ι

2509 1072 2695 1129 XXIII.
2732 1073 2818 1128 Ea:
2844 1074 3057 1130 Actibus
3081 1073 3462 1146 apostolorum.

2262 1165 2484 1238 Legitur
2531 1165 2585 1221 in
2639 1166 2865 1222 Actibus
2921 1163 3295 1237 apostolorum
3366 1163 3502 1232 quod
3546 1164 3698 1234 quidam

2193 1257 2586 1314 descendentes
2623 1259 2690 1312 de
2743 1257 2929 1313 Judaza
2965 1257 3230 1312 docerent
3288 1255 3480 1310 fratres
3519 1269 3700 1326 oportere

2194 1347 2530 1412 circumcidi,
2571 1355 2626 1402 et
2647 1360 2869 1402 servare
2894 1346 3066 1418 legem
3089 1345 3289 1418 Moysi.
3314 1345 3538 1416 Apostoli
3559 1357 3697 1411 tamen,

2191 1446 2246 1491 et
2271 1437 2512 1493 seniores
2534 1452 2657 1492 cum
2684 1437 2830 1492 omni
2855 1437 3096 1494 Ecclesia
3121 1435 3418 1506 iusserint,
3447 1438 3562 1492 nihil
3576 1440 3699 1494 oneris

2195 1526 2336 1581 ultra
2379 1527 2718 1598 imponentes
2769 1527 2869 1593 eis,
2900 1536 2960 1580 ut
2985 1527 3333 1583 abstinerent
3363 1542 3420 1582 se
3442 1525 3503 1580 ab
3527 1526 3696 1581 immola-

2197 1620 2264 1674 tis
2293 1620 2730 1686 simulacrorum,
2755 1628 2810 1676 et
2858 1620 3121 1691 sanguine
3184 1629 3242 1675 et
3271 1616 3549 1686 suffocatis,
3567 1628 3608 1673 et
3625 1618 3697 1674 lor-

2194 1710 2466 1766 nicatione
2493 1711 2633 1782 (Act.
2658 1710 2770 1782 xv).
3220 1748 3221 1751 η
3457 1705 3461 1708 ’

2553 1799 2743 1859 XXIV.
2778 1799 2866 1856 Ex
2898 1801 3120 1858 concilio
3143 1801 3424 1872 Africano.

505 1887 818 1961 praecedens
838 1896 970 1962 vita,
994 1906 1048 1952 et
1069 1900 1357 1969 posterior.
1397 1901 1465 1956 Et
1491 1901 1565 1956 ita
1607 1902 1756 1957 circa
1787 1915 1880 1958 eos
1901 1916 2088 1964 sacer-
2117 1881 2165 1944 Β
2269 1892 2339 1950 Ut
2360 1909 2483 1949 cum
2507 1893 2830 1958 DOllaliSliS.
2853 1892 2942 1962 ιιιιί
2971 1894 3040 1947 ab
3065 1893 3327 1949 omnibus
3347 1890 3594 1949 0311105035
3607 1892 3696 1947 εἱαιι

507 1980 703 2040 dotalis
725 1985 1037 2044 humanitas
1065 1990 1396 2049 moderetur.
1431 2011 1450 2043 ι

1059 2079 1203 2135 ΧΙΧ.
1235 2082 1320 2137 Ea:
1347 2085 1548 2140 eodem.

581 2163 768 2237 (Ibid.,
798 2184 917 2225 can.
951 2170 1028 2244 6.)
1059 2172 1134 2226 De
1155 2173 1240 2229 his
1270 2175 1361 2244 qui
1389 2171 1872 2246 frequenteridolis
1899 2179 2091 2234 immo-

507 2253 774 2323 laverunt,
803 2275 869 2315 ex
895 2262 1126 2318 concilio
1155 2265 1441 2336 Ancyrano
1466 2284 1480 2321 :
1517 2286 1536 2320 ε
1588 2268 1664 2324 De
1692 2268 1777 2324 his
1803 2269 1894 2338 qui
1932 2267 2087 2324 festis

507 2348 697 2404 diebus
716 2365 1068 2423 paganorum,
1107 2354 1161 2410 in
1191 2357 1412 2413 remotis
1440 2373 1627 2414 eorum
1653 2358 1789 2415 locis
1819 2359 2090 2416 conviviis

507 2438 882 2508 interfuerunt,
914 2454 968 2499 et
989 2461 1116 2501 suas
1142 2447 1492 2506 nihilominus
1519 2452 1706 2521 epulas
1739 2451 1938 2507 ibidem
1965 2465 2092 2522 por-

506 2540 780 2600 taverunt,
811 2545 972 2606 atque
1001 2539 1352 2595 comederunt
1385 2559 1398 2596 :
1425 2541 1628 2612 placuit
1647 2551 1705 2596 ut
1734 2551 1856 2612 post
1885 2541 2089 2597 biennii

505 2625 885 2694 paenitentiam
934 2630 1298 2701 suscipiantur
1339 2647 1354 2688 :
1409 2634 1483 2687 ita
1513 2642 1725 2696 tamen,
1768 2643 1949 2688 utrum
1995 2640 2091 2688 aut

506 2730 627 2770 cum
657 2717 928 2774 oblatione
967 2722 1261 2791 recipiendi
1298 2723 1426 2789 sint,
1457 2739 1523 2779 an
1553 2725 1620 2778 ad
1642 2723 1812 2780 solam
1846 2739 2090 2780 commu-

505 2807 721 2863 nionem
753 2811 964 2866 admitti
1003 2812 1266 2879 debeant,
1303 2815 1676 2887 unusquisque
1709 2816 2087 2887 episcoporum

507 2901 782 2957 examinet
811 2903 976 2957 vitam
1027 2918 1242 2971 eorum,
1269 2915 1323 2961 et
1351 2907 1651 2976 'praeterita
1689 2923 1754 2963 ac
1801 2908 2091 2980 praesentia

507 2990 692 3047 habita
721 2995 1155 3053 consideratione
1185 2999 1505 3070 perpendat.
1540 3020 1560 3054 ι

1069 3087 1185 3144 XX.
1221 3089 1306 3144 Ea:
1344 3091 1548 3146 eodem.

581 3173 766 3247 (Ibid.,
797 3192 917 3233 can.
945 3179 1022 3251 7.)
1054 3179 1130 3236 De
1165 3181 1249 3238 his
1278 3182 1370 3252 qui
1399 3184 1570 3239 coacti
1594 3184 1749 3241 idolis
1780 3184 2094 3242 immolave-

2192 1984 2263 2041 ab
2283 1986 2542 2041 universo
2585 1993 2856 2040 terrarum
2901 1984 3039 2039 orbe
3088 1994 3254 2040 erant
3306 1984 3551 2049 damnati,
3585 1983 3698 2037 leuius

2190 2087 2475 2149 ageretur,
2519 2093 2587 2134 ex
2648 2078 2879 2134 concilio
2933 2075 3202 2135 Africano
3258 2077 3438 2148 (conc.
3482 2077 3694 2149 Afrimu.

2190 2171 2315 2237 401,
2351 2185 2473 2235 can.
2507 2169 2584 2243 5).
2648 2190 2667 2224 ι
2688 2169 3066 2238 Pertractatis,
3093 2179 3151 2226 et
3201 2171 3544 2226 consideratis
3579 2171 3696 2225 omni-

2191 2259 2294 2314 bus
2349 2274 2471 2330 que:
2507 2258 2731 2314 utilitati
2781 2258 3044 2314 Ecclesiae
3084 2260 3386 2316 convenire
3422 2259 3692 2323 videbantur,

2194 2361 2463 2408 annuente
2491 2363 2656 2423 atque
2681 2352 3099 2407 administrante
3146 2350 3360 2423 Spiritu
3386 2352 3494 2416 Dei,
3514 2351 3694 2421 elegimus

2193 2460 2314 2500 cum
2360 2444 2676 2501 memoratis
2723 2443 3072 2510 hominibus,
3122 2444 3381 2515 quamvis
3410 2445 3472 2498 de
3511 2442 3694 2497 Dominici

2192 2535 2440 2605 corporis
2483 2535 2714 2602 unitate,
2753 2533 2999 2605 inquieta
3025 2534 3371 2591 dissensione
3418 2533 3695 2606 prtecisis,le

2192 2627 2338 2684 niter
2377 2636 2433 2683 et
2474 2628 2700 2698 pacilice
2749 2641 2954 2697 agere:
2990 2636 3067 2694 ut,
3107 2637 3378 2697 quantum
3413 2628 3462 2682 in
3490 2626 3611 2681 nobis
3631 2634 3693 2686 est,

2192 2719 2446 2775 omnibus
2475 2759 2490 2786 ,
2541 2719 2633 2788 qui
2678 2731 2866 2773 eorum
2915 2719 3346 2786 communione,
3396 2727 3447 2773 et
3505 2719 3693 2772 societate

2192 2813 2394 2869 irretiti
2417 2820 2567 2880 sunt,
2603 2827 2702 2884 per
2726 2811 3012 2868 universas
3040 2812 3358 2882 provincias
3388 2810 3615 2866 africanas
3635 2824 3691 2878 pe-

2193 2906 2340 2962 nitus
2383 2905 2709 2970 innotescat,
2761 2918 2927 2975 quam
2969 2903 3272 2960 miserabili
3313 2917 3487 2959 errore
3531 2899 3692 2956 devincti

2127 3045 2130 3048 .
2194 3006 2338 3054 sunt.
2385 2996 2500 3052 Nisi
2539 2995 2683 3052 forte
2710 3036 2725 3062 ,
2777 2995 2920 3052 sicut
2959 2995 3096 3051 dicit
3138 2994 3469 3066 Apostolus,
3515 2990 3691 3048 nobisin

2194 3088 2609 3144 mansuetudine
2635 3088 3057 3159 corripientibus
3090 3086 3316 3143 diversa
3344 3087 3612 3146 sentientes,
3637 3081 3691 3134 det

2196 3184 2304 3240 illis
2333 3183 2478 3240 Deus
2508 3182 2884 3254 paenitentiam
2925 3182 2992 3238 ad
3015 3180 3446 3253 cognoscendam
3469 3175 3691 3234 veritatem,

507 3272 656 3331 runt,
693 3281 760 3322 ex
782 3268 969 3324 eodem
993 3247 1227 3328 concilio
1260 3247 1334 3327 ε]
1364 3274 1428 3329 Hi
1452 3275 1545 3345 qui
1583 3279 1837 3341 secundo,
1863 3289 1957 3332 aut
1985 3287 2094 3333 ter-
2197 3283 2253 3330 et
2289 3247 2612 3344 resipiscam
2637 3274 2704 3330 de
2731 3271 2934 3330 diaboli
2978 3247 3195 3342 laqueis
3217 3269 3467 3342 captivati
3485 3267 3542 3323 ab
3562 3261 3690 3337 ipsoin

507 3355 585 3412 tio
618 3357 1062 3417 sacriﬁcaverunt
1091 3363 1141 3418 vi
1174 3364 1369 3432 coacti,
1397 3375 1630 3437 quatuor
1676 3368 1831 3423 annis
1867 3384 1987 3424 sese
2016 3369 2085 3424 ad

505 3448 879 3518 paenitentiam
927 3455 1247 3512 submittant
1289 3475 1302 3512 :
1338 3458 1549 3515 duobus
1575 3469 1758 3515 autem
1807 3461 1926 3517 aliis
1973 3463 2093 3518 sine

505 3542 778 3602 oblatione
807 3550 1241 3618 communicent,
1276 3553 1505 3625 septimo
1531 3569 1674 3610 anno
1702 3552 2090 3625 perfectionem

506 3638 776 3708 recepturi
799 3643 1218 3700 communionis.
1250 3663 1269 3698 ι

1067 3733 1209 3790 XXI.
1237 3735 1343 3793 Leo
1362 3755 1518 3810 papa.

578 3822 656 3877 De
695 3823 778 3878 his
807 3825 900 3896 qui
927 3827 1175 3883 convivio
1202 3831 1517 3900 gentilium,
1544 3840 1599 3887 et
1625 3833 1767 3889 escis
1799 3832 2089 3890 immolati.

511 3913 602 3970 tiis
629 3915 713 3971 usi
743 3924 888 3982 sunt,
917 3925 971 3972 et
1001 3918 1236 3976 decretis
1268 3937 1420 3992 papae
1445 3921 1642 3980 Leonis
1669 3926 1838 3996 (epist.
1867 3927 1935 3979 ad
1952 3925 2088 3981 Rus-

508 4009 643 4082 tic.).
668 4029 685 4062 σ
712 4011 769 4067 Si
784 4013 1033 4070 convivio
1045 4013 1160 4070 solo
1177 4016 1480 4086 gentilium,
1503 4019 1709 4074 etescis
1731 4019 2092 4076 immolatitiis

505 4102 590 4156 usi
629 4112 774 4169 sunt,
797 4112 1024 4173 possunt
1055 4103 1278 4176 jejuniis
1299 4115 1354 4162 et
1380 4123 1574 4164 manus
1600 4110 1944 4180 impositione
1969 4126 2092 4180 pur-

507 4194 657 4264 gari,
687 4204 747 4250 ut
775 4196 1029 4270 deinceps
1065 4198 1134 4254 ab
1167 4199 1483 4273 idolothytis
1519 4203 1874 4269 abstinentes,
1908 4219 2090 4259 sacra-

507 4299 813 4348 mentorum
856 4293 1059 4350 Christi
1087 4297 1291 4366 possint
1320 4311 1440 4353 esse
1467 4298 1784 4368 participes.
1819 4297 1875 4354 Si
1907 4309 2088 4354 autem

509 4378 650 4435 idola
682 4383 1501 4452 adoraverunt,authomicidiis
1525 4388 1609 4443 vel
1641 4388 2089 4444 fornicationibus

509 4473 859 4528 contaminati
913 4485 1079 4541 sunt,
1116 4476 1183 4530 ad
1231 4479 1662 4534 commuttionem
1713 4495 1807 4534 eos
1855 4480 1957 4534 nisi
1991 4494 2092 4550 per

508 4561 882 4632 paenitentiam
912 4565 1182 4634 publicam
1213 4583 1318 4622 non
1346 4577 1560 4638 oportet
1581 4569 1812 4624 admitti.
1850 4588 1869 4622 ι

965 4653 1129 4711 XXII.
1172 4656 1306 4712 Item
1335 4659 1438 4714 Leo
1469 4677 1626 4731 papa.

581 4741 733 4811 Quod
760 4743 814 4800 hi
851 4746 940 4816 qui
989 4748 1056 4802 ad
1091 4743 1748 4822 iterationem'baptismi,
1789 4753 1872 4808 vel
1895 4755 1964 4819 vi,
2007 4755 2094 4810 vel

511 4831 705 4889 timore
731 4836 925 4901 coacti,
967 4837 1178 4895 animas
1227 4839 1580 4907 inclinarunt,
1628 4843 1964 4913 ptenitentite
1985 4845 2096 4901 sint

511 4924 824 4982 sublevandi
870 4928 1126 4984 remedio.
1158 4928 1268 4985 Leo
1307 4946 1442 5002 papa
1475 4932 1540 4986 ad
1575 4931 1859 4988 Rusticum
1888 4933 2092 4989 Narbo-

509 5032 732 5074 nensem
764 5018 1115 5090 episcopum:
1155 5038 1173 5072 ι
1203 5019 1268 5075 Ili
1301 5021 1368 5077 de
1398 5022 1594 5092 quibus
1623 5022 1843 5078 dilectio
1873 5033 1963 5080 tua
1994 5041 2093 5081 nos

512 5109 741 5166 credidit
765 5111 1149 5177 consulendos,
1178 5113 1271 5183 qui
1304 5113 1370 5167 ad
1404 5113 1711 5170 iterandum
1738 5116 2090 5186 baptismum,

509 5200 593 5255 vel
622 5211 766 5256 metu
795 5204 988 5268 coacti,
1024 5203 1108 5258 vel
1147 5219 1330 5260 errore
1371 5206 1606 5262 traducti
1659 5215 1814 5273 sunt,
1850 5216 1904 5264 et
1949 5223 2095 5264 nunc

511 5306 571 5347 se
604 5301 792 5347 contra
833 5293 1114 5350 catholicae
1165 5294 1287 5350 ﬁdei
1328 5304 1730 5352 sacramentum
1781 5298 1959 5370 egisse
2001 5314 2095 5353 co-

513 5393 798 5452 gnoscunt,
862 5398 924 5439 ea
977 5394 1060 5441 est
1113 5386 1491 5442 constituenda
1534 5388 1853 5453 moderatio,
1889 5404 1993 5459 qua
2043 5389 2099 5444 in

513 5474 828 5532 societatem
852 5487 1090 5534 nostram
1125 5497 1230 5537 non
1281 5481 1386 5536 nisi
1424 5496 1521 5551 per
1549 5481 1881 5552 poenitentiae
1923 5497 2100 5537 reme-

512 5564 687 5631 dium,
715 5574 770 5620 et
808 5583 906 5637 per
940 5569 1342 5638 impositionem
1373 5571 1696 5642 episcopalis
1733 5586 1927 5626 manus
1951 5585 2096 5625 com-

515 5655 790 5711 munionis
813 5658 1076 5729 recipiant
1122 5661 1408 5717 unitatem.
1445 5662 1709 5733 Tempora
1747 5661 2100 5731 paenitudinis

514 5748 674 5804 solita
706 5749 1099 5817 moderatione,
1125 5763 1214 5809 tuo
1243 5756 1622 5811 constituenda
1661 5755 1886 5825 judicio,
1939 5762 2101 5824 prout

515 5853 904 5901 conversurum
934 5845 1145 5904 animos
1175 5848 1475 5920 inspexeris
1497 5864 1621 5909 esse
1636 5850 1876 5918 devotos,
1893 5848 2103 5920 pariter

2121 4613 2172 4675 D

2195 3367 2370 3439 ipsius
2397 3365 2754 3422 voluntatem.
2790 3385 2809 3418 ι

2586 3455 2756 3512 XXV.
2798 3455 2884 3511 Ea:
2923 3454 3207 3512 Caelestino
3246 3471 3400 3526 papa.

2266 3550 2422 3620 Quod
2471 3549 2606 3606 nulli
2639 3550 2716 3605 sit
2744 3550 2934 3605 ultima
2977 3548 3304 3621 paenitentia
3346 3539 3624 3615 deneganda,
3648 3549 3690 3591 ex

2192 3644 2421 3717 epistola
2490 3657 2642 3713 papa:
2699 3640 2975 3698 leestini
3037 3640 3105 3696 ad
3157 3641 3434 3712 episcopos
3473 3632 3690 3691 Galliarum

2147 3781 2150 3784 .
2195 3734 2368 3807 (epist.
2431 3732 2513 3804 2).
2556 3751 2575 3785 ι
2611 3731 2944 3804 Agnovimus
2991 3730 3371 3803 paenitentiam
3415 3720 3685 3782 morientibus

2149 3873 2153 3877 .
2195 3823 2484 3896 denegari,
2527 3839 2629 3879 nec
2671 3823 2886 3878 illorum
2913 3821 3207 3878 desideriis
3253 3819 3411 3876 annui
3451 3816 3529 3888 qui
3562 3811 3682 3868 obitus

2194 3916 2277 3973 sui
2309 3925 2552 3987 tempore
2597 3915 2700 3970 hoc
2731 3914 2924 3970 anima:
2966 3929 3078 3970 sua:
3115 3913 3344 3984 cupiunt
3382 3905 3583 3966 remedio
3604 3900 3687 3957 sub.

2193 4009 2389 4066 veniri.
2437 4008 2754 4073 Horremus,
2795 4006 2990 4074 fateor,
3023 4015 3195 4062 tanta:
3227 4002 3498 4077 impietatis
3519 3998 3684 4068 aliquem

2195 4103 2441 4174 reperiri,
2492 4111 2553 4157 ut
2589 4103 2656 4158 de
2685 4103 2780 4158 Dei
2806 4102 3014 4174 pietate
3039 4102 3311 4172 desperet,
3335 4097 3479 4171 quasi
3507 4108 3588 4149 non
3606 4099 3686 4160 pot-

2196 4194 2267 4261 sit
2294 4195 2360 4248 ad
2386 4209 2445 4250 se
2469 4195 2662 4266 quovis
2685 4202 2929 4266 tempore
2973 4192 3322 4250 concurrenti
3355 4197 3630 4247 succurrere,

2194 4285 2596 4356 periclitantem
2637 4287 2736 4341 sub
2757 4299 2926 4341 onere
2953 4292 3302 4356 peccatorum
3333 4280 3570 4368 hominem

2195 4393 2368 4443 mere.
2419 4393 2526 4448 quo
2573 4393 2633 4434 se
2672 4377 2764 4434 ille
2813 4376 3056 4448 expediri
3107 4375 3399 4439 desiderat,
3431 4380 3478 4424 et
3515 4367 3684 4420 liberart.

2195 4469 2334 4540 Quid
2367 4472 2492 4537 hoc,
2545 4486 2676 4542 rogo
2701 4511 2716 4537 ,
2749 4469 2894 4526 aliud
2931 4479 3035 4535 est,
3068 4485 3234 4540 quam
3261 4463 3492 4524 morienti
3525 4465 3684 4514 mortem

2198 4562 2419 4627 addere,
2459 4559 2681 4631 ejusque
2727 4561 2966 4615 animam
2999 4575 3095 4616 sua
3148 4557 3473 4618 crudelitate,
3499 4565 3552 4604 ne
3573 4545 3679 4600 abso-

2203 4653 2310 4708 luta
2332 4664 2451 4707 esse
2474 4652 2666 4722 possit,
2692 4652 2942 4707 occidere
2966 4651 2990 4705 ?
3017 4666 3143 4707 cum
3181 4651 3322 4707 Dens
3341 4647 3403 4703 ad
3430 4638 3677 4702 subvenien-

2204 4744 2328 4799 dum
2355 4742 2755 4812 paratissimus,
2785 4742 3016 4812 invitans
3037 4741 3104 4795 ad
3131 4739 3506 4813 paenitentiam,
3528 4732 3587 4788 sic
3603 4737 3685 4797 pTO'

2203 4835 2404 4891 mittat.
2435 4833 2719 4899 Peccator,
2759 4833 2954 4903 inquit,
3003 4847 3326 4905 quacunque
3371 4832 3448 4886 die
3468 4827 3680 4882 conversus

2201 4928 2384 4992 fuerit,
2410 4936 2633 4999 peccata
2668 4926 2785 4998 ejus
2833 4941 2942 4981 non
2990 4927 3397 4996 reputabuntur.
3429 4917 3676 4974 Etitet'umi

2206 5017 2338 5076 Nolo
2363 5029 2592 5076 mortem
2616 5017 2940 5089 peccatoris,
2969 5017 3064 5072 sed
3101 5026 3307 5072 tantum
3332 5023 3385 5068 ut
3407 5009 3678 5102 convertaturz

2205 5123 2260 5170 et
2285 5114 2453 5168 vivat.
2501 5111 2742 5167 Salutem
2787 5125 2918 5182 ergo
2958 5109 3165 5165 homini
3218 5106 3415 5170 adimit,
3444 5099 3678 5174 quisquist

2206 5205 2401 5261 mortis
2429 5213 2672 5274 tempore
2715 5202 3087 5274 paenitentiam
3141 5197 3412 5271 denegavit
3439 5213 3451 5248 :
3477 5197 3522 5247 et
3549 5183 3676 5274 d8§P°‘

2207 5298 2439 5354 ravitde
2489 5272 2776 5352 clementia
2820 5294 2937 5360 Dei,
2983 5293 3075 5365 qui
3104 5307 3225 5348 eum
3254 5290 3318 5345 ad
3343 5272 3674 5344 subveniendum

2207 5386 2479 5453 morienti,
2527 5399 2846 5442 succurrere
2880 5383 2966 5439 vel
3024 5383 3079 5439 in
3121 5389 3383 5439 momento
3426 5383 3574 5447 posse,
3604 5371 3673 5453 ηαξ

2207 5443 2479 5534 credidit:
2509 5476 2841 5532 Perdidisset
2882 5482 2938 5530 et
2965 5474 3106 5530 latro
3145 5474 3198 5529 in
3219 5485 3371 5528 cruce
3397 5459 3614 5539 praemium
3629 5443 3672 5503 ad

2209 5569 2408 5625 Christi
2432 5568 2708 5622 dexteram
2739 5568 2994 5637 pendens,
3043 5565 3089 5621 si
3131 5565 3275 5621 illum
3302 5561 3443 5617 unius
3465 5554 3671 5648 here}?

2209 5661 2436 5716 nitentia
2463 5675 2568 5714 non
2595 5636 2841 5729 juvisset.
2889 5657 3022 5714 Cum
3065 5665 3209 5714 esset
3235 5655 3288 5710 in
3318 5663 3458 5724 paena
3480 5636 3668 5729 paenituit

2210 5762 2266 5808 et
2294 5767 2390 5822 per
2429 5751 2590 5805 unius
2633 5748 2908 5805 sermonis.
2943 5746 3350 5808 confessionem,
3374 5720 3666 5857 ἐικὺίωέυὲ

2366 5845 2398 5857 ,,
2437 5845 2450 5856 ,
2505 5845 2543 5857 ,ε
2591 5853 2613 5857 __
2710 5854 2716 5857 _
2946 5849 2990 5857 ,Α
3032 5853 3054 5857 μ
3416 5831 3540 5857 ΜΔ

2208 5845 2452 5920 paradisi
2505 5845 2616 5900 Deo
2644 5842 2996 5914 promittente
3031 5836 3338 5913 promeruit.
3374 5827 3489 5885 Vera
3516 5821 3644 5887 erat”
