  <div class='ocr_page' id='page_1' title='image "/cluster/home/n/w/nwhite01/storage/ocr_20150623/132/hvd.32044015471733/342.png"; bbox 0 0 3902 6412; ppageno 0'>
   <div class='ocr_carea' id='block_1_1' title="bbox 119 349 242 408">
    <p class='ocr_par' dir='ltr' id='par_1_1' title="bbox 119 349 242 408">
     <span class='ocr_line' id='line_1_1' title="bbox 119 349 242 408; baseline -0.016 -1"><span class='ocrx_word' id='word_1_1' title='bbox 119 349 242 408; x_wconf 79' lang='grc'><strong>673</strong></span> 
     </span>
    </p>
   </div>
   <div class='ocr_carea' id='block_1_2' title="bbox 1121 346 2432 417">
    <p class='ocr_par' dir='ltr' id='par_1_2' title="bbox 1121 346 2432 417">
     <span class='ocr_line' id='line_1_2' title="bbox 1121 346 2432 417; baseline 0.01 -13"><span class='ocrx_word' id='word_1_2' title='bbox 1121 346 1512 406; x_wconf 82' lang='lat' dir='ltr'><strong>SENTENTIA</strong></span> <span class='ocrx_word' id='word_1_3' title='bbox 1550 349 1635 415; x_wconf 60' lang='grc' dir='ltr'><strong>ΙΝ,</strong></span> <span class='ocrx_word' id='word_1_4' title='bbox 1657 349 2038 414; x_wconf 79' lang='lat' dir='ltr'><strong>OCCISORES</strong></span> <span class='ocrx_word' id='word_1_5' title='bbox 2070 356 2432 417; x_wconf 80' lang='lat' dir='ltr'><strong>FULCONIS.</strong></span> 
     </span>
    </p>
   </div>
   <div class='ocr_carea' id='block_1_3' title="bbox 3306 375 3414 436">
    <p class='ocr_par' dir='ltr' id='par_1_3' title="bbox 3306 375 3414 436">
     <span class='ocr_line' id='line_1_3' title="bbox 3306 375 3414 436; baseline 0.037 -5"><span class='ocrx_word' id='word_1_6' title='bbox 3306 375 3414 436; x_wconf 65' lang='grc'><strong>674</strong></span> 
     </span>
    </p>
   </div>
   <div class='ocr_carea' id='block_1_4' title="bbox 118 460 3415 550">
    <p class='ocr_par' dir='ltr' id='par_1_4' title="bbox 118 460 3415 550">
     <span class='ocr_line' id='line_1_4' title="bbox 118 460 3415 550; baseline 0.007 -25"><span class='ocrx_word' id='word_1_7' title='bbox 118 469 303 526; x_wconf 89' lang='lat' dir='ltr'><strong>Deum</strong></span> <span class='ocrx_word' id='word_1_8' title='bbox 327 462 612 520; x_wconf 80' lang='lat' dir='ltr'><strong>conversio</strong></span> <span class='ocrx_word' id='word_1_9' title='bbox 652 461 708 518; x_wconf 93' lang='lat' dir='ltr'><strong>in</strong></span> <span class='ocrx_word' id='word_1_10' title='bbox 745 460 952 518; x_wconf 91' lang='lat' dir='ltr'><strong>ultimis</strong></span> <span class='ocrx_word' id='word_1_11' title='bbox 981 462 1303 534; x_wconf 87' lang='lat' dir='ltr'><strong>positorum.</strong></span> <span class='ocrx_word' id='word_1_12' title='bbox 1329 475 1510 521; x_wconf 90' lang='lat' dir='ltr'><strong>mente</strong></span> <span class='ocrx_word' id='word_1_13' title='bbox 1535 467 1714 536; x_wconf 92' lang='lat' dir='ltr'><strong>potius</strong></span> <span class='ocrx_word' id='word_1_14' title='bbox 1746 475 1790 534; x_wconf 83' lang='grc' dir='ltr'>Α</span> <span class='ocrx_word' id='word_1_15' title='bbox 1819 487 2131 543; x_wconf 86' lang='lat' dir='ltr'><strong>personam,</strong></span> <span class='ocrx_word' id='word_1_16' title='bbox 2164 477 2447 548; x_wconf 88' lang='lat' dir='ltr'><strong>ipsumque</strong></span> <span class='ocrx_word' id='word_1_17' title='bbox 2479 493 2575 535; x_wconf 93' lang='lat' dir='ltr'><strong>cor</strong></span> <span class='ocrx_word' id='word_1_18' title='bbox 2605 481 2924 550; x_wconf 83' lang='lat' dir='ltr'><strong>paenitentis</strong></span> <span class='ocrx_word' id='word_1_19' title='bbox 2966 486 3183 545; x_wconf 89' lang='lat' dir='ltr'><strong>curiose</strong></span> <span class='ocrx_word' id='word_1_20' title='bbox 3210 489 3415 550; x_wconf 85' lang='lat' dir='ltr'><strong>discer-</strong></span> 
     </span>
    </p>
   </div>
   <div class='ocr_carea' id='block_1_5' title="bbox 112 556 1715 627">
    <p class='ocr_par' dir='ltr' id='par_1_5' title="bbox 112 556 1715 627">
     <span class='ocr_line' id='line_1_5' title="bbox 112 556 1715 627; baseline -0.001 -11"><span class='ocrx_word' id='word_1_21' title='bbox 112 556 444 617; x_wconf 66' lang='lat' dir='ltr'><strong>aestimanda</strong></span> <span class='ocrx_word' id='word_1_22' title='bbox 483 571 646 627; x_wconf 90' lang='lat' dir='ltr'><strong>quam</strong></span> <span class='ocrx_word' id='word_1_23' title='bbox 699 564 981 627; x_wconf 89' lang='lat' dir='ltr'><strong>tempore,</strong></span> <span class='ocrx_word' id='word_1_24' title='bbox 1055 557 1320 626; x_wconf 87' lang='lat' dir='ltr'><strong>propheta</strong></span> <span class='ocrx_word' id='word_1_25' title='bbox 1371 559 1473 614; x_wconf 91' lang='lat' dir='ltr'><strong>hoc</strong></span> <span class='ocrx_word' id='word_1_26' title='bbox 1533 559 1715 615; x_wconf 85' lang='lat' dir='ltr'><strong>taliter</strong></span> 
     </span>
    </p>
   </div>
   <div class='ocr_carea' id='block_1_6' title="bbox 111 649 1715 720">
    <p class='ocr_par' dir='ltr' id='par_1_6' title="bbox 111 649 1715 720">
     <span class='ocr_line' id='line_1_6' title="bbox 111 649 1715 720; baseline -0.002 -8"><span class='ocrx_word' id='word_1_27' title='bbox 111 665 407 711; x_wconf 79' lang='lat' dir='ltr'><strong>aSserente</strong></span> <span class='ocrx_word' id='word_1_28' title='bbox 436 669 451 706; x_wconf 89' lang='lat'><strong>:</strong></span> <span class='ocrx_word' id='word_1_29' title='bbox 486 650 618 706; x_wconf 90' lang='lat' dir='ltr'><strong>Cum</strong></span> <span class='ocrx_word' id='word_1_30' title='bbox 649 664 946 705; x_wconf 87' lang='lat' dir='ltr'><strong>conversus</strong></span> <span class='ocrx_word' id='word_1_31' title='bbox 994 649 1344 720; x_wconf 88' lang='lat' dir='ltr'><strong>ingemueris,</strong></span> <span class='ocrx_word' id='word_1_32' title='bbox 1374 658 1502 706; x_wconf 91' lang='lat' dir='ltr'><strong>tunc</strong></span> <span class='ocrx_word' id='word_1_33' title='bbox 1529 650 1715 708; x_wconf 91' lang='lat' dir='ltr'><strong>salvus</strong></span> 
     </span>
    </p>
   </div>
   <div class='ocr_carea' id='block_1_7' title="bbox 109 742 1716 816">
    <p class='ocr_par' dir='ltr' id='par_1_7' title="bbox 109 742 1716 816">
     <span class='ocr_line' id='line_1_7' title="bbox 109 742 1716 816; baseline -0.002 -12"><span class='ocrx_word' id='word_1_34' title='bbox 109 748 257 805; x_wconf 87' lang='lat' dir='ltr'><strong>eris.</strong></span> <span class='ocrx_word' id='word_1_35' title='bbox 281 746 418 802; x_wconf 90' lang='lat' dir='ltr'><strong>Cum</strong></span> <span class='ocrx_word' id='word_1_36' title='bbox 441 758 571 816; x_wconf 89' lang='lat' dir='ltr'><strong>ergo</strong></span> <span class='ocrx_word' id='word_1_37' title='bbox 607 743 870 798; x_wconf 86' lang='lat' dir='ltr'><strong>Dominus</strong></span> <span class='ocrx_word' id='word_1_38' title='bbox 894 742 966 798; x_wconf 91' lang='lat' dir='ltr'><strong>sit</strong></span> <span class='ocrx_word' id='word_1_39' title='bbox 993 742 1176 798; x_wconf 87' lang='lat' dir='ltr'><strong>cordis</strong></span> <span class='ocrx_word' id='word_1_40' title='bbox 1199 742 1494 814; x_wconf 82' lang='lat' dir='ltr'><strong>inspector,</strong></span> <span class='ocrx_word' id='word_1_41' title='bbox 1519 745 1716 815; x_wconf 86' lang='lat' dir='ltr'><strong>quovis</strong></span> 
     </span>
    </p>
   </div>
   <div class='ocr_carea' id='block_1_8' title="bbox 110 835 1712 911">
    <p class='ocr_par' dir='ltr' id='par_1_8' title="bbox 110 835 1712 911">
     <span class='ocr_line' id='line_1_8' title="bbox 110 835 1712 911; baseline -0.003 -16"><span class='ocrx_word' id='word_1_42' title='bbox 110 847 370 911; x_wconf 84' lang='lat' dir='ltr'><strong>tempore</strong></span> <span class='ocrx_word' id='word_1_43' title='bbox 396 852 504 893; x_wconf 91' lang='lat' dir='ltr'><strong>non</strong></span> <span class='ocrx_word' id='word_1_44' title='bbox 553 843 637 892; x_wconf 88' lang='lat' dir='ltr'><strong>est</strong></span> <span class='ocrx_word' id='word_1_45' title='bbox 671 836 985 907; x_wconf 80' lang='lat' dir='ltr'><strong>deneganda</strong></span> <span class='ocrx_word' id='word_1_46' title='bbox 1030 836 1351 908; x_wconf 68' lang='lat' dir='ltr'><strong>poenitentia</strong></span> <span class='ocrx_word' id='word_1_47' title='bbox 1389 835 1712 906; x_wconf 84' lang='lat' dir='ltr'><strong>postulanti,</strong></span> 
     </span>
    </p>
   </div>
   <div class='ocr_carea' id='block_1_9' title="bbox 109 924 1718 999">
    <p class='ocr_par' dir='ltr' id='par_1_9' title="bbox 109 924 1718 999">
     <span class='ocr_line' id='line_1_9' title="bbox 109 924 1718 999; baseline -0.003 -12"><span class='ocrx_word' id='word_1_48' title='bbox 109 944 251 987; x_wconf 85' lang='lat' dir='ltr'><strong>cum</strong></span> <span class='ocrx_word' id='word_1_49' title='bbox 280 929 359 985; x_wconf 88' lang='lat' dir='ltr'><strong>illi</strong></span> <span class='ocrx_word' id='word_1_50' title='bbox 384 943 445 984; x_wconf 92' lang='lat' dir='ltr'><strong>se</strong></span> <span class='ocrx_word' id='word_1_51' title='bbox 467 925 884 999; x_wconf 87' lang='lat' dir='ltr'><strong>obligetjudici,</strong></span> <span class='ocrx_word' id='word_1_52' title='bbox 914 924 1003 982; x_wconf 92' lang='lat' dir='ltr'><strong>cui</strong></span> <span class='ocrx_word' id='word_1_53' title='bbox 1037 925 1250 982; x_wconf 87' lang='lat' dir='ltr'><strong>occulta</strong></span> <span class='ocrx_word' id='word_1_54' title='bbox 1287 925 1470 982; x_wconf 88' lang='lat' dir='ltr'><strong>omnia</strong></span> <span class='ocrx_word' id='word_1_55' title='bbox 1499 926 1718 982; x_wconf 89' lang='lat' dir='ltr'><strong>noverit</strong></span> 
     </span>
    </p>
   </div>
   <div class='ocr_carea' id='block_1_10' title="bbox 109 1019 436 1081">
    <p class='ocr_par' dir='ltr' id='par_1_10' title="bbox 109 1019 436 1081">
     <span class='ocr_line' id='line_1_10' title="bbox 109 1019 436 1081; baseline -0.012 -3"><span class='ocrx_word' id='word_1_56' title='bbox 109 1019 376 1081; x_wconf 76' lang='lat' dir='ltr'><strong>revelari.</strong></span> <span class='ocrx_word' id='word_1_57' title='bbox 413 1038 436 1074; x_wconf 74' lang='grc' dir='ltr'><strong><em>ι</em></strong></span> 
     </span>
    </p>
   </div>
   <div class='ocr_carea' id='block_1_11' title="bbox 447 1107 1359 1166">
    <p class='ocr_par' dir='ltr' id='par_1_11' title="bbox 447 1107 1359 1166">
     <span class='ocr_line' id='line_1_11' title="bbox 447 1107 1359 1166; baseline -0.003 0"><span class='ocrx_word' id='word_1_58' title='bbox 447 1108 636 1166; x_wconf 79' lang='lat' dir='ltr'><strong>XXVI.</strong></span> <span class='ocrx_word' id='word_1_59' title='bbox 674 1109 763 1166; x_wconf 69' lang='lat' dir='ltr'><strong>Es</strong></span> <span class='ocrx_word' id='word_1_60' title='bbox 790 1107 1151 1165; x_wconf 70' lang='lat' dir='ltr'><strong>Pwnitentialt‘</strong></span> <span class='ocrx_word' id='word_1_61' title='bbox 1176 1108 1359 1165; x_wconf 68' lang='lat' dir='ltr'><strong>Bedes.</strong></span> 
     </span>
    </p>
   </div>
   <div class='ocr_carea' id='block_1_12' title="bbox 185 1201 1719 1278">
    <p class='ocr_par' dir='ltr' id='par_1_12' title="bbox 185 1201 1719 1278">
     <span class='ocr_line' id='line_1_12' title="bbox 185 1201 1719 1278; baseline -0.003 -13"><span class='ocrx_word' id='word_1_62' title='bbox 185 1209 250 1266; x_wconf 82' lang='lat' dir='ltr'><strong>In</strong></span> <span class='ocrx_word' id='word_1_63' title='bbox 275 1207 459 1264; x_wconf 89' lang='lat' dir='ltr'><strong>libello</strong></span> <span class='ocrx_word' id='word_1_64' title='bbox 498 1206 590 1278; x_wconf 89' lang='lat' dir='ltr'><strong>qui</strong></span> <span class='ocrx_word' id='word_1_65' title='bbox 634 1204 1039 1277; x_wconf 87' lang='lat' dir='ltr'><strong>superseriptus</strong></span> <span class='ocrx_word' id='word_1_66' title='bbox 1066 1213 1152 1261; x_wconf 84' lang='lat' dir='ltr'><strong>est</strong></span> <span class='ocrx_word' id='word_1_67' title='bbox 1187 1201 1591 1260; x_wconf 87' lang='lat' dir='ltr'><strong>Poenitentialis</strong></span> <span class='ocrx_word' id='word_1_68' title='bbox 1615 1203 1719 1260; x_wconf 86' lang='lat' dir='ltr'><strong>Be-</strong></span> 
     </span>
    </p>
   </div>
   <div class='ocr_carea' id='block_1_13' title="bbox 106 1295 1714 1371">
    <p class='ocr_par' dir='ltr' id='par_1_13' title="bbox 106 1295 1714 1371">
     <span class='ocr_line' id='line_1_13' title="bbox 106 1295 1714 1371; baseline -0.002 -15"><span class='ocrx_word' id='word_1_69' title='bbox 106 1301 201 1357; x_wconf 69' lang='lat' dir='ltr'><strong>da:</strong></span> <span class='ocrx_word' id='word_1_70' title='bbox 230 1297 535 1371; x_wconf 84' lang='lat' dir='ltr'><strong>presbyteri</strong></span> <span class='ocrx_word' id='word_1_71' title='bbox 585 1295 913 1353; x_wconf 83' lang='lat' dir='ltr'><strong>venerabilis</strong></span> <span class='ocrx_word' id='word_1_72' title='bbox 960 1295 1064 1369; x_wconf 88' lang='lat' dir='ltr'><strong>(De</strong></span> <span class='ocrx_word' id='word_1_73' title='bbox 1089 1295 1285 1352; x_wconf 84' lang='lat' dir='ltr'><strong>remed.</strong></span> <span class='ocrx_word' id='word_1_74' title='bbox 1327 1305 1551 1366; x_wconf 60' lang='lat' dir='ltr'><strong>pereat,</strong></span> <span class='ocrx_word' id='word_1_75' title='bbox 1576 1312 1714 1367; x_wconf 81' lang='lat' dir='ltr'><strong>prce-</strong></span> 
     </span>
    </p>
   </div>
   <div class='ocr_carea' id='block_1_14' title="bbox 109 1386 1721 1464">
    <p class='ocr_par' dir='ltr' id='par_1_14' title="bbox 109 1386 1721 1464">
     <span class='ocr_line' id='line_1_14' title="bbox 109 1386 1721 1464; baseline -0.001 -18"><span class='ocrx_word' id='word_1_76' title='bbox 109 1390 246 1464; x_wconf 72' lang='lat' dir='ltr'><strong>fat.)</strong></span> <span class='ocrx_word' id='word_1_77' title='bbox 281 1409 297 1446; x_wconf 89' lang='lat'><strong>:</strong></span> <span class='ocrx_word' id='word_1_78' title='bbox 343 1409 362 1444; x_wconf 72' lang='grc' dir='ltr'>ι</span> <span class='ocrx_word' id='word_1_79' title='bbox 395 1387 638 1446; x_wconf 88' lang='lat' dir='ltr'><strong>Solcrter</strong></span> <span class='ocrx_word' id='word_1_80' title='bbox 685 1387 1042 1445; x_wconf 87' lang='lat' dir='ltr'><strong>admonemus</strong></span> <span class='ocrx_word' id='word_1_81' title='bbox 1085 1386 1306 1444; x_wconf 91' lang='lat' dir='ltr'><strong>doctum</strong></span> <span class='ocrx_word' id='word_1_82' title='bbox 1339 1401 1608 1458; x_wconf 89' lang='lat' dir='ltr'><strong>quemque</strong></span> <span class='ocrx_word' id='word_1_83' title='bbox 1632 1402 1721 1444; x_wconf 82' lang='lat' dir='ltr'><strong>sa-</strong></span> 
     </span>
    </p>
   </div>
   <div class='ocr_carea' id='block_1_15' title="bbox 108 1477 1718 1549">
    <p class='ocr_par' dir='ltr' id='par_1_15' title="bbox 108 1477 1718 1549">
     <span class='ocr_line' id='line_1_15' title="bbox 108 1477 1718 1549; baseline -0.002 -11"><span class='ocrx_word' id='word_1_84' title='bbox 108 1481 402 1538; x_wconf 91' lang='lat' dir='ltr'><strong>cerdotem</strong></span> <span class='ocrx_word' id='word_1_85' title='bbox 425 1477 650 1545; x_wconf 86' lang='lat' dir='ltr'><strong>Christi,</strong></span> <span class='ocrx_word' id='word_1_86' title='bbox 677 1486 738 1534; x_wconf 89' lang='lat' dir='ltr'><strong>ut</strong></span> <span class='ocrx_word' id='word_1_87' title='bbox 776 1479 833 1534; x_wconf 89' lang='lat' dir='ltr'><strong>in</strong></span> <span class='ocrx_word' id='word_1_88' title='bbox 873 1477 1162 1543; x_wconf 84' lang='lat' dir='ltr'><strong>universis,</strong></span> <span class='ocrx_word' id='word_1_89' title='bbox 1193 1492 1316 1549; x_wconf 65' lang='lat' dir='ltr'><strong>quae</strong></span> <span class='ocrx_word' id='word_1_90' title='bbox 1341 1477 1430 1532; x_wconf 91' lang='lat' dir='ltr'><strong>hic</strong></span> <span class='ocrx_word' id='word_1_91' title='bbox 1458 1479 1718 1535; x_wconf 84' lang='lat' dir='ltr'><strong>adnotata</strong></span> 
     </span>
    </p>
   </div>
   <div class='ocr_carea' id='block_1_16' title="bbox 108 1571 1712 1648">
    <p class='ocr_par' dir='ltr' id='par_1_16' title="bbox 108 1571 1712 1648">
     <span class='ocr_line' id='line_1_16' title="bbox 108 1571 1712 1648; baseline -0.002 -17"><span class='ocrx_word' id='word_1_92' title='bbox 108 1573 412 1648; x_wconf 88' lang='lat' dir='ltr'><strong>repererit,</strong></span> <span class='ocrx_word' id='word_1_93' title='bbox 468 1586 678 1640; x_wconf 80' lang='lat' dir='ltr'><strong>sexum,</strong></span> <span class='ocrx_word' id='word_1_94' title='bbox 729 1579 990 1640; x_wconf 59' lang='lat' dir='ltr'><strong>aetatem,</strong></span> <span class='ocrx_word' id='word_1_95' title='bbox 1030 1571 1438 1638; x_wconf 89' lang='lat' dir='ltr'><strong>conditionem,</strong></span> <span class='ocrx_word' id='word_1_96' title='bbox 1487 1578 1712 1640; x_wconf 89' lang='lat' dir='ltr'><strong>statum,</strong></span> 
     </span>
    </p>
   </div>
   <div class='ocr_carea' id='block_1_17' title="bbox 1821 569 3411 655">
    <p class='ocr_par' dir='ltr' id='par_1_17' title="bbox 1821 569 3411 655">
     <span class='ocr_line' id='line_1_17' title="bbox 1821 569 3411 655; baseline 0.013 -37"><span class='ocrx_word' id='word_1_97' title='bbox 1821 573 1951 618; x_wconf 86' lang='lat' dir='ltr'><strong>nat:</strong></span> <span class='ocrx_word' id='word_1_98' title='bbox 1983 574 2039 620; x_wconf 90' lang='lat' dir='ltr'><strong>et</strong></span> <span class='ocrx_word' id='word_1_99' title='bbox 2067 569 2361 622; x_wconf 82' lang='lat' dir='ltr'><strong>secundum</strong></span> <span class='ocrx_word' id='word_1_100' title='bbox 2392 569 2507 624; x_wconf 63' lang='lat' dir='ltr'><strong>hare</strong></span> <span class='ocrx_word' id='word_1_101' title='bbox 2527 571 2656 641; x_wconf 91' lang='lat' dir='ltr'><strong>quid</strong></span> <span class='ocrx_word' id='word_1_102' title='bbox 2679 573 2782 627; x_wconf 87' lang='lat' dir='ltr'><strong>sibi</strong></span> <span class='ocrx_word' id='word_1_103' title='bbox 2807 575 2983 630; x_wconf 87' lang='lat' dir='ltr'><strong>visum</strong></span> <span class='ocrx_word' id='word_1_104' title='bbox 3011 577 3173 634; x_wconf 81' lang='lat' dir='ltr'><strong>fuerit</strong></span> <span class='ocrx_word' id='word_1_105' title='bbox 3196 581 3411 655; x_wconf 86' lang='lat' dir='ltr'><strong>singula</strong></span> 
     </span>
    </p>
   </div>
   <div class='ocr_carea' id='block_1_18' title="bbox 1820 656 3415 736">
    <p class='ocr_par' dir='ltr' id='par_1_18' title="bbox 1820 656 3415 736">
     <span class='ocr_line' id='line_1_18' title="bbox 1820 656 3415 736; baseline 0.014 -27"><span class='ocrx_word' id='word_1_106' title='bbox 1820 656 2301 728; x_wconf 67' lang='lat' dir='ltr'><strong>qumquejudieet.</strong></span> <span class='ocrx_word' id='word_1_107' title='bbox 2340 659 2674 728; x_wconf 86' lang='lat' dir='ltr'><strong>Quibusdam</strong></span> <span class='ocrx_word' id='word_1_108' title='bbox 2725 680 2961 736; x_wconf 91' lang='lat' dir='ltr'><strong>namque</strong></span> <span class='ocrx_word' id='word_1_109' title='bbox 3012 683 3043 723; x_wconf 88' lang='lat' dir='ltr'><strong>a</strong></span> <span class='ocrx_word' id='word_1_110' title='bbox 3087 671 3222 726; x_wconf 86' lang='lat' dir='ltr'><strong>cibis</strong></span> <span class='ocrx_word' id='word_1_111' title='bbox 3245 674 3415 730; x_wconf 77' lang='lat' dir='ltr'><strong>ahsti~</strong></span> 
     </span>
    </p>
   </div>
   <div class='ocr_carea' id='block_1_19' title="bbox 1821 748 3406 823">
    <p class='ocr_par' dir='ltr' id='par_1_19' title="bbox 1821 748 3406 823">
     <span class='ocr_line' id='line_1_19' title="bbox 1821 748 3406 823; baseline 0.011 -19"><span class='ocrx_word' id='word_1_112' title='bbox 1821 749 2018 811; x_wconf 87' lang='lat' dir='ltr'><strong>uendo,</strong></span> <span class='ocrx_word' id='word_1_113' title='bbox 2054 748 2174 804; x_wconf 88' lang='lat' dir='ltr'><strong>aliis</strong></span> <span class='ocrx_word' id='word_1_114' title='bbox 2203 749 2573 823; x_wconf 84' lang='lat' dir='ltr'><strong>eleemosynas</strong></span> <span class='ocrx_word' id='word_1_115' title='bbox 2603 754 2802 822; x_wconf 88' lang='lat' dir='ltr'><strong>dando,</strong></span> <span class='ocrx_word' id='word_1_116' title='bbox 2831 758 3106 816; x_wconf 89' lang='lat' dir='ltr'><strong>nonnullis</strong></span> <span class='ocrx_word' id='word_1_117' title='bbox 3135 759 3406 822; x_wconf 84' lang='lat' dir='ltr'><strong>ﬂectendo</strong></span> 
     </span>
    </p>
   </div>
   <div class='ocr_carea' id='block_1_20' title="bbox 1819 839 3414 914">
    <p class='ocr_par' dir='ltr' id='par_1_20' title="bbox 1819 839 3414 914">
     <span class='ocr_line' id='line_1_20' title="bbox 1819 839 3414 914; baseline 0.011 -22"><span class='ocrx_word' id='word_1_118' title='bbox 1819 839 2016 910; x_wconf 81' lang='lat' dir='ltr'><strong>saepius</strong></span> <span class='ocrx_word' id='word_1_119' title='bbox 2037 854 2233 911; x_wconf 88' lang='lat' dir='ltr'><strong>genua,</strong></span> <span class='ocrx_word' id='word_1_120' title='bbox 2269 840 2398 896; x_wconf 88' lang='lat' dir='ltr'><strong>huic</strong></span> <span class='ocrx_word' id='word_1_121' title='bbox 2440 843 2496 897; x_wconf 91' lang='lat' dir='ltr'><strong>in</strong></span> <span class='ocrx_word' id='word_1_122' title='bbox 2533 858 2698 900; x_wconf 90' lang='lat' dir='ltr'><strong>cruce</strong></span> <span class='ocrx_word' id='word_1_123' title='bbox 2737 849 2954 914; x_wconf 89' lang='lat' dir='ltr'><strong>stando,</strong></span> <span class='ocrx_word' id='word_1_124' title='bbox 3009 861 3103 906; x_wconf 88' lang='lat' dir='ltr'><strong>aut</strong></span> <span class='ocrx_word' id='word_1_125' title='bbox 3137 851 3282 908; x_wconf 86' lang='lat' dir='ltr'><strong>aliud</strong></span> <span class='ocrx_word' id='word_1_126' title='bbox 3311 854 3414 911; x_wconf 90' lang='lat' dir='ltr'><strong>ali-</strong></span> 
     </span>
    </p>
   </div>
   <div class='ocr_carea' id='block_1_21' title="bbox 1822 919 3410 1011">
    <p class='ocr_par' dir='ltr' id='par_1_21' title="bbox 1822 919 3410 1011">
     <span class='ocr_line' id='line_1_21' title="bbox 1822 919 3410 1011; baseline 0.012 -29"><span class='ocrx_word' id='word_1_127' title='bbox 1822 929 1951 999; x_wconf 93' lang='lat' dir='ltr'><strong>quid</strong></span> <span class='ocrx_word' id='word_1_128' title='bbox 1995 929 2300 1001; x_wconf 85' lang='lat' dir='ltr'><strong>hujusmodi</strong></span> <span class='ocrx_word' id='word_1_129' title='bbox 2341 933 2486 1002; x_wconf 89' lang='lat' dir='ltr'><strong>quod</strong></span> <span class='ocrx_word' id='word_1_130' title='bbox 2529 933 2596 988; x_wconf 89' lang='lat' dir='ltr'><strong>ad</strong></span> <span class='ocrx_word' id='word_1_131' title='bbox 2641 919 3038 1007; x_wconf 76' lang='lat' dir='ltr'><strong>purgationem</strong></span> <span class='ocrx_word' id='word_1_132' title='bbox 3063 952 3410 1011; x_wconf 89' lang='lat' dir='ltr'><strong>peccatorum</strong></span> 
     </span>
    </p>
   </div>
   <div class='ocr_carea' id='block_1_22' title="bbox 1822 1023 3411 1110">
    <p class='ocr_par' dir='ltr' id='par_1_22' title="bbox 1822 1023 3411 1110">
     <span class='ocr_line' id='line_1_22' title="bbox 1822 1023 3411 1110; baseline 0.012 -35"><span class='ocrx_word' id='word_1_133' title='bbox 1822 1023 2092 1094; x_wconf 89' lang='lat' dir='ltr'><strong>pertineat</strong></span> <span class='ocrx_word' id='word_1_134' title='bbox 2121 1023 2368 1079; x_wconf 77' lang='lat' dir='ltr'><strong>faciendo</strong></span> <span class='ocrx_word' id='word_1_135' title='bbox 2415 1039 2430 1078; x_wconf 90' lang='lat'><strong>:</strong></span> <span class='ocrx_word' id='word_1_136' title='bbox 2477 1027 2726 1096; x_wconf 91' lang='lat' dir='ltr'><strong>plurimis</strong></span> <span class='ocrx_word' id='word_1_137' title='bbox 2765 1031 3019 1089; x_wconf 83' lang='lat' dir='ltr'><strong>universa</strong></span> <span class='ocrx_word' id='word_1_138' title='bbox 3058 1034 3174 1092; x_wconf 63' lang='lat' dir='ltr'><strong>haec</strong></span> <span class='ocrx_word' id='word_1_139' title='bbox 3203 1039 3411 1110; x_wconf 88' lang='lat' dir='ltr'><strong>agenda</strong></span> 
     </span>
    </p>
   </div>
   <div class='ocr_carea' id='block_1_23' title="bbox 1821 1111 3408 1195">
    <p class='ocr_par' dir='ltr' id='par_1_23' title="bbox 1821 1111 3408 1195">
     <span class='ocr_line' id='line_1_23' title="bbox 1821 1111 3408 1195; baseline 0.013 -29"><span class='ocrx_word' id='word_1_140' title='bbox 1821 1121 1969 1167; x_wconf 89' lang='lat' dir='ltr'><strong>sunt.</strong></span> <span class='ocrx_word' id='word_1_141' title='bbox 2021 1111 2255 1170; x_wconf 81' lang='lat' dir='ltr'><strong>Necesse</strong></span> <span class='ocrx_word' id='word_1_142' title='bbox 2290 1122 2375 1170; x_wconf 90' lang='lat' dir='ltr'><strong>est</strong></span> <span class='ocrx_word' id='word_1_143' title='bbox 2413 1126 2595 1172; x_wconf 90' lang='lat' dir='ltr'><strong>errata</strong></span> <span class='ocrx_word' id='word_1_144' title='bbox 2646 1120 2924 1191; x_wconf 79' lang='lat' dir='ltr'><strong>corrigere</strong></span> <span class='ocrx_word' id='word_1_145' title='bbox 2951 1164 2966 1188; x_wconf 96' lang='lat'><strong>,</strong></span> <span class='ocrx_word' id='word_1_146' title='bbox 2997 1140 3119 1195; x_wconf 77' lang='lat' dir='ltr'><strong>quze</strong></span> <span class='ocrx_word' id='word_1_147' title='bbox 3149 1129 3408 1186; x_wconf 85' lang='lat' dir='ltr'><strong>universa</strong></span> 
     </span>
    </p>
   </div>
   <div class='ocr_carea' id='block_1_24' title="bbox 1823 1202 3197 1281">
    <p class='ocr_par' dir='ltr' id='par_1_24' title="bbox 1823 1202 3197 1281">
     <span class='ocr_line' id='line_1_24' title="bbox 1823 1202 3197 1281; baseline 0.009 -24"><span class='ocrx_word' id='word_1_148' title='bbox 1823 1202 1878 1258; x_wconf 92' lang='lat' dir='ltr'><strong>in</strong></span> <span class='ocrx_word' id='word_1_149' title='bbox 1899 1203 2152 1258; x_wconf 75' lang='lat' dir='ltr'><strong>examine</strong></span> <span class='ocrx_word' id='word_1_150' title='bbox 2181 1205 2406 1261; x_wconf 90' lang='lat' dir='ltr'><strong>discreti</strong></span> <span class='ocrx_word' id='word_1_151' title='bbox 2432 1207 2630 1268; x_wconf 90' lang='lat' dir='ltr'><strong>debent</strong></span> <span class='ocrx_word' id='word_1_152' title='bbox 2663 1210 2900 1281; x_wconf 86' lang='lat' dir='ltr'><strong>pendere</strong></span> <span class='ocrx_word' id='word_1_153' title='bbox 2915 1211 3136 1280; x_wconf 89' lang='lat' dir='ltr'><strong>judicis.</strong></span> <span class='ocrx_word' id='word_1_154' title='bbox 3177 1235 3197 1269; x_wconf 72' lang='grc' dir='ltr'><strong><em>ι</em></strong></span> 
     </span>
    </p>
   </div>
   <div class='ocr_carea' id='block_1_25' title="bbox 1896 1294 3416 1376">
    <p class='ocr_par' dir='ltr' id='par_1_25' title="bbox 1896 1294 3416 1376">
     <span class='ocr_line' id='line_1_25' title="bbox 1896 1294 3416 1376; baseline 0.011 -27"><span class='ocrx_word' id='word_1_155' title='bbox 1896 1294 2124 1366; x_wconf 85' lang='lat' dir='ltr'><strong>Semper</strong></span> <span class='ocrx_word' id='word_1_156' title='bbox 2151 1295 2204 1350; x_wconf 95' lang='lat' dir='ltr'><strong>in</strong></span> <span class='ocrx_word' id='word_1_157' title='bbox 2233 1294 2450 1353; x_wconf 87' lang='lat' dir='ltr'><strong>Christo</strong></span> <span class='ocrx_word' id='word_1_158' title='bbox 2499 1298 2646 1356; x_wconf 80' lang='lat' dir='ltr'><strong>felici</strong></span> <span class='ocrx_word' id='word_1_159' title='bbox 2702 1316 2958 1358; x_wconf 90' lang='lat' dir='ltr'><strong>successu</strong></span> <span class='ocrx_word' id='word_1_160' title='bbox 2995 1307 3326 1376; x_wconf 70' lang='lat' dir='ltr'><strong>praepolleat,</strong></span> <span class='ocrx_word' id='word_1_161' title='bbox 3357 1319 3416 1366; x_wconf 88' lang='lat' dir='ltr'><strong>et</strong></span> 
     </span>
    </p>
   </div>
   <div class='ocr_carea' id='block_1_26' title="bbox 1819 1386 3413 1466">
    <p class='ocr_par' dir='ltr' id='par_1_26' title="bbox 1819 1386 3413 1466">
     <span class='ocr_line' id='line_1_26' title="bbox 1819 1386 3413 1466; baseline 0.009 -24"><span class='ocrx_word' id='word_1_162' title='bbox 1819 1386 2078 1442; x_wconf 91' lang='lat' dir='ltr'><strong>omnibus</strong></span> <span class='ocrx_word' id='word_1_163' title='bbox 2124 1387 2180 1442; x_wconf 91' lang='lat' dir='ltr'><strong>in</strong></span> <span class='ocrx_word' id='word_1_164' title='bbox 2208 1387 2366 1445; x_wconf 88' lang='lat' dir='ltr'><strong>bonis</strong></span> <span class='ocrx_word' id='word_1_165' title='bbox 2391 1389 2601 1462; x_wconf 80' lang='lat' dir='ltr'><strong>vigeat,</strong></span> <span class='ocrx_word' id='word_1_166' title='bbox 2648 1394 2948 1448; x_wconf 87' lang='lat' dir='ltr'><strong>reverenda</strong></span> <span class='ocrx_word' id='word_1_167' title='bbox 2986 1404 3043 1451; x_wconf 87' lang='lat' dir='ltr'><strong>et</strong></span> <span class='ocrx_word' id='word_1_168' title='bbox 3085 1400 3413 1466; x_wconf 87' lang='lat' dir='ltr'><strong>percolenda</strong></span> 
     </span>
    </p>
   </div>
   <div class='ocr_carea' id='block_1_27' title="bbox 1819 1480 3409 1560">
    <p class='ocr_par' dir='ltr' id='par_1_27' title="bbox 1819 1480 3409 1560">
     <span class='ocr_line' id='line_1_27' title="bbox 1819 1480 3409 1560; baseline 0.008 -26"><span class='ocrx_word' id='word_1_169' title='bbox 1819 1480 2152 1550; x_wconf 78' lang='lat' dir='ltr'><strong>germanitas</strong></span> <span class='ocrx_word' id='word_1_170' title='bbox 2172 1490 2383 1555; x_wconf 88' lang='lat' dir='ltr'><strong>vostra,</strong></span> <span class='ocrx_word' id='word_1_171' title='bbox 2404 1496 2614 1542; x_wconf 91' lang='lat' dir='ltr'><strong>memor</strong></span> <span class='ocrx_word' id='word_1_172' title='bbox 2640 1485 2814 1540; x_wconf 88' lang='lat' dir='ltr'><strong>nostri</strong></span> <span class='ocrx_word' id='word_1_173' title='bbox 2840 1485 2894 1540; x_wconf 90' lang='lat' dir='ltr'><strong>in</strong></span> <span class='ocrx_word' id='word_1_174' title='bbox 2921 1487 3259 1546; x_wconf 89' lang='lat' dir='ltr'><strong>orationibus</strong></span> <span class='ocrx_word' id='word_1_175' title='bbox 3274 1491 3409 1560; x_wconf 90' lang='lat' dir='ltr'><strong>suis,</strong></span> 
     </span>
    </p>
   </div>
   <div class='ocr_carea' id='block_1_28' title="bbox 1816 1571 2480 1642">
    <p class='ocr_par' dir='ltr' id='par_1_28' title="bbox 1816 1571 2480 1642">
     <span class='ocr_line' id='line_1_28' title="bbox 1816 1571 2480 1642; baseline -0.002 -15"><span class='ocrx_word' id='word_1_176' title='bbox 1816 1579 1873 1628; x_wconf 88' lang='lat' dir='ltr'><strong>et</strong></span> <span class='ocrx_word' id='word_1_177' title='bbox 1890 1571 2172 1642; x_wconf 67' lang='lat' dir='ltr'><strong>universa:</strong></span> <span class='ocrx_word' id='word_1_178' title='bbox 2201 1571 2480 1628; x_wconf 74' lang='lat' dir='ltr'><strong>Ecclesiae.</strong></span> 
     </span>
    </p>
   </div>
   <div class='ocr_carea' id='block_1_29' title="bbox 111 1707 3403 1741">
    <p class='ocr_par' dir='ltr' id='par_1_29' title="bbox 111 1707 3403 1741">
     <span class='ocr_line' id='line_1_29' title="bbox 111 1707 3403 1741; baseline 0.004 -13"><span class='ocrx_word' id='word_1_179' title='bbox 111 1707 3403 1741; x_wconf 43' lang='grc' dir='ltr'><strong>’.Μὴ-*Ἥ*</strong></span> 
     </span>
    </p>
   </div>
   <div class='ocr_carea' id='block_1_30' title="bbox 858 1837 2646 1973">
    <p class='ocr_par' dir='ltr' id='par_1_30' title="bbox 858 1837 2646 1973">
     <span class='ocr_line' id='line_1_30' title="bbox 858 1837 2646 1973; baseline 0.002 -2"><span class='ocrx_word' id='word_1_180' title='bbox 858 1837 1733 1972; x_wconf 83' lang='lat' dir='ltr'><strong>CONCILIUM</strong></span> <span class='ocrx_word' id='word_1_181' title='bbox 1789 1841 2646 1973; x_wconf 79' lang='lat' dir='ltr'><strong>RHEMENSE</strong></span> 
     </span>
    </p>
   </div>
   <div class='ocr_carea' id='block_1_31' title="bbox 1302 2031 2250 2182">
    <p class='ocr_par' dir='ltr' id='par_1_31' title="bbox 1302 2031 2250 2182">
     <span class='ocr_line' id='line_1_31' title="bbox 1302 2031 2250 2182; baseline -0.001 -3"><span class='ocrx_word' id='word_1_182' title='bbox 1302 2031 1776 2181; x_wconf 51' lang='lat' dir='ltr'><strong>maestus</strong></span> <span class='ocrx_word' id='word_1_183' title='bbox 1822 2099 2250 2182; x_wconf 70' lang='lat' dir='ltr'><strong>HERVZEO</strong></span> 
     </span>
    </p>
   </div>
   <div class='ocr_carea' id='block_1_32' title="bbox 104 2278 1703 2424">
    <p class='ocr_par' dir='ltr' id='par_1_32' title="bbox 104 2278 1703 2424">
     <span class='ocr_line' id='line_1_32' title="bbox 104 2278 1703 2424; baseline -0.01 -68"><span class='ocrx_word' id='word_1_184' title='bbox 104 2291 196 2356; x_wconf 82' lang='grc' dir='ltr'><em>1η</em></span> <span class='ocrx_word' id='word_1_185' title='bbox 222 2308 348 2375; x_wconf 77' lang='lat' dir='ltr'><strong>quo</strong></span> <span class='ocrx_word' id='word_1_186' title='bbox 379 2285 700 2350; x_wconf 79' lang='lat' dir='ltr'><strong>anathema</strong></span> <span class='ocrx_word' id='word_1_187' title='bbox 725 2281 963 2348; x_wconf 75' lang='lat' dir='ltr'><strong>dictum</strong></span> <span class='ocrx_word' id='word_1_188' title='bbox 987 2281 1056 2346; x_wconf 80' lang='lat' dir='ltr'><strong>in</strong></span> <span class='ocrx_word' id='word_1_189' title='bbox 1083 2299 1184 2346; x_wconf 76' lang='lat' dir='ltr'><strong>eos</strong></span> <span class='ocrx_word' id='word_1_190' title='bbox 1210 2279 1322 2363; x_wconf 79' lang='lat' dir='ltr'><strong>qui</strong></span> <span class='ocrx_word' id='word_1_191' title='bbox 1353 2278 1703 2424; x_wconf 50' lang='lat' dir='ltr'><strong>Fulzzzm</strong></span> 
     </span>
    </p>
   </div>
   <div class='ocr_carea' id='block_1_33' title="bbox 1806 2278 3392 2424">
    <p class='ocr_par' dir='ltr' id='par_1_33' title="bbox 1806 2280 3392 2423">
     <span class='ocr_line' id='line_1_33' title="bbox 1806 2280 3392 2423; baseline 0.015 -84"><span class='ocrx_word' id='word_1_192' title='bbox 1806 2280 2266 2423; x_wconf 49' lang='grc' dir='ltr'><strong>ξζιέἕλέἓςὸοραηι</strong></span> <span class='ocrx_word' id='word_1_193' title='bbox 2297 2285 2674 2366; x_wconf 79' lang='lat' dir='ltr'><strong>occiderant,</strong></span> <span class='ocrx_word' id='word_1_194' title='bbox 2711 2290 2925 2373; x_wconf 75' lang='lat' dir='ltr'><strong>pridie</strong></span> <span class='ocrx_word' id='word_1_195' title='bbox 2953 2293 3169 2359; x_wconf 75' lang='lat' dir='ltr'><strong>Nonas</strong></span> <span class='ocrx_word' id='word_1_196' title='bbox 3197 2296 3392 2376; x_wconf 71' lang='lat' dir='ltr'><strong>Julii,</strong></span> 
     </span>
    </p>
   </div>
   <div class='ocr_carea' id='block_1_34' title="bbox 1146 2524 2390 2611">
    <p class='ocr_par' dir='ltr' id='par_1_34' title="bbox 1146 2524 2390 2611">
     <span class='ocr_line' id='line_1_34' title="bbox 1146 2524 2390 2611; baseline 0.007 -28"><span class='ocrx_word' id='word_1_197' title='bbox 1146 2527 1327 2602; x_wconf 80' lang='lat' dir='ltr'><strong>(Apud</strong></span> <span class='ocrx_word' id='word_1_198' title='bbox 1349 2524 1524 2585; x_wconf 85' lang='lat' dir='ltr'><strong>Labb.</strong></span> <span class='ocrx_word' id='word_1_199' title='bbox 1553 2524 1764 2587; x_wconf 86' lang='lat' dir='ltr'><strong>Coneil.</strong></span> <span class='ocrx_word' id='word_1_200' title='bbox 1802 2535 1936 2584; x_wconf 90' lang='lat' dir='ltr'><strong>tom.</strong></span> <span class='ocrx_word' id='word_1_201' title='bbox 1968 2528 2063 2598; x_wconf 83' lang='lat' dir='ltr'><strong>1x,</strong></span> <span class='ocrx_word' id='word_1_202' title='bbox 2103 2531 2208 2590; x_wconf 89' lang='lat' dir='ltr'><strong>col.</strong></span> <span class='ocrx_word' id='word_1_203' title='bbox 2234 2534 2390 2611; x_wconf 75' lang='grc'><strong>481.)</strong></span> 
     </span>
    </p>
   </div>
   <div class='ocr_carea' id='block_1_35' title="bbox 180 2868 1709 2945">
    <p class='ocr_par' dir='ltr' id='par_1_35' title="bbox 180 2868 1709 2945">
     <span class='ocr_line' id='line_1_35' title="bbox 180 2868 1709 2945; baseline -0.012 -4"><span class='ocrx_word' id='word_1_204' title='bbox 180 2895 337 2942; x_wconf 74' lang='grc' dir='ltr'><strong>Δηηο</strong></span> <span class='ocrx_word' id='word_1_205' title='bbox 379 2879 485 2938; x_wconf 83' lang='grc'><strong>900</strong></span> <span class='ocrx_word' id='word_1_206' title='bbox 526 2877 824 2936; x_wconf 85' lang='lat' dir='ltr'><strong>Dominicae</strong></span> <span class='ocrx_word' id='word_1_207' title='bbox 861 2873 1274 2945; x_wconf 88' lang='lat' dir='ltr'><strong>incarnationis,</strong></span> <span class='ocrx_word' id='word_1_208' title='bbox 1312 2869 1486 2943; x_wconf 89' lang='lat' dir='ltr'><strong>pridie</strong></span> <span class='ocrx_word' id='word_1_209' title='bbox 1528 2868 1709 2925; x_wconf 87' lang='lat' dir='ltr'><strong>Nonas</strong></span> 
     </span>
    </p>
   </div>
   <div class='ocr_carea' id='block_1_36' title="bbox 102 2963 1712 3049">
    <p class='ocr_par' dir='ltr' id='par_1_36' title="bbox 102 2963 1712 3049">
     <span class='ocr_line' id='line_1_36' title="bbox 102 2963 1712 3049; baseline -0.011 -13"><span class='ocrx_word' id='word_1_210' title='bbox 102 2979 264 3044; x_wconf 80' lang='lat' dir='ltr'><strong>Julii,</strong></span> <span class='ocrx_word' id='word_1_211' title='bbox 292 2976 470 3049; x_wconf 92' lang='lat' dir='ltr'><strong>primo</strong></span> <span class='ocrx_word' id='word_1_212' title='bbox 495 2973 701 3030; x_wconf 89' lang='lat' dir='ltr'><strong>scilicet</strong></span> <span class='ocrx_word' id='word_1_213' title='bbox 721 2971 808 3028; x_wconf 94' lang='lat' dir='ltr'><strong>die</strong></span> <span class='ocrx_word' id='word_1_214' title='bbox 838 2971 1056 3043; x_wconf 90' lang='lat' dir='ltr'><strong>quando</strong></span> <span class='ocrx_word' id='word_1_215' title='bbox 1092 2967 1378 3025; x_wconf 90' lang='lat' dir='ltr'><strong>ordinatus</strong></span> <span class='ocrx_word' id='word_1_216' title='bbox 1430 2973 1516 3022; x_wconf 89' lang='lat' dir='ltr'><strong>est</strong></span> <span class='ocrx_word' id='word_1_217' title='bbox 1574 2963 1712 3020; x_wconf 80' lang='lat' dir='ltr'><strong>Her-</strong></span> 
     </span>
    </p>
   </div>
   <div class='ocr_carea' id='block_1_37' title="bbox 102 3056 1711 3138">
    <p class='ocr_par' dir='ltr' id='par_1_37' title="bbox 102 3056 1711 3138">
     <span class='ocr_line' id='line_1_37' title="bbox 102 3056 1711 3138; baseline -0.009 -12"><span class='ocrx_word' id='word_1_218' title='bbox 102 3087 264 3129; x_wconf 71' lang='lat' dir='ltr'><strong>vatus</strong></span> <span class='ocrx_word' id='word_1_219' title='bbox 305 3071 360 3126; x_wconf 88' lang='lat' dir='ltr'><strong>in</strong></span> <span class='ocrx_word' id='word_1_220' title='bbox 392 3067 864 3138; x_wconf 88' lang='lat' dir='ltr'><strong>archiepiscopatu</strong></span> <span class='ocrx_word' id='word_1_221' title='bbox 895 3062 1192 3120; x_wconf 82' lang='lat' dir='ltr'><strong>Rhemensi</strong></span> <span class='ocrx_word' id='word_1_222' title='bbox 1223 3061 1530 3133; x_wconf 91' lang='lat' dir='ltr'><strong>episcopus,</strong></span> <span class='ocrx_word' id='word_1_223' title='bbox 1571 3056 1711 3112; x_wconf 89' lang='lat' dir='ltr'><strong>lecta</strong></span> 
     </span>
    </p>
   </div>
   <div class='ocr_carea' id='block_1_38' title="bbox 103 3149 1710 3227">
    <p class='ocr_par' dir='ltr' id='par_1_38' title="bbox 103 3149 1710 3227">
     <span class='ocr_line' id='line_1_38' title="bbox 103 3149 1710 3227; baseline -0.01 -7"><span class='ocrx_word' id='word_1_224' title='bbox 103 3173 193 3220; x_wconf 90' lang='lat' dir='ltr'><strong>est</strong></span> <span class='ocrx_word' id='word_1_225' title='bbox 238 3159 736 3218; x_wconf 81' lang='lat' dir='ltr'><strong>exeommunieatio</strong></span> <span class='ocrx_word' id='word_1_226' title='bbox 778 3157 895 3213; x_wconf 59' lang='lat' dir='ltr'><strong>haec</strong></span> <span class='ocrx_word' id='word_1_227' title='bbox 925 3171 1047 3227; x_wconf 68' lang='lat' dir='ltr'><strong>quae</strong></span> <span class='ocrx_word' id='word_1_228' title='bbox 1081 3153 1352 3225; x_wconf 86' lang='lat' dir='ltr'><strong>sequitur,</strong></span> <span class='ocrx_word' id='word_1_229' title='bbox 1381 3152 1437 3207; x_wconf 95' lang='lat' dir='ltr'><strong>in</strong></span> <span class='ocrx_word' id='word_1_230' title='bbox 1479 3149 1710 3208; x_wconf 90' lang='lat' dir='ltr'><strong>ecclesia</strong></span> 
     </span>
    </p>
   </div>
   <div class='ocr_carea' id='block_1_39' title="bbox 100 3239 1708 3320">
    <p class='ocr_par' dir='ltr' id='par_1_39' title="bbox 100 3239 1708 3320">
     <span class='ocr_line' id='line_1_39' title="bbox 100 3239 1708 3320; baseline -0.009 -10"><span class='ocrx_word' id='word_1_231' title='bbox 100 3261 318 3310; x_wconf 69' lang='lat' dir='ltr'><strong>sancta:</strong></span> <span class='ocrx_word' id='word_1_232' title='bbox 345 3250 528 3306; x_wconf 63' lang='lat' dir='ltr'><strong>Maria;</strong></span> <span class='ocrx_word' id='word_1_233' title='bbox 557 3248 805 3314; x_wconf 81' lang='lat' dir='ltr'><strong>Rhemis,</strong></span> <span class='ocrx_word' id='word_1_234' title='bbox 831 3245 1193 3320; x_wconf 74' lang='lat' dir='ltr'><strong>prtesentibus</strong></span> <span class='ocrx_word' id='word_1_235' title='bbox 1218 3242 1490 3314; x_wconf 89' lang='lat' dir='ltr'><strong>episcopis</strong></span> <span class='ocrx_word' id='word_1_236' title='bbox 1534 3239 1708 3296; x_wconf 81' lang='lat' dir='ltr'><strong>infra-</strong></span> 
     </span>
    </p>
   </div>
   <div class='ocr_carea' id='block_1_40' title="bbox 101 3343 354 3416">
    <p class='ocr_par' dir='ltr' id='par_1_40' title="bbox 101 3343 354 3416">
     <span class='ocr_line' id='line_1_40' title="bbox 101 3343 354 3416; baseline -0.012 -15"><span class='ocrx_word' id='word_1_237' title='bbox 101 3343 354 3416; x_wconf 85' lang='lat' dir='ltr'><strong>scriptis.</strong></span> 
     </span>
    </p>
   </div>
   <div class='ocr_carea' id='block_1_41' title="bbox 172 3428 1709 3492">
    <p class='ocr_par' dir='ltr' id='par_1_41' title="bbox 172 3428 1709 3492">
     <span class='ocr_line' id='line_1_41' title="bbox 172 3428 1709 3492; baseline -0.006 0"><span class='ocrx_word' id='word_1_238' title='bbox 172 3437 441 3492; x_wconf 77' lang='lat' dir='ltr'><strong>Hervzeus</strong></span> <span class='ocrx_word' id='word_1_239' title='bbox 495 3434 716 3492; x_wconf 88' lang='lat' dir='ltr'><strong>nomine</strong></span> <span class='ocrx_word' id='word_1_240' title='bbox 759 3448 869 3489; x_wconf 89' lang='lat' dir='ltr'><strong>non</strong></span> <span class='ocrx_word' id='word_1_241' title='bbox 923 3432 1120 3490; x_wconf 90' lang='lat' dir='ltr'><strong>merito</strong></span> <span class='ocrx_word' id='word_1_242' title='bbox 1156 3431 1492 3488; x_wconf 85' lang='lat' dir='ltr'><strong>Rhemorum</strong></span> <span class='ocrx_word' id='word_1_243' title='bbox 1529 3428 1709 3485; x_wconf 88' lang='lat' dir='ltr'><strong>archi-</strong></span> 
     </span>
    </p>
   </div>
   <div class='ocr_carea' id='block_1_42' title="bbox 103 3522 1696 3601">
    <p class='ocr_par' dir='ltr' id='par_1_42' title="bbox 103 3522 1696 3601">
     <span class='ocr_line' id='line_1_42' title="bbox 103 3522 1696 3601; baseline -0.006 -14"><span class='ocrx_word' id='word_1_244' title='bbox 103 3529 408 3601; x_wconf 87' lang='lat' dir='ltr'><strong>episcopus</strong></span> <span class='ocrx_word' id='word_1_245' title='bbox 457 3543 522 3584; x_wconf 88' lang='lat' dir='ltr'><strong>ac</strong></span> <span class='ocrx_word' id='word_1_246' title='bbox 543 3526 718 3598; x_wconf 88' lang='lat' dir='ltr'><strong>plebis</strong></span> <span class='ocrx_word' id='word_1_247' title='bbox 748 3525 844 3581; x_wconf 92' lang='lat' dir='ltr'><strong>Dei</strong></span> <span class='ocrx_word' id='word_1_248' title='bbox 887 3525 1121 3581; x_wconf 80' lang='lat' dir='ltr'><strong>famulus</strong></span> <span class='ocrx_word' id='word_1_249' title='bbox 1142 3522 1267 3579; x_wconf 82' lang='lat' dir='ltr'><strong>Vito</strong></span> <span class='ocrx_word' id='word_1_250' title='bbox 1296 3522 1696 3595; x_wconf 82' lang='lat' dir='ltr'><strong>Rothomagen-</strong></span> 
     </span>
    </p>
   </div>
   <div class='ocr_carea' id='block_1_43' title="bbox 97 3614 1704 3690">
    <p class='ocr_par' dir='ltr' id='par_1_43' title="bbox 97 3614 1704 3690">
     <span class='ocr_line' id='line_1_43' title="bbox 97 3614 1704 3690; baseline -0.004 -14"><span class='ocrx_word' id='word_1_251' title='bbox 97 3621 254 3677; x_wconf 91' lang='lat' dir='ltr'><strong>sium</strong></span> <span class='ocrx_word' id='word_1_252' title='bbox 290 3619 754 3690; x_wconf 88' lang='lat' dir='ltr'><strong>archiepiscopus,</strong></span> <span class='ocrx_word' id='word_1_253' title='bbox 785 3615 1037 3673; x_wconf 80' lang='lat' dir='ltr'><strong>Riculqu</strong></span> <span class='ocrx_word' id='word_1_254' title='bbox 1089 3616 1444 3672; x_wconf 84' lang='lat' dir='ltr'><strong>Suessionum</strong></span> <span class='ocrx_word' id='word_1_255' title='bbox 1491 3614 1704 3685; x_wconf 85' lang='lat' dir='ltr'><strong>cpisco-</strong></span> 
     </span>
    </p>
   </div>
   <div class='ocr_carea' id='block_1_44' title="bbox 95 3705 1702 3786">
    <p class='ocr_par' dir='ltr' id='par_1_44' title="bbox 95 3705 1702 3786">
     <span class='ocr_line' id='line_1_44' title="bbox 95 3705 1702 3786; baseline -0.006 -16"><span class='ocrx_word' id='word_1_256' title='bbox 95 3728 234 3786; x_wconf 90' lang='lat' dir='ltr'><strong>pus,</strong></span> <span class='ocrx_word' id='word_1_257' title='bbox 265 3711 424 3769; x_wconf 84' lang='lat' dir='ltr'><strong>Hetlo</strong></span> <span class='ocrx_word' id='word_1_258' title='bbox 468 3709 977 3780; x_wconf 86' lang='lat' dir='ltr'><strong>Noviomagensium</strong></span> <span class='ocrx_word' id='word_1_259' title='bbox 1007 3709 1312 3780; x_wconf 83' lang='lat' dir='ltr'><strong>episcOpus,</strong></span> <span class='ocrx_word' id='word_1_260' title='bbox 1364 3707 1554 3763; x_wconf 90' lang='lat' dir='ltr'><strong>Dodilo</strong></span> <span class='ocrx_word' id='word_1_261' title='bbox 1595 3705 1702 3762; x_wconf 81' lang='lat' dir='ltr'><strong>Ca-</strong></span> 
     </span>
    </p>
   </div>
   <div class='ocr_carea' id='block_1_45' title="bbox 99 3804 856 3874">
    <p class='ocr_par' dir='ltr' id='par_1_45' title="bbox 99 3804 856 3874">
     <span class='ocr_line' id='line_1_45' title="bbox 99 3804 856 3874; baseline -0.005 -12"><span class='ocrx_word' id='word_1_262' title='bbox 99 3818 490 3863; x_wconf 86' lang='lat' dir='ltr'><strong>meracensum</strong></span> <span class='ocrx_word' id='word_1_263' title='bbox 551 3804 856 3874; x_wconf 89' lang='lat' dir='ltr'><strong>episcopus,</strong></span> 
     </span>
    </p>
   </div>
   <div class='ocr_carea' id='block_1_46' title="bbox 95 3890 1699 3967">
    <p class='ocr_par' dir='ltr' id='par_1_46' title="bbox 95 3890 1699 3967">
     <span class='ocr_line' id='line_1_46' title="bbox 95 3890 1699 3967; baseline -0.003 -16"><span class='ocrx_word' id='word_1_264' title='bbox 95 3895 417 3967; x_wconf 85' lang='lat' dir='ltr'><strong>episcOpus,</strong></span> <span class='ocrx_word' id='word_1_265' title='bbox 450 3892 706 3966; x_wconf 88' lang='lat' dir='ltr'><strong>Otgarius</strong></span> <span class='ocrx_word' id='word_1_266' title='bbox 751 3891 1201 3947; x_wconf 85' lang='lat' dir='ltr'><strong>Ambianensium</strong></span> <span class='ocrx_word' id='word_1_267' title='bbox 1247 3891 1554 3962; x_wconf 91' lang='lat' dir='ltr'><strong>episcopus,</strong></span> <span class='ocrx_word' id='word_1_268' title='bbox 1589 3890 1699 3946; x_wconf 90' lang='lat' dir='ltr'><strong>Ho-</strong></span> 
     </span>
    </p>
   </div>
   <div class='ocr_carea' id='block_1_47' title="bbox 97 3982 1701 4054">
    <p class='ocr_par' dir='ltr' id='par_1_47' title="bbox 97 3982 1701 4054">
     <span class='ocr_line' id='line_1_47' title="bbox 97 3982 1701 4054; baseline -0.005 -10"><span class='ocrx_word' id='word_1_269' title='bbox 97 3994 336 4044; x_wconf 87' lang='lat' dir='ltr'><strong>noratus</strong></span> <span class='ocrx_word' id='word_1_270' title='bbox 382 3984 790 4041; x_wconf 86' lang='lat' dir='ltr'><strong>Belvacensium</strong></span> <span class='ocrx_word' id='word_1_271' title='bbox 838 3983 1146 4054; x_wconf 86' lang='lat' dir='ltr'><strong>episcopus,</strong></span> <span class='ocrx_word' id='word_1_272' title='bbox 1206 3982 1416 4038; x_wconf 88' lang='lat' dir='ltr'><strong>Mancio</strong></span> <span class='ocrx_word' id='word_1_273' title='bbox 1449 3982 1701 4040; x_wconf 82' lang='lat' dir='ltr'><strong>Catalau-</strong></span> 
     </span>
    </p>
   </div>
   <div class='ocr_carea' id='block_1_48' title="bbox 92 4074 1694 4149">
    <p class='ocr_par' dir='ltr' id='par_1_48' title="bbox 92 4074 1694 4149">
     <span class='ocr_line' id='line_1_48' title="bbox 92 4074 1694 4149; baseline -0.004 -13"><span class='ocrx_word' id='word_1_274' title='bbox 92 4079 361 4136; x_wconf 86' lang='lat' dir='ltr'><strong>nensium</strong></span> <span class='ocrx_word' id='word_1_275' title='bbox 392 4077 696 4149; x_wconf 89' lang='lat' dir='ltr'><strong>episcopus,</strong></span> <span class='ocrx_word' id='word_1_276' title='bbox 751 4075 1060 4142; x_wconf 57' lang='lat' dir='ltr'><strong>Rodull‘usf</strong></span> <span class='ocrx_word' id='word_1_277' title='bbox 1086 4074 1528 4130; x_wconf 89' lang='lat' dir='ltr'><strong>Laudunensium</strong></span> <span class='ocrx_word' id='word_1_278' title='bbox 1575 4075 1694 4144; x_wconf 90' lang='lat' dir='ltr'><strong>epi-</strong></span> 
     </span>
    </p>
   </div>
   <div class='ocr_carea' id='block_1_49' title="bbox 93 4164 1770 4256">
    <p class='ocr_par' dir='ltr' id='par_1_49' title="bbox 93 4164 1770 4256">
     <span class='ocr_line' id='line_1_49' title="bbox 93 4164 1770 4256; baseline -0.005 -28"><span class='ocrx_word' id='word_1_279' title='bbox 93 4185 328 4242; x_wconf 89' lang='lat' dir='ltr'><strong>sc0pns,</strong></span> <span class='ocrx_word' id='word_1_280' title='bbox 370 4167 612 4227; x_wconf 87' lang='lat' dir='ltr'><strong>Otfridus</strong></span> <span class='ocrx_word' id='word_1_281' title='bbox 635 4167 1124 4224; x_wconf 89' lang='lat' dir='ltr'><strong>Silvanectensium</strong></span> <span class='ocrx_word' id='word_1_282' title='bbox 1157 4166 1460 4237; x_wconf 89' lang='lat' dir='ltr'><strong>episcopus,</strong></span> <span class='ocrx_word' id='word_1_283' title='bbox 1499 4164 1697 4236; x_wconf 81' lang='lat' dir='ltr'><strong>Angcl-</strong></span> <span class='ocrx_word' id='word_1_284' title='bbox 1725 4194 1770 4256; x_wconf 65' lang='grc' dir='ltr'><strong>ρ</strong></span> 
     </span>
    </p>
   </div>
   <div class='ocr_carea' id='block_1_50' title="bbox 97 4259 1011 4331">
    <p class='ocr_par' dir='ltr' id='par_1_50' title="bbox 97 4259 1011 4331">
     <span class='ocr_line' id='line_1_50' title="bbox 97 4259 1011 4331; baseline -0.007 -12"><span class='ocrx_word' id='word_1_285' title='bbox 97 4277 316 4319; x_wconf 86' lang='lat' dir='ltr'><strong>rannus</strong></span> <span class='ocrx_word' id='word_1_286' title='bbox 334 4260 686 4317; x_wconf 80' lang='lat' dir='ltr'><strong>Meldensium</strong></span> <span class='ocrx_word' id='word_1_287' title='bbox 707 4259 1011 4331; x_wconf 89' lang='lat' dir='ltr'><strong>episcopus.</strong></span> 
     </span>
    </p>
   </div>
   <div class='ocr_carea' id='block_1_51' title="bbox 169 4347 1698 4421">
    <p class='ocr_par' dir='ltr' id='par_1_51' title="bbox 169 4347 1698 4421">
     <span class='ocr_line' id='line_1_51' title="bbox 169 4347 1698 4421; baseline -0.005 -10"><span class='ocrx_word' id='word_1_288' title='bbox 169 4355 378 4411; x_wconf 78' lang='lat' dir='ltr'><strong>Notum</strong></span> <span class='ocrx_word' id='word_1_289' title='bbox 416 4353 487 4409; x_wconf 89' lang='lat' dir='ltr'><strong>sit</strong></span> <span class='ocrx_word' id='word_1_290' title='bbox 540 4349 790 4408; x_wconf 92' lang='lat' dir='ltr'><strong>omnibus</strong></span> <span class='ocrx_word' id='word_1_291' title='bbox 831 4351 1032 4421; x_wconf 86' lang='lat' dir='ltr'><strong>ubique</strong></span> <span class='ocrx_word' id='word_1_292' title='bbox 1077 4357 1280 4406; x_wconf 73' lang='lat' dir='ltr'><strong>sanctae</strong></span> <span class='ocrx_word' id='word_1_293' title='bbox 1314 4349 1409 4405; x_wconf 88' lang='lat' dir='ltr'><strong>Dei</strong></span> <span class='ocrx_word' id='word_1_294' title='bbox 1440 4347 1698 4404; x_wconf 75' lang='lat' dir='ltr'><strong>Ecclesiae</strong></span> 
     </span>
    </p>
   </div>
   <div class='ocr_carea' id='block_1_52' title="bbox 94 4441 1700 4515">
    <p class='ocr_par' dir='ltr' id='par_1_52' title="bbox 94 4441 1700 4515">
     <span class='ocr_line' id='line_1_52' title="bbox 94 4441 1700 4515; baseline -0.007 -9"><span class='ocrx_word' id='word_1_295' title='bbox 94 4448 374 4514; x_wconf 88' lang='lat' dir='ltr'><strong>ﬁdelibus,</strong></span> <span class='ocrx_word' id='word_1_296' title='bbox 407 4455 516 4502; x_wconf 86' lang='lat' dir='ltr'><strong>tam</strong></span> <span class='ocrx_word' id='word_1_297' title='bbox 587 4444 803 4502; x_wconf 88' lang='lat' dir='ltr'><strong>clericis</strong></span> <span class='ocrx_word' id='word_1_298' title='bbox 865 4458 1028 4515; x_wconf 90' lang='lat' dir='ltr'><strong>quam</strong></span> <span class='ocrx_word' id='word_1_299' title='bbox 1080 4442 1252 4509; x_wconf 89' lang='lat' dir='ltr'><strong>laicis,</strong></span> <span class='ocrx_word' id='word_1_300' title='bbox 1305 4441 1450 4513; x_wconf 88' lang='lat' dir='ltr'><strong>quod</strong></span> <span class='ocrx_word' id='word_1_301' title='bbox 1493 4455 1596 4497; x_wconf 89' lang='lat' dir='ltr'><strong>nos</strong></span> <span class='ocrx_word' id='word_1_302' title='bbox 1643 4447 1700 4496; x_wconf 86' lang='lat' dir='ltr'><strong>et</strong></span> 
     </span>
    </p>
   </div>
   <div class='ocr_carea' id='block_1_53' title="bbox 91 4531 1698 4605">
    <p class='ocr_par' dir='ltr' id='par_1_53' title="bbox 91 4531 1698 4605">
     <span class='ocr_line' id='line_1_53' title="bbox 91 4531 1698 4605; baseline -0.007 -6"><span class='ocrx_word' id='word_1_303' title='bbox 91 4541 400 4599; x_wconf 89' lang='lat' dir='ltr'><strong>commissa</strong></span> <span class='ocrx_word' id='word_1_304' title='bbox 425 4538 580 4596; x_wconf 91' lang='lat' dir='ltr'><strong>nobis</strong></span> <span class='ocrx_word' id='word_1_305' title='bbox 606 4535 858 4594; x_wconf 89' lang='lat' dir='ltr'><strong>omnibus</strong></span> <span class='ocrx_word' id='word_1_306' title='bbox 884 4534 1125 4592; x_wconf 89' lang='lat' dir='ltr'><strong>Ecclesia</strong></span> <span class='ocrx_word' id='word_1_307' title='bbox 1150 4535 1316 4590; x_wconf 90' lang='lat' dir='ltr'><strong>nimia</strong></span> <span class='ocrx_word' id='word_1_308' title='bbox 1341 4531 1698 4605; x_wconf 88' lang='lat' dir='ltr'><strong>perturbatur</strong></span> 
     </span>
    </p>
   </div>
   <div class='ocr_carea' id='block_1_54' title="bbox 92 4627 1696 4703">
    <p class='ocr_par' dir='ltr' id='par_1_54' title="bbox 92 4627 1696 4703">
     <span class='ocr_line' id='line_1_54' title="bbox 92 4627 1696 4703; baseline -0.006 -13"><span class='ocrx_word' id='word_1_309' title='bbox 92 4633 349 4700; x_wconf 87' lang='lat' dir='ltr'><strong>tristitia,</strong></span> <span class='ocrx_word' id='word_1_310' title='bbox 367 4646 465 4703; x_wconf 93' lang='lat' dir='ltr'><strong>pro</strong></span> <span class='ocrx_word' id='word_1_311' title='bbox 480 4630 717 4686; x_wconf 90' lang='lat' dir='ltr'><strong>inaudita</strong></span> <span class='ocrx_word' id='word_1_312' title='bbox 749 4644 809 4686; x_wconf 91' lang='lat' dir='ltr'><strong>re</strong></span> <span class='ocrx_word' id='word_1_313' title='bbox 834 4637 956 4700; x_wconf 90' lang='lat' dir='ltr'><strong>post</strong></span> <span class='ocrx_word' id='word_1_314' title='bbox 981 4629 1412 4700; x_wconf 88' lang='lat' dir='ltr'><strong>persecutionem</strong></span> <span class='ocrx_word' id='word_1_315' title='bbox 1436 4627 1696 4698; x_wconf 88' lang='lat' dir='ltr'><strong>temporis</strong></span> 
     </span>
    </p>
   </div>
   <div class='ocr_carea' id='block_1_55' title="bbox 91 4719 1687 4796">
    <p class='ocr_par' dir='ltr' id='par_1_55' title="bbox 91 4719 1687 4796">
     <span class='ocr_line' id='line_1_55' title="bbox 91 4719 1687 4796; baseline -0.004 -17"><span class='ocrx_word' id='word_1_316' title='bbox 91 4722 489 4796; x_wconf 87' lang='lat' dir='ltr'><strong>apostolorum,</strong></span> <span class='ocrx_word' id='word_1_317' title='bbox 521 4735 819 4792; x_wconf 89' lang='lat' dir='ltr'><strong>eorumque</strong></span> <span class='ocrx_word' id='word_1_318' title='bbox 851 4734 1252 4787; x_wconf 86' lang='lat' dir='ltr'><strong>successorum,</strong></span> <span class='ocrx_word' id='word_1_319' title='bbox 1305 4719 1372 4775; x_wconf 92' lang='lat' dir='ltr'><strong>de</strong></span> <span class='ocrx_word' id='word_1_320' title='bbox 1407 4719 1687 4776; x_wconf 87' lang='lat' dir='ltr'><strong>occisione</strong></span> 
     </span>
    </p>
   </div>
   <div class='ocr_carea' id='block_1_56' title="bbox 93 4810 1692 4883">
    <p class='ocr_par' dir='ltr' id='par_1_56' title="bbox 93 4810 1692 4883">
     <span class='ocr_line' id='line_1_56' title="bbox 93 4810 1692 4883; baseline -0.004 -13"><span class='ocrx_word' id='word_1_321' title='bbox 93 4814 365 4870; x_wconf 89' lang='lat' dir='ltr'><strong>nimirum</strong></span> <span class='ocrx_word' id='word_1_322' title='bbox 395 4813 569 4883; x_wconf 85' lang='lat' dir='ltr'><strong>patris</strong></span> <span class='ocrx_word' id='word_1_323' title='bbox 593 4821 649 4868; x_wconf 91' lang='lat' dir='ltr'><strong>et</strong></span> <span class='ocrx_word' id='word_1_324' title='bbox 682 4811 920 4881; x_wconf 86' lang='lat' dir='ltr'><strong>pastoris</strong></span> <span class='ocrx_word' id='word_1_325' title='bbox 957 4812 1127 4867; x_wconf 89' lang='lat' dir='ltr'><strong>nostri</strong></span> <span class='ocrx_word' id='word_1_326' title='bbox 1173 4810 1428 4867; x_wconf 87' lang='lat' dir='ltr'><strong>Fuleonis</strong></span> <span class='ocrx_word' id='word_1_327' title='bbox 1475 4811 1543 4864; x_wconf 88' lang='lat' dir='ltr'><strong>ab</strong></span> <span class='ocrx_word' id='word_1_328' title='bbox 1588 4811 1692 4864; x_wconf 88' lang='lat' dir='ltr'><strong>im-</strong></span> 
     </span>
    </p>
   </div>
   <div class='ocr_carea' id='block_1_57' title="bbox 91 4903 1695 4981">
    <p class='ocr_par' dir='ltr' id='par_1_57' title="bbox 91 4903 1695 4981">
     <span class='ocr_line' id='line_1_57' title="bbox 91 4903 1695 4981; baseline -0.004 -17"><span class='ocrx_word' id='word_1_329' title='bbox 91 4910 207 4981; x_wconf 90' lang='lat' dir='ltr'><strong>piis</strong></span> <span class='ocrx_word' id='word_1_330' title='bbox 262 4907 430 4978; x_wconf 91' lang='lat' dir='ltr'><strong>impie</strong></span> <span class='ocrx_word' id='word_1_331' title='bbox 479 4915 812 4978; x_wconf 88' lang='lat' dir='ltr'><strong>perpetrata,</strong></span> <span class='ocrx_word' id='word_1_332' title='bbox 862 4906 953 4976; x_wconf 87' lang='lat' dir='ltr'><strong>qui</strong></span> <span class='ocrx_word' id='word_1_333' title='bbox 997 4920 1095 4975; x_wconf 91' lang='lat' dir='ltr'><strong>pro</strong></span> <span class='ocrx_word' id='word_1_334' title='bbox 1149 4906 1301 4976; x_wconf 86' lang='lat' dir='ltr'><strong>regni</strong></span> <span class='ocrx_word' id='word_1_335' title='bbox 1351 4903 1584 4958; x_wconf 86' lang='lat' dir='ltr'><strong>utilitate</strong></span> <span class='ocrx_word' id='word_1_336' title='bbox 1639 4910 1695 4958; x_wconf 85' lang='lat' dir='ltr'><strong>et</strong></span> 
     </span>
    </p>
   </div>
   <div class='ocr_carea' id='block_1_58' title="bbox 93 4994 1692 5074">
    <p class='ocr_par' dir='ltr' id='par_1_58' title="bbox 93 4994 1692 5074">
     <span class='ocr_line' id='line_1_58' title="bbox 93 4994 1692 5074; baseline -0.002 -22"><span class='ocrx_word' id='word_1_337' title='bbox 93 4998 274 5053; x_wconf 87' lang='lat' dir='ltr'><strong>totius</strong></span> <span class='ocrx_word' id='word_1_338' title='bbox 293 5006 498 5063; x_wconf 78' lang='lat' dir='ltr'><strong>sancta:</strong></span> <span class='ocrx_word' id='word_1_339' title='bbox 522 4997 778 5053; x_wconf 77' lang='lat' dir='ltr'><strong>Ecclesia:</strong></span> <span class='ocrx_word' id='word_1_340' title='bbox 801 5004 939 5052; x_wconf 89' lang='lat' dir='ltr'><strong>statu</strong></span> <span class='ocrx_word' id='word_1_341' title='bbox 965 5011 1064 5066; x_wconf 89' lang='lat' dir='ltr'><strong>pro</strong></span> <span class='ocrx_word' id='word_1_342' title='bbox 1091 4994 1294 5050; x_wconf 88' lang='lat' dir='ltr'><strong>viribus</strong></span> <span class='ocrx_word' id='word_1_343' title='bbox 1315 4995 1400 5074; x_wconf 82' lang='lat' dir='ltr'><strong>die</strong></span> <span class='ocrx_word' id='word_1_344' title='bbox 1421 5005 1692 5065; x_wconf 86' lang='lat' dir='ltr'><strong>noctuque</strong></span> 
     </span>
    </p>
   </div>
   <div class='ocr_carea' id='block_1_59' title="bbox 87 5088 1723 5161">
    <p class='ocr_par' dir='ltr' id='par_1_59' title="bbox 87 5088 1723 5161">
     <span class='ocr_line' id='line_1_59' title="bbox 87 5088 1723 5161; baseline -0.001 -14"><span class='ocrx_word' id='word_1_345' title='bbox 87 5092 393 5157; x_wconf 88' lang='lat' dir='ltr'><strong>desudans,</strong></span> <span class='ocrx_word' id='word_1_346' title='bbox 441 5107 504 5148; x_wconf 88' lang='lat' dir='ltr'><strong>ac</strong></span> <span class='ocrx_word' id='word_1_347' title='bbox 544 5092 782 5161; x_wconf 90' lang='lat' dir='ltr'><strong>seipsum</strong></span> <span class='ocrx_word' id='word_1_348' title='bbox 815 5105 913 5161; x_wconf 91' lang='lat' dir='ltr'><strong>pro</strong></span> <span class='ocrx_word' id='word_1_349' title='bbox 958 5088 1277 5145; x_wconf 84' lang='lat' dir='ltr'><strong>defensione</strong></span> <span class='ocrx_word' id='word_1_350' title='bbox 1312 5089 1557 5144; x_wconf 90' lang='lat' dir='ltr'><strong>omnium</strong></span> <span class='ocrx_word' id='word_1_351' title='bbox 1594 5103 1723 5146; x_wconf 89' lang='lat' dir='ltr'><strong>ec-.</strong></span> 
     </span>
    </p>
   </div>
   <div class='ocr_carea' id='block_1_60' title="bbox 89 5183 1690 5255">
    <p class='ocr_par' dir='ltr' id='par_1_60' title="bbox 89 5183 1690 5255">
     <span class='ocr_line' id='line_1_60' title="bbox 89 5183 1690 5255; baseline -0.004 -12"><span class='ocrx_word' id='word_1_352' title='bbox 89 5186 388 5243; x_wconf 86' lang='lat' dir='ltr'><strong>clesiarum</strong></span> <span class='ocrx_word' id='word_1_353' title='bbox 417 5185 472 5240; x_wconf 88' lang='lat' dir='ltr'><strong>in</strong></span> <span class='ocrx_word' id='word_1_354' title='bbox 502 5186 607 5241; x_wconf 90' lang='lat' dir='ltr'><strong>hoc</strong></span> <span class='ocrx_word' id='word_1_355' title='bbox 637 5191 829 5255; x_wconf 85' lang='lat' dir='ltr'><strong>regno‘</strong></span> <span class='ocrx_word' id='word_1_356' title='bbox 858 5183 1267 5239; x_wconf 90' lang='lat' dir='ltr'><strong>consistentium</strong></span> <span class='ocrx_word' id='word_1_357' title='bbox 1301 5198 1457 5237; x_wconf 90' lang='lat' dir='ltr'><strong>muro</strong></span> <span class='ocrx_word' id='word_1_358' title='bbox 1509 5191 1690 5252; x_wconf 79' lang='lat' dir='ltr'><strong>prote-</strong></span> 
     </span>
    </p>
   </div>
   <div class='ocr_carea' id='block_1_61' title="bbox 91 5271 1692 5349">
    <p class='ocr_par' dir='ltr' id='par_1_61' title="bbox 91 5271 1692 5349">
     <span class='ocr_line' id='line_1_61' title="bbox 91 5271 1692 5349; baseline -0.006 -16"><span class='ocrx_word' id='word_1_359' title='bbox 91 5278 299 5334; x_wconf 89' lang='lat' dir='ltr'><strong>ctionis</strong></span> <span class='ocrx_word' id='word_1_360' title='bbox 324 5291 600 5349; x_wconf 88' lang='lat' dir='ltr'><strong>opponens</strong></span> <span class='ocrx_word' id='word_1_361' title='bbox 629 5277 742 5346; x_wconf 90' lang='lat' dir='ltr'><strong>(res</strong></span> <span class='ocrx_word' id='word_1_362' title='bbox 769 5273 912 5331; x_wconf 88' lang='lat' dir='ltr'><strong>enim</strong></span> <span class='ocrx_word' id='word_1_363' title='bbox 931 5289 1120 5329; x_wconf 90' lang='lat' dir='ltr'><strong>earum</strong></span> <span class='ocrx_word' id='word_1_364' title='bbox 1149 5288 1178 5327; x_wconf 91' lang='lat' dir='ltr'><strong>a</strong></span> <span class='ocrx_word' id='word_1_365' title='bbox 1199 5271 1464 5328; x_wconf 84' lang='lat' dir='ltr'><strong>Balduino</strong></span> <span class='ocrx_word' id='word_1_366' title='bbox 1492 5271 1692 5328; x_wconf 87' lang='lat' dir='ltr'><strong>comite</strong></span> 
     </span>
    </p>
   </div>
   <div class='ocr_carea' id='block_1_62' title="bbox 89 5366 1691 5438">
    <p class='ocr_par' dir='ltr' id='par_1_62' title="bbox 89 5366 1691 5438">
     <span class='ocr_line' id='line_1_62' title="bbox 89 5366 1691 5438; baseline -0.004 -12"><span class='ocrx_word' id='word_1_367' title='bbox 89 5370 210 5426; x_wconf 92' lang='lat' dir='ltr'><strong>ﬁlio</strong></span> <span class='ocrx_word' id='word_1_368' title='bbox 240 5367 489 5424; x_wconf 88' lang='lat' dir='ltr'><strong>Balduini</strong></span> <span class='ocrx_word' id='word_1_369' title='bbox 532 5383 599 5424; x_wconf 89' lang='lat' dir='ltr'><strong>ac</strong></span> <span class='ocrx_word' id='word_1_370' title='bbox 633 5367 842 5434; x_wconf 84' lang='lat' dir='ltr'><strong>Judith,</strong></span> <span class='ocrx_word' id='word_1_371' title='bbox 873 5375 1062 5423; x_wconf 90' lang='lat' dir='ltr'><strong>contra</strong></span> <span class='ocrx_word' id='word_1_372' title='bbox 1100 5381 1318 5423; x_wconf 89' lang='lat' dir='ltr'><strong>omnem</strong></span> <span class='ocrx_word' id='word_1_373' title='bbox 1353 5367 1524 5438; x_wconf 84' lang='lat' dir='ltr'><strong>legem</strong></span> <span class='ocrx_word' id='word_1_374' title='bbox 1554 5366 1691 5421; x_wconf 88' lang='lat' dir='ltr'><strong>divi-</strong></span> 
     </span>
    </p>
   </div>
   <div class='ocr_carea' id='block_1_63' title="bbox 89 5461 1688 5534">
    <p class='ocr_par' dir='ltr' id='par_1_63' title="bbox 89 5461 1688 5534">
     <span class='ocr_line' id='line_1_63' title="bbox 89 5461 1688 5534; baseline -0.003 -14"><span class='ocrx_word' id='word_1_375' title='bbox 89 5479 226 5520; x_wconf 89' lang='lat' dir='ltr'><strong>nam</strong></span> <span class='ocrx_word' id='word_1_376' title='bbox 256 5471 312 5518; x_wconf 89' lang='lat' dir='ltr'><strong>et</strong></span> <span class='ocrx_word' id='word_1_377' title='bbox 347 5462 643 5518; x_wconf 88' lang='lat' dir='ltr'><strong>humanam</strong></span> <span class='ocrx_word' id='word_1_378' title='bbox 688 5461 1170 5534; x_wconf 89' lang='lat' dir='ltr'><strong>pervadebantur),</strong></span> <span class='ocrx_word' id='word_1_379' title='bbox 1225 5461 1346 5517; x_wconf 89' lang='lat' dir='ltr'><strong>ideo</strong></span> <span class='ocrx_word' id='word_1_380' title='bbox 1400 5463 1468 5517; x_wconf 90' lang='lat' dir='ltr'><strong>ab</strong></span> <span class='ocrx_word' id='word_1_381' title='bbox 1519 5461 1688 5532; x_wconf 91' lang='lat' dir='ltr'><strong>ipsius</strong></span> 
     </span>
    </p>
   </div>
   <div class='ocr_carea' id='block_1_64' title="bbox 928 3795 1749 3858">
    <p class='ocr_par' dir='ltr' id='par_1_64' title="bbox 928 3795 1749 3858">
     <span class='ocr_line' id='line_1_64' title="bbox 928 3795 1749 3858; baseline -0.004 -2"><span class='ocrx_word' id='word_1_382' title='bbox 928 3801 1275 3858; x_wconf 85' lang='lat' dir='ltr'><strong>Herinandus</strong></span> <span class='ocrx_word' id='word_1_383' title='bbox 1311 3799 1700 3856; x_wconf 80' lang='lat' dir='ltr'><strong>Morinensium</strong></span> <span class='ocrx_word' id='word_1_384' title='bbox 1741 3795 1749 3806; x_wconf 82' lang='lat'><strong>&#39;</strong></span> 
     </span>
    </p>
   </div>
   <div class='ocr_carea' id='block_1_65' title="bbox 1814 2869 3407 2965">
    <p class='ocr_par' dir='ltr' id='par_1_65' title="bbox 1814 2869 3407 2965">
     <span class='ocr_line' id='line_1_65' title="bbox 1814 2869 3407 2965; baseline 0.018 -41"><span class='ocrx_word' id='word_1_385' title='bbox 1814 2869 2049 2927; x_wconf 89' lang='lat' dir='ltr'><strong>lamenta</strong></span> <span class='ocrx_word' id='word_1_386' title='bbox 2094 2876 2486 2945; x_wconf 89' lang='lat' dir='ltr'><strong>compassionis</strong></span> <span class='ocrx_word' id='word_1_387' title='bbox 2513 2893 2580 2935; x_wconf 74' lang='lat' dir='ltr'><strong>ex</strong></span> <span class='ocrx_word' id='word_1_388' title='bbox 2612 2879 2818 2939; x_wconf 91' lang='lat' dir='ltr'><strong>intimis</strong></span> <span class='ocrx_word' id='word_1_389' title='bbox 2867 2887 3111 2951; x_wconf 86' lang='lat' dir='ltr'><strong>cordium</strong></span> <span class='ocrx_word' id='word_1_390' title='bbox 3157 2894 3407 2965; x_wconf 86' lang='lat' dir='ltr'><strong>suspiriis</strong></span> 
     </span>
    </p>
   </div>
   <div class='ocr_carea' id='block_1_66' title="bbox 1813 2963 3406 3058">
    <p class='ocr_par' dir='ltr' id='par_1_66' title="bbox 1813 2963 3406 3058">
     <span class='ocr_line' id='line_1_66' title="bbox 1813 2963 3406 3058; baseline 0.018 -40"><span class='ocrx_word' id='word_1_391' title='bbox 1813 2963 2032 3019; x_wconf 88' lang='lat' dir='ltr'><strong>emittit.</strong></span> <span class='ocrx_word' id='word_1_392' title='bbox 2060 2963 2195 3054; x_wconf 78' lang='lat' dir='ltr'><strong>Quia</strong></span> <span class='ocrx_word' id='word_1_393' title='bbox 2227 2967 2393 3040; x_wconf 84' lang='lat' dir='ltr'><strong>igitur</strong></span> <span class='ocrx_word' id='word_1_394' title='bbox 2419 2972 2524 3028; x_wconf 89' lang='lat' dir='ltr'><strong>tale</strong></span> <span class='ocrx_word' id='word_1_395' title='bbox 2553 2974 2732 3032; x_wconf 90' lang='lat' dir='ltr'><strong>scelus</strong></span> <span class='ocrx_word' id='word_1_396' title='bbox 2759 2981 2960 3036; x_wconf 87' lang='lat' dir='ltr'><strong>nostris</strong></span> <span class='ocrx_word' id='word_1_397' title='bbox 2989 2982 3042 3037; x_wconf 91' lang='lat' dir='ltr'><strong>in</strong></span> <span class='ocrx_word' id='word_1_398' title='bbox 3070 2963 3406 3058; x_wconf 73' lang='lat' dir='ltr'><strong>temporibus</strong></span> 
     </span>
    </p>
   </div>
   <div class='ocr_carea' id='block_1_67' title="bbox 1810 3063 3404 3140">
    <p class='ocr_par' dir='ltr' id='par_1_67' title="bbox 1810 3063 3404 3140">
     <span class='ocr_line' id='line_1_67' title="bbox 1810 3063 3404 3140; baseline 0.019 -31"><span class='ocrx_word' id='word_1_399' title='bbox 1810 3065 2128 3126; x_wconf 88' lang='lat' dir='ltr'><strong>perpetrare</strong></span> <span class='ocrx_word' id='word_1_400' title='bbox 2158 3076 2275 3134; x_wconf 10' lang='lat' dir='ltr'><strong>non,</strong></span> <span class='ocrx_word' id='word_1_401' title='bbox 2313 3063 2631 3134; x_wconf 88' lang='lat' dir='ltr'><strong>timuerunt,</strong></span> <span class='ocrx_word' id='word_1_402' title='bbox 2665 3071 2807 3140; x_wconf 91' lang='lat' dir='ltr'><strong>quod</strong></span> <span class='ocrx_word' id='word_1_403' title='bbox 2845 3083 3005 3130; x_wconf 83' lang='lat' dir='ltr'><strong>antea</strong></span> <span class='ocrx_word' id='word_1_404' title='bbox 3049 3077 3153 3134; x_wconf 91' lang='lat' dir='ltr'><strong>nisi</strong></span> <span class='ocrx_word' id='word_1_405' title='bbox 3191 3074 3330 3137; x_wconf 82' lang='lat' dir='ltr'><strong>forte</strong></span> <span class='ocrx_word' id='word_1_406' title='bbox 3369 3099 3404 3140; x_wconf 88' lang='lat' dir='ltr'><strong>a</strong></span> 
     </span>
    </p>
   </div>
   <div class='ocr_carea' id='block_1_68' title="bbox 1810 3150 3396 3238">
    <p class='ocr_par' dir='ltr' id='par_1_68' title="bbox 1810 3150 3396 3238">
     <span class='ocr_line' id='line_1_68' title="bbox 1810 3150 3396 3238; baseline 0.02 -36"><span class='ocrx_word' id='word_1_407' title='bbox 1810 3150 2037 3220; x_wconf 87' lang='lat' dir='ltr'><strong>paganis</strong></span> <span class='ocrx_word' id='word_1_408' title='bbox 2063 3152 2117 3206; x_wconf 90' lang='lat' dir='ltr'><strong>in</strong></span> <span class='ocrx_word' id='word_1_409' title='bbox 2154 3153 2397 3211; x_wconf 83' lang='lat' dir='ltr'><strong>Ecclesia</strong></span> <span class='ocrx_word' id='word_1_410' title='bbox 2437 3174 2544 3214; x_wconf 91' lang='lat' dir='ltr'><strong>non</strong></span> <span class='ocrx_word' id='word_1_411' title='bbox 2592 3163 2859 3231; x_wconf 91' lang='lat' dir='ltr'><strong>auditum,</strong></span> <span class='ocrx_word' id='word_1_412' title='bbox 2891 3169 3015 3238; x_wconf 91' lang='lat' dir='ltr'><strong>quia</strong></span> <span class='ocrx_word' id='word_1_413' title='bbox 3047 3185 3153 3227; x_wconf 93' lang='lat' dir='ltr'><strong>non</strong></span> <span class='ocrx_word' id='word_1_414' title='bbox 3189 3184 3273 3231; x_wconf 91' lang='lat' dir='ltr'><strong>est</strong></span> <span class='ocrx_word' id='word_1_415' title='bbox 3304 3193 3396 3233; x_wconf 41' lang='lat' dir='ltr'><strong>ace</strong></span> 
     </span>
    </p>
   </div>
   <div class='ocr_carea' id='block_1_69' title="bbox 1813 3242 3399 3335">
    <p class='ocr_par' dir='ltr' id='par_1_69' title="bbox 1813 3242 3399 3335">
     <span class='ocr_line' id='line_1_69' title="bbox 1813 3242 3399 3335; baseline 0.018 -42"><span class='ocrx_word' id='word_1_416' title='bbox 1813 3248 1926 3295; x_wconf 89' lang='lat' dir='ltr'><strong>tum</strong></span> <span class='ocrx_word' id='word_1_417' title='bbox 1967 3242 2061 3297; x_wconf 86' lang='lat' dir='ltr'><strong>:in</strong></span> <span class='ocrx_word' id='word_1_418' title='bbox 2093 3244 2311 3301; x_wconf 90' lang='lat' dir='ltr'><strong>nomine</strong></span> <span class='ocrx_word' id='word_1_419' title='bbox 2339 3246 2574 3315; x_wconf 89' lang='lat' dir='ltr'><strong>Domini,</strong></span> <span class='ocrx_word' id='word_1_420' title='bbox 2614 3260 2670 3306; x_wconf 89' lang='lat' dir='ltr'><strong>et</strong></span> <span class='ocrx_word' id='word_1_421' title='bbox 2710 3254 2761 3309; x_wconf 93' lang='lat' dir='ltr'><strong>in</strong></span> <span class='ocrx_word' id='word_1_422' title='bbox 2799 3255 3001 3313; x_wconf 89' lang='lat' dir='ltr'><strong>virtute</strong></span> <span class='ocrx_word' id='word_1_423' title='bbox 3025 3264 3197 3318; x_wconf 89' lang='lat' dir='ltr'><strong>sancti</strong></span> <span class='ocrx_word' id='word_1_424' title='bbox 3223 3263 3399 3335; x_wconf 81' lang='lat' dir='ltr'><strong>Spiri-</strong></span> 
     </span>
    </p>
   </div>
   <div class='ocr_carea' id='block_1_70' title="bbox 1811 3343 3396 3420">
    <p class='ocr_par' dir='ltr' id='par_1_70' title="bbox 1811 3343 3396 3420">
     <span class='ocr_line' id='line_1_70' title="bbox 1811 3343 3396 3420; baseline 0.015 -28"><span class='ocrx_word' id='word_1_425' title='bbox 1811 3347 1917 3402; x_wconf 90' lang='lat' dir='ltr'><strong>tus,</strong></span> <span class='ocrx_word' id='word_1_426' title='bbox 1941 3353 2153 3394; x_wconf 89' lang='lat' dir='ltr'><strong>necnon</strong></span> <span class='ocrx_word' id='word_1_427' title='bbox 2174 3343 2498 3399; x_wconf 88' lang='lat' dir='ltr'><strong>auctoritate</strong></span> <span class='ocrx_word' id='word_1_428' title='bbox 2518 3347 2788 3418; x_wconf 89' lang='lat' dir='ltr'><strong>episcopis</strong></span> <span class='ocrx_word' id='word_1_429' title='bbox 2808 3365 2907 3420; x_wconf 87' lang='lat' dir='ltr'><strong>per</strong></span> <span class='ocrx_word' id='word_1_430' title='bbox 2932 3352 3149 3410; x_wconf 90' lang='lat' dir='ltr'><strong>beatum</strong></span> <span class='ocrx_word' id='word_1_431' title='bbox 3176 3357 3396 3415; x_wconf 82' lang='lat' dir='ltr'><strong>Petrum</strong></span> 
     </span>
    </p>
   </div>
   <div class='ocr_carea' id='block_1_71' title="bbox 1808 3431 3399 3521">
    <p class='ocr_par' dir='ltr' id='par_1_71' title="bbox 1808 3431 3399 3521">
     <span class='ocr_line' id='line_1_71' title="bbox 1808 3431 3399 3521; baseline 0.016 -37"><span class='ocrx_word' id='word_1_432' title='bbox 1808 3431 2109 3502; x_wconf 89' lang='lat' dir='ltr'><strong>principem</strong></span> <span class='ocrx_word' id='word_1_433' title='bbox 2163 3435 2530 3505; x_wconf 91' lang='lat' dir='ltr'><strong>apostolorum</strong></span> <span class='ocrx_word' id='word_1_434' title='bbox 2573 3441 2832 3500; x_wconf 90' lang='lat' dir='ltr'><strong>divinitus</strong></span> <span class='ocrx_word' id='word_1_435' title='bbox 2879 3446 3107 3516; x_wconf 88' lang='lat' dir='ltr'><strong>collata,</strong></span> <span class='ocrx_word' id='word_1_436' title='bbox 3172 3451 3317 3521; x_wconf 90' lang='lat' dir='ltr'><strong>ipsos</strong></span> <span class='ocrx_word' id='word_1_437' title='bbox 3368 3469 3399 3509; x_wconf 88' lang='lat' dir='ltr'><strong>a</strong></span> 
     </span>
    </p>
   </div>
   <div class='ocr_carea' id='block_1_72' title="bbox 1807 3525 3402 3615">
    <p class='ocr_par' dir='ltr' id='par_1_72' title="bbox 1807 3525 3402 3615">
     <span class='ocr_line' id='line_1_72' title="bbox 1807 3525 3402 3615; baseline 0.013 -35"><span class='ocrx_word' id='word_1_438' title='bbox 1807 3531 2010 3580; x_wconf 72' lang='lat' dir='ltr'><strong>Sanctae</strong></span> <span class='ocrx_word' id='word_1_439' title='bbox 2045 3525 2234 3615; x_wconf 87' lang='lat' dir='ltr'><strong>matris</strong></span> <span class='ocrx_word' id='word_1_440' title='bbox 2275 3528 2532 3586; x_wconf 67' lang='lat' dir='ltr'><strong>Ecclesia:</strong></span> <span class='ocrx_word' id='word_1_441' title='bbox 2553 3535 2759 3603; x_wconf 89' lang='lat' dir='ltr'><strong>gremio</strong></span> <span class='ocrx_word' id='word_1_442' title='bbox 2779 3551 3147 3611; x_wconf 85' lang='lat' dir='ltr'><strong>segregamus,</strong></span> <span class='ocrx_word' id='word_1_443' title='bbox 3175 3558 3239 3598; x_wconf 87' lang='lat' dir='ltr'><strong>ac</strong></span> <span class='ocrx_word' id='word_1_444' title='bbox 3279 3561 3402 3615; x_wconf 88' lang='lat' dir='ltr'><strong>per-</strong></span> 
     </span>
    </p>
   </div>
   <div class='ocr_carea' id='block_1_73' title="bbox 1806 3614 3395 3706">
    <p class='ocr_par' dir='ltr' id='par_1_73' title="bbox 1806 3614 3395 3706">
     <span class='ocr_line' id='line_1_73' title="bbox 1806 3614 3395 3706; baseline 0.017 -41"><span class='ocrx_word' id='word_1_445' title='bbox 1806 3620 1983 3682; x_wconf 79' lang='lat' dir='ltr'><strong>petuae</strong></span> <span class='ocrx_word' id='word_1_446' title='bbox 2033 3614 2398 3673; x_wconf 90' lang='lat' dir='ltr'><strong>maledictioni</strong></span> <span class='ocrx_word' id='word_1_447' title='bbox 2452 3623 2800 3681; x_wconf 90' lang='lat' dir='ltr'><strong>anathemate</strong></span> <span class='ocrx_word' id='word_1_448' title='bbox 2825 3641 2920 3684; x_wconf 91' lang='lat' dir='ltr'><strong>eos</strong></span> <span class='ocrx_word' id='word_1_449' title='bbox 2948 3614 3395 3706; x_wconf 83' lang='lat' dir='ltr'><strong>condemnamus,</strong></span> 
     </span>
    </p>
   </div>
   <div class='ocr_carea' id='block_1_74' title="bbox 1807 3706 3396 3797">
    <p class='ocr_par' dir='ltr' id='par_1_74' title="bbox 1807 3706 3396 3797">
     <span class='ocr_line' id='line_1_74' title="bbox 1807 3706 3396 3797; baseline 0.018 -41"><span class='ocrx_word' id='word_1_450' title='bbox 1807 3710 1867 3758; x_wconf 91' lang='lat' dir='ltr'><strong>ut</strong></span> <span class='ocrx_word' id='word_1_451' title='bbox 1887 3718 2075 3760; x_wconf 90' lang='lat' dir='ltr'><strong>eorum</strong></span> <span class='ocrx_word' id='word_1_452' title='bbox 2098 3706 2390 3778; x_wconf 90' lang='lat' dir='ltr'><strong>aliquando</strong></span> <span class='ocrx_word' id='word_1_453' title='bbox 2404 3727 2501 3782; x_wconf 90' lang='lat' dir='ltr'><strong>per</strong></span> <span class='ocrx_word' id='word_1_454' title='bbox 2517 3714 2912 3774; x_wconf 84' lang='lat' dir='ltr'><strong>hominemnon</strong></span> <span class='ocrx_word' id='word_1_455' title='bbox 2929 3720 3024 3777; x_wconf 88' lang='lat' dir='ltr'><strong>ﬁat</strong></span> <span class='ocrx_word' id='word_1_456' title='bbox 3040 3738 3292 3796; x_wconf 88' lang='lat' dir='ltr'><strong>recupera</strong></span> <span class='ocrx_word' id='word_1_457' title='bbox 3303 3729 3396 3797; x_wconf 90' lang='lat' dir='ltr'><strong>tio,</strong></span> 
     </span>
    </p>
   </div>
   <div class='ocr_carea' id='block_1_75' title="bbox 1805 3797 3400 3888">
    <p class='ocr_par' dir='ltr' id='par_1_75' title="bbox 1805 3797 3400 3888">
     <span class='ocr_line' id='line_1_75' title="bbox 1805 3797 3400 3888; baseline 0.018 -39"><span class='ocrx_word' id='word_1_458' title='bbox 1805 3811 1910 3888; x_wconf 81' lang='lat' dir='ltr'><strong>nec</strong></span> <span class='ocrx_word' id='word_1_459' title='bbox 1937 3797 2045 3853; x_wconf 90' lang='lat' dir='ltr'><strong>ulla</strong></span> <span class='ocrx_word' id='word_1_460' title='bbox 2074 3799 2218 3855; x_wconf 91' lang='lat' dir='ltr'><strong>inter</strong></span> <span class='ocrx_word' id='word_1_461' title='bbox 2243 3801 2585 3864; x_wconf 87' lang='lat' dir='ltr'><strong>Christianos</strong></span> <span class='ocrx_word' id='word_1_462' title='bbox 2614 3813 2980 3869; x_wconf 87' lang='lat' dir='ltr'><strong>conversatio.</strong></span> <span class='ocrx_word' id='word_1_463' title='bbox 3016 3814 3244 3888; x_wconf 91' lang='lat' dir='ltr'><strong>Sintque</strong></span> <span class='ocrx_word' id='word_1_464' title='bbox 3283 3836 3400 3876; x_wconf 87' lang='lat' dir='ltr'><strong>ma-</strong></span> 
     </span>
    </p>
   </div>
   <div class='ocr_carea' id='block_1_76' title="bbox 1779 3887 3395 3976">
    <p class='ocr_par' dir='ltr' id='par_1_76' title="bbox 1779 3887 3395 3976">
     <span class='ocr_line' id='line_1_76' title="bbox 1779 3887 3395 3976; baseline 0.016 -35"><span class='ocrx_word' id='word_1_465' title='bbox 1779 3887 1988 3944; x_wconf 85' lang='lat' dir='ltr'><strong>.lcdieti</strong></span> <span class='ocrx_word' id='word_1_466' title='bbox 2031 3891 2086 3946; x_wconf 91' lang='lat' dir='ltr'><strong>in</strong></span> <span class='ocrx_word' id='word_1_467' title='bbox 2137 3893 2381 3962; x_wconf 90' lang='lat' dir='ltr'><strong>civitate,</strong></span> <span class='ocrx_word' id='word_1_468' title='bbox 2436 3897 2709 3956; x_wconf 90' lang='lat' dir='ltr'><strong>maledicti</strong></span> <span class='ocrx_word' id='word_1_469' title='bbox 2746 3901 2799 3956; x_wconf 92' lang='lat' dir='ltr'><strong>in</strong></span> <span class='ocrx_word' id='word_1_470' title='bbox 2842 3919 2997 3976; x_wconf 86' lang='lat' dir='ltr'><strong>agro,</strong></span> <span class='ocrx_word' id='word_1_471' title='bbox 3047 3887 3395 3967; x_wconf 82' lang='lat' dir='ltr'><strong>maledictum</strong></span> 
     </span>
    </p>
   </div>
   <div class='ocr_carea' id='block_1_77' title="bbox 1783 3980 3397 4065">
    <p class='ocr_par' dir='ltr' id='par_1_77' title="bbox 1783 3980 3397 4065">
     <span class='ocr_line' id='line_1_77' title="bbox 1783 3980 3397 4065; baseline 0.013 -31"><span class='ocrx_word' id='word_1_472' title='bbox 1783 3980 2060 4037; x_wconf 83' lang='lat' dir='ltr'><strong>horreum</strong></span> <span class='ocrx_word' id='word_1_473' title='bbox 2093 3995 2304 4052; x_wconf 90' lang='lat' dir='ltr'><strong>eorum,</strong></span> <span class='ocrx_word' id='word_1_474' title='bbox 2333 3997 2390 4041; x_wconf 87' lang='lat' dir='ltr'><strong>et</strong></span> <span class='ocrx_word' id='word_1_475' title='bbox 2414 3987 2716 4046; x_wconf 73' lang='lat' dir='ltr'><strong>maledicta:</strong></span> <span class='ocrx_word' id='word_1_476' title='bbox 2746 3992 2993 4064; x_wconf 73' lang='lat' dir='ltr'><strong>reliquiae</strong></span> <span class='ocrx_word' id='word_1_477' title='bbox 3035 4011 3248 4065; x_wconf 91' lang='lat' dir='ltr'><strong>eorum,</strong></span> <span class='ocrx_word' id='word_1_478' title='bbox 3279 4017 3397 4055; x_wconf 88' lang='lat' dir='ltr'><strong>ma-</strong></span> 
     </span>
    </p>
   </div>
   <div class='ocr_carea' id='block_1_78' title="bbox 1778 4071 3397 4149">
    <p class='ocr_par' dir='ltr' id='par_1_78' title="bbox 1778 4071 3397 4149">
     <span class='ocr_line' id='line_1_78' title="bbox 1778 4071 3397 4149; baseline 0.015 -23"><span class='ocrx_word' id='word_1_479' title='bbox 1778 4071 2034 4129; x_wconf 79' lang='lat' dir='ltr'><strong>‘ledictus</strong></span> <span class='ocrx_word' id='word_1_480' title='bbox 2059 4074 2271 4132; x_wconf 75' lang='lat' dir='ltr'><strong>fructus</strong></span> <span class='ocrx_word' id='word_1_481' title='bbox 2294 4080 2501 4136; x_wconf 88' lang='lat' dir='ltr'><strong>ventris</strong></span> <span class='ocrx_word' id='word_1_482' title='bbox 2526 4095 2736 4149; x_wconf 90' lang='lat' dir='ltr'><strong>eorum,</strong></span> <span class='ocrx_word' id='word_1_483' title='bbox 2765 4093 2820 4140; x_wconf 89' lang='lat' dir='ltr'><strong>et</strong></span> <span class='ocrx_word' id='word_1_484' title='bbox 2848 4085 3060 4145; x_wconf 81' lang='lat' dir='ltr'><strong>fructus</strong></span> <span class='ocrx_word' id='word_1_485' title='bbox 3094 4099 3247 4146; x_wconf 83' lang='lat' dir='ltr'><strong>terrae</strong></span> <span class='ocrx_word' id='word_1_486' title='bbox 3272 4092 3397 4149; x_wconf 88' lang='lat' dir='ltr'><strong>illo-</strong></span> 
     </span>
    </p>
   </div>
   <div class='ocr_carea' id='block_1_79' title="bbox 1804 4172 3394 4253">
    <p class='ocr_par' dir='ltr' id='par_1_79' title="bbox 1804 4172 3394 4253">
     <span class='ocr_line' id='line_1_79' title="bbox 1804 4172 3394 4253; baseline 0.015 -33"><span class='ocrx_word' id='word_1_487' title='bbox 1804 4182 1947 4237; x_wconf 92' lang='lat' dir='ltr'><strong>rum,</strong></span> <span class='ocrx_word' id='word_1_488' title='bbox 1983 4180 2230 4226; x_wconf 88' lang='lat' dir='ltr'><strong>armenta</strong></span> <span class='ocrx_word' id='word_1_489' title='bbox 2261 4172 2423 4228; x_wconf 89' lang='lat' dir='ltr'><strong>boum</strong></span> <span class='ocrx_word' id='word_1_490' title='bbox 2453 4190 2696 4241; x_wconf 90' lang='lat' dir='ltr'><strong>suorum,</strong></span> <span class='ocrx_word' id='word_1_491' title='bbox 2740 4187 2796 4234; x_wconf 86' lang='lat' dir='ltr'><strong>et</strong></span> <span class='ocrx_word' id='word_1_492' title='bbox 2837 4196 3030 4253; x_wconf 87' lang='lat' dir='ltr'><strong>greges</strong></span> <span class='ocrx_word' id='word_1_493' title='bbox 3056 4185 3238 4240; x_wconf 85' lang='lat' dir='ltr'><strong>ovium</strong></span> <span class='ocrx_word' id='word_1_494' title='bbox 3269 4203 3394 4243; x_wconf 88' lang='lat' dir='ltr'><strong>sua-</strong></span> 
     </span>
    </p>
   </div>
   <div class='ocr_carea' id='block_1_80' title="bbox 1802 4261 3390 4347">
    <p class='ocr_par' dir='ltr' id='par_1_80' title="bbox 1802 4261 3390 4347">
     <span class='ocr_line' id='line_1_80' title="bbox 1802 4261 3390 4347; baseline 0.013 -33"><span class='ocrx_word' id='word_1_495' title='bbox 1802 4275 1943 4316; x_wconf 90' lang='lat' dir='ltr'><strong>rum.</strong></span> <span class='ocrx_word' id='word_1_496' title='bbox 1996 4261 2264 4320; x_wconf 85' lang='lat' dir='ltr'><strong>Maledicti</strong></span> <span class='ocrx_word' id='word_1_497' title='bbox 2315 4266 2424 4321; x_wconf 90' lang='lat' dir='ltr'><strong>sint</strong></span> <span class='ocrx_word' id='word_1_498' title='bbox 2489 4268 2859 4340; x_wconf 87' lang='lat' dir='ltr'><strong>ingredientes</strong></span> <span class='ocrx_word' id='word_1_499' title='bbox 2922 4282 2978 4329; x_wconf 91' lang='lat' dir='ltr'><strong>et.</strong></span> <span class='ocrx_word' id='word_1_500' title='bbox 3031 4277 3390 4347; x_wconf 85' lang='lat' dir='ltr'><strong>egredientes,</strong></span> 
     </span>
    </p>
   </div>
   <div class='ocr_carea' id='block_1_81' title="bbox 1800 4355 3390 4440">
    <p class='ocr_par' dir='ltr' id='par_1_81' title="bbox 1800 4355 3390 4440">
     <span class='ocr_line' id='line_1_81' title="bbox 1800 4355 3390 4440; baseline 0.012 -30"><span class='ocrx_word' id='word_1_501' title='bbox 1800 4355 2019 4426; x_wconf 89' lang='lat' dir='ltr'><strong>sintque</strong></span> <span class='ocrx_word' id='word_1_502' title='bbox 2041 4355 2094 4410; x_wconf 92' lang='lat' dir='ltr'><strong>in</strong></span> <span class='ocrx_word' id='word_1_503' title='bbox 2117 4358 2278 4414; x_wconf 88' lang='lat' dir='ltr'><strong>domo</strong></span> <span class='ocrx_word' id='word_1_504' title='bbox 2304 4360 2603 4430; x_wconf 89' lang='lat' dir='ltr'><strong>maledicti,</strong></span> <span class='ocrx_word' id='word_1_505' title='bbox 2631 4363 2686 4419; x_wconf 92' lang='lat' dir='ltr'><strong>in</strong></span> <span class='ocrx_word' id='word_1_506' title='bbox 2709 4380 2839 4438; x_wconf 90' lang='lat' dir='ltr'><strong>agro</strong></span> <span class='ocrx_word' id='word_1_507' title='bbox 2859 4367 3094 4440; x_wconf 83' lang='lat' dir='ltr'><strong>profugi.</strong></span> <span class='ocrx_word' id='word_1_508' title='bbox 3126 4369 3390 4429; x_wconf 88' lang='lat' dir='ltr'><strong>Intestina</strong></span> 
     </span>
    </p>
   </div>
   <div class='ocr_carea' id='block_1_82' title="bbox 1799 4444 3386 4530">
    <p class='ocr_par' dir='ltr' id='par_1_82' title="bbox 1799 4444 3386 4530">
     <span class='ocr_line' id='line_1_82' title="bbox 1799 4444 3386 4530; baseline 0.013 -31"><span class='ocrx_word' id='word_1_509' title='bbox 1799 4444 1855 4500; x_wconf 93' lang='lat' dir='ltr'><strong>in</strong></span> <span class='ocrx_word' id='word_1_510' title='bbox 1885 4460 2098 4502; x_wconf 91' lang='lat' dir='ltr'><strong>sesessu</strong></span> <span class='ocrx_word' id='word_1_511' title='bbox 2157 4448 2388 4506; x_wconf 76' lang='lat' dir='ltr'><strong>fundant</strong></span> <span class='ocrx_word' id='word_1_512' title='bbox 2449 4453 2592 4510; x_wconf 91' lang='lat' dir='ltr'><strong>sicut</strong></span> <span class='ocrx_word' id='word_1_513' title='bbox 2618 4456 2859 4526; x_wconf 91' lang='lat' dir='ltr'><strong>perﬁdus</strong></span> <span class='ocrx_word' id='word_1_514' title='bbox 2886 4467 2940 4514; x_wconf 90' lang='lat' dir='ltr'><strong>et</strong></span> <span class='ocrx_word' id='word_1_515' title='bbox 2963 4459 3166 4516; x_wconf 75' lang='lat' dir='ltr'><strong>infelix‘</strong></span> <span class='ocrx_word' id='word_1_516' title='bbox 3194 4463 3386 4530; x_wconf 86' lang='lat' dir='ltr'><strong>Arius;</strong></span> 
     </span>
    </p>
   </div>
   <div class='ocr_carea' id='block_1_83' title="bbox 1798 4539 3384 4622">
    <p class='ocr_par' dir='ltr' id='par_1_83' title="bbox 1798 4539 3384 4622">
     <span class='ocr_line' id='line_1_83' title="bbox 1798 4539 3384 4622; baseline 0.015 -33"><span class='ocrx_word' id='word_1_517' title='bbox 1798 4539 2126 4610; x_wconf 87' lang='lat' dir='ltr'><strong>veniantque</strong></span> <span class='ocrx_word' id='word_1_518' title='bbox 2182 4556 2347 4612; x_wconf 90' lang='lat' dir='ltr'><strong>super</strong></span> <span class='ocrx_word' id='word_1_519' title='bbox 2403 4544 2524 4602; x_wconf 91' lang='lat' dir='ltr'><strong>illos</strong></span> <span class='ocrx_word' id='word_1_520' title='bbox 2562 4562 2755 4605; x_wconf 88' lang='lat' dir='ltr'><strong>omnes</strong></span> <span class='ocrx_word' id='word_1_521' title='bbox 2806 4549 2910 4606; x_wconf 85' lang='lat' dir='ltr'><strong>illae</strong></span> <span class='ocrx_word' id='word_1_522' title='bbox 2955 4552 3384 4622; x_wconf 89' lang='lat' dir='ltr'><strong>maledictiones,</strong></span> 
     </span>
    </p>
   </div>
   <div class='ocr_carea' id='block_1_84' title="bbox 1798 4632 3392 4721">
    <p class='ocr_par' dir='ltr' id='par_1_84' title="bbox 1798 4632 3392 4721">
     <span class='ocr_line' id='line_1_84' title="bbox 1798 4632 3392 4721; baseline 0.014 -36"><span class='ocrx_word' id='word_1_523' title='bbox 1798 4645 1934 4702; x_wconf 91' lang='lat' dir='ltr'><strong>quas</strong></span> <span class='ocrx_word' id='word_1_524' title='bbox 1965 4632 2226 4692; x_wconf 90' lang='lat' dir='ltr'><strong>Dominus</strong></span> <span class='ocrx_word' id='word_1_525' title='bbox 2252 4652 2350 4708; x_wconf 89' lang='lat' dir='ltr'><strong>per</strong></span> <span class='ocrx_word' id='word_1_526' title='bbox 2375 4637 2598 4712; x_wconf 88' lang='lat' dir='ltr'><strong>Moysen</strong></span> <span class='ocrx_word' id='word_1_527' title='bbox 2645 4642 2700 4697; x_wconf 92' lang='lat' dir='ltr'><strong>in</strong></span> <span class='ocrx_word' id='word_1_528' title='bbox 2741 4645 2996 4716; x_wconf 91' lang='lat' dir='ltr'><strong>populum</strong></span> <span class='ocrx_word' id='word_1_529' title='bbox 3021 4647 3217 4705; x_wconf 70' lang='lat' dir='ltr'><strong>divina:</strong></span> <span class='ocrx_word' id='word_1_530' title='bbox 3257 4650 3392 4721; x_wconf 83' lang='lat' dir='ltr'><strong>legis</strong></span> 
     </span>
    </p>
   </div>
   <div class='ocr_carea' id='block_1_85' title="bbox 1771 4729 3387 4812">
    <p class='ocr_par' dir='ltr' id='par_1_85' title="bbox 1771 4729 3387 4812">
     <span class='ocr_line' id='line_1_85' title="bbox 1771 4729 3387 4812; baseline 0.012 -32"><span class='ocrx_word' id='word_1_531' title='bbox 1771 4729 2269 4797; x_wconf 62' lang='lat' dir='ltr'><strong>praevaricatorem</strong></span> <span class='ocrx_word' id='word_1_532' title='bbox 2308 4747 2367 4788; x_wconf 91' lang='lat' dir='ltr'><strong>se</strong></span> <span class='ocrx_word' id='word_1_533' title='bbox 2421 4749 2544 4790; x_wconf 87' lang='lat' dir='ltr'><strong>esse</strong></span> <span class='ocrx_word' id='word_1_534' title='bbox 2602 4736 2910 4794; x_wconf 89' lang='lat' dir='ltr'><strong>intentavit.</strong></span> <span class='ocrx_word' id='word_1_535' title='bbox 2967 4739 3196 4812; x_wconf 88' lang='lat' dir='ltr'><strong>Sintque</strong></span> <span class='ocrx_word' id='word_1_536' title='bbox 3255 4759 3387 4799; x_wconf 84' lang='lat' dir='ltr'><strong>ana-</strong></span> 
     </span>
    </p>
   </div>
   <div class='ocr_carea' id='block_1_86' title="bbox 1799 4819 3386 4897">
    <p class='ocr_par' dir='ltr' id='par_1_86' title="bbox 1799 4819 3386 4897">
     <span class='ocr_line' id='line_1_86' title="bbox 1799 4819 3386 4897; baseline 0.009 -24"><span class='ocrx_word' id='word_1_537' title='bbox 1799 4819 1980 4875; x_wconf 84' lang='lat' dir='ltr'><strong>thema</strong></span> <span class='ocrx_word' id='word_1_538' title='bbox 2032 4825 2371 4890; x_wconf 89' lang='lat' dir='ltr'><strong>maranatha,</strong></span> <span class='ocrx_word' id='word_1_539' title='bbox 2407 4833 2463 4882; x_wconf 91' lang='lat' dir='ltr'><strong>et</strong></span> <span class='ocrx_word' id='word_1_540' title='bbox 2503 4839 2730 4897; x_wconf 89' lang='lat' dir='ltr'><strong>pereant</strong></span> <span class='ocrx_word' id='word_1_541' title='bbox 2772 4831 2826 4885; x_wconf 90' lang='lat' dir='ltr'><strong>in</strong></span> <span class='ocrx_word' id='word_1_542' title='bbox 2867 4833 3107 4889; x_wconf 85' lang='lat' dir='ltr'><strong>secundo</strong></span> <span class='ocrx_word' id='word_1_543' title='bbox 3154 4835 3386 4889; x_wconf 80' lang='lat' dir='ltr'><strong>adventu</strong></span> 
     </span>
    </p>
   </div>
   <div class='ocr_carea' id='block_1_87' title="bbox 1797 4913 3389 4990">
    <p class='ocr_par' dir='ltr' id='par_1_87' title="bbox 1797 4913 3389 4990">
     <span class='ocr_line' id='line_1_87' title="bbox 1797 4913 3389 4990; baseline 0.01 -24"><span class='ocrx_word' id='word_1_544' title='bbox 1797 4913 2032 4969; x_wconf 88' lang='lat' dir='ltr'><strong>Domini.</strong></span> <span class='ocrx_word' id='word_1_545' title='bbox 2063 4915 2288 4985; x_wconf 86' lang='lat' dir='ltr'><strong>Insuper</strong></span> <span class='ocrx_word' id='word_1_546' title='bbox 2322 4919 2588 4990; x_wconf 91' lang='lat' dir='ltr'><strong>quidquid</strong></span> <span class='ocrx_word' id='word_1_547' title='bbox 2611 4921 3007 4980; x_wconf 90' lang='lat' dir='ltr'><strong>maledictionis</strong></span> <span class='ocrx_word' id='word_1_548' title='bbox 3035 4927 3175 4981; x_wconf 88' lang='lat' dir='ltr'><strong>sacri</strong></span> <span class='ocrx_word' id='word_1_549' title='bbox 3228 4942 3389 4982; x_wconf 81' lang='lat' dir='ltr'><strong>cano-</strong></span> 
     </span>
    </p>
   </div>
   <div class='ocr_carea' id='block_1_88' title="bbox 1795 5008 3390 5085">
    <p class='ocr_par' dir='ltr' id='par_1_88' title="bbox 1795 5008 3390 5085">
     <span class='ocr_line' id='line_1_88' title="bbox 1795 5008 3390 5085; baseline 0.009 -26"><span class='ocrx_word' id='word_1_550' title='bbox 1795 5019 1913 5070; x_wconf 87' lang='lat' dir='ltr'><strong>nes,</strong></span> <span class='ocrx_word' id='word_1_551' title='bbox 1955 5013 2010 5060; x_wconf 92' lang='lat' dir='ltr'><strong>et</strong></span> <span class='ocrx_word' id='word_1_552' title='bbox 2058 5008 2476 5085; x_wconf 90' lang='lat' dir='ltr'><strong>apostolicorum</strong></span> <span class='ocrx_word' id='word_1_553' title='bbox 2531 5013 2773 5070; x_wconf 91' lang='lat' dir='ltr'><strong>virorum</strong></span> <span class='ocrx_word' id='word_1_554' title='bbox 2825 5016 3044 5071; x_wconf 90' lang='lat' dir='ltr'><strong>decreta</strong></span> <span class='ocrx_word' id='word_1_555' title='bbox 3091 5017 3390 5073; x_wconf 80' lang='lat' dir='ltr'><strong>decernunt</strong></span> 
     </span>
    </p>
   </div>
   <div class='ocr_carea' id='block_1_89' title="bbox 1795 5098 3388 5180">
    <p class='ocr_par' dir='ltr' id='par_1_89' title="bbox 1795 5098 3388 5180">
     <span class='ocr_line' id='line_1_89' title="bbox 1795 5098 3388 5180; baseline 0.009 -30"><span class='ocrx_word' id='word_1_556' title='bbox 1795 5111 1958 5166; x_wconf 88' lang='lat' dir='ltr'><strong>super</strong></span> <span class='ocrx_word' id='word_1_557' title='bbox 1988 5098 2272 5155; x_wconf 89' lang='lat' dir='ltr'><strong>bomicidis</strong></span> <span class='ocrx_word' id='word_1_558' title='bbox 2321 5110 2376 5156; x_wconf 89' lang='lat' dir='ltr'><strong>et</strong></span> <span class='ocrx_word' id='word_1_559' title='bbox 2406 5104 2705 5176; x_wconf 83' lang='lat' dir='ltr'><strong>sacrilegis.</strong></span> <span class='ocrx_word' id='word_1_560' title='bbox 2756 5106 2890 5161; x_wconf 88' lang='lat' dir='ltr'><strong>Nam</strong></span> <span class='ocrx_word' id='word_1_561' title='bbox 2940 5108 3060 5164; x_wconf 90' lang='lat' dir='ltr'><strong>illos</strong></span> <span class='ocrx_word' id='word_1_562' title='bbox 3092 5110 3388 5180; x_wconf 82' lang='lat' dir='ltr'><strong>sacrilego-</strong></span> 
     </span>
    </p>
   </div>
   <div class='ocr_carea' id='block_1_90' title="bbox 1795 5191 3386 5267">
    <p class='ocr_par' dir='ltr' id='par_1_90' title="bbox 1795 5191 3386 5267">
     <span class='ocr_line' id='line_1_90' title="bbox 1795 5191 3386 5267; baseline 0.01 -26"><span class='ocrx_word' id='word_1_563' title='bbox 1795 5205 1915 5244; x_wconf 90' lang='lat' dir='ltr'><strong>rum</strong></span> <span class='ocrx_word' id='word_1_564' title='bbox 1947 5191 2164 5248; x_wconf 90' lang='lat' dir='ltr'><strong>nomine</strong></span> <span class='ocrx_word' id='word_1_565' title='bbox 2194 5203 2470 5260; x_wconf 91' lang='lat' dir='ltr'><strong>notamus,</strong></span> <span class='ocrx_word' id='word_1_566' title='bbox 2521 5199 2613 5267; x_wconf 88' lang='lat' dir='ltr'><strong>qui</strong></span> <span class='ocrx_word' id='word_1_567' title='bbox 2660 5199 2713 5253; x_wconf 95' lang='lat' dir='ltr'><strong>in</strong></span> <span class='ocrx_word' id='word_1_568' title='bbox 2751 5199 2894 5254; x_wconf 89' lang='lat' dir='ltr'><strong>hunc</strong></span> <span class='ocrx_word' id='word_1_569' title='bbox 2945 5199 3223 5255; x_wconf 90' lang='lat' dir='ltr'><strong>Christum</strong></span> <span class='ocrx_word' id='word_1_570' title='bbox 3278 5201 3386 5257; x_wconf 89' lang='lat' dir='ltr'><strong>Do-</strong></span> 
     </span>
    </p>
   </div>
   <div class='ocr_carea' id='block_1_91' title="bbox 1765 5282 3385 5363">
    <p class='ocr_par' dir='ltr' id='par_1_91' title="bbox 1765 5282 3385 5363">
     <span class='ocr_line' id='line_1_91' title="bbox 1765 5282 3385 5363; baseline 0.009 -28"><span class='ocrx_word' id='word_1_571' title='bbox 1765 5350 1768 5354; x_wconf 17' lang='grc' dir='ltr'><em>ί</em></span> <span class='ocrx_word' id='word_1_572' title='bbox 1793 5282 1924 5338; x_wconf 79' lang='grc' dir='ltr'><strong>ιὴίηἰ</strong></span> <span class='ocrx_word' id='word_1_573' title='bbox 1959 5299 2152 5339; x_wconf 92' lang='lat' dir='ltr'><strong>manus</strong></span> <span class='ocrx_word' id='word_1_574' title='bbox 2181 5287 2400 5344; x_wconf 89' lang='lat' dir='ltr'><strong>mittere</strong></span> <span class='ocrx_word' id='word_1_575' title='bbox 2431 5290 2548 5344; x_wconf 90' lang='lat' dir='ltr'><strong>ausi</strong></span> <span class='ocrx_word' id='word_1_576' title='bbox 2579 5299 2725 5346; x_wconf 88' lang='lat' dir='ltr'><strong>sunt.</strong></span> <span class='ocrx_word' id='word_1_577' title='bbox 2751 5289 2923 5346; x_wconf 89' lang='lat' dir='ltr'><strong>Omne</strong></span> <span class='ocrx_word' id='word_1_578' title='bbox 2951 5307 3113 5363; x_wconf 88' lang='lat' dir='ltr'><strong>super</strong></span> <span class='ocrx_word' id='word_1_579' title='bbox 3148 5291 3290 5358; x_wconf 91' lang='lat' dir='ltr'><strong>illos,</strong></span> <span class='ocrx_word' id='word_1_580' title='bbox 3320 5309 3385 5350; x_wconf 91' lang='lat' dir='ltr'><strong>ac</strong></span> 
     </span>
    </p>
   </div>
   <div class='ocr_carea' id='block_1_92' title="bbox 1793 5377 3382 5455">
    <p class='ocr_par' dir='ltr' id='par_1_92' title="bbox 1793 5377 3382 5455">
     <span class='ocr_line' id='line_1_92' title="bbox 1793 5377 3382 5455; baseline 0.006 -24"><span class='ocrx_word' id='word_1_581' title='bbox 1793 5384 2108 5446; x_wconf 86' lang='lat' dir='ltr'><strong>perpetuum</strong></span> <span class='ocrx_word' id='word_1_582' title='bbox 2142 5379 2443 5447; x_wconf 89' lang='lat' dir='ltr'><strong>interitum,</strong></span> <span class='ocrx_word' id='word_1_583' title='bbox 2479 5397 2578 5455; x_wconf 87' lang='lat' dir='ltr'><strong>per</strong></span> <span class='ocrx_word' id='word_1_584' title='bbox 2609 5377 2970 5454; x_wconf 72' lang='lat' dir='ltr'><strong>iustissimam</strong></span> <span class='ocrx_word' id='word_1_585' title='bbox 3000 5384 3216 5440; x_wconf 86' lang='lat' dir='ltr'><strong>divinae</strong></span> <span class='ocrx_word' id='word_1_586' title='bbox 3266 5386 3382 5441; x_wconf 84' lang='lat' dir='ltr'><strong>ani-</strong></span> 
     </span>
    </p>
   </div>
   <div class='ocr_carea' id='block_1_93' title="bbox 1794 5472 3383 5552">
    <p class='ocr_par' dir='ltr' id='par_1_93' title="bbox 1794 5472 3383 5552">
     <span class='ocr_line' id='line_1_93' title="bbox 1794 5472 3383 5552; baseline 0.008 -27"><span class='ocrx_word' id='word_1_587' title='bbox 1794 5472 2186 5528; x_wconf 89' lang='lat' dir='ltr'><strong>madversionis</strong></span> <span class='ocrx_word' id='word_1_588' title='bbox 2222 5476 2583 5542; x_wconf 91' lang='lat' dir='ltr'><strong>sententiam,</strong></span> <span class='ocrx_word' id='word_1_589' title='bbox 2636 5487 2981 5548; x_wconf 90' lang='lat' dir='ltr'><strong>congeratur.</strong></span> <span class='ocrx_word' id='word_1_590' title='bbox 3025 5477 3210 5535; x_wconf 81' lang='lat' dir='ltr'><strong>Nullus</strong></span> <span class='ocrx_word' id='word_1_591' title='bbox 3254 5494 3383 5552; x_wconf 91' lang='lat' dir='ltr'><strong>ergo</strong></span> 
     </span>
    </p>
   </div>
   <div class='ocr_carea' id='block_1_94' title="bbox 90 5553 3380 5644">
    <p class='ocr_par' dir='ltr' id='par_1_94' title="bbox 90 5553 3380 5644">
     <span class='ocr_line' id='line_1_94' title="bbox 90 5553 3380 5644; baseline 0.006 -36"><span class='ocrx_word' id='word_1_592' title='bbox 90 5556 351 5612; x_wconf 86' lang='lat' dir='ltr'><strong>Balduini</strong></span> <span class='ocrx_word' id='word_1_593' title='bbox 381 5556 691 5611; x_wconf 89' lang='lat' dir='ltr'><strong>hominibus</strong></span> <span class='ocrx_word' id='word_1_594' title='bbox 736 5553 1082 5640; x_wconf 84' lang='lat' dir='ltr'><strong>Vineemaro,</strong></span> <span class='ocrx_word' id='word_1_595' title='bbox 1133 5554 1412 5610; x_wconf 83' lang='lat' dir='ltr'><strong>Evarardo</strong></span> <span class='ocrx_word' id='word_1_596' title='bbox 1447 5563 1504 5610; x_wconf 82' lang='lat' dir='ltr'><strong>el</strong></span> <span class='ocrx_word' id='word_1_597' title='bbox 1549 5553 1681 5610; x_wconf 76' lang='grc' dir='ltr'><strong>Βοι-</strong></span> <span class='ocrx_word' id='word_1_598' title='bbox 1715 5558 1872 5622; x_wconf 88' lang='lat' dir='ltr'><strong>Deis</strong></span> <span class='ocrx_word' id='word_1_599' title='bbox 1898 5560 2241 5621; x_wconf 88' lang='lat' dir='ltr'><strong>Christianus</strong></span> <span class='ocrx_word' id='word_1_600' title='bbox 2267 5562 2355 5622; x_wconf 74' lang='lat' dir='ltr'><strong>vel</strong></span> <span class='ocrx_word' id='word_1_601' title='bbox 2379 5566 2494 5622; x_wconf 82' lang='lat' dir='ltr'><strong>Ave</strong></span> <span class='ocrx_word' id='word_1_602' title='bbox 2523 5569 2684 5624; x_wconf 91' lang='lat' dir='ltr'><strong>dicat.</strong></span> <span class='ocrx_word' id='word_1_603' title='bbox 2717 5567 2903 5626; x_wconf 83' lang='lat' dir='ltr'><strong>Nullus</strong></span> <span class='ocrx_word' id='word_1_604' title='bbox 2932 5573 3223 5644; x_wconf 86' lang='lat' dir='ltr'><strong>presbyter</strong></span> <span class='ocrx_word' id='word_1_605' title='bbox 3251 5573 3380 5629; x_wconf 81' lang='lat' dir='ltr'><strong>mis—</strong></span> 
     </span>
    </p>
   </div>
   <div class='ocr_carea' id='block_1_95' title="bbox 92 5644 3383 5734">
    <p class='ocr_par' dir='ltr' id='par_1_95' title="bbox 92 5644 3383 5734">
     <span class='ocr_line' id='line_1_95' title="bbox 92 5644 3383 5734; baseline 0.005 -31"><span class='ocrx_word' id='word_1_606' title='bbox 92 5647 244 5703; x_wconf 82' lang='lat' dir='ltr'><strong>l&#39;eldo</strong></span> <span class='ocrx_word' id='word_1_607' title='bbox 272 5644 565 5719; x_wconf 80' lang='lat' dir='ltr'><strong>[Ratfrido]</strong></span> <span class='ocrx_word' id='word_1_608' title='bbox 590 5647 908 5718; x_wconf 63' lang='lat' dir='ltr'><strong>caeterisque</strong></span> <span class='ocrx_word' id='word_1_609' title='bbox 932 5661 1120 5704; x_wconf 89' lang='lat' dir='ltr'><strong>eorum</strong></span> <span class='ocrx_word' id='word_1_610' title='bbox 1137 5646 1490 5717; x_wconf 87' lang='lat' dir='ltr'><strong>complicibus</strong></span> <span class='ocrx_word' id='word_1_611' title='bbox 1516 5647 1684 5704; x_wconf 81' lang='lat' dir='ltr'><strong>inler-</strong></span> <span class='ocrx_word' id='word_1_612' title='bbox 1763 5713 1766 5718; x_wconf 95' lang='lat'><em>_</em></span> <span class='ocrx_word' id='word_1_613' title='bbox 1793 5672 1883 5712; x_wconf 89' lang='lat' dir='ltr'><strong>sas</strong></span> <span class='ocrx_word' id='word_1_614' title='bbox 1907 5657 2194 5729; x_wconf 84' lang='lat' dir='ltr'><strong>aliquando</strong></span> <span class='ocrx_word' id='word_1_615' title='bbox 2234 5648 2415 5734; x_wconf 84' lang='lat' dir='ltr'><strong>coram</strong></span> <span class='ocrx_word' id='word_1_616' title='bbox 2447 5661 2745 5729; x_wconf 86' lang='lat' dir='ltr'><strong>celebrare,</strong></span> <span class='ocrx_word' id='word_1_617' title='bbox 2781 5679 2879 5719; x_wconf 89' lang='lat' dir='ltr'><strong>nec</strong></span> <span class='ocrx_word' id='word_1_618' title='bbox 2908 5665 2952 5719; x_wconf 94' lang='lat' dir='ltr'><strong>si</strong></span> <span class='ocrx_word' id='word_1_619' title='bbox 2977 5663 3236 5720; x_wconf 86' lang='lat' dir='ltr'><strong>inﬁrmati</strong></span> <span class='ocrx_word' id='word_1_620' title='bbox 3269 5664 3383 5720; x_wconf 80' lang='lat' dir='ltr'><strong>fue-</strong></span> 
     </span>
    </p>
   </div>
   <div class='ocr_carea' id='block_1_96' title="bbox 93 5738 3380 5824">
    <p class='ocr_par' dir='ltr' id='par_1_96' title="bbox 93 5738 3380 5824">
     <span class='ocr_line' id='line_1_96' title="bbox 93 5738 3380 5824; baseline 0.005 -29"><span class='ocrx_word' id='word_1_621' title='bbox 93 5747 283 5795; x_wconf 90' lang='lat' dir='ltr'><strong>sectus</strong></span> <span class='ocrx_word' id='word_1_622' title='bbox 313 5738 688 5796; x_wconf 88' lang='lat' dir='ltr'><strong>crudelissime</strong></span> <span class='ocrx_word' id='word_1_623' title='bbox 707 5741 977 5797; x_wconf 81' lang='lat' dir='ltr'><strong>occubuit.</strong></span> <span class='ocrx_word' id='word_1_624' title='bbox 1010 5741 1087 5798; x_wconf 90' lang='lat' dir='ltr'><strong>De</strong></span> <span class='ocrx_word' id='word_1_625' title='bbox 1116 5741 1271 5811; x_wconf 90' lang='lat' dir='ltr'><strong>cujus</strong></span> <span class='ocrx_word' id='word_1_626' title='bbox 1302 5750 1476 5798; x_wconf 89' lang='lat' dir='ltr'><strong>morte</strong></span> <span class='ocrx_word' id='word_1_627' title='bbox 1519 5741 1684 5798; x_wconf 88' lang='lat' dir='ltr'><strong>totius</strong></span> <span class='ocrx_word' id='word_1_628' title='bbox 1794 5749 1921 5813; x_wconf 87' lang='lat' dir='ltr'><strong>rint,</strong></span> <span class='ocrx_word' id='word_1_629' title='bbox 1951 5750 2317 5807; x_wconf 82' lang='lat' dir='ltr'><strong>confessiones</strong></span> <span class='ocrx_word' id='word_1_630' title='bbox 2362 5766 2548 5812; x_wconf 88' lang='lat' dir='ltr'><strong>eorum</strong></span> <span class='ocrx_word' id='word_1_631' title='bbox 2573 5753 2837 5824; x_wconf 88' lang='lat' dir='ltr'><strong>recipere,</strong></span> <span class='ocrx_word' id='word_1_632' title='bbox 2864 5755 2948 5810; x_wconf 90' lang='lat' dir='ltr'><strong>vel</strong></span> <span class='ocrx_word' id='word_1_633' title='bbox 2972 5763 3380 5812; x_wconf 85' lang='lat' dir='ltr'><strong>sacrosanctam</strong></span> 
     </span>
    </p>
   </div>
   <div class='ocr_carea' id='block_1_97' title="bbox 95 5835 3382 5926">
    <p class='ocr_par' dir='ltr' id='par_1_97' title="bbox 95 5835 3382 5926">
     <span class='ocr_line' id='line_1_97' title="bbox 95 5835 3382 5926; baseline 0.004 -35"><span class='ocrx_word' id='word_1_634' title='bbox 95 5835 356 5892; x_wconf 81' lang='lat' dir='ltr'><strong>Ecclesiae</strong></span> <span class='ocrx_word' id='word_1_635' title='bbox 373 5836 507 5894; x_wconf 91' lang='lat' dir='ltr'><strong>ordo</strong></span> <span class='ocrx_word' id='word_1_636' title='bbox 531 5843 690 5909; x_wconf 85' lang='lat' dir='ltr'><strong>atque</strong></span> <span class='ocrx_word' id='word_1_637' title='bbox 714 5838 992 5910; x_wconf 89' lang='lat' dir='ltr'><strong>processio</strong></span> <span class='ocrx_word' id='word_1_638' title='bbox 1015 5839 1210 5926; x_wconf 81' lang='lat' dir='ltr'><strong>merito</strong></span> <span class='ocrx_word' id='word_1_639' title='bbox 1239 5839 1610 5909; x_wconf 87' lang='lat' dir='ltr'><strong>contristatur,</strong></span> <span class='ocrx_word' id='word_1_640' title='bbox 1630 5849 1686 5897; x_wconf 89' lang='lat' dir='ltr'><strong>et</strong></span> <span class='ocrx_word' id='word_1_641' title='bbox 1794 5843 2226 5908; x_wconf 84' lang='lat' dir='ltr'><strong>commnniOnem</strong></span> <span class='ocrx_word' id='word_1_642' title='bbox 2273 5845 2372 5913; x_wconf 90' lang='lat' dir='ltr'><strong>eis,</strong></span> <span class='ocrx_word' id='word_1_643' title='bbox 2427 5847 2529 5903; x_wconf 90' lang='lat' dir='ltr'><strong>nisi</strong></span> <span class='ocrx_word' id='word_1_644' title='bbox 2576 5847 2926 5920; x_wconf 88' lang='lat' dir='ltr'><strong>resipuerint,</strong></span> <span class='ocrx_word' id='word_1_645' title='bbox 2959 5848 3123 5906; x_wconf 88' lang='lat' dir='ltr'><strong>etiam</strong></span> <span class='ocrx_word' id='word_1_646' title='bbox 3152 5848 3206 5904; x_wconf 75' lang='lat' dir='ltr'><strong>in</strong></span> <span class='ocrx_word' id='word_1_647' title='bbox 3261 5848 3382 5922; x_wconf 89' lang='lat' dir='ltr'><strong>ipso</strong></span> 
     </span>
    </p>
   </div>
  </div>
