3902 6408
114 362 229 420 677

1268 361 1449 419 ACTA
1499 361 1793 422 CONCILII
1841 363 2249 425 TBOSLEIANI

3287 377 3392 438 678

111 477 777 552 videmusaDepopulatae
803 481 994 552 urbes,
1027 480 1300 536 destructa
1346 482 1429 536 vel
1483 483 1701 536 incensa
1734 489 1777 546 Α
1809 498 1914 552 que
1952 491 2126 538 status
2153 485 2406 540 Ecclesia!
2434 485 2689 541 confusus
2721 501 2783 542 ac
2812 497 3104 547 temeratus
3158 501 3258 549 est.
3289 495 3390 550 De-

112 549 478 614 monasteria,
509 551 624 620 agri
657 551 708 605 in
736 551 1080 606 solitudinem
1111 561 1238 606 sunt
1272 553 1474 607 redacti
1495 593 1508 618 ,
1544 554 1618 607 ita
1645 562 1702 607 ut

93 637 250 678 vere
292 622 564 694 possimus
593 621 769 694 dicere
799 623 927 694 quia
959 638 977 672 ι
1025 624 1269 692 pervenit
1296 624 1504 694 gladius
1534 637 1704 693 usque

111 695 183 746 ad
232 691 475 764 animam
509 690 644 764 (JAer.
677 690 836 764 lV)._i
885 690 1065 760 Usque
1088 695 1166 764 ad
1206 690 1438 748 animam
1471 690 1704 764 denique

99 763 335 835 gladius
353 761 618 835 pervenit,
641 761 763 835 cum
786 761 935 830 justo
967 765 1056 835 Dei
1078 763 1281 832 judicio
1319 765 1534 835 amissis
1562 761 1706 820 cite-

113 832 362 889 rioribus
387 832 565 896 bonis,
587 842 641 887 et
669 833 934 888 exhausto
961 834 1185 905 ﬂagellis
1209 844 1370 904 atque
1401 834 1705 890 alllictioni-

112 906 221 959 bus
253 917 484 972 corpore
507 944 522 966 ,
554 905 664 973 ipsa
693 905 864 958 virtus
893 907 1086 959 animm
1126 905 1321 960 lassata
1353 906 1588 960 deiicere
1620 907 1701 959 vi-

110 974 308 1038 detur,
337 983 392 1028 et
417 973 571 1044 quasi
619 975 752 1029 nihil
777 975 939 1030 vitale
979 976 1031 1029 in
1086 974 1173 1028 illa
1223 987 1554 1031 reservatur.
1585 975 1701 1030 Non

110 1046 238 1116 hate
271 1052 423 1099 certe
465 1060 594 1099 casu
625 1045 828 1113 aliquo,
861 1055 954 1100 aut
997 1061 1026 1100 e
1071 1045 1247 1100 subita
1280 1057 1584 1116 temporum
1617 1047 1702 1102 vel

110 1115 537 1187 elementorum
563 1117 864 1170 mutatione
891 1119 1245 1187 contingunt,
1287 1115 1409 1186 quia
1442 1118 1701 1187 scriptum

110 1197 204 1241 est
235 1204 249 1239 :
292 1203 310 1236 ι
350 1185 496 1240 Nihil
528 1186 581 1240 in
608 1195 752 1241 terra
777 1187 897 1242 sine
918 1185 1188 1253 causam,
1220 1197 1275 1241 et
1305 1185 1370 1241 de
1401 1185 1567 1243 humo
1595 1203 1700 1242 non

111 1256 600 1329 egrediturhdoior
650 1257 772 1328 (Job
803 1258 876 1329 ν),
918 1277 936 1309 ι
989 1257 1280 1329 ΒελΙιιιιιιο
1307 1260 1505 1329 quippe
1550 1259 1702 1313 tldlor

112 1327 229 1400 non
261 1327 564 1400 egreditur,
588 1327 738 1397 quia,
767 1327 1044 1384 ut'beatus
1071 1327 1366 1399 Gregorius
1406 1327 1543 1385 dicit
1569 1329 1629 1400 (Ι.
1668 1343 1701 1385 v

111 1397 439 1462 Moralium,
461 1414 509 1453 c.
541 1398 621 1469 6),
664 1417 683 1450 ι
717 1413 1054 1470 nequaquam
1086 1397 1247 1470 ptena
1276 1401 1342 1454 de
1370 1415 1432 1454 ea
1460 1397 1704 1456 naséitur

112 1479 380 1541 creatura
404 1484 524 1539 quae
546 1470 809 1540 percutit,
852 1471 944 1524 sed
974 1472 1039 1525 de
1067 1486 1129 1524 ea
1153 1485 1272 1539 quae
1291 1471 1566 1541 peccando
1591 1472 1701 1525 vim

110 1540 491 1610 percussionis
516 1541 766 1596 extorsit.
799 1541 939 1597 Ecce
968 1542 1112 1595 enim
1142 1540 1438 1606 cernimus,
1463 1542 1605 1611 quod
1635 1543 1701 1596 ad

113 1611 523 1682 correptionem
548 1620 787 1665 nostram
801 1621 1149 1682 exspccmtus
1162 1611 1334 1667 imber
1349 1622 1534 1666 arente
1559 1623 1701 1667 terra

111 1681 439 1754 frequenter
466 1683 833 1751 suspenditur,
855 1681 1183 1754 caliginosus
1209 1698 1300 1736 aer
1327 1683 1703 1754 inardescente

113 1753 247 1826 sole
261 1752 518 1826 siccatur,
554 1767 705 1807 mare
741 1752 992 1826 procellis
1019 1753 1508 1826 intumescentibus
1526 1754 1700 1826 saevit,

113 1834 176 1879 et
201 1823 339 1879 alios
375 1825 441 1877 ad
476 1825 913 1878 transmeandum
954 1835 1233 1892 susceptos
1265 1823 1558 1892 intercipit,
1582 1823 1702 1879 aliis

115 1895 488 1950 desideratum
518 1894 624 1948 iter
653 1903 834 1949 erecta
863 1896 915 1949 in
947 1894 1219 1949 cumulum
1251 1894 1389 1948 unda
1417 1895 1698 1949 contradi-

115 1967 248 2020 cit:
284 1973 430 2020 terra
475 1981 580 2019 non
621 1964 792 2020 solum
837 1966 1078 2036 germine
1124 1963 1470 2019 fecunditatis
1518 1966 1700 2020 immi-

117 2037 329 2098 nuitur,
359 2037 450 2090 sed
481 2037 647 2090 etiam
688 2036 890 2089 semina
922 2047 1143 2104 accepta
1175 2037 1462 2090 consumit.
1494 2036 1550 2090 ln
1581 2037 1700 2106 qui-

118 2108 226 2162 bus
279 2107 530 2160 nimirum
583 2107 795 2161 cunctis
839 2116 1086 2176 patenter
1111 2107 1369 2174 aspicitur
1402 2109 1524 2172 hoc,
1557 2107 1700 2175 quod

117 2177 343 2247 quidam
380 2177 600 2246 sapiens
647 2177 713 2232 de
765 2176 994 2232 Domino
1019 2186 1251 2231 testatur
1275 2178 1462 2232 dicens
1493 2195 1504 2230 :
1544 2196 1561 2227 ι
1598 2177 1703 2230 Pu-

115 2249 312 2320 gnabit
345 2261 462 2320 pro
512 2261 582 2320 _eo
631 2248 781 2320 orbis
835 2257 1103 2320 terrarum
1151 2257 1372 2320 contra
1401 2248 1705 2302 insensalos

119 2318 383 2389 (Sap.v).
423 2335 443 2369 ι
510 2318 586 2373 De
648 2319 815 2373 humo
847 2319 1002 2373 dolor
1037 2333 1142 2373 non
1194 2318 1506 2389 egreditur,
1579 2320 1702 2388 quia

121 2389 450 2444 elementum
492 2389 808 2444 insensibile
854 2403 960 2443 non
991 2404 1055 2444 ex
1088 2403 1184 2443 sua
1220 2398 1433 2452 natura,
1481 2389 1574 2443 sed
1609 2403 1704 2458 pro

108 2460 339 2530 meritis
366 2461 640 2515 hominum
681 2469 736 2513 et
781 2458 1124 2530 aﬂligendunt
1158 2469 1473 2530 peccatores
1501 2461 1705 2514 excita-

121 2539 236 2588 tur.
274 2529 336 2584 Et
371 2531 630 2600 propheta
669 2531 734 2585 de
764 2529 991 2585 Domino
1015 2529 1190 2585 dicit:
1223 2547 1242 2581 ι
1281 2531 1336 2584 Si
1367 2531 1472 2584 erit
1505 2531 1704 2584 malum

122 2602 182 2657 in
211 2601 430 2656 civitate
454 2602 593 2671 quod
628 2602 888 2656 Dominus
917 2618 1024 2656 non
1056 2601 1184 2656 fecit
1217 2600 1398 2672 (Amos
1423 2601 1505 2671 ιιι)
1535 2615 1548 2654 :
1593 2619 1612 2652 ι
1653 2610 1707 2672 et

123 2673 243 2742 ipse
272 2670 528 2726 Dominus
548 2672 612 2726 de
638 2686 696 2727 se
718 2687 816 2742 per
862 2672 1055 2726 Isaiam
1083 2670 1259 2727 dicit:
1299 2691 1338 2743 ig
1363 2673 1472 2743 Ego
1517 2670 1704 2725 Domi-

120 2741 230 2798 nus
277 2743 480 2796 iaciens
507 2741 731 2812 pacem,
750 2753 805 2798 et
827 2759 1018 2798 creans
1063 2743 1262 2797 malum
1289 2741 1639 2813 (lsaIXLvn),
1680 2759 1698 2793 ι

123 2815 230 2870 hoc
259 2823 342 2869 est
368 2813 536 2868 otium
565 2821 620 2868 et
646 2814 864 2868 bellum.
905 2813 1003 2869 Hic
1031 2814 1177 2868 enim
1206 2813 1405 2867 malutn
1455 2829 1560 2866 non
1608 2827 1706 2882 pro

123 2885 254 2940 boni
311 2885 602 2949 contrario,
639 2884 732 2940 sed
772 2884 1003 2939 medium
1051 2885 1341 2954 quoddam,
1373 2882 1424 2938 id
1461 2892 1545 2939 est
1570 2882 1705 2937 allii-

126 2956 366 3010 ctionem
397 2954 686 3024 signiﬁcat,
710 2971 830 3026 qum
854 2957 1040 3025 utique
1062 2971 1098 3026 _a
1123 2954 1349 3009 Domino
1378 2954 1458 3018 fit,
1483 2956 1608 3025 quia
1641 2969 1708 3009 eo

123 3027 475 3098 permittente
503 3024 745 3096 peccanti
771 3024 966 3098 populo
994 3024 1416 3098 subterducitur,
1440 3024 1624 3098 utqui
1652 3026 1705 3081 in

122 3096 464 3170 paceDeum
499 3098 652 3167 sequi
699 3096 987 3152 noluerunt
1034 3096 1222 3170 saltem
1266 3097 1706 3170 percussionibus

123 3167 298 3222 attriti
323 3177 566 3222 metuant
584 3180 639 3222 et
663 3176 1066 3232 convertantur,
1092 3167 1243 3237 juxta
1265 3168 1408 3237 quod
1440 3168 1698 3236 scriptum

123 3219 224 3293 es;
239 3219 253 3292 ἐ
269 3219 310 3289 ’⁷η
326 3219 464 3292 sas;
477 3219 718 3294 vexata;
731 3219 1110 3294 inlatam;
1128 3219 1296 3292 eam:
1312 3219 1697 3307 senatus...
1731 3219 1775 3282 C

126 3311 342 3380 xxvm).
369 3329 385 3361 ι
409 3308 616 3364 Nostris
640 3311 836 3379 potius,
852 3309 1086 3380 cttotius
1103 3309 1308 3379 populi,
1332 3323 1490 3380 quem
1515 3323 1703 3380 regere

125 3379 430 3444 debuimus,
462 3382 700 3450 peccatis
742 3381 844 3434 ista
897 3379 1052 3444 ﬁunt,
1091 3381 1346 3450 quoniam
1390 3379 1702 3449 iniquitates

125 3460 326 3507 nostra:
368 3450 733 3520 multiplicata:
792 3459 920 3506 sunt
967 3466 1134 3520 super
1175 3459 1366 3520 caput,
1409 3458 1465 3505 et
1507 3451 1704 3505 delicta

125 3533 314 3579 nostra
365 3530 656 3577 creverunt
701 3536 871 3591 usque
924 3522 988 3575 ad
1039 3521 1226 3576 caelos.
1293 3521 1604 3576 Fornicatio
1649 3529 1704 3576 et

125 3592 471 3657 adulterium,
507 3592 852 3664 sacrilegium
877 3592 1302 3664 ethomigcidium
1335 3591 1699 3664 inundarunt,

124 3674 182 3719 et
239 3664 456 3732 sanguis
499 3662 815 3734 sanguinem
859 3663 1052 3730 tetigit.
1085 3662 1315 3734 Sanguis
1355 3663 1552 3732 quippe
1581 3676 1706 3734 san-

123 3735 342 3805 guinem
373 3736 566 3805 tangit,
599 3732 720 3788 cum
761 3741 1016 3805 peccator
1043 3734 1198 3788 malis
1225 3732 1341 3805 suis
1365 3734 1584 3804 gravius
1608 3733 1708 3788 aii-

126 3804 271 3875 quod
304 3804 502 3859 malum
533 3805 794 3876 adjungit,
826 3819 925 3859 nec
951 3804 1114 3858 ullum
1144 3804 1327 3874 pravis
1353 3805 1564 3859 actibus
1596 3814 1706 3876 ter-

127 3874 332 3930 minum
363 3877 572 3941 indicit,
603 3874 873 3943 setl'juxta
907 3876 1216 3945 Apostolum
1247 3876 1301 3928 in
1332 3877 1484 3945 pejus
1521 3874 1703 3944 quoti-

127 3948 214 4000 die
249 3947 474 4014 proiicit.
506 3948 570 4000 Et
593 3961 730 4017 pene
758 3957 847 4018 est
869 3955 926 3999 ut
952 3963 1076 3999 cum
1108 3946 1364 4018 propheta
1390 3946 1526 4018 Isaia
1549 3948 1695 4018 inge-

127 4018 438 4080 miscamus,
465 4016 707 4072 dicentes
734 4019 801 4072 ad
831 4017 1114 4071 Dominum
1141 4033 1153 4068 :
1182 4035 1200 4067 ι
1231 4016 1431 4082 Quare,
1460 4016 1702 4080 Domine,

126 4103 314 4142 errare
340 4103 435 4142 nos
464 4088 638 4143 iecisti
661 4090 725 4142 de
752 4088 852 4141 viis
883 4089 1024 4142 tuis?
1047 4088 1306 4141 indurasti
1338 4103 1434 4141 cor
1462 4096 1704 4141 nostrtun

128 4173 196 4213 ne
230 4159 542 4213 timeremus
573 4160 658 4212 te?
691 4158 815 4212 facti
845 4174 1031 4213 sumus
1059 4160 1110 4212 in
1135 4158 1420 4228 principio,
1448 4173 1569 4211 cum
1601 4173 1704 4211 non

127 4230 488 4284 dominareris
535 4230 728 4292 nostri,
760 4244 935 4298 neque
961 4231 1306 4284 invocaretur
1328 4244 1523 4283 nomen
1556 4237 1705 4282 tuum

127 4315 290 4370 super
346 4315 442 4354 nos
489 4299 624 4371 (Iaa.
677 4301 788 4370 65).
825 4320 843 4352 ι
877 4300 1010 4355 Cum
1043 4299 1185 4354 enim
1217 4298 1358 4371 Deus
1393 4307 1707 4368 peccatores

128 4369 376 4426 homines
408 4369 507 4440 qui
527 4387 631 4425 non
664 4372 836 4426 solum
864 4380 1109 4440 peccant,
1137 4371 1230 4424 sed
1258 4369 1421 4424 etiam
1456 4384 1708 4439 persevc-

130 4456 256 4494 rare
287 4443 338 4495 in
369 4443 607 4510 peccatis
647 4443 875 4513 eligunt,
915 4457 1060 4506 cum,
1091 4443 1342 4510 inquam,
1385 4441 1708 4513 talesgjusto

121 4513 328 4583 judicio
383 4513 624 4579 deserit,
653 4511 854 4581 eosque
903 4521 1024 4582 post
1069 4513 1393 4583 pravitatem
1443 4511 1570 4583 mali
1623 4512 1703 4565 sui

1809 557 1989 630 niquc.
2019 571 2086 609 ne
2117 557 2270 630 nobis
2297 572 2521 630 parcere
2544 558 2823 630 videamur
2841 563 2930 630 qui
2957 561 3182 617 aliorum
3208 575 3389 622 errata

1807 626 2084 707 cerrigere
2109 627 2385 707 debemus.
2422 626 2937 707 episcop_i_d_icimt'tr,
2965 636 3058 687 sed
3081 636 3392 707 episcopale

1807 694 2040 773 cilicium
2091 712 2196 751 non
2250 694 2558 773 implemus.
2585 694 2959 773 AMinisterium
2991 694 3393 773 praedicationis

1807 767 2202 838 relinquimus;
2235 767 2445 838 eos’qui
2474 769 2628 824 nobis
2673 773 2950 827 commissi
2987 767 3116 829 sunt
3143 774 3392 834 videmus

1805 835 1984 916 Deum
2001 839 2248 893 deserere
2269 849 2323 894 et
2345 835 2394 892 in
2418 841 2822 916 pravisactibus
2836 840 3037 910 jacere,
3058 853 3114 901 et
3129 855 3392 916 tacemus,

1803 922 1907 961 nec
1936 910 2014 962 eis
2047 925 2262 964 manum
2292 910 2647 964 correctionis
2676 913 2978 978 tendimus,
3008 917 3124 980 sed,
3154 919 3255 972 etsi
3275 910 3396 974 alt-'-

1805 979 2022 1046 quando
2075 981 2320 1054 quaadam
2351 980 2546 1054 Adicere
2577 985 2903 1054 coeperimus
2932 999 3051 1054 qua:
3083 979 3393 1046 carnalibus

1804 1062 1997 1121 eorum
2041 1051 2237 1106 animis
2279 1051 2496 1121 valeant
2549 1052 2855 1121 displicere,
2911 1051 3093 1112 dicunt
3126 1058 3195 1113 de
3239 1059 3392 1116 nobis

1805 1120 1950 1201 quod
1989 1120 2040 1201 in
2072 1120 2652 1201 Evangelio‘Dominus
2679 1122 2745 1178 de
2771 1125 3086 1201 sedentibus
3123 1129 3175 1201 in
3217 1129 3387 1201 Moysi

1805 1191 2234 1269 ca_t_liedra_dixit
2262 1211 2280 1248 :
2316 1211 2332 1243 ι
2364 1192 2598 1269 Alligant
2634 1208 2799 1269 onera
2836 1199 3020 1269 gravia
3051 1207 3110 1252 et
3132 1191 3394 1269 importa-

1805 1261 1954 1324 bilia,
1989 1269 2046 1315 et
2075 1262 2360 1340 imponunt
2391 1264 2442 1316 in
2473 1261 2741 1340 humeros.
2755 1261 3061 1340 hominum,
3090 1261 3260 1340 digito
3289 1284 3391 1326 au-

1803 1340 1912 1410 tem
1953 1347 2052 1385 suo
2092 1331 2291 1410 _n_dlunt
2317 1349 2630 1410 ea__movere
2662 1333 2879 1410 (litauit.
2913 1339 3095 1410 artu).
3131 1331 3391 1410 {Sicque

1804 1401 1865 1482 lit
1891 1402 2173 1482 ut,nobis
2201 1405 2526 1473 tacentibus,
2563 1401 2691 1474 gres
2723 1403 2934 1482 Domini
2969 1401 3176 1477 pereat,
3199 1418 3262 1482 et
3292 1401 3394 1482 per

1805 1471 2033 1548 abrupta
2093 1474 2346 1548 vitiorum
2408 1471 2648 1544 prteceps
2692 1486 2847 1548 actus
2896 1471 3393 1548 lttporum'imma-

1804 1544 1964 1618 nium_
2003 1546 2277 1618 morsibus
2307 1553 2520 1618 palea};
2551 1548 2787 1616 dumque
2817 1544 2970 1602 deest
2995 1550 3085 1618 qui
3136 1564 3230 1606 eos
3271 1547 3395 1608 vitae

1804 1614 1922 1686 vias
1945 1611 2160 1686 ingredi
2187 1611 2405 1686 doceat.
2435 1616 2604 1670 libere
2631 1611 2729 1686 per
2763 1618 2916 1672 devia
2950 1611 3273 1686 gradiuntur
3305 1635 3394 1677 er-

1804 1684 1966 1758 roris,
1991 1694 2044 1739 et
2073 1685 2325 1756 impletur
2348 1686 2398 1758 in
2422 1687 2503 1740 eis
2522 1684 2663 1758 quod
2695 1701 2792 1756 per
2813 1684 3131 1758 prophetam
3151 1692 3353 1747 dicitur
3374 1708 3390 1748 :

1809 1755 1828 1805 ι
1857 1755 2016 1827 Zelus
2046 1755 2402 1825 apprehendit
2428 1755 3055 1827 populuminerudi'tum,
3089 1777 3108 1812 ι
3140 1771 3196 1816 et
3217 1761 3342 1817 alibi
3375 1778 3394 1820 Ξ

1812 1842 1830 1876 ι
1864 1825 2090 1903 Idcirco,
2127 1828 2322 1903 inquit,
2354 1825 2600 1903 captivus
2616 1827 2764 1903 ‘abii_t
2791 1830 3018 1899 populus
3043 1825 3218 1894 meus,
3263 1833 3393 1903 quia

1805 1911 1912 1950 non
1929 1895 2656 1973 habuitscientiauixlsaw).
2681 1916 2700 1950 ι
2726 1895 3022 1973 Pensemus
3043 1903 3134 1970 qui
3157 1895 3393 1973 unquam

1803 1977 1902 2036 per
1947 1967 2308 2043 ministerium
2350 1967 2552 2043 linguae
2600 1967 2801 2024 nostra
2839 1969 2921 2043 de;
2942 1967 3201 2043 perverso
3227 1967 3392 2043 opere

1805 2035 2054 2111 conversi
2070 2035 2459 2111 ptenltentiaui
2479 2048 2736 2111 egerunt;
2765 2040 2887 2111 quis
2911 2035 3176 2096 luxuriam
3206 2035 3394 2100 nostra

1802 2107 2187 2232 Brmdicalionc
2227 2109 2490 2172 deseruit,
2518 2107 2648 2178 quis
2693 2107 3003 2176 avaritiam,
3040 2113 3163 2182 quis
3194 2127 3392 2184 super-

1847 2180 1951 2232 iam
1983 2179 2312 2232 declinavit?
2347 2179 2513 2232 Nobis
2541 2194 2692 2232 emo.
2733 2181 2825 2232 oui
2863 2182 3082 2232 nomine
3107 2198 3392 2232 censemur

1847 2180 1951 2232 iam
1983 2179 2312 2251 declinavit?
2347 2179 2513 2234 Nobis
2541 2194 2692 2251 ergo,
2726 2181 2825 2251 qui
2863 2179 3082 2238 nomine
3107 2179 3396 2240 censemur

1805 2250 2076 2330 episcopi,
2112 2250 2346 2332 maxima
2401 2259 2456 2332 et
2491 2250 2675 2332 .prope
2721 2250 3080 2332 iinpertabilis
3121 2254 3390 2332 incumbit

1795 2320 2020 2374 sarcina
2046 2319 2337 2390 pastoralis
2366 2319 2548 2390 oillcii,
2580 2319 2706 2374 dum
2735 2319 2907 2376 instat
2941 2322 3210 2378 reddenda
3253 2325 3394 2381 ratio

1806 2391 2005 2458 negotii
2031 2389 2189 2445 nobis
2215 2389 2489 2444 commissi
2513 2404 2634 2445 cum
2663 2391 2948 2446 exactione
2969 2392 3124 2456 lucri,
3152 2403 3226 2458 et,
3261 2395 3389 2450 dum

1800 2457 1911 2529 jam
1944 2461 2186 2532 Ajamque
2224 2464 2486 2514 adventus
2530 2460 2778 2516 imminet
2823 2461 2964 2516 illius
3012 2461 3066 2516 in
3111 2463 3395 2532 majestate

1810 2530 2071 2607 terribili,
2103 2533 2192 2585 ubi
2229 2546 2422 2585 omnes
2471 2546 2592 2607 cum
2623 2532 2876 2607 gregibus
2905 2533 3019 2607 suis
3045 2530 3264 2590 venient
3292 2552 3391 2607 pa-

1809 2610 1983 2676 stores
2015 2603 2066 2655 in
2097 2610 2446 2676 conspectum
2480 2601 2742 2676 Pastoris
2773 2603 2986 2676 aeterni,
3010 2601 3390 2676 ‘augment-um

1807 2674 1876 2762 de
1908 2687 2090 2752 grege,
2139 2673 2345 2762 lucrum
2388 2673 2454 2726 de
2490 2672 2729 2762 negotie,
2782 2672 3092 2750 manipulos
3115 2672 3185 2731 de
3211 2687 3396 2762 segete

1805 2741 2057 2816 allaturi;
2086 2744 2214 2812 quid
2241 2757 2427 2816 sumus
2458 2741 2652 2808 acturi,
2677 2745 2766 2816 hic
2787 2741 3033 2816 pastores
3055 2741 3394 2811 vocati.illic

1807 2814 1925 2885 sine
1953 2814 2144 2868 ovibus
2180 2815 2477 2885 venientes,
2514 2829 2635 2884 quae
2660 2814 2872 2870 valeant
2916 2819 3255 2885 praesentari,
3303 2818 3394 2874 hic

1806 2883 1877 2940 ab
1924 2899 1989 2938 eo
2039 2893 2260 2954 accepto
2310 2883 2608 2940 talentoad
2645 2883 2933 2955 negotium‘
2953 2887 3124 2950 missi,
3170 2888 3282 2944 illic
3317 2889 3391 2944 ad

1807 2955 2092 3008 Dominum
2123 2964 2364 3009 nostrum
2407 2964 2527 3023 post
2575 2958 2848 3025 negotium
2887 2959 3175 3014 redeuntes
3210 2961 3392 3024 vacui,

1809 3026 1899 3099 hic
1918 3025 2110 3099 directi
2135 3027 2189 3079 in
2214 3039 2444 3099 messem
2473 3028 2736 3099 operarii,
2766 3027 2874 3099 i_llic
2903 3029 3108 3098 absque
3143 3030 3394 3099 manipuo

1807 3095 1874 3150 lis
1896 3097 2084 3151 vacuis
2114 3096 2360 3170 manibus
2397 3095 2744 3170 prtesentati?
2774 3095 3068 3170 Pensemtis
3089 3113 3252 3170 ergo.
3291 3095 3392 3156 ne-
3448 3101 3454 3112 '

1809 3181 1963 3222 cesse
1991 3176 2095 3229 est,
2133 3182 2294 3236 quam
2330 3167 2382 3220 in
2414 3166 2505 3223 illo
2533 3177 2683 3221 tanto
2713 3169 2962 3224 examine
2997 3166 3266 3226 rationem
3307 3185 3398 3226 su—

1807 3252 1927 3292 mus
1953 3238 2250 3309 reddituri,
2297 3254 2365 3292 tte
2390 3252 2573 3292 coram
2596 3239 2744 3293 omni
2775 3239 3078 3309 frequentia
3108 3243 3386 3298 exercitus

1807 3308 2033 3380 angelici
2071 3323 2363 3380 coramque
2415 3309 2631 3378 copiosa
2678 3308 2974 3380 electorum
3023 3311 3390 3380 multitudine,

1805 3378 1948 3452 quod
1983 3379 2141 3443 absit,
2170 3378 2455 3433 reddantur
2482 3379 2811 3452 aeternaliter
2832 3394 2929 3452 con
2941 3380 3066 3434 f'ttsi.
3086 3381 3233 3452 Ergo
3259 3397 3360 3436 con

1806 3450 2110 3504 siderantes
2141 3459 2194 3502 ct
2234 3459 2653 3519 expavescentes
2692 3451 2985 3506 imminens
3013 3450 3395 3507 uobis‘multo-

1806 3535 1926 3574 rum
1970 3519 2269 3591 perditione
2311 3520 2606 3588 periculum
2628 3561 2642 3585 ,
2676 3521 2987 3591 congregati
3017 3521 3176 3575 simul
3205 3523 3258 3575 in
3294 3525 3392 3576 tto-4

1808 3591 1952 3644 mine
1988 3589 2082 3644 Dei
2115 3589 2518 3660 omnipotentis,
2547 3605 2644 3660 per
2669 3589 3110 3645 unic‘um’Filium
3136 3591 3254 3659 ejus
3283 3592 3392 3647 Do-

1808 3661 2012 3715 minum
2041 3669 2283 3715 nostrum
2312 3659 2495 3714 Jesutn
2523 3659 2818 3726 Christum,
2869 3661 2922 3714 in
2969 3663 3168 3716 virtute
3215 3661 3390 3717 sancti

1815 3730 2051 3800 Spiritus
2076 3731 2620 3804 consulamusttobis,
2647 3741 2702 3787 et
2722 3733 3013 3804 commisso
3039 3733 3195 3788 nobis
3223 3734 3395 3804 gregi,

1808 3817 1872 3856 ac
1904 3804 1969 3857 de
2009 3811 2149 3858 statu
2183 3811 2385 3857 sanctae
2427 3801 2684 3858 Ecclesia:
2719 3812 2774 3857 et
2808 3803 2979 3873 regni,
3030 3819 3094 3858 ac
3136 3801 3398 3859 ﬁdelitate

1809 3874 1959 3941 regis
1989 3873 2181 3935 nostri,
2213 3873 2306 3927 sed
2355 3883 2408 3927 et
2453 3881 2595 3928 statu
2645 3875 3123 3945 monasteriorum,
3161 3890 3394 3945 quorum

1809 3945 2110 4016 antiquitus
2161 3953 2398 3998 statutus
2448 3947 2582 3998 ordo
2632 3953 2687 4016 et
2743 3944 2934 4016 religio
2981 3960 3120 4014 pene
3159 3944 3396 4010 deletur,

1810 4015 1878 4069 de
1927 4015 2134 4083 rapinis
2170 4030 2383 4083 quoque
2413 4025 2466 4069 et
2497 4015 2818 4085 sacrilegiis,
2864 4029 3074 4068 necnon
3111 4017 3176 4069 de
3229 4017 3399 4084 raptis

1807 4093 1865 4138 et
1897 4085 2170 4155 perjuriis,
2215 4086 2533 4152 ueterisque
2569 4083 2808 4155 ﬂagitiis,
2839 4086 3165 4138 sententiam
3194 4083 3395 4139 secun-

1808 4157 1936 4210 dum
1991 4158 2209 4209 decreta
2274 4169 2552 4209 sacrorum
2619 4169 2883 4208 canonum
2939 4164 2994 4209 8i.
3053 4156 3398 4210 decretorum

1811 4226 2194 4296 cpiscolmlium
2260 4225 2615 4295 proici-anius.
2665 4225 2731 4278 Et
2786 4223 3249 4296 taliaiacietttes,
3303 4237 3400 4280 aut

1814 4294 2106 4366 episcopali
2161 4294 2499 4359 ministerio,
2551 4303 2643 4348 aut
2696 4294 2954 4364 pastorali
3015 4294 3399 4351 exhortatione

1812 4365 2169 4436 provocemus
2212 4368 2276 4420 ad
2318 4366 2696 4436 ptenitcntiam
2725 4373 2782 4420 et
2813 4365 3272 4433 emendationem,
3299 4379 3395 4422 aut

1813 4435 2239 4508 impaenitentes,
2277 4435 2331 4491 et
2363 4437 2558 4507 corrigi
2597 4435 2876 4503 nolentes,
2904 4437 3083 4506 gladio
3115 4438 3262 4492 verbi
3303 4438 3400 4493 Dei

1812 4509 1895 4563 bis
1925 4518 2083 4563 acuto
2112 4523 2298 4562 eorum
2327 4521 2552 4576 corpora
2599 4516 2654 4562 et
2697 4508 2908 4562 animas
2937 4508 3308 4572 concidamus,
3343 4519 3402 4564 et

127 4569 312 4638 cordis
341 4584 488 4638 abire
523 4569 821 4655 permittit,
850 4569 1157 4655 qdasigipse
1204 4597 1298 4637 eos
1325 4597 1510 4637 errare
1537 4582 1665 4636 facit
1688 4621 1702 4646 ,
1732 4569 1783 4637 Ι)
1811 4579 2150 4655 mternoillos
2171 4569 2536 4655 anathemate,
2562 4579 2665 4633 hoc
2685 4587 2769 4655 est
2790 4578 3159 4655 alienat‘ionea
3182 4569 3400 4655 Christo

127 4671 266 4724 quos
319 4653 655 4724 nequaquam
701 4653 1158 4718 misericorditer,
1189 4663 1246 4707 ut
1295 4661 1703 4715 convertantur,

127 4727 338 4780 occulta
359 4726 707 4796 inspiratione
727 4727 1058 4797 praeveniens
1075 4724 1260 4794 tangit.
1299 4725 1365 4778 Et
1387 4725 1525 4797 sicut
1547 4725 1705 4797 primi

128 4797 379 4868 homines
401 4795 543 4850 nulla
568 4798 703 4868 lege,
728 4795 881 4850 nullo
903 4798 1092 4851 saltem
1113 4795 1706 4868 _titnore_prohi_bel_ian-

130 4867 382 4940 turmale
411 4865 723 4940 agerefsed
749 4867 917 4923 libere
952 4866 1124 4940 ventri
1176 4875 1230 4919 et
1248 4865 1706 4940 delectationibus

127 4938 407 4992 oculorum
424 4937 486 4993 ac
501 4940 714 4994 caeteris
729 4939 875 4992 vitiis
897 4937 1222 5000 serviebant,
1244 4937 1316 4990 ita
1336 4951 1478 4990 nunc
1494 4937 1707 5004 postha-

126 5010 243 5064 bito
267 5009 624 5063 humanarum
654 5009 738 5063 vel
768 5009 1071 5064 divinarmn
1113 5009 1287 5076 legum
1319 5008 1536 5071 timore,
1573 5021 1704 5076 con-

128 5079 352 5149 temptis
375 5079 565 5134 edictis
591 5080 983 5150 epiSCOpalibus
1020 5079 1387 5148 unusquisque
1409 5077 1556 5150 quod
1591 5075 1704 5129 vult

125 5152 271 5220 agit,
294 5153 563 5218 potentior
583 5149 787 5206 viribus
813 5150 1162 5204 inﬁrmiorem
1189 5149 1464 5220 Opprimit,
1494 5155 1548 5201 et
1577 5156 1704 5220 sunt

127 5217 380 5277 homines
406 5221 546 5276 sicut
571 5222 748 5293 pisces
777 5223 963 5284 maris,
985 5220 1094 5293 qui
1135 5220 1202 5293 ab
1230 5217 1474 5293 invicem
1503 5217 1702 5286 passim

126 5293 480 5354 devorantur,
507 5289 800 5347 ac'calcata
831 5291 1109 5360 iniquitate
1148 5289 1386 5342 abundat
1416 5303 1479 5341 ac
1509 5301 1708 5340 conva-

123 5363 290 5418 lescit
335 5363 609 5431 iniquitas.
662 5363 795 5417 Hinc
840 5374 923 5416 est
948 5361 1091 5431 quod
1121 5360 1364 5431 videmus
1401 5374 1497 5428 per
1531 5366 1703 5412 totum

124 5433 391 5489 mundum
424 5429 655 5504 rapinas
697 5429 1009 5504 pauperum,
1050 5429 1476 5504 deprtedationes
1524 5442 1706 5483 rerum

122 5500 645 5560 ecclesiasticarum.
685 5500 821 5559 Hinc
857 5514 983 5558 sunt
1019 5501 1249 5557 assidum
1297 5500 1579 5570 lacrymte,
1609 5503 1708 5570 pu-

123 5575 385 5647 pillorum
422 5575 614 5639 luctus,
651 5577 721 5630 ita
755 5583 814 5628 ut
837 5575 947 5645 jam
978 5573 1183 5647 clamor
1207 5569 1419 5647 talium,
1447 5570 1585 5647 sicut
1615 5569 1711 5622 So-

124 5641 442 5707 domorum,
497 5648 751 5701 ascendat
809 5641 873 5700 ad
931 5645 1156 5709 malum,
1199 5652 1255 5698 et
1306 5641 1400 5695 ﬁat
1440 5642 1580 5710 quod
1613 5654 1710 5709 per

125 5716 476 5775 Psalmistatn
518 5732 646 5771 \occ
696 5716 903 5772 Domini
945 5717 1182 5770 dicitur:
1221 5710 1246 5764 ἲ
1284 5712 1512 5782 Pr0pter
1545 5711 1708 5764 mise«

129 5792 274 5843 riam
301 5788 607 5855 inopum,et
635 5789 888 5856 gemitum
909 5801 1220 5856 pauperum,
1241 5800 1383 5839 nunc
1400 5796 1710 5856 exsurgatn,

103 5861 261 5917 ‘dicit
291 5854 734 5931 Dominuswial.
762 5859 861 5930 xi).
893 5854 923 5912 ί
947 5855 1134 5916 Omnis
1153 5872 1293 5930 pene
1321 5857 1474 5924 ordo,
1503 5854 1710 5911 omnis-

1809 4659 1864 4705 et
1909 4650 2168 4714 Ecclesia,
2205 4657 2314 4703 tam
2369 4650 2420 4702 in
2471 4650 2721 4719 praesenti
2775 4664 2936 4719 quam
2987 4651 3040 4703 in
3075 4649 3255 4704 futuro
3291 4651 3401 4720 ple-

1809 4730 2058 4776 ctamus:
2087 4721 2189 4774 nisi
2219 4720 2299 4774 vel
2323 4720 2482 4773 modo
2510 4722 2853 4790 resipiscam
2879 4733 2909 4774 a
2938 4721 3146 4790 laqueis
3174 4720 3396 4787 diaboli,

1809 4808 1841 4846 a
1883 4809 1989 4861 quo
2029 4794 2169 4860 capti
2205 4799 2455 4845 tenentur
2477 4792 2544 4845 ad
2575 4789 2746 4860 ipsius
2778 4789 3110 4846 voluntatem
3134 4829 3150 4856 ,
3176 4800 3232 4845 et
3265 4807 3397 4845 con-

1806 4873 2090 4917 vertantur
2117 4863 2182 4915 ad
2213 4862 2494 4915 Dominntn
2523 4863 2704 4915 vivum
2736 4870 2790 4916 et
2820 4876 3006 4916 verum
3034 4876 3131 4930 per
3161 4861 3396 4930 aliquam

1808 4933 2201 4987 correctionem
2232 4940 2305 4998 et,
2336 4942 2496 5002 prout
2515 4932 2850 5002 possibilitas
2879 4931 3084 4997 tulerit,
3107 4945 3398 5003 cengruam

1821 5005 2274 5059 emendationem.

2361 5113 2760 5172 CAPITULUM
2798 5109 2840 5170 Ι.

1881 5209 2049 5280 igitur
2070 5208 2419 5280 decrevimus
2447 5218 2505 5262 ut
2544 5209 2720 5265 cultus
2747 5218 2908 5279 atque
2939 5207 3112 5280 honor
3140 5206 3398 5280 ecclesia-

1812 5277 1932 5337 rum
1990 5279 2082 5334 Dei
2137 5281 2188 5334 in
2254 5281 2506 5335 omnibus
2571 5289 2628 5334 et
2679 5281 2747 5334 ab
2822 5277 3076 5334 omnibus
3151 5277 3401 5347 religiose

1813 5352 2229 5421 custodiatur,_
2273 5359 2329 5404 et
2384 5351 2544 5421 digna
2591 5351 2913 5421 reverentia
2948 5348 3402 5421 immunitatibus

1812 5437 2000 5478 earum
2045 5436 2110 5476 ac
2163 5419 2426 5476 ministris
2447 5417 2797 5475 'exhibeatur.
2853 5417 2958 5474 Sed
3003 5428 3057 5473 et
3103 5433 3280 5488 regem
3337 5433 3401 5474 ac

1812 5495 2086 5564 principes
2133 5491 2415 5554 condecet,
2445 5500 2505 5564 ut
2550 5491 2828 5561 privilegia
2871 5491 3193 5564 exuantiquo
3222 5488 3400 5564 eccle-_

1815 5559 1914 5620 siis
1963 5559 2060 5618 Dei
2109 5576 2368 5618 concessa
2402 5559 2658 5615 roborent
2705 5559 2763 5615 et
2808 5560 3077 5616 stabiliter
3108 5559 3401 5614 'observari

1811 5634 2060 5704 jubeant,
2093 5643 2146 5689 et
2195 5631 2674 5704 quemadmodum
2703 5631 2772 5685 ab
2822 5631 3270 5704 antecedentibus
3315 5643 3404 5684 re-

1855 5705 1974 5760 ibus
2030 5700 2328 5784 honoratae,
2368 5703 2449 5784 vel
2507 5704 2670 5784 rebus
2722 5703 3016 5784 ampliatos,
3063 5717 3165 5784 seu
3222 5700 3404 5784 ditata:

1855 5724 1974 5760 IDUS
2030 5724 2328 5766 honoratae,
2369 5724 2449 5757 Vel
2507 5724 2670 5756 Γυυυδ
2722 5724 3016 5784 ΗΙΙΙΡΙΙΡΗΒ,
3063 5724 3165 5783 θδω
3222 5724 3404 5754 υιιειιξυ

1815 5724 2058 5838 fuerunt,
2106 5776 2179 5830 ita
2209 5774 2276 5829 de
2322 5783 2518 5829 caetero
2547 5773 2648 5828 sub
2690 5787 2835 5828 omni
2885 5779 3213 5843 Integrttate,
3258 5769 3404 5824 salva

1817 5849 2088 5918 aequitatis
2122 5845 2333 5903 ratione
2354 5884 2370 5911 ,
2397 5853 2769 5915 permaneant.
2803 5844 3128 5902 Sacerdotes
3165 5855 3406 5913 quoque,
