3902 6388
31 344 156 399 Ρ’125

1207 335 1386 392 ACTA
1421 331 1710 390 CONCILII
1750 331 2176 390 TROSLEIANI.

3215 331 3320 388 7M

31 452 237 508 tantim
262 449 537 512 humatur,
577 450 672 504 sed
700 445 993 502 honorifice
1017 449 1446 508 commendetur,
1470 447 1641 502 donec
1669 453 1716 510 Α
1745 447 1858 518 rius
1887 465 1900 500 :
1933 446 2070 513 Quid
2091 447 2332 518 prodest,
2367 447 2411 503 si
2437 446 2784 518 Redemptori
2813 453 2996 503 nostro
3023 461 3122 518 per
3157 447 3320 504 ﬁdem

31 525 168 578 tino
195 536 350 576 mora
386 519 608 573 invitato
638 518 990 588 undecunque
1023 519 1388 588 pontiticeaah
1413 519 1639 588 ipso,_nt

35 595 338 656 -ontlecet,
381 589 692 644 solemniter
715 585 1042 642 tumuletur}
1070 597 1128 641 ιιι
1155 597 1210 641 et
1251 585 1456 654 injuria:
1486 586 1638 640 tolla-

32 680 140 716 ιιι·
167 661 418 722 occasio,
449 666 500 714 et
529 675 643 712 mos
671 657 925 726 antiquus
951 657 1000 710 in
1039 658 1357 726 sepeliendis
1388 657 1640 726 sacerdo-

32 734 200 788 .ibus
226 731 560 786 observetur.
603 746 620 779 ι
671 726 728 780 In
759 725 976 784 tlecreto
1003 743 1219 848 quoque
1257 725 1498 797 synodali
1535 725 1640 778 To-

33 815 234 848 ntnna
291 802 421 848 urbe
487 806 640 848 uesto
691 795 885 848 (Coac.
943 795 1016 848 Το
1041 808 1109 848 et.
1170 813 1286 848 vn.
1347 812 1466 848 can.
1522 795 1636 848 5).

33 815 235 858 ctana
291 802 421 854 urbe
487 806 640 868 gesto
691 795 885 867 (Coac.
943 795 1109 850 Tolet.
1170 795 1298 868 vn,
1347 812 1466 868 can,
1522 795 1636 860 5),

31 877 125 928 tic
179 870 380 942 legitur
427 887 440 922 :
497 867 518 919 ι
565 867 640 920 Ea
689 883 809 942 qua:
849 875 1162 942 competunt
1199 867 1466 942 honestati
1509 881 1638 942 con-

47 935 415 1012 iugit'smpe
490 937 846 1006 quorumdam
918 937 1122 1012 desidia
1201 953 1326 1012 _non
1363 935 1632 1012 _impleri.

32 1005 289 1066 .‘rﬁ’inde
315 1005 438 1078 quia
510 1005 1023 1078 notunt_est,iqu;e
1068 1007 1302 1078 dignitas
1363 1005 1414 1060 in
1489 1021 1638 1059 exsc-

39 1083 200 1152 [uiis
291 1075 572 1152 morientis
645 1075 880 1152 episcopi
913 1075 1019 1152 _’ex_
1065 1075 1360 1152 canouibus
1419 1089 1640 1152 conscr-

31 1146 234 1216 ἔθων,
273 1147 548 1204 traditioni
600 1148 765 1202 moris
815 1146 1019 1214 antiqui
1069 1149 1170 1201 hoc
1211 1155 1415 1200 tantum
1449 1146 1638 1214 adjici-

37 1238 202 1286 nus,
245 1229 304 1274 ut
336 1220 382 1273 si
417 1219 537 1288 quis
574 1217 937 1288 sacerdotum,
975 1217 1270 1288 scentulum
1302 1225 1500 1288 statuta
1539 1217 1640 1288 Va:

31 1292 250 1346 telitini
315 1286 570 1352 concilii,
617 1287 683 1340 ad
751 1287 983 1340 humana
1053 1287 1348 1342 decidentis
1401 1286 1636 1356 episcopi

31 1362 300 1416 membra
323 1359 508 1413 venire
536 1357 922 1420 commonitus,
960 1359 1109 1426 pigra
1148 1355 1444 1410 voluntate
1469 1355 1639 1410 distu-

32 1433 200 1498 Eerit,
235 1429 626 1501 appellantibus
659 1427 871 1501 clericis
922 1427 1171 1501 obeuntis
1216 1427 1452 1501 episcopi
1498 1427 1638 1495 apud

31 1498 364 1573 synodum,
419 1499 724 1573 s_ive_apud
781 1499 1251 1573 metropolitanum
1303 1498 1635 1567 episcopum,

31 1565 302 1641 tempore
329 1571 453 1624 anni
481 1565 640 1623 unius
687 1581 788 1641 nec
824 1565 1054 1641 faciendi
1084 1565 1448 1641 missamanec
1481 1565 1639 1641 _com-

31 1637 366 1696 muriicandi
401 1641 593 1694 habeat
618 1639 838 1692 omnino
869 1637 1160 1708 licentiam.
1189 1637 1498 1708 Presbyteri
1544 1653 1639 1690 au-

31 1723 186 1776 tem,
217 1711 330 1766 sive
358 1709 538 1766 caueri
569 1708 774 1772 clerici,
811 1710 1005 1778 quibus
1035 1707 1206 1776 major
1243 1707 1464 1764 honoris
1487 1707 1638 1764 locus

31 1785 198 1852 apud
225 1781 469 1852 eamdem
503 1779 788 1852 ecclesiam
817 1779 1000 1842 fuerit,
1021 1779 1184 1852 cujus
1211 1778 1466 1852 sacerdos
1489 1779 1638 1852 obie-

31 1847 143 1916 rit,
185 1853 228 1908 si
271 1850 627 1906 sollicitudine
676 1865 773 1920 pro
809 1849 1083 1918 exsequiis
1132 1857 1224 1904 aut
1253 1849 1363 1918 jam
1415 1847 1634 1920 mortui,

31 1933 148 1976 aut
196 1923 451 1977 continuo
494 1921 750 1974 antistitis
787 1920 1059 1982 morituri,
1087 1921 1152 1974 ad
1185 1919 1636 1974 commonendmn

33 1994 197 2047 tardi
229 1991 590 2054 inveniantur,
622 1999 715 2043 attt
757 2006 852 2058 per
919 2005 1296 2058 quamcunque
1336 1989 1638 2044 molestiam

35 2065 224 2118 animi
248 2063 298 2117 id
327 2061 598 2132 negligere
629 2061 1050 2132 comprobentnr
1083 2079 1095 2114 :
1124 2061 1287 2114 totius
1309 2062 1433 2114 anni
1463 2059 1638 2132 spatio

35 2133 116 2187 ad
175 2129 545 2202 pmnitetitiam
577 2131 630 2184 in
665 2129 1011 2202 monasteriis
1035 2132 1378 2202 deputentur.
1419 2149 1438 2182 ι
1497 2129 1637 2200 Ergo

35 2201 188 2259 cuni
209 2206 276 2259 de
299 2201 570 2271 exsequiis
596 2201 834 2271 episcopi
885 2201 1197 2256 decedentis
1232 2201 1352 2255 talis
1377 2202 1638 2256 habeatur

37 2283 276 2343 patrum
310 2271 643 2337 constitutio,
695 2285 799 2326 non
845 2271 912 2343 ab
951 2285 1011 2324 re
1066 2279 1244 2326 tamen
1289 2271 1553 2343 ducimus,
1585 2278 1641 2323 et

43 2341 212 2398 iiunc
259 2343 502 2398 omnibus
532 2351 716 2396 uotum
742 2342 882 2407 tieri,
924 2349 1191 2411 quatenus
1217 2341 1398 2395 nullus
1441 2343 1639 2396 audeat

43 2421 275 2468 tantum
309 2414 477 2468 scelus
523 2421 836 2482 perpetrare
868 2412 1174 2481 sacrilegii,
1219 2421 1272 2466 et
1318 2413 1460 2480 quod
1489 2411 1640 2482 nefas

41 2491 142 2538 est
173 2523 188 2548 ,
245 2483 493 2555 legesque
525 2481 823 2551 prohibent
864 2483 1022 2536 alicui
1069 2481 1638 2555 speetaliter_homini

45 2555 220 2624 ﬁeri,
268 2553 368 2608 hoc
397 2553 556 2608 nemo
599 2561 890 2624 praesumat
934 2563 1135 2608 sancta:
1180 2555 1336 2608 matri
1386 2553 1641 2608 Ecclesiae

43 2623 168 2678 ullo
200 2625 359 2678 modo
395 2623 697 2694 facere.'Et
720 2623 976 2692 quoniam
1001 2624 1054 2676 in
1087 2624 1406 2693 quibusdam
1446 2639 1641 2694 oppor-

53 2694 267 2748 tunitas
288 2694 527 2750 locorum
556 2710 615 2749 se
644 2693 818 2760 ofh-rt,
835 2704 890 2747 ut
909 2694 976 2748 ad
1002 2695 1228 2760 obitum,
1251 2694 1332 2750 vel
1360 2693 1642 2763 exsequias

51 2764 294 2835 alicujus
339 2781 404 2820 ex
452 2766 624 2830 nobis,
652 2765 758 2818 duo
795 2764 881 2836 vel
931 2773 1042 2836 tres
1070 2765 1306 2836 episcopi
1352 2765 1642 2820 c0nvenire.

49 2837 296 2902 possint.
330 2845 385 2889 et
405 2845 600 2890 vestra:
644 2835 861 2890 amabili
893 2837 944 2889 in
977 2835 1192 2890 Christo
1218 2835 1539 2890 fraternitati
1565 2836 1641 2889 ita

53 2904 325 2973 placitura
354 2919 476 2960 esse
515 2907 850 2975 dignoscitur
882 2924 895 2960 :
925 2907 1076 2960 decet
1111 2915 1167 2960 ut
1191 2915 1376 2960 sancta
1402 2907 1642 2961 charitas

53 2991 120 3029 se
168 2975 422 3046 ostendat
450 2975 502 3028 in
531 2985 868 3031 mortuorum
907 2975 1206 3042 funeribus,
1233 2991 1352 3046 quae
1399 2979 1449 3030 in
1493 2979 1642 3031 vivo-

53 3061 182 3099 rum
219 3045 469 3116 ﬂagravit
503 3046 834 3116 pectoribus.
869 3047 1010 3100 Sane
1039 3047 1164 3116 quia
1213 3045 1445 3101 innotuit
1487 3048 1641 3102 nobis

55 3125 256 3188 saneta
305 3115 474 3188 Sedes
510 3115 806 3188 apostolica
831 3157 879 3188 ,ί
898 3115 1073 3170 adhuc
1121 3133 1336 3188 errores
1383 3119 1634 3188 blasphe-

59 3168 1036 3256 ;.*.asq*..ea.ji.'saa.ivitaverunt
1057 3168 1113 3240 in
1127 3168 1638 3256 sedamissis
1667 3168 1712 3230 C

57 3257 116 3310 in
151 3255 412 3326 Spiritum
434 3255 872 3328 sanctum,”quod
900 3272 1004 3311 non
1035 3273 1065 3311 a
1107 3255 1263 3322 Filio,
1293 3259 1394 3313 nisi
1422 3273 1452 3312 a
1482 3259 1640 3314 Patre

60 3327 558 3398 tantttmprocedat
587 3327 1032 3398 blasphemautis,
1089 3328 1374 3382 hortamur
1407 3339 1643 3383 vestram

57 3397 464 3450 fraternitatem
515 3413 622 3450 una
665 3397 875 3452 mecum
904 3438 918 3461 ,
971 3400 1353 3452 utsecnudnm
1405 3400 1648 3452 admoni-

61 3467 272 3520 tionem
323 3467 532 3538 Domini
591 3466 845 3522 Romante
893 3467 1092 3532 Sedis,
1142 3469 1335 3538 singuli
1378 3479 1642 3533 nostrum,

59 3537 366 3607 perspectis
409 3539 627 3592 Patrum
678 3538 1066 3592 catholicorum
1095 3537 1408 3602 sententiis,
1461 3539 1526 3592 de
1569 3541 1647 3592 di-

61 3609 210 3660 vina:
240 3607 532 3676 Scriptum
583 3608 853 3678 pharetris
882 3617 1068 3663 acutas
1111 3607 1447 3676 proferamus
1487 3609 1648 3678 sagit-

65 3689 157 3731 tas
190 3678 444 3747 potentis,
477 3680 546 3734 ad
586 3677 1002 3733 confodiendum
1033 3679 1259 3733 belluam
1295 3681 1519 3733 monstri
1555 3677 1652 3734 irc-

63 3748 372 3829 nascentis,
397 3757 453 3804 et
473 3749 539 3804 ad
571 3749 954 3804 conterettdum
993 3759 1154 3819 caput
1193 3749 1506 3820 nequissimi
1537 3765 1649 3804 ser-

65 3829 274 3889 pentis.
307 3885 312 3890 _

576 3905 972 3992 CAPITULUM
1039 3934 1155 3989 xv.

147 4027 247 4083 liis
287 4029 356 4082 ita
403 4029 695 4098 praelibatis
737 4043 880 4082 nunc
915 4043 1106 4082 omnes
1157 4027 1480 4097 generaliter
1516 4028 1652 4084 allo-

69 4115 332 4170 quamur,
359 4097 447 4170 qui
469 4099 612 4166 juste
640 4109 694 4170 et
724 4100 808 4168 pie
849 4097 1034 4170 volunt
1084 4098 1264 4153 vivere
1315 4099 1366 4152 in
1415 4114 1656 4154 commu-

73 4169 244 4224 nione
291 4169 490 4224 sancta.-
532 4169 782 4224 Ecclesia:
833 4169 1149 4230 catholicae,
1205 4185 1322 4236 qua:
1356 4179 1439 4224 est
1489 4185 1654 4224 unum

71 4255 276 4308 corpus
307 4241 549 4304 Christi,
601 4241 686 4294 cui
721 4255 858 4293 unus
901 4247 984 4292 est
1034 4238 1314 4308 Dominus,
1355 4255 1458 4292 una
1500 4239 1654 4304 fides,

75 4307 247 4364 unum
298 4311 582 4380 baptisma.
620 4311 746 4376 Quae
784 4325 904 4363 cmn
951 4307 1274 4380 generaliter
1315 4313 1383 4362 ab
1415 4311 1530 4380 ipso
1560 4326 1658 4380 suo

72 4385 260 4450 capite
283 4379 499 4452 Chi-isto
531 4397 692 4450 super
721 4390 950 4452 petram,
997 4379 1046 4433 id
1074 4387 1187 4452 est,
1243 4395 1406 4448 super
1436 4379 1658 4435 confes-

76 4449 293 4504 sionem
323 4450 467 4504 Petri
498 4453 568 4504 sit
596 4449 862 4506 tedilicata
909 4466 921 4501 :
954 4449 1296 4503 manifestum
1344 4459 1519 4506 tamen
1551 4461 1656 4516 est,

1667 1811 1714 1870 B

1735 516 2053 588 jungamur,
2085 515 2128 571 si
2171 519 2237 570 ab
2277 533 2343 572 eo
2396 515 2657 572 moribus'
2687 515 3096 588 disiungantur?
3137 515 3330 586 Itaque

1739 587 1830 640 ille
1860 602 1986 640 vere
2013 588 2205 650 credit,
2242 588 2332 654 qui
2359 595 2578 642 exercet
2606 603 2768 656 opere
2803 587 2942 658 quod
2972 591 3160 644 credit.
3205 590 3320 644 hla-

1739 669 1977 726 gnopere
2018 658 2368 726 satagendum
2411 666 2516 718 est.
2550 667 2605 710 ιιι
2645 659 2732 726 qui
2765 659 2948 712 fideles
2987 674 3106 714 esse
3135 660 3324 715 dicun-

1743 725 1920 788 [ιιι-,⁷δί
1993 743 2114 780 cum
2145 725 2304 802 ilideli
2352 727 2625 802 Abraham
2668 725 2916 802 benedici
2953 731 3199 802 cupiunt,
3232 734 3321 802 qui

1739 811 1844 848 non
1884 805 2088 850 tantum
2115 813 2178 850 ex
2221 799 2342 862 title,
2380 797 2470 850 sed
2516 813 2580 850 ex
2609 797 2860 864 operibus
2893 797 3179 867 justiticari
3213 797 3326 854 nie-

1741 867 1870 926 ruit,
1899 867 2052 920 beate
2081 867 2262 920 vivere
2305 868 2572 921 studeant.
2601 867 2689 920 Ille
2718 869 2884 932 enim,
2913 879 2968 922 nt
3000 880 3214 926 sanctus
3250 875 3328 926 ait

1739 934 2122 1006 Hieronymus,
2151 937 2339 990 beatus
2365 947 2448 990 est
2483 938 2571 1004 qui
2620 947 2674 991 et
2704 949 2848 992 recte
2890 939 3159 995 credendo
3191 941 3328 996 bene

1737 1006 1890 1068 vivit,
1931 1015 1986 1060 et
2028 1007 2161 1062 bene
2193 1005 2418 1060 vivendo
2463 1007 2620 1060 tidem
2669 1018 2870 1062 rectam
2918 1012 3168 1065 custodit.
3218 1011 3322 1068 Sed

1739 1075 1866 1139 heu,
1883 1077 2017 1143 proh
2046 1076 2222 1148 dolor!
2249 1077 2446 1148 nostris
2469 1086 2886 1148 nostrorumque
2919 1082 3292 1136 comminiSIro
3313 1115 3328 1126 ο
3351 1076 3354 1082 ’

1740 1160 1882 1210 rmn,
1913 1155 1968 1200 et
1995 1147 2084 1216 qui
2112 1146 2228 1223 _jam
2261 1147 2647 1223 discesserunt,
2686 1157 2748 1223 _et
2797 1146 2887 1223 qui
2927 1151 3102 1205 adhuc
3131 1169 3325 1223 super-

1738 1226 1903 1290 sun_t_,
1955 1227 2062 1270 tam
2111 1216 2316 1290 incuria
2357 1231 2521 1290 quam
2549 1216 2885 1290 inscientia,
2940 1223 3130 1290 perditi
3181 1216 3326 1278 vitiis

1740 1285 1914 1356 multi,
1947 1295 2016 1356 ct
2043 1302 2176 1356 pene
2223 1286 2642 1356 innumerabiles
2678 1289 2854 1344 adhuc
2885 1285 3232 1347 inveniuntur
3269 1297 3322 1350 itt

1737 1354 1892 1423 plebe
1911 1354 2298 1432 cccldsiastica,
2315 1355 2680 1432 cujuscunque
2703 1373 2866 1412 sexus
2895 1371 2951 1414 et
2975 1363 3152 1416 {etatis
3178 1367 3324 1432 pari-

1741 1435 1820 1480 ter
1833 1435 1886 1500 e_t
1903 1427 2246 1500 Conditinnis.
2269 1427 2361 1496 qui
2383 1428 2448 1480 ad
2473 1443 2642 1496 usque
2659 1444 2753 1482 sua
2776 1439 3016 1500 tempora
3033 1427 3328 1490 senectutis

1739 1496 1987 1566 necdum,
2011 1504 2069 1549 ut
2095 1497 2410 1562 debuerant,
2444 1513 2732 1566 pet-cepere
2765 1496 2900 1554 fidei
2920 1502 3165 1556 notitiam
3194 1507 3328 1560 sitn-

1737 1563 1913 1640 plie'is,
1945 1580 2130 1640 usque
2150 1568 2282 1622 adeo
2314 1563 2498 1640 utnec
2529 1563 2694 1635 ipsius
2718 1571 2948 1640 symboli
2977 1573 3137 1627 verba
3178 1577 3326 1630 salu-

1741 1636 1896 1700 laris,
1929 1651 2026 1690 nec
2054 1636 2244 1691 saltem
2271 1638 2718 1707 supplicationem
2747 1636 3050 1696 'Dominiete
3080 1647 3329 1702 noverint

1736 1707 2016 1779 orationis.
2069 1707 2132 1760 l-li
2176 1722 2304 1762 vero
2335 1708 2490 1768 tales,
2529 1710 2630 1762 etsi
2685 1708 2886 1779 aliquid
2915 1714 3196 1768 vidcantur
3229 1717 3326 1770 ha-

1741 1775 1869 1848 bere
1901 1777 2052 1830 benae
2086 1779 2532 1848 conversationis,
2563 1775 2831 1848 quomodo
2879 1783 2996 1836 sine
3043 1783 3163 1838 fidei
3215 1786 3332 1841 fitti-

1741 1845 2007 1920 damcuto
2038 1847 2322 1903 :editicium
2365 1845 2684 1904 construent
2727 1850 2851 1904 boni
2897 1853 3109 1920 operis?
3154 1855 3219 1908 Et
3261 1857 3328 1912 ad

1741 1916 1856 1992 haec
1884 1917 2010 1986 quid
2055 1920 2418 1974 exeusationis
2459 1920 2793 1992 pta-tendere
2841 1916 3146 1992 pos-sumus,
3202 1927 3327 1980 dum

1744 1985 1876 2042 tales
1903 1985 1932 2040 a
1961 2002 2186 2063 corpore
2224 1985 2484 2063 exeuntes
2523 1989 2732 2063 nonad
2783 1985 2962 2056 ιὶἱειιιι,
3009 1985 3168 2063 quam
3224 2014 3330 2052 non

1741 2066 2037 2136 noverunt,_
2061 2060 2167 2136 sed
2193 2061 2258 2136 ad
2293 2061 2833 2136 mortem_rapiuntttr
2857 2060 3136 2136 :eternam,
3165 2082 3328 2136 quam

1739 2128 1970 2200 evadere
1997 2129 2112 2182 sine
2139 2127 2262 2194 lidc,
2283 2145 2358 2200 ex
2385 2147 2486 2200 qua
2521 2127 2700 2198 justus
2734 2133 2914 2188 vivere
2942 2127 3198 2200 creditur;
3233 2137 3331 2190 mi-

1741 2198 1886 2251 nime
1921 2199 2246 2276 potuerunt?
2282 2199 2389 2255 Nos
2405 2198 2566 2270 ergo,
2595 2212 2650 2254 ιιι
2674 2203 2869 2276 beatus
2892 2204 2974 2276 ait
3013 2198 3325 2276 Gregorius.

1741 2279 2000 2337 pereunte
2023 2269 2218 2339 popqu
2247 2269 2500 2326 auctorei
2526 2273 2716 2326 mortis
2745 2273 3047 2338 existimas,
3083 2269 3202 2330 etim
3231 2280 3328 2330 du-

1742 2353 1832 2392 ces
1859 2353 1978 2416 esse
2006 2339 2070 2416 ad
2101 2339 2262 2392 vitam
2295 2339 2590 2395 debuimus.
2625 2342 2698 2416 Ex
2731 2353 2915 2416 nostro
2937 2347 3077 2400 enim
3109 2358 3330 2416 peccato

1741 2407 1918 2481 populi
1949 2410 2109 2481 turba
2141 2420 2405 2478 prostrata
2438 2421 2535 2474 est,
2567 2411 2692 2481 quia
2733 2411 2968 2468 faciente
3007 2407 3188 2470 nosira
3231 2435 3328 2472 ne-

1741 2479 1996 2550 gligetttia
2023 2481 2088 2533 ad
2113 2481 2275 2534 vitam
2303 2483 2510 2536 erudita
2545 2479 2651 2536 non
2682 2492 2780 2538 est.
2819 2481 2987 2550 Quam
3036 2487 3330 2542 terribilem

1743 2549 1928 2612 nimis,
1969 2549 2445 2622 imminentemque
2478 2553 2634 2608 nobis
2665 2563 2720 2607 et
2747 2549 2875 2622 ipsis
2905 2555 3325 2622 damnationem,

1741 2627 1798 2673 et
1847 2633 1944 2692 per
1986 2635 2102 2692 nos,
2147 2630 2200 2674 et
2243 2635 2341 2690 per
2383 2623 2604 2678 secundi
2649 2625 2852 2679 ordinis
2891 2629 3326 2692 consacerdotes,

1741 2690 2068 2760 ntitnimodis
2122 2693 2354 2746 evadere
2417 2707 2696 2760 conemur,
2749 2695 3056 2752 erudientes
3115 2690 3332 2754 assidue

1743 2759 2062 2837 commissos
2081 2761 2257 2837 nobis,
2288 2771 2340 2815 et
2367 2761 2489 2837 tidei
2521 2759 2719 2837 verbis,
2745 2772 2798 2818 et
2819 2765 3080 2820 bonormn
3103 2783 3328 2837 Operum

1743 2830 2040 2908 citemplis:
2075 2839 2132 2908 ut
2166 2832 2228 2908 _in
2275 2833 2525 2887 omnibus
2571 2834 2920 2908 exhibeamns
2973 2830 3331 2908 nosmetipsos

1743 2901 1880 2955 sicut
1917 2901 2005 2954 Dei
2049 2902 2353 2974 ministros,
2374 2913 2578 2974 utnon
2612 2905 2946 2974 vituperetur
2973 2901 3328 2964 ministerium

1743 2979 2008 3034 nostrum,
2035 2987 2103 3049 nc
2130 2973 2195 3049 de
2234 2973 2406 3049 nobis_
2426 2973 2675 3049 dicatur:
2709 2973 2742 3049 ί
2760 2975 3079 3032 Sacerdotes
3110 2979 3328 3049 ignora-

1742 3049 1936 3094 vcruut
1975 3042 2276 3095 scientiam.
2319 3063 2336 3093 ι
2367 3043 2432 3098 Ει
2461 3045 2588 3098 item
2614 3063 2626 3098 :
2657 3065 2674 3096 ι
2709 3045 3028 3102 Sacerdotes
3057 3042 3160 3104 non
3188 3042 3334 3104 dixe-

1745 3122 1890 3187 runt,
1911 3111 2008 3187 _ubi
2035 3122 2117 3166 est
2151 3113 2428 3187 Dominus,
2465 3124 2528 3187 et
2550 3125 2793 3170 tenentes
2823 3117 2990 3187 legem
3025 3119 3336 3174 nescierunt.

1746 3197 1831 3236 me
1869 3181 2086 3255 (larem.
2118 3182 2198 3252 ιι).
2234 3203 2251 3234 ι
2281 3184 2435 3240 Etue
2477 3185 2620 3238 illam
2663 3181 2998 3242 incurraimts
3040 3187 3324 3255 offensam,

1747 3269 1904 3330 quam
1939 3251 2068 3330 Heli.
2098 3251 2350 3330 streerdos
2388 3255 3045 3330 incurrissedignoscitur
3087 3277 3152 3314 eo
3190 3251 3334 3330 quod

1748 3323 1886 3402 tilios
1911 3338 2036 3376 suos
2059 3323 2273 3394 indigne
2294 3335 2516 3396 agentes
2535 3341 2640 3381 non
2663 3323 2822 3398 digtic
2847 3331 3108 3399 corripuit
3131 3333 3176 3401 (l
3203 3323 3332 3402 Reg.

1749 3409 1844 3447 IV).

1807 3399 2155 3538 iCeneraliter
2183 3467 2451 3538 munibus.
2485 3469 2622 3538 Ergo
2643 3467 2818 3536 primo
2845 3469 3084 3538 omnium
3108 3469 3336 3524 collocet

1751 3533 1852 3588 sibi
1884 3535 2250 3605 unusquisque
2279 3533 2760 3607 Christianity—qui
2804 3537 2963 3592 aliter
2996 3538 3337 3594 Christianus

1751 3607 2000 3676 veredici
2023 3616 2219 3676 etesse
2243 3623 2345 3660 non
2369 3617 2565 3676 potest,
2586 3605 2990 3662 fundamentum
3019 3607 3339 3662 Christiana:
3375 3613 3388 3629 '

1752 3674 2046 3746 religionis,
2074 3675 2122 3729 id
2153 3687 2236 3730 est
2275 3674 2432 3730 fidem
2470 3677 2814 3743 catholicam,
2848 3686 2900 3730 ut
2927 3679 3113 3734 credat
3142 3679 3194 3732 in
3236 3677 3341 3732 Pa-

1755 3745 1890 3816 trem
1913 3755 1966 3800 et
1993 3745 2183 3802 Filium
2209 3755 2263 3800 et
2290 3746 2552 3816 Spiritum
2579 3757 2846 3814 sanctum,
2875 3765 3038 3803 unutn
3069 3759 3122 3802 et
3149 3763 3335 3804 verum

1753 3815 1946 3892 licunt,
1970 3817 2168 3892 trinum
2201 3817 2252 3871 in
2285 3815 2550 3892 personis,
2577 3835 2739 3873 unum
2769 3819 2820 3874 in
2847 3820 3163 3892 salistantia.
3208 3819 3342 3892 Cre-

1755 3889 1848 3941 dat
1879 3887 2244 3953 nihilominus,
2276 3889 2416 3956 quod
2447 3893 2558 3945 sola
2604 3904 2834 3960 persona
2862 3887 2988 3944 Filii"
3029 3905 3124 3958 pro
3166 3889 3342 3942 salute

1756 3966 2200 4030 nostra_carnc_m
2246 3961 2558 4030 assumpsit,
2595 3963 2644 4014 in
2681 3975 2780 4030 qua
2825 3975 3016 4029 passus
3043 3968 3144 4024 est,
3175 3969 3229 4013 et
3261 3975 3342 4030 re:

1757 4027 2014 4098 surrexit,
2054 4035 2108 4079 ct
2145 4028 2196 4079 iu
2233 4027 2398 4082 caelos
2435 4027 2711 4094 ascendit,
2753 4027 2876 4082 cum
2914 4045 3017 4098 qua
3061 4031 3224 4082 etiam
3273 4027 3342 4080 ad

1751 4097 2013 4166 judicium
2056 4107 2314 4170 venturus
2351 4107 2453 4154 est.
2489 4100 2684 4154 Credat
2729 4107 2784 4153 et
2825 4101 2878 4152 in
2927 4099 3183 4170 Spiritum
3213 4115 3342 4170 san-

1758 4179 1924 4232 ctum,
1955 4177 2010 4220 et
2037 4168 2176 4239 quod
2209 4168 2260 4221 in
2295 4169 2614 4238 baptismate
2646 4186 2740 4239 per
2777 4185 2898 4222 cum
2925 4169 3193 4222 tribuatur
3221 4168 3342 4222 oin-

1759 4241 1906 4308 nium
1957 4237 2586 4308 remissiopeccatorum
2615 4237 2713 4293 :‘et
2760 4239 2899 4308 quod
2947 4239 3063 4308 ejus
3101 4239 3242 4293 dono
3287 4241 3342 4296 in

1760 4307 1999 4362 Ecclesia
2035 4307 2232 4362 Christi
2266 4323 2362 4375 per
2393 4307 2849 4376 pmnitcntiam’et
2879 4307 2982 4376 per
3007 4310 3342 4366 sacerdotale

1761 4378 2135 4448 ministerium,
2169 4379 2540 4432 incunctanter
2577 4391 2916 4448 peccatorum
2971 4379 3128 4434 detur
3175 4379 3347 4448 indul-

1766 4449 1966 4520 gentia.
1993 4446 2192 4520 Crcdat
2216 4464 2428 4520 quoque
2469 4445 2736 4504 veraciter
2765 4449 2816 4503 in
2851 4464 2974 4504 vera
3008 4465 3170 4504 carne
3199 4445 3345 4506 futué

77 4525 136 4575 in
166 4537 377 4576 onmem
409 4521 615 4576 Italiam
643 4563 658 4587 ,
704 4521 905 4576 Gallias
953 4529 1007 4573 et
1061 4519 1370 4590 Hispaniam
1391 4560 1405 4586 ,
1462 4521 1662 4574 nullum
1694 4521 1742 4579 D
1770 4517 1885 4574 ram
1911 4517 1964 4590 in
1988 4519 2224 4590 adventu
2244 4517 2442 4572 Christi
2473 4521 2920 4574 resurrectionem
2947 4520 3206 4576 omnium.
3235 4520 3350 4578 Hoc

79 4592 382 4646 instituisse
413 4593 690 4658 ecclesias,
741 4592 841 4646 nisi
875 4605 968 4646 eos
1015 4605 1150 4659 quos
1199 4591 1525 4646 venerabilis
1557 4591 1656 4646 Pe-

81 4673 224 4726 trus,
253 4673 344 4716 aut
371 4661 487 4732 ejus
518 4677 865 4718 successores
891 4662 1290 4732 constituerunt
1317 4663 1653 4716 sacerdotes.

79 4733 154 4788 Et
194 4731 444 4802 quoniam
503 4732 740 4788 Ecclesia
789 4733 841 4786 in
883 4731 1080 4786 nostris
1125 4747 1340 4801 quoque
1385 4733 1654 4801 partibus,

81 4812 144 4855 ιιι
180 4803 375 4858 dictum
408 4811 523 4866 est,
571 4818 732 4872 super
785 4803 924 4856 hanc
965 4811 1130 4870 petra:
1174 4803 1499 4857 soliditatem
1551 4819 1658 4856 non

83 4881 296 4927 tantum
323 4874 564 4939 fundata,
592 4874 684 4927 sed
717 4873 781 4927 ab
809 4887 872 4926 eo
899 4874 1120 4941 ejusque
1150 4884 1232 4926 est
1257 4873 1660 4929 successoribus

85 4944 253 4997 etiam
303 4945 530 5008 edocta,
566 4958 687 4998 cum
737 4943 830 4996 Dei
890 4943 1082 5011 gratia,
1113 4943 1278 5010 ipsius
1325 4943 1464 4997 beati
1514 4941 1659 4996 Petri

85 5011 502 5084 snﬂ‘ragantibus
527 5013 758 5078 meritis,
789 5011 1093 5066 firmitatem
1126 5013 1268 5077 fidei,
1301 5029 1460 5082 quant
1487 5015 1660 5082 primo

91 5087 366 5155 percepit,
415 5087 676 5139 hactenus
725 5085 1098 5155 inconcussam
1150 5099 1368 5155 servare
1415 5085 1660 5155 studuit,

91 5153 346 5223 bullaque
384 5156 710 5222 perfidorum
735 5154 1010 5208 consortia
1036 5153 1257 5223 recepit.
1289 5154 1356 5208 At
1377 5169 1506 5208 vero
1533 5153 1658 5222 quia

93 5227 248 5280 multi
297 5224 397 5278 title
453 5233 658 5278 tantum
711 5224 1002 5280 Christiani
1051 5234 1209 5287 sunt,
1268 5239 1430 5292 opere
1477 5239 1663 5278 veroa

97 5296 401 5350 Christiana
450 5296 696 5351 doctrina
743 5293 1095 5356 dissentiunt,
1139 5302 1195 5348 et
1236 5302 1525 5347 attestantc
1577 5293 1668 5348 Ja-

98 5369 234 5420 cobo
263 5366 503 5435 apostolo
534 5365 819 5420 didicimus
853 5363 1012 5419 ﬁdem
1053 5363 1358 5435 nonsolum
1399 5363 1666 5435 otiosam,

99 5438 194 5491 sed
220 5433 380 5490 etiam
411 5449 530 5492 esse
567 5445 834 5490 mortuam
873 5435 990 5489 sine
1025 5433 1306 5502 operibus;
1359 5434 1436 5488 ait
1483 5435 1667 5487 enim:

108 5523 128 5557 ι
165 5505 300 5573 Quid
334 5507 598 5577 proderit,
621 5506 816 5561 fratres
859 5507 982 5577 mei,
1029 5505 1074 5577 si
1105 5503 1262 5577 tidem
1298 5504 1428 5577 quis
1446 5504 1592 5558 dicat
1614 5519 1674 5577 se

105 5573 538 5645 liaherefopera
573 5587 750 5631 autem
795 5591 900 5630 non
955 5575 1150 5630 habet?
1190 5575 1431 5642 nunquid
1479 5573 1678 5643 poterit

105 5648 237 5702 ﬁdes
261 5647 468 5702 salvare
493 5646 806 5717 eum?(.Iac.
833 5645 915 5715 ιι.)
937 5665 954 5695 ι
977 5645 1042 5698 Et
1059 5645 1253 5717 beatus
1283 5645 1640 5717 Hieronymus
1663 5659 1680 5694 -.

105 5718 244 5786 Quid
288 5717 551 5788 proderit,
580 5717 622 5770 si
656 5713 1010 5788 iinpie_at,'ens
1059 5713 1224 5769 Deum
1258 5729 1388 5769 voce
1435 5713 1680 5788 invocas,

105 5783 265 5861 quem
288 5783 568 5859 'operibus
592 5783 791 5856 negas?
817 5785 1048 5838 Sanctus
1076 5801 1288 5856 quoque
1317 5799 1452 5856 papa
1482 5783 1683 5855 Grego-

427 5883 694 5940 ΡΑτιιοι..
727 5877 1043 5940 CXXXII.

1759 4605 1902 4648 verte
1931 4588 2050 4640 fidei
2083 4587 2488 4644 fundamentum
2515 4591 2670 4644 bonis
2701 4605 2924 4645 necesse
2953 4600 3034 4645 est
3051 4603 3348 4646 exornetur

1760 4659 2013 4732 operibus
2040 4675 2052 4710 :
2077 4658 2201 4732 quia
2229 4659 2511 4732 sicutﬂsine
2535 4661 2637 4714 tide
2663 4661 2990 4732 impossibile
3021 4671 3105 4716 est
3129 4661 3348 4730 placere

1763 4728 1896 4794 D'eo,
1923 4729 1996 4782 ita
2021 4736 2075 4781 ct
2105 4729 2235 4782 tides
2265 4728 2501 4798 perfecta
2527 4745 2644 4785 esse
2673 4728 2779 4786 non
2809 4731 2970 4796 valet,
3014 4733 3115 4786 nisi
3131 4728 3242 4800 _per
3269 4733 3352 4788 di-

1762 4801 2048 4860 lectionem
2099 4810 2386 4870 opcretur:
2429 4799 2647 4870 insuper
2681 4803 2724 4856 si
2773 4816 2878 4856 non
2921 4803 3120 4870 habeat
3147 4799 3348 4869 ’opera,

1765 4879 1978 4928 mortua
2031 4876 2115 4922 est
2167 4869 2220 4920 in
2273 4868 2581 4940 semetipsa.
2633 4871 2939 4926 Exornetur
2987 4868 3115 4940 ergo
3161 4868 3350 4925 sancta

1768 4945 1920 5004 tides,
1949 4947 2006 4992 ut
2034 4952 2160 5010 vera
2187 4946 2242 4991 et
2268 4938 2542 5010 fructuosa
2585 4941 2674 5006 sit,
2706 4956 2818 5010 spe,
2852 4938 3136 5010 charita‘te,
3167 4940 3350 5010 humi-

1767 5014 1938 5076 litate,
1961 5008 2230 5076 castitate,
2253 5009 2605 5076 continentia,
2635 5008 2948 5074 sobrictate,
2971 5009 3351 5074 unanimitate,

1768 5075 2074 5142 concerdia,
2095 5075 2325 5144 justitia,
2360 5079 2752 5144 misericordia,
2785 5080 3112 5144 innocentia,
3145 5088 3199 5134 et
3229 5079 3355 5134 sim-

1768 5153 2113 5223 plicitate,_et
2150 5148 2361 5204 caeteris
2390 5149 2476 5204 his
2503 5151 2783 5223 _similibus
2812 5163 2932 5220 quia
2977 5149 3029 5203 in
3069 5148 3355 5223 dilectione

1773 5217 1868 5280 Dei
1899 5217 2224 5283 consistunt,
2272 5231 2328 5274 et
2363 5220 2614 5290 proximi.
2657 5217 2846 5276 Videat
2887 5221 3254 5290 unusquisque
3283 5231 3354 5273 ne

1773 5293 1890 5361 ejus
1941 5291 2214 5361 decorem
2245 5287 2470 5346 diversis
2512 5292 2869 5361 commaculet
2911 5287 3182 5359 flagitiis.’
3209 5287 3357 5342 Inter

1777 5359 2169 5432 t’jllmililaxillle
2205 5359 2317 5414 haec
2355 5359 2589 5432 cavenda
2645 5361 3003 5432 pervidemus,
3053 5368 3109 5414 et
3150 5365 3355 5432 quanto

1775 5428 2092 5500 occultiora,
2110 5439 2258 5500 tanto
2282 5428 2667 5499 periculosiora
2689 5445 2807 5486 esse
2833 5445 2932 5500 pro
2960 5439 3110 5500 certo
3131 5428 3355 5500 scimus.

1779 5499 2099 5573 Superbiam
2129 5498 2353 5573 scilicet,
2385 5515 2504 5573 quae
2539 5509 2594 5554 et
2635 5498 2932 5573 denang'ele
2979 5498 3361 5573 diabolumfa-

1781 5569 1926 5636 cere,
1961 5579 2016 5624 et
2052 5570 2118 5624 de
2158 5569 2294 5640 coelo
2323 5569 2471 5640 novit.
2511 5569 2868 5640 prmcipitare.
2899 5569 3156 5640 Invidiam
3185 5584 3217 5623 a
3240 5569 3359 5623 dia-

1783 5643 1905 5698 bolo
1929 5642 2200 5695 inventam
2227 5639 2292 5710 ad
2316 5639 2764 5710 dejiciendum'de
2787 5639 3358 5710 paradiso’hominem,

1789 5723 1844 5769 et
1889 5712 1954 5766 ad
1997 5717 2224 5764 mortem
2277 5709 2331 5762 in
2368 5707 2554 5765 orbem
2604 5707 2870 5766 terrarum
2899 5707 3359 5765 introducendam.

1792 5781 1986 5842 Odium
2011 5790 2064 5836 et
2084 5777 2428 5848 discordiam,
2455 5781 2830 5852 prtedictorum
2853 5781 3136 5836 criminum
3165 5791 3363 5848 sequa-

2930 5873 3034 5932 23'
