3902 6406
580 365 684 425 719
1273 367 1568 424 RADBODI
1607 365 1939 424 DOLENSIS
1975 365 2196 424 EPIST.
2235 367 2330 424 AD
2362 367 2835 428 ADELSTANUM
2876 367 3133 428 REGEM.
3675 384 3740 442 no

1323 479 1416 535 IV.
2198 482 2252 544 Α
3019 477 3124 534 1Χ.’

646 573 781 629 Item
808 586 1036 628 carnem
1073 572 1388 627 monialium
1425 587 1615 629 omnes
1643 573 2013 639 deStruantur,
2061 573 2169 628 nisi
2345 572 2669 630 Moneantur
2690 573 2855 630 etiam
2913 573 3162 629 canonici
3213 582 3267 630 et
3303 575 3473 631 clerici
3523 583 3738 654 mulam,

576 665 757 736 aliqua
788 679 907 734 quae
937 664 990 719 in
1024 665 1369 734 susceptione
1397 666 1638 736 episcopi
1680 667 1990 722 necessario
2033 667 2169 720 rcti-
2269 666 2414 737 quod
2441 666 2578 738 ipsi,
2609 666 2662 720 in
2699 665 2886 720 habitu
2912 680 3012 721 suo
3045 673 3100 720 et
3147 664 3286 729 aliis,
3342 679 3574 738 praecepta
3615 676 3741 733 tradita

576 765 792 823 neatur,
819 756 906 812 vel
929 757 996 811 ad
1022 757 1383 814 inﬁrmat-iam
1435 759 1763 826 faciendam,
1802 759 1889 816 vel
1939 758 2047 814 alia
2108 760 2172 813 de
2270 759 2322 814 in
2371 759 2613 831 generali
2654 759 2886 816 concilio
2937 759 3170 816 fideliter
3219 769 3274 817 et
3314 763 3590 822 obedienter
3623 771 3740 828 obser-

578 864 764 914 causa,
794 863 913 920 quae
941 848 1196 921 episcopo
1214 849 1364 918 justa
1385 860 1441 907 et
1478 853 1785 909 necessaria
1806 853 2076 910 videatur.
2270 861 2419 908 vent.

1343 963 1409 1019 V.
3033 938 3102 994 X.

2345 1033 2665 1100 Statuimus,
2696 1032 2986 1088 utinlocis
3029 1035 3145 1088 sive
3184 1033 3510 1103 prioratibns,
3557 1037 3626 1093 ubi
3665 1057 3741 1097 eoa-

2269 1127 2543 1182 ventualis
2567 1125 2913 1197 congregatio
2941 1124 3080 1180 solet
3105 1140 3244 1190 esse,
3296 1125 3340 1179 si
3387 1124 3622 1182 facultates
3655 1133 3739 1188 illius

2271 1215 2512 1272 ecclesiae
2555 1222 2864 1285 suppetant,
2906 1224 3206 1270 conventus
3253 1214 3445 1269 ibidem
3489 1227 3738 1275 restaurata.

3027 1306 3118 1361 XI.

2343 1398 2477 1454 Item
2507 1398 2650 1470 quod
2683 1399 2738 1452 in
2791 1398 3040 1454 domibus
3089 1399 3204 1454 sive
3253 1396 3416 1464 locis,
3470 1399 3547 1454 ubi
3582 1401 3741 1458 solebant

2271 1505 2395 1547 esse
2430 1491 2724 1559 prioratus,
2754 1491 2798 1544 si
2823 1490 3108 1545 facultates
3130 1489 3372 1546 locorum
3398 1489 3635 1556 sullicient,
3672 1509 3738 1548 me

645 1073 780 1131 Item
801 1075 946 1146 quod
971 1075 1234 1132 moniales
1254 1075 1560 1132 nullatenus
1587 1077 1738 1132 exire
1763 1077 2167 1147 permittantur,

575 1164 664 1221 vel
683 1174 834 1220 extra
858 1177 1200 1237 pernoctare,
1233 1168 1338 1224 nisi
1365 1183 1434 1223 ex
1465 1183 1657 1239 magna
1691 1184 1875 1234 causa,
1897 1177 1951 1225 et
1994 1184 2120 1224 raro
2151 1187 2166 1224 :

577 1264 635 1311 ct
663 1255 953 1313 abbatissis
980 1257 1317 1328 injungatur,
1352 1272 1418 1312 ne
1445 1257 1605 1314 aliter
1633 1259 1817 1329 egredi
1855 1259 2174 1330 permittan-

578 1355 669 1404 tur
697 1365 712 1402 :
745 1356 801 1403 et
820 1347 866 1404 si
897 1345 1189 1418 aliquando
1215 1348 1486 1404 abbatissa
1517 1364 1584 1405 ex
1611 1365 1775 1404 causa
1805 1348 1954 1417 justa
2007 1349 2168 1405 alicui

576 1441 881 1512 permittat,
910 1440 1086 1497 eidem
1111 1439 1380 1513 injungat,
1411 1441 1556 1513 quod
1605 1441 1725 1498 sine
1769 1456 1923 1496 mora
1979 1455 2168 1498 rever-

2275 1539 2393 1547 π--
2430 1539 2724 1559 rum".
2755 1539 2798 1544 --
2823 1539 3105 1545 -η-ν--τπ
3130 1539 3371 1546 ην---εη
3399 1539 3635 1556 ηψπ-ω,
3816 1539 3817 1556 η

580 1539 753 1587 mum
1325 1645 1394 1650 __
2272 1579 2433 1635 nacbi
2460 1579 2544 1636 vel
2575 1580 2822 1635 canonici
2849 1579 3130 1650 regulares
3157 1579 3227 1634 ad
3284 1579 3506 1634 divinum
3555 1583 3737 1638 servitium

1324 1645 1414 1703 VL
2272 1669 2473 1727 ibidem
2499 1669 2884 1727 celebrandum
2913 1645 3266 1727 reducantur.

651 1757 802 1816 Ostia
827 1765 1077 1831 suspecta
1098 1766 1153 1815 et
1173 1757 1444 1831 superﬂua
1469 1759 1841 1815 obstruantur.
1867 1759 2028 1816 Circa
2065 1761 2170 1816 hoc
3012 1761 3128 1817 XII.

581 1864 767 1910 autem
797 1853 1037 1925 episcopi
1059 1852 1392 1925 diligentiam
1415 1852 1711 1908 adhibeant
1755 1861 1811 1908 et
1850 1867 2034 1908 curam
2073 1867 2169 1923 per
2196 1834 2246 1896 Β
2346 1854 2624 1910 Monemus
2653 1855 2877 1911 abbates
2927 1863 2982 1909 et
3024 1855 3238 1926 priores
3276 1854 3630 1921 conventuales,
3655 1857 3737 1926 quod

581 1959 642 2002 se
671 1953 727 1999 et
750 1959 847 2014 per
869 1943 1149 1999 ministros
1177 1959 1335 2010 suos;
1375 1954 1432 1998 et
1460 1942 1601 1998 vitas
1623 1952 1678 1997 et
1726 1943 2174 1999 conversationes
2273 1955 2356 2003 tot
2382 1947 2678 2003 servitores
2701 1947 2753 2000 in
2785 1946 3019 2002 abbatiis
3044 1956 3096 2002 et
3125 1947 3449 2016 primatibus
3471 1948 3556 2002 sibi
3593 1948 3736 2003 subditis
3816 1942 3817 2014 Ε

581 2041 826 2111 ipsarum
858 2037 1224 2112 restringant:
1257 2046 1317 2094 ut
1342 2053 1439 2108 per
1459 2053 1648 2093 eorum
1666 2037 2174 2110 diligentiam'scan-
2274 2037 2585 2101 instituant,
2616 2038 2660 2092 si
2692 2038 2760 2092 a'd
2785 2037 2890 2092 hoc
2941 2036 3215 2093 sulliciant
3267 2037 3532 2094 facultates
3570 2037 3736 2102 locomm,
3816 2031 3817 2104 ξ

582 2134 728 2199 dala,
758 2149 877 2204 qua:
902 2134 959 2190 in
995 2133 1252 2204 przesenti
1296 2133 1365 2190 de
1415 2133 1528 2190 vita
1575 2149 1764 2191 earum
1816 2138 2170 2206 proveniunt,
2274 2140 2404 2202 quot
2423 2131 2496 2186 ibi
2524 2130 2802 2186 deservire
2822 2129 2995 2185 solent
3027 2147 3040 2184 :
3070 2138 3125 2185 et
3160 2146 3232 2186 ne
3259 2131 3546 2202 pensionem
3574 2132 3736 2187 siveru-

581 2225 884 2297 sopiantur.
2275 2241 2395 2282 sum
2427 2225 2494 2279 ab
2515 2223 2716 2280 eisdem
2746 2225 2986 2296 exigant,
3011 2240 3174 2295 quem
3218 2241 3324 2280 non
3347 2225 3509 2280 solent
3529 2225 3734 2296 exigere»

1321 2336 1431 2395 VII.
2275 2315 2524 2385 antiquo,
2555 2315 2661 2370 nisi
2687 2313 2830 2370 forte
2850 2315 3011 2371 alicui
3038 2331 3104 2371 ex
3128 2314 3288 2386 juxta
3312 2331 3466 2371 causa
3501 2317 3557 2370 ab
3577 2317 3734 2386 episcopo

659 2450 981 2519 Statuimus,
1014 2460 1077 2508 ut
1100 2467 1293 2511 omnes
1312 2451 1546 2524 iudices,
1575 2463 1682 2513 tam
1711 2458 1974 2516 ordinarii
2012 2476 2176 2532 quam

2277 2423 2378 2464 suo
2405 2415 2772 2479 permittatur.

585 2543 842 2615 delegati,
876 2553 1184 2616 temperent
1231 2563 1290 2604 se
1344 2557 1401 2604 et
1439 2550 1712 2606 refrenent
1756 2568 1787 2606 a
1835 2555 2180 2624 generalibus

589 2637 1245 2694 excommunicationibus
1277 2656 1292 2692 :
1321 2655 1424 2696 nec
1459 2640 1512 2696 in
1561 2642 1796 2712 generali
1851 2645 2178 2716 participan-

590 2738 676 2785 tes
707 2731 1212 2797 excommunicent,
1264 2733 1368 2789 nisi
1416 2733 1572 2792 valde
1624 2737 1807 2808 gravis
1845 2746 1900 2793 et
1939 2742 2178 2796 enormis

3005 2499 3140 2556 XIII.

2351 2590 2652 2648 Statuimus
2676 2591 2821 2663 quod
2850 2591 3034 2648 clerici
3070 2593 3292 2660 ribaldi,
3317 2592 3530 2648 maxime
3559 2591 3628 2661 qui
3646 2590 3734 2658 vulgo

2280 2685 2534 2741 dicuntur
2556 2686 2622 2740 de
2641 2684 2847 2740 familia
2873 2685 3064 2750 Goliae,
3109 2701 3208 2756 per
3245 2687 3526 2756 episcopos,
3563 2684 3732 2740 archidia-

2289 2787 2480 2841 conos,
2509 2773 2785 2840 oﬁlciales,
2817 2783 2872 2830 et
2907 2775 3141 2831 decanos
3173 2775 3586 2839 Christianitatis,
3611 2771 3732 2826 tonderi

587 2836 846 2877 excessus
866 2830 1167 2894 contingat.
2335 2830 2342 2831 ’
2772 2830 2784 2840 '
2877 2868 2888 2880 .
3183 2830 3200 2880 .“
3319 2830 3324 2831 '
3505 2867 3516 2879 .
3575 2830 3585 2839 '

1314 2937 1426 2942 _____
2184 2902 2190 2942 ζ
2283 2878 2686 2940 ιιιεεοιριίιηιυτ,
2713 2868 2798 2924 vel
2820 2877 2982 2925 etiam
3011 2869 3150 2933 radt,
3181 2878 3258 2923 tta
3289 2868 3427 2939 quod
3473 2882 3542 2923 ets
3583 2881 3656 2920 non
3689 2877 3732 2916 re-

1314 2937 1448 2996 ἫΙῘ·
2182 2937 2190 2991 ἶ
2279 2937 2502 3019 maneat
2554 2974 2778 3018 tonsura
2826 2962 3094 3018 clericalis
3137 2980 3150 3018 :
3193 2964 3269 3017 ita
3308 2937 3481 3018 tamen
3527 2959 3636 3032 quod
3671 2957 3734 3010 sine

609 3087 611 3090 ‹
662 3047 983 3104 Moneantur
1007 3050 1240 3121 capitula
1272 3054 1608 3112 saecularium
1633 3073 2012 3128 personarum,
2057 3077 2176 3118 ma-
2279 3053 2520 3126 periculo
2540 3061 2596 3108 ει
2619 3052 2876 3108 scandalo
2905 3053 3007 3109 i518
3031 3052 3185 3107 ﬁam-

588 3141 734 3196 xime
772 3140 1126 3208 cathedralia,
1149 3152 1208 3197 ut
1230 3143 1328 3214 ipsi
1352 3148 1698 3215 conveniant,
1721 3160 1776 3206 et
1805 3154 2056 3210 ordinent
2082 3197 2097 3223 ,
2120 3165 2176 3214 et
2197 3185 2252 3255 α
3010 3145 3146 3202 ΧΠ·

591 3237 844 3300 tractent.
867 3233 1009 3302 quod
1044 3234 1095 3287 in
1135 3234 1377 3291 ecclesiis
1403 3238 1516 3292 suis
1549 3239 1634 3294 die
1661 3250 1717 3295 et
1741 3252 1917 3310 nocte,
1968 3260 2068 3314 per
2110 3264 2170 3306 se
2198 3232 2252 3255 ’⁵
2351 3238 2484 3294 Item
2506 3238 2787 3308 antiquum
2816 3245 3082 3293 statutum
3113 3237 3331 3294 concilii
3365 3232 3648 3309 provincialis
3672 3243 3736 3284 rm-

589 3331 646 3377 et
677 3338 772 3392 per
795 3322 1024 3379 clericos
1045 3325 1421 3394 ecclesiarum,
1454 3330 1689 3386 divinum
1714 3335 1993 3391 servitium
2034 3341 2172 3396 assi-

2277 3346 2372 3388 sus
2429 3339 2752 3386 renovantes
2797 3329 3158 3400 praecipimus,
3228 3330 3368 3399 quod
3407 3327 3587 3398 quando
3631 3321 3734 3387 aliqua

589 3415 714 3482 due,
757 3426 1166 3486 competenter,
1220 3421 1513 3476 secundum
1562 3440 1845 3482 numerum
1899 3429 2170 3488 instituto-

2279 3431 2445 3487 terra,
2477 3430 2694 3492 propter
2722 3422 2973 3476 delictum
2994 3422 3196 3476 domini
3227 3429 3383 3476 terrae
3410 3419 3485 3475 vel
3507 3415 3734 3473 ballivorum.

489 3553 492 3556 .
588 3520 732 3570 rum,
760 3513 814 3560 et
844 3505 1156 3563 facultatem
1179 3509 1529 3566 ecclesiarum
1556 3513 1876 3583 celebretur,
1923 3529 1978 3573 et
2022 3521 2166 3578 circa

2276 3514 2556 3582 supposita
2581 3510 2684 3566 fuit
2706 3511 3016 3577 interdicto,
3045 3510 3353 3566 nullatenus
3382 3510 3623 3571 relaxetur,
3637 3504 3733 3557 donec
3816 3501 3817 3552 ὲ

590 3595 872 3651 servitium
903 3598 1141 3653 divinum
1199 3601 1529 3672 diligentiam
1563 3613 1617 3658 et
1645 3620 1830 3662 curam
1878 3609 2170 3668 adhibeant
2279 3605 2347 3659 ad
2371 3603 2658 3659 arbitrium
2677 3612 2733 3659 et
2759 3604 3108 3659 moderan’ten
3164 3603 3468 3666 relaxantis,
3514 3592 3734 3670 presblltris

589 3683 884 3751 emcacem,
913 3687 987 3742 ita
1009 3689 1152 3758 quod
1197 3693 1390 3746 modus
1433 3693 1666 3749 habendi
1709 3711 1770 3752 se
1811 3697 1866 3752 in
1915 3701 2168 3768 ecclesia,
2279 3695 2682 3766 parocltialibus
2729 3696 2794 3751 de
2841 3696 3051 3751 damnis
3100 3704 3156 3751 et
3209 3696 3276 3752 de
3324 3693 3526 3767 perditis
3562 3685 3733 3746 interdicti

591 3776 778 3832 tamin
809 3777 975 3833 choro
1000 3794 1161 3848 quam
1192 3790 1367 3846 extra,
1410 3783 1692 3840 evidenter
1733 3796 1790 3842 et
1823 3789 2170 3859 sufﬁcienter,
2279 3787 2569 3842 occasione
2597 3787 2764 3842 illatis
2806 3787 2964 3856 plane
3018 3785 3182 3841 fuerit
3237 3785 3564 3848 satisfactum.
3607 3777 3666 3834 νει
3695 3775 3731 3828 di

591 3866 688 3922 ubi
715 3867 1092 3925 emendatione
1115 3885 1251 3941 opus
1276 3873 1402 3937 erit,
1421 3875 1740 3931 emendetur
1781 3878 1921 3933 infra
1945 3897 2168 3938 annum.
2280 3879 2662 3936 satisfaciendo
2693 3889 2930 3935 cautum.

607 3997 3732 4060 Ἢ

1802 4181 1884 4224 ΑΝ
1895 4182 1973 4227 N0
2018 4182 2248 4228 DOMINI
2290 4183 2673 4229 DCCCCXXIII.

1154 4351 2168 4515 BADBODUS
2286 4358 3287 4522 DOLENSIS.

1806 4767 2642 4888 RADBODI

1161 4983 1740 5084 EPISTOLA
1806 4991 1957 5081 AD
2027 4995 2816 5095 ADELSTANUM
2889 5007 3323 5099 REGEM.

1479 5181 1807 5256 (Warthon.,
1836 5189 2029 5262 Anglia
2059 5188 2248 5258 Sacra,
2278 5200 2405 5249 tom.
2432 5195 2496 5263 ll,
2529 5197 2582 5251 in
2603 5196 2662 5252 S.
2687 5198 2994 5273 Adltelmo.)

681 5465 914 5520 Summa:
927 5469 984 5517 et
1004 5461 1290 5518 individuae
1311 5462 1592 5520 Trinitatis
1621 5465 1823 5523 honore
1838 5469 2186 5542 omniumque
2216 5479 2265 5539 ι)
2360 5473 2715 5546 Benignitatis
2751 5492 2815 5532 ac
2842 5476 3186 5534 sublimitatis
3215 5485 3396 5535 vestrte
3428 5453 3727 5544 piissimae!in

611 5565 923 5613 sanctorum
948 5551 1438 5623 praecellentissima
1470 5554 1853 5612 intercessione
1880 5558 2114 5628 glorioso
2133 5571 2188 5615 et
2290 5567 2542 5622 omnibus
2593 5569 2751 5639 hujus
2805 5569 3064 5640 temporis
3109 5569 3330 5641 regibus
3373 5558 3564 5620 terrenis
3597 5552 3725 5641 fama?
3816 5573 3817 5586 ι

613 5646 867 5705 munifico
890 5645 1001 5716 regi
1039 5645 1356 5702 ADELSTANO
1379 5647 1660 5704 Samsonis
1687 5651 1884 5706 summi
1920 5652 2190 5721 pontificis
2289 5655 2446 5711 laude
2457 5637 2984 5726 prmcellentissiune,
3005 5676 3098 5716 rex
3114 5637 3389 5714 Adelstane
3400 5637 3724 5735 οριὶωενηοτξπί

612 5753 713 5809 ego
763 5735 1045 5791 lianeoous
1081 5737 1395 5807 praepositus
1427 5739 1582 5796 istius
1629 5741 1810 5799 saeculi
1859 5741 2082 5814 gloriam
2134 5753 2190 5799 et
2291 5749 2468 5818 pietas
2515 5760 2767 5806 manente
2811 5751 2988 5814 adhuc
3041 5749 3328 5806 stabilitate
3348 5753 3517 5802 nostra
3545 5732 3721 5804 Γεεί⁰⁰¹⁵σ
3816 5775 3817 5810 ι

607 5841 801 5885 αδδ-ι
841 5821 1226 5885 ἱπθαιὶιιιάἱιιθιιι

2292 5839 2433 5910 quod
2462 5850 2615 5910 pater
2635 5850 2813 5903 vester
2833 5841 3145 5915 Edgvardus
3170 5855 3262 5913 per
3282 5838 3464 5895 litteras
3482 5842 3527 5886 st
3545 5827 3720 5882 comm'
3816 5907 3817 5914 γ
