3848 5394
576 345 677 404 727

1568 355 1858 423 ABBOMS
1888 367 2511 431 SANGERMANENSIS
2536 374 2842 435 MONACHI
3618 392 3681 455 738

572 460 726 516 lianc
749 461 969 526 urbem;
1003 471 1281 535 tangemus
1302 481 1419 522 eam
1445 485 1769 542 numquam;
1796 477 1890 533 sed
1920 479 2153 537 honores
2180 492 2231 548 Α
2261 482 2343 538 Nil
2369 494 2540 544 terras
2566 489 2811 560 interque
2836 492 2987 563 polos
3020 493 3165 550 aliud
3189 496 3435 556 volitabat.

572 554 909 610 Couservare
937 564 1055 612 tuos
1083 573 1360 626 conemur,
1388 560 1590 619 Odonis
1612 575 1665 621 ct
1691 583 1899 626 omnes.
1932 592 1950 624 ι

572 643 675 699 Hic
702 644 886 701 consul
920 644 1012 679 ""3
1039 648 1417 718 venerabatur,
1451 669 1545 709 rex
1571 664 1733 727 atque
1756 657 1989 729 futurus,

571 731 735 789 Urbis
759 744 876 789 erat
913 744 1074 800 tutor,
1112 738 1259 809 regni
1281 749 1543 798 venturus
1569 754 1623 800 et
1644 745 1803 804 altor.

568 825 697 882 llaec
720 836 908 882 contra
936 829 1144 884 Domini
1179 832 1374 900 przesul
1402 832 1663 891 fidissima
1690 836 1820 907 jecit
1852 858 1867 895 :

573 934 596 971 ι
632 915 772 972 Urbs
800 919 1052 974 mandata
1080 919 1184 976 fuit
1205 920 1404 979 Karolo
1430 926 1585 983 nobis
1612 928 1813 985 basileo
1854 932 1969 1001 ‘9",

567 1008 799 1079 Imperio
825 1010 979 1080 cujus
1008 1015 1214 1084 regitur
1236 1023 1379 1071 totus
1405 1032 1573 1089 prope
1600 1018 1817 1078 kosmus
1845 1025 1939 1059 ¹³⁰⁰

563 1101 696 1157 Post
720 1103 1025 1168 Deminum,
1045 1120 1223 1174 regem
1254 1108 1757 1183 dominatoremquc
1778 1124 2077 1187 potentum,

563 1184 845 1251 Excidium
876 1213 973 1267 per
997 1212 1116 1253 eam
1142 1214 1365 1270 regnum
1405 1218 1511 1257 non
1544 1206 1687 1274 quod
1716 1208 1979 1278 paciatur,

564 1284 673 1340 Sed
703 1288 846 1356 quod
875 1287 1112 1344 salvetur
1140 1306 1236 1360 per
1264 1308 1383 1349 eam
1411 1297 1702 1368 sedeatque
1731 1316 2006 1358 serenum.

564 1375 639 1432 Ut
665 1379 843 1444 nobis,
872 1380 917 1434 si
951 1379 1039 1414 ¹⁹⁹¹
1082 1380 1222 1438 forte
1261 1384 1350 1439 tibi
1377 1390 1663 1445 commissa
1690 1392 1918 1450 fuissent

563 1467 765 1533 Menia,
788 1472 1042 1542 quodque
1075 1477 1375 1547 peregisses
1397 1477 1606 1547 justum
1633 1484 1727 1539 tibi
1757 1502 1971 1551 narras,

564 1561 702 1627 Quid
731 1561 847 1618 fore
876 1566 1119 1622 sancires
1139 1567 1158 1621 2
1181 1568 1548 1640 Sigemfredus
1575 1589 1591 1629 :
1622 1576 1814 1646 Caput,
1850 1579 1989 1644 infit,

562 1652 722 1709 Ensis
744 1655 948 1712 honore
971 1674 1171 1727 meum,
1187 1663 1412 1720 canibus
1432 1665 1647 1722 demum
1671 1684 1884 1741 quoque
1906 1671 2150 1743 dignum.

563 1745 788 1813 Toxica,
820 1749 872 1803 ni
902 1760 1079 1807 tamen
1105 1753 1188 1808 bis
1219 1757 1467 1824 precibus
1494 1760 1695 1828 cmdas,
1728 1762 1823 1819 tibi
1855 1763 1959 1820 tela

561 1834 757 1893 Nostra
783 1840 1164 1899 ministrabunt
1189 1848 1409 1903 castella
1441 1851 1527 1905 die
1557 1854 1826 1921 veniente,

561 1929 866 1990 .Decedentc
899 1935 992 1974 ¹⁹⁸³
1014 1936 1188 2029 nimis
1222 1951 1452 2013 pestem,
1479 1947 1581 2004 hoc
1601 1960 1968 2025 peragentque
1993 1964 2156 2024 quot-

1888 2041 2090 2116 [annis.
2129 2063 2149 2098 ι

562 2116 691 2173 Htec
712 2119 806 2183 ait,
840 2130 1003 2190 atque
1032 2122 1232 2181 dehinc
1254 2126 1409 2193 abiit,
1438 2114 1724 2202 sociosque
1746 2114 1939 2208 coegit.

564 2208 659 2266 Sic
681 2221 845 2282 caput
875 2215 1083 2269 Aurora
1114 2218 1294 2288 rapuit
1324 2221 1585 2289 perdente
1609 2221 1867 2282 duellum.

564 2305 771 2379 Nempe
802 2320 968 2365 ruunt
996 2327 1187 2370 omnes
1228 2315 1434 2371 ratibus
1464 2319 1599 2374 turri
1645 2320 1740 2362 ""8
1777 2331 2152 2393 properantes,

563 2397 740 2467 Quam
772 2400 973 2458 feriunt
1000 2403 1181 2461 fundis
1209 2408 1410 2464 acriter
1438 2411 1817 2483 complentque
1846 2415 2079 2485 sagittis.

566 2491 713 2549 Urbs
742 2506 981 2563 resonat,
1022 2498 1171 2555 cives
1199 2503 1491 2572 trepidant,
1521 2514 1819 2576 pontesque
1853 2507 2107 2564 vacillant
2136 2524 2152 2577 ;

565 2586 909 2643 Concurrunt
930 2606 1121 2646 omnes
1151 2594 1392 2664 turrique
1412 2596 1665 2666 juvamen
1697 2599 1985 2671 adaugent.

566 2677 668 2734 llic
692 2682 918 2737 comites
950 2682 1064 2738 Odo
1092 2682 1369 2755 fraterque
1395 2704 1522 2743 suus
1550 2690 1836 2745 radiabant

565 2770 880 2836 ltotbertus,
912 2775 1223 2846 pariterque
1251 2794 1434 2833 comes
1465 2779 1836 2850 Rageuarius;
1868 2780 1977 2838 illic

559 2860 947 2933 Pontificisque
977 2880 1143 2936 nepos
1172 2866 1371 2924 Ebolus
1401 2869 1493 2903 ’⁸⁸⁸
1532 2869 1859 2927 fortissimus
1884 2873 2044 2929 abba.

566 2953 670 3010 llic
694 2957 966 3012 modicum
996 2959 1188 3030 praesul
1208 2959 1388 3032 jaculo
1411 2960 1660 3032 palpatus
1687 2963 1778 2998 ’³⁸⁵
1816 2974 2002 3033 acuto,

565 3047 666 3104 llic
695 3048 1041 3121 ejusjuvenis
1067 3034 1232 3109 miles
1246 3053 1407 3111 simili
1436 3053 1531 3090 ‘m
1562 3053 1883 3113 Fredericus

563 3141 661 3197 Est
689 3141 828 3197 ictus
858 3142 1063 3213 gladio;
1098 3143 1251 3200 miles
1275 3145 1456 3216 periit,
1483 3146 1775 3216 seniorque

562 3228 869 3298 Convaluit,
901 3246 1022 3286 sese
1051 3232 1357 3289 medicante
1386 3233 1481 3289 Dei
1507 3235 1793 3291 medicina.

566 3318 667 3373 llic
692 3318 816 3374 vita:
840 3319 1025 3376 multis
1050 3330 1295 3377 extrema
1324 3322 1544 3391 dedere,
1573 3326 1666 3381 sed
1695 3341 1851 3384 acres

562 3408 817 3467 Pluribus
855 3412 1083 3483 infigunt
1104 3413 1309 3488 plagas,
1334 3417 1660 3490 tandemque
1677 3420 1955 3487 recedunt,

561 3499 856 3556 Exanimes
885 3502 1064 3558 Danos
1086 3517 1270 3560 secum
1300 3505 1495 3563 multos
1518 3507 1842 3575 referentes;

561 3588 681 3645 1am
706 3592 918 3648 occidui
947 3594 1184 3651 medium
1212 3596 1470 3668 vergebat
1494 3600 1560 3654 ad
1588 3600 1777 3657 ultima
1804 3601 1920 3660 Tile
1948 3602 2045 3639 ""

2251 574 2325 631 At
2353 577 2517 635 turris
2556 589 2816 637 nocturna
2842 585 3011 656 gemit
3033 586 3215 643 dardis
3243 590 3475 648 terebrata
3498 624 3548 636 --

2254 667 2371 759 μοι
2402 670 2506 728 fuit
2528 671 2643 742 ejus
2667 676 2813 731 enim
2837 679 3108 748 genetrix,
3141 681 3306 737 cecini
3334 697 3509 756 quoque
3524 703 3683 759 supra-

2253 757 2396 815 Urbs
2415 763 2638 832 pavitat,
2661 766 2808 822 cives
2829 769 3135 839 strepitant,
3162 779 3218 826 et
3238 771 3439 829 classica
3456 757 3684 837 "nam

2250 849 2470 920 Absque
2499 869 2647 909 mora
2685 856 2928 913 tremulae
2958 867 3188 915 cunctos
3214 875 3495 920 succurrere
3519 869 3625 923 turri.

2251 934 2586 1001 Christicolae
2609 956 2870 1018 pugnant,
2894 947 3143 1019 belloque
3177 954 3417 1012 resistere
3429 966 3587 1014 curant.

2250 1031 2543 1105 Belligeros
2572 1038 2714 1092 inter
2740 1049 2964 1096 cunctos
2996 1042 3197 1112 gemini
3233 1044 3485 1103 radiabant

2250 1122 2378 1179 Plus
2406 1125 2525 1180 aliis
2557 1125 2741 1192 fortes,
2772 1128 2911 1185 alter
2936 1145 3140 1195 eomes.
3171 1132 3305 1187 alter
3328 1143 3379 1190 et
3402 1135 3513 1192 abba

2251 1211 2405 1267 Alter
2429 1213 2543 1269 Odo
2568 1215 2759 1283 victor,
2791 1218 2944 1275 bellis
2974 1220 3207 1278 invictus
3226 1224 3294 1279 ab
3314 1224 3443 1292 ullis,

2252 1300 2618 1360 Confortaudo
2639 1304 2876 1379 fatigatis
2902 1309 3044 1366 vires
3069 1313 3368 1380 revocabat,

2251 1392 2545 1451 Lustrabat
2566 1396 2772 1469 jugiter
2804 1402 3079 1471 speculam
3102 1406 3369 1473 perimens
3390 1405 3603 1475 inimicos;

2252 1484 2356 1553 Qui
2394 1503 2522 1543 vero
2548 1491 2773 1561 cupiunt
2832 1509 3047 1551 murum
3101 1498 3375 1555 succidere
3423 1502 3589 1557 musclis
3620 1503 3683 1569 ¹’¹¹,

2252 1578 2417 1632 Addit
2438 1580 2519 1635 eis
2542 1580 2721 1636 oleum
2749 1598 3040 1656 ceramque
3065 1587 3349 1660 picemque
3382 1591 3630 1657 ministram,

2256 1669 2419 1727 Mixta
2450 1673 2609 1729 simul
2642 1674 2933 1745 liquefacta
2958 1676 3082 1733 foco
3102 1678 3367 1736 ferventia
3391 1682 3535 1747 valde,

2258 1762 2388 1830 Quae
2419 1764 2585 1822 Danis
2608 1768 2823 1831 cervice
2845 1784 3030 1826 comas
3057 1780 3328 1841 uruntque
3353 1773 3619 1843 trahuntque.

2181 1844 2230 1904 Β
2256 1856 2565 1914 Occiduunt
2617 1870 2798 1916 autem
2838 1862 3125 1933 quosdam,
3184 1865 3523 1936 quosdamque
3559 1865 3687 1919 studeat

2256 1947 2449 2004 Amnis
2477 1950 2629 2005 adire
2667 1952 2825 2006 vada.
2868 1952 2982 2008 lloc
3019 1969 3121 2009 una
3162 1955 3330 2009 nostri
3355 1954 3635 2010 resonabant:

2256 2036 2505 2094 Atnhusti
2535 2039 2799 2109 Sequana:
2833 2040 2902 2097 ad
2930 2042 3145 2115 pelagos
3173 2044 3485 2107 concurrite,
3514 2043 3619 2098 vobis

2256 2130 2376 2199 Quo
2404 2142 2659 2202 reparent
2706 2132 2840 2190 alias
2871 2134 3147 2191 reddendo
3174 2134 3338 2204 jubas
3361 2151 3497 2206 mage
3517 2131 3683 2203 sonipes!

2254 2222 2435 2278 Fortis
2463 2222 2579 2279 Odo
2607 2225 2919 2281 innumeros
2955 2225 3171 2282 tutmlit.
3212 2225 3320 2282 Sed
3363 2227 3472 2297 quis
3499 2225 3574 2280 fuit
3590 2222 3686 2278 alter!

2255 2313 2409 2371 Alter
2430 2314 2630 2371 Ebolus
2655 2316 2780 2371 huic
2813 2318 2995 2373 socius
3019 2317 3118 2373 fuit
3145 2319 3583 2390 aequiperansque;

2257 2405 2522 2477 Septenos
2548 2424 2651 2461 una
2674 2409 2850 2478 potuit
2882 2410 3159 2466 terebrare
3184 2411 3403 2482 sagitta,

2261 2495 2407 2565 Quos
2445 2497 2636 2554 ludens
2666 2499 2801 2555 alios
2818 2499 2988 2569 jussit
3016 2501 3260 2572 prtebere
3283 2501 3624 2573 quoquinte’m.

2256 2592 2416 2649 llisre
2440 2592 2530 2628 ‘9"
2551 2593 2699 2664 prior
2721 2594 2814 2629 ¹⁹¹⁸
2836 2595 3111 2652 mediusve
3133 2594 3236 2651 fuit
3256 2598 3505 2653 circumve
3520 2611 3587 2651 nec
3602 2595 3685 2655 ulti;

2255 2682 2495 2739 Fortiter
2537 2692 2623 2739 ast
2678 2684 2767 2738 alii
2824 2693 3004 2756 spreta
3059 2685 3151 2719 ⁸⁵³³
3204 2702 3343 2743 nece
3399 2685 3687 2757 belligerem;

2261 2774 2463 2831 Verum
2493 2776 2634 2831 stilla
2679 2777 2809 2847 quid
2838 2786 2924 2834 est
2971 2776 3203 2849 simplex
3235 2779 3304 2834 ad
3335 2786 3547 2834 caumata
3585 2770 3689 2829 millet

2255 2867 2298 2923 P
2319 2870 2592 2941 gemimun
2617 2869 2711 2903 ¹⁹¹⁶
2736 2871 2872 2927 fidos
2886 2870 2977 2903 ""
3003 2887 3127 2927 raro
3143 2873 3394 2943 quamvis
3413 2866 3689 2943 vegetabal‘”.

2258 2964 2416 3036 Mque
2481 2964 2575 2999 ³⁸⁸³
2648 2973 2830 3021 truces
2890 2965 3119 3035 posthac
3172 2966 3267 3000 ¹⁸¹⁰
3323 2965 3453 3020 chile
3497 2962 3689 3011 ""4?

2695 3053 2875 3129 [ranta
2903 3057 2996 3090 ¹⁹²¹
3025 3056 3169 3113 chile
3194 3056 3293 3093 “-“
3319 3057 3370 3112 id
3397 3063 3526 3110 extat
3546 3050 3660 3089 ""—

2255 3148 2387 3206 Hice
2417 3157 2666 3205 reccnter
2688 3156 2818 3204 eunt
2844 3146 3053 3203 vicibus
3077 3147 3297 3213 turrim,
3319 3148 3440 3219 jugc
3461 3144 3535 3177 ⁸⁸⁸⁸
3550 3132 3692 3198 fetli'“

2181 3227 2227 3292 C
2256 3241 2600 3314 Ingeminant
2647 3235 2898 3305 bellum;
2932 3239 3137 3295 clamor
3189 3238 3528 3308 fremitusque
3551 3230 3691 3291 litabis

2257 3333 2620 3405 Ingentesque
2656 3332 2867 3401 replent
2898 3346 3061 3387 voces
3085 3330 3215 3387 hinc
3238 3331 3365 3387 inde
3393 3337 3571 3384 mentes

2256 3424 2516 3489 IEthcra,
2556 3440 2684 3479 saxa
2729 3424 2963 3479 fremunt
3008 3438 3233 3495 parmas
3288 3421 3552 3494 quatientia
3592 3413 3694 3487 picus:

2256 3514 2419 3570 Scuta
2448 3524 2690 3585 gemunt,
2717 3514 2882 3585 galea:
2909 3514 3140 3570 strident
3178 3512 3403 3583 trajecta
3429 3509 3607 3584 sagittis.

2256 3606 2374 3664 Huc
2405 3608 2497 3645 ¹⁹¹⁷
2528 3608 2710 3678 prteda
2743 3608 2970 3663 redeunt
2994 3608 3227 3677 equites,
3262 3605 3532 3662 certamina
3570 3598 3694 3667 sum

566 3680 812 3740 Climatis
865 3685 1117 3742 australis
1184 3702 1397 3759 quoque
1449 3689 1641 3760 Apollo
1703 3701 1925 3749 secutus
1976 3691 2150 3749 Olim-
2252 3696 2555 3753 Incolumes
2592 3698 2791 3752 adeunt
2820 3697 3094 3767 speculam
3121 3696 3404 3766 saturique
3427 3694 3629 3750 ciborum.

1874 3783 2006 3856 [pho
2033 3784 2151 3840 “'°.

560 3855 896 3938 Nirprorsus
922 3871 1129 3941 species
1155 3872 1320 3929 turris
1349 3874 1588 3932 renitens
1612 3866 1932 3934 erat'adhuc

560 3956 839 4024 Perfecto,
869 3959 1230 4017 fundamentis
1254 3971 1460 4018 tantum
1484 3965 1622 4020 bene
1649 3967 1871 4022 structis

555 4049 637 4106 Ac
666 4051 937 4106 modicum
963 4051 1137 4108 ductis
1162 4069 1376 4111 sursum
1404 4055 1670 4129 factisque
1696 4056 1953 4117 fenestris

555 4140 871 4210 Gaudebat;
902 4143 1028 4199 belli
1058 4146 1153 4201 sed
1180 4147 1368 4203 eadem
1401 4158 1560 4204 nocte
1588 4150 1791 4220 peracti

553 4234 734 4292 Altius
760 4236 876 4293 haec
909 4237 1296 4297 circumductis
1321 4243 1495 4298 crevit
1529 4241 1827 4309 tabulatis;

553 4325 756 4400 Lignea
780 4331 1038 4402 sescuplae
1068 4333 1334 4403 siquidem
1366 4334 1747 4404 superadditur
1776 4334 1911 4391 arci.

520 4464 528 4473 .
631 4422 725 4478 Sol
751 4424 915 4494 igitur
938 4425 1183 4496 Danique
1210 4428 1367 4489 simul
1398 4428 1591 4484 turrim
1612 4428 1944 4497 resalutant;

556 4510 746 4566 Pr:elia
776 4514 984 4569 devotis
1017 4516 1108 4551 ⁸⁹⁰⁹
1135 4515 1344 4585 jaciunt
1382 4518 1642 4576 immania
1669 4520 1853 4589 valde;

555 4598 669 4655 Pila
696 4602 883 4659 volant
907 4604 1035 4663 hinc
1061 4606 1207 4676 inde,
1240 4609 1490 4681 caditque
1517 4625 1614 4681 per
1641 4626 1765 4666 aera
1793 4612 2032 4685 sanguis,

559 4688 976 4752 Coumiscentur
994 4697 1076 4754 eis
1105 4696 1285 4757 fundae
1309 4698 1609 4774 laceraeque
1632 4700 1841 4760 balistae
1860 4740 1877 4769 ,

632 4784 769 4844 Vers
802 4786 900 4844 151

2250 3789 2500 3860 Antequc
2550 3789 2817 3845 durcoues
2871 3789 2964 3822 ¹⁹¹⁸
3010 3787 3162 3843 multi
3220 3798 3465 3858 repetunt
3503 3782 3697 3876 marica-l6.»

2251 3880 2425 3950 Quam
2462 3881 2665 3953 lapides
2710 3883 2918 3954 jaciaut
2971 3881 3230 3952 illamque
3279 3881 3373 3916 ¹¹³⁹
3425 3884 3601 3952 gravent
3630 3871 3699 3936 Ιφί-

3568 3962 3698 4039 [ιιιὴ

2251 4065 2419 4122 Dulce
2447 4067 2642 4137 quibus
2662 4065 2854 4121 ﬂamen
2881 4065 2973 4101 ¹⁹³⁹
2996 4067 3158 4123 Dante
3182 4067 3277 4105 ¹⁶³²
3306 4056 3697 4139 spirantibude

2251 4159 2489 4230 Quaeque
2530 4174 2628 4215 suo
2658 4157 2905 4214 lacerans
2936 4158 3114 4213 crines
3152 4157 3537 4227 lacrimansque
3557 4146 3699 4230 marita:

2254 4268 2275 4301 ι
2314 4229 2466 4306 Unde
2486 4251 2640 4306 venis
2663 4249 2927 4306 Horunce
2954 4248 3046 4281 ¹⁹²¹
3079 4248 3269 4321 fugis?
3306 4249 3447 4313 scio,
3485 4252 3581 4300 nate
3598 4229 3700 4321 iﬁlli!
3752 4229 3753 4291 ἰ

2250 4341 2401 4398 Hauc
2438 4340 2617 4397 nullus
2677 4342 2876 4412 poterit
2928 4340 3095 4396 vestri
3142 4317 3422 4412 superare
3471 4317 3701 4412 trimanr

2248 4433 2368 4491 Non
2409 4432 2504 4489 tibi
2530 4400 2695 4488 nunc'
2723 4446 2962 4489 cererem
2992 4431 3077 4488 vel
3118 4400 3281 4505 apros
3338 4411 3704 4581 baccbumqilttemﬁ;

2169 4580 2226 4646 ι)
2254 4611 2496 4684 Tamque
2540 4612 2650 4669 cito
2677 4627 2846 4684 quare
2895 4611 3124 4684 repedas
3180 4612 3249 4667 ad
3304 4610 3527 4685 tegmina
3556 4580 3705 4662 sum!
3752 4580 3753 4655 Ὺ

2254 4702 2380 4762 llaec
2408 4705 2604 4762 iterum
2638 4704 2877 4778 gestisne
2908 4703 3001 4762 tibi
3027 4703 3155 4777 poni
3180 4703 3206 4760 ?
3234 4703 3522 4761 redeuutue
3540 4707 3556 4771 λ

1845 4916 2256 4993 cLossss'E'r
2292 4931 2526 4990 now.

542 5112 545 5115 η
617 5075 723 5156 ,ω’
752 5080 821 5156 _i._
867 5094 918 5137 e.
973 5096 1175 5138 comes.
1254 5080 1344 5117 "”
1382 5082 1440 5156 Aio
1505 5098 1557 5139 θ·
1606 5098 1754 5156 "38¢-
1829 5082 1926 5119 ""
1966 5084 2016 5156 i1
2046 5098 2098 5156 9‘

2228 5086 2396 5143 indus.
2476 5084 2569 5156 ¹⁹⁰ἒ
2598 5085 2640 5156 i.
2660 5098 2712 5140 e.
2768 5085 2814 5143 si
2844 5084 2957 5156 tibi,
2986 5092 3049 5140 ut
3086 5084 3202 5156 jam
3231 5084 3408 5152 nobis,
3437 5077 3711 5156 ωωηῖψεῖ

558 5149 723 5205 missa
748 5130 1175 5215 fuissent???
1215 5130 1908 5223 peregisseswqu‘o'dwnunc
1962 5154 2054 5210 tibi
2109 5130 2323 5226 gratum
2352 5130 2498 5213 "esse
2540 5155 2675 5212 dicis
2736 5155 2908 5229 (scil.
2942 5130 3284 5239 ’tradidisses
3364 5130 3429 5210 e’a
3453 5155 3491 5226 ).
3752 5220 3753 5231 χ

561 5218 657 5250 an“
707 5220 791 5250 ,κη
888 5221 985 5250 nn
1023 5222 1184 5250 L4,“-
1210 5231 1361 5250 ..ιι-ο..
1403 5223 1730 5250 Πη-ζηειι-...η
1758 5240 1848 5250 ..-η
1876 5223 2127 5250 11--.“...
2165 5224 2511 5250 n-.-...n...--...
2549 5224 2693 5250 ΒΑ-.-
2793 5225 2889 5250 una
2915 5225 3120 5250 n--l-...
3149 5240 3209 5250 ι...
3237 5240 3422 5250 --.Α-ι.
3445 5236 3490 5250 ..ι

561 5218 680 5275 scil.
705 5220 811 5277 die.
888 5221 985 5254 ""
1023 5222 1184 5278 hodie
1210 5218 1371 5291 Ροηξῖ
1403 5218 1731 5278 Parisiorum
1757 5240 1849 5274 seu
1876 5218 2142 5272 Macrum?
2164 5224 2716 5276 Cnslpllptum-Bmm.
2744 5218 2756 5229 ’
2793 5225 2889 5261 ¹⁹⁹⁸
2915 5225 3122 5281 Collini
3145 5240 3209 5276 ρ*
3234 5240 3422 5273 “‘"Mf
3445 5218 3490 5256 λ’

570 5289 667 5310 ‘CI.
743 5298 781 5308 ’Δ
893 5290 906 5306 ¹
1054 5301 1061 5304 -
1214 5289 1231 5302 _‘
