3848 5368
83 381 170 436 229

787 381 872 438 DE
902 381 1124 439 θειιο
1153 382 1515 439 PARISIACO
1548 382 1725 439 LIBRI
1755 384 1954 441 TRES.
1996 414 2065 427 —
2092 384 2222 442 LIB.
2260 384 2298 442 1.

3215 387 3326 443 ⁷ου

81 498 241 564 Elluo,
295 497 372 553 sic
399 497 490 552 alii
517 499 540 553 ?
591 498 824 554 similem
884 508 1200 555 mereantur
1255 501 1518 556 honorem
1555 499 1568 552 !
1623 515 1644 550 ι
1677 503 1726 562 Α
1756 499 2016 554 Macharii
2048 499 2142 540 ίοιτ
2173 500 2440 570 Sequana:
2470 498 2636 569 ripas,
2667 509 2722 554 et
2747 506 2925 555 castra
2952 497 3169 555 beatum

77 592 321 649 Clibanus
349 591 417 647 ob
462 593 666 648 humile
694 600 957 664 quantum
987 591 1080 628 ¹⁹³¹
1101 595 1120 613 '
1175 591 1410 664 specula:
1448 589 1545 622 ¹⁹⁸³
1575 588 1650 643 si-

1294 680 1517 755 [nuatus
1557 677 1650 715 "“

76 774 219 830 Saeva
247 790 344 845 per
370 792 467 832 ora
505 776 623 832 duit
652 776 746 810 ⁸⁸⁸⁸
774 776 1022 847 quamvis
1051 775 1286 846 ignobile
1321 787 1542 828 nomen.

75 867 178 923 Ima
203 868 396 924 dehinc
421 871 616 941 ardent
644 867 762 938 ejus
788 869 1123 925 disscindere
1149 867 1308 923 scisci
1345 865 1438 898 ¹⁹³⁶
1470 882 1484 920 :

73 957 149 1013 En
180 958 394 1015 inmane
441 959 686 1016 foramen
746 961 928 1025 hians,
982 961 1158 1031 majus
1193 971 1410 1029 quoque
1448 956 1599 1013 dictu
1633 955 1650 1010 ι

72 1051 348 1119 Apparent
377 1051 592 1121 penitus
619 1067 874 1126 proceres
896 1051 1008 1120 jam
1049 1051 1268 1106 nomine
1289 1050 1408 1115 cili,

71 1142 440 1213 Cristatosque
491 1143 585 1177 ¹⁹³⁷
610 1145 793 1200 vident
844 1154 1089 1213 cunctos,
1121 1145 1319 1215 quibus
1371 1152 1536 1212 atque
1571 1140 1655 1196 vi-

1408 1233 1652 1308 [dentur,

71 1322 528 1394 Conspiciuntque
557 1325 761 1380 viritim
788 1341 979 1382 omnes
1009 1342 1115 1381 non
1150 1326 1508 1382 introeuntes.

72 1415 272 1470 Horror
293 1415 439 1470 enim
467 1417 660 1482 vetuit,
693 1417 836 1487 quod
867 1433 973 1472 non
1001 1418 1226 1472 audacia
1257 1421 1508 1490 sumpsit.

71 1504 254 1560 Orbita
291 1505 383 1538 ¹⁹³⁸
413 1521 535 1560 mox
565 1523 595 1561 a
628 1516 776 1562 turre
803 1517 947 1562 teres
986 1507 1262 1576 jaculatur
1287 1509 1340 1563 in
1369 1510 1509 1577 illos,

70 1599 160 1652 Bis
189 1599 353 1652 ternis
383 1599 475 1633 ⁸⁸³³
505 1615 698 1656 arcens
719 1603 930 1656 animas
995 1601 1194 1656 direxit
1226 1604 1464 1668 Averno,
1494 1605 1504 1635 ⁵

69 1691 276 1760 Perque
299 1693 463 1762 pedes
498 1694 658 1748 tracti
689 1709 972 1749 numerum
1003 1693 1274 1764 complent
1304 1697 1652 1752 morientum.

71 1783 206 1837 Tum
240 1783 445 1839 foribus
469 1799 700 1854 posuere
731 1785 897 1839 larem
927 1782 1042 1850 ‘9“,
1066 1783 1324 1838 Vulcania
1359 1784 1448 1823 ¹⁶⁵¹
1479 1801 1607 1840 cura
1638 1802 1653 1852 ;

1753 591 2082 648 Germanum
2107 591 2251 647 circa
2276 600 2500 648 teretem
2535 591 2629 626 ¹⁹⁸⁸
2652 606 2973 661 componere
2993 591 3147 648 vallis

1751 681 2057 740 Commixto
2083 681 2318 752 lapidum
2345 681 2559 737 cumulo
2587 681 2863 752 glebisque
2890 682 3156 739 laborant.

1823 775 1955 832 Post
1990 786 2206 832 montes
2233 784 2290 832 et
2318 791 2500 848 agros,
2532 776 2703 832 saltus
2730 775 2847 845 m’,
2880 792 3205 849 camposque
3231 793 3329 849 pa-

3061 866 3261 940 [tentes

1752 967 1833 1022 Ac
1869 964 2025 1020 villas
2048 963 2265 1033 equites
2304 961 2397 996 ¹⁹⁶⁰
2429 960 3056 1031 peragrantpeditesque
3101 959 3332 1028 cruenti,

1753 1057 2007 1119 Infantes,
2039 1069 2255 1126 pueros,
2277 1053 2527 1123 juvenes,
2551 1065 2852 1123 canamque
2893 1062 3186 1117 senectam,

1753 1151 1930 1222 Atque
1959 1159 2142 1220 patres
2171 1157 2433 1216 natosque
2461 1153 2679 1210 necant,
2732 1157 2941 1198 necnon
2987 1144 3286 1215 genetrices
3315 1157 3332 1198 :

1755 1241 2011 1314 Conjugis
2037 1250 2161 1294 ante
2187 1239 2372 1295 oculos
2402 1236 2602 1293 eadem
2631 1235 2869 1290 tribuere
2908 1236 3125 1300 marito,

3365 665 3395 678 ν

1673 1343 1686 1354 ⁸
1755 1332 2010 1402 Conjugis
2042 1339 2164 1385 ante
2195 1328 2382 1384 oculos
2410 1338 2621 1396 strages
2652 1333 2833 1395 gustat
2858 1323 3159 1389 mulierem,

1757 1427 1898 1482 Ante
1921 1433 2136 1494 patrum
2160 1420 2355 1476 faciem
2384 1417 2595 1475 soboles
2621 1431 2830 1472 necnon
2859 1415 3180 1487 genitricum
3213 1413 3228 1468 ι

1758 1515 2001 1572 Ellicitur
2031 1529 2220 1568 servus
2247 1513 2404 1571 liber.
2438 1510 2576 1565 liber
2603 1522 2819 1578 quoque
2839 1521 3048 1571 servus,

1759 1607 2052 1677 Vernaque
2085 1607 2176 1641 ¹⁹⁶¹
2217 1605 2278 1659 fit
2305 1603 2579 1669 dominus,
2609 1610 2799 1657 contra
2845 1598 3097 1656 dominus
3128 1610 3342 1742 piloque

3156 1682 3341 1724 verna.

3156 1682 3341 1724 verna.

1760 1789 1975 1846 Vinitor
1999 1787 2356 1860 agricolaeque
2382 1785 2543 1841 simul
2573 1800 2693 1840 cum
2725 1782 2925 1836 vitibus
2951 1794 3142 1835 omnes

71 1873 209 1929 lliuc
254 1875 485 1930 multare
514 1875 663 1930 viros
722 1884 907 1930 rentes
937 1875 1032 1908 ‘m
1060 1883 1114 1928 et
1151 1875 1381 1945 perdere
1437 1876 1653 1932 turrim.
1689 1870 1738 1932 Β
1761 1882 1840 1938 Ac
1861 1881 2054 1937 tellure
2091 1879 2274 1934 ferunt
2305 1876 2554 1932 crudeles
2588 1874 2781 1929 mortis
2809 1872 3072 1928 habenas.

69 1963 156 2018 Fit
191 1979 349 2034 rogus
378 1965 675 2030 horribilis,
707 1964 996 2035 fumusque
1028 1966 1338 2020 teterrimus
1370 1965 1494 2022 inde

70 2054 258 2110 Nubila
302 2057 561 2112 militibus
587 2057 804 2122 miscet,
831 2058 1072 2112 succedit
1100 2066 1155 2111 et
1186 2057 1395 2112 umbris

72 2147 290 2202 Scilicet
324 2164 448 2204 ares
477 2149 570 2181 m'
606 2149 797 2220 piceis,
826 2150 959 2204 hora
992 2148 1156 2203 veluti
1185 2149 1460 2212 diuturna,

70 2237 208 2293 Nam
242 2239 367 2294 tulit
395 2241 512 2296 lucc
541 2241 766 2294 minime
789 2238 1017 2294 sufferre
1055 2239 1144 2293 diu
1174 2240 1274 2293 sibi
1306 2248 1486 2302 notos,

73 2330 182 2386 Sed
215 2331 386 2386 nostri
421 2331 685 2386 Dominus
712 2331 1075 2385 miserescens
1103 2339 1319 2384 vertere
1339 2329 1532 2406 jussit‘

67 2420 130 2476 In
159 2435 356 2477 sortem
396 2436 595 2476 caecam
625 2420 805 2491 populi
835 2420 1087 2475 nebulam
1131 2421 1465 2490 generantis.

70 2514 290 2570 Fortius
321 2515 410 2570 ille
440 2514 628 2568 furens
656 2513 872 2568 Mavors
899 2529 1130 2583 regnare
1158 2515 1355 2584 sategit
1385 2511 1500 2567 "“.

73 2605 317 2674 Signifer
343 2621 409 2660 en
441 2603 690 2676 geminus
721 2603 1000 2658 concurrit
1033 2603 1100 2658 ab
1133 2604 1267 2658 urbe
1314 2603 1543 2674 benigna
1569 2601 1664 2635 ¹“⁸

71 2697 290 2751 Lancea
323 2696 445 2750 bina
483 2710 679 2766 gerens
706 2695 982 2766 Speculam
1019 2695 1355 2761 conscendit,
1408 2695 1663 2750 amictum

70 2789 320 2844 Auribus
350 2788 655 2842 immodicis
691 2803 944 2844 croceum
977 2787 1208 2843 formido
1240 2787 1508 2842 Danorum
1539 2805 1554 2851 ;

76 2876 237 2932 Tunc
267 2886 493 2932 centena
521 2877 705 2947 quium
755 2875 848 2909 "“
878 2876 1084 2949 pepulit
1127 2893 1250 2933 cum
1298 2878 1561 2947 sanguine
1587 2878 1670 2933 vi-

1462 2972 1595 3044 [tam

72 3060 328 3118 Centeno
366 3063 637 3134 catapulta
672 3063 766 3097 "‘7
800 3063 962 3119 nimis
992 3065 1060 3121 de
1085 3080 1315 3135 corpore
1347 3066 1558 3136 pernix,

73 3153 506 3224 Hospiciumque
535 3170 719 3212 comas
746 3156 840 3194 ⁸⁸⁵⁸
866 3156 1010 3212 ducti
1067 3155 1369 3228 lintresque
1401 3157 1664 3212 revisunt.

72 3244 344 3301 Lemnius
371 3247 461 3302 hic
491 3248 724 3302 moritur
753 3247 998 3313 claudus,
1034 3263 1231 3317 magno
1273 3258 1566 3318 superante

71 3337 357 3410 Neptuno,
388 3341 704 3396 lmmectant
733 3341 922 3396 latices
952 3341 1202 3396 incendia
1237 3340 1362 3396 fusi.

72 3429 364 3484 Pestiferre
392 3431 568 3501 gentis
593 3431 750 3486 miles
777 3446 1071 3500 percussus
1095 3431 1313 3486 acerbo.

69 3519 383 3577 Rothcrtus
407 3521 533 3577 felix
557 3521 740 3592 jaculo
769 3523 998 3592 spiravit
1027 3522 1246 3587 ibidem,

72 3616 266 3685 Atque
300 3617 412 3672 Deo
440 3617 592 3686 pauci
617 3617 781 3686 vulgo
821 3616 1032 3685 periere
1049 3613 1294 3684 juvante.

67 3707 367 3764 Erubuere
397 3717 575 3762 tamen
603 3710 829 3778 posthac
854 3708 1018 3762 veluti
1051 3708 1208 3777 lupus
1229 3707 1407 3762 audax

69 3799 167 3854 Nil
220 3801 435 3871 rapiens
481 3801 693 3872 przedze.
749 3800 1053 3870 repetitque
1092 3799 1312 3870 quidem
1366 3813 1558 3855 nemus
1593 3797 1675 3854 al-

1440 3891 1604 3964 [tum,

69 3981 465 4053 Subtilcmque
493 3982 655 4037 nimis
685 3997 865 4036 secum
902 3979 1138 4035 retulere
1165 3979 1441 4051 fugellam.

67 4073 414 4128 Tercentum
439 4073 720 4128 exanimos
745 4071 936 4126 flentes
959 4070 1482 4140 Cbarone‘receptos

67 4163 198 4219 Nox
227 4165 495 4220 C0lllllallS
523 4163 634 4226 ηδ’,
661 4163 825 4218 turris
847 4161 1055 4217 studuit
1084 4161 1279 4215 vulnus
1307 4159 1587 4215 medicari.

69 4257 210 4311 llaec
233 4257 340 4310 duo
366 4256 502 4310 bella
532 4257 612 4310 sui
642 4254 888 4309 residens
911 4255 963 4307 in
998 4252 1169 4308 limite
1196 4251 1289 4284 ¹⁹⁸⁰
1318 4265 1515 4306 currus

67 4349 225 4405 Ante
252 4342 557 4404 November
586 4347 761 4413 adest,
791 4346 999 4418 gelidus
1045 4343 1297 4416 supplere
1325 4344 1414 4378 ⁸³⁵⁸
1448 4345 1678 4398 Decem-

1477 4431 1604 4505 [ιπὶν

73 4532 305 4589 Solibus
336 4531 428 4565 ¹⁹⁸¹
457 4531 504 4588 is
530 4530 756 4587 caudam
790 4528 881 4565 ¹⁹⁸³
914 4527 1083 4584 ternis
1115 4543 1278 4599 quam
1324 4528 1558 4582 caederet
1586 4521 1686 4598 “'5

1762 1973 1992 2030 Francia
2020 1971 2133 2041 jam
2172 1968 2512 2037 dominisque
2536 1966 2682 2021 dolet
2708 1963 3034 2032 famulisque
3067 1960 3274 2026 relicta,

1763 2065 1941 2120 Beroe
1980 2064 2072 2097 "“
2105 2060 2376 2132 gaudebat
2404 2059 2566 2120 milio,
2595 2055 2944 2125 lacrimisque
2969 2054 3196 2125 rigatur.

1764 2156 1921 2211 Nulla
1958 2156 2150 2210 domus
2173 2153 2385 2208 stabilis
2414 2151 2538 2204 vivo
2563 2150 2772 2220 regitur
2799 2147 3134 2202 dominante.

1764 2246 1806 2300 A
1840 2245 2000 2300 tellus
2025 2242 2275 2312 opulenta
2300 2241 2448 2311 gazis
2471 2239 2706 2292 nudatur
2727 2236 2962 2306 opimus,

1767 2335 2168 2406 Sanguivomis,
2208 2332 2428 2397 laceris,
2459 2329 2612 2395 atris,
2638 2328 2909 2383 tedacibus
2950 2325 3043 2358 ³⁸⁸³
3073 2341 3235 2396 :equo.
3257 2323 3350 2358 "“

1766 2429 2115 2492 Vulneribus,
2145 2424 2360 2496 praedis,
2393 2423 2638 2487 necibus,
2668 2419 2921 2483 ﬂammis,
2945 2417 3168 2480 laniatu.

1765 2520 2145 2582 Prosternunt,
2175 2515 2426 2586 spoliant,
2459 2513 2752 2584 perimunt,
2805 2517 2989 2575 urunt,
3028 2506 3353 2580 populantur

1768 2612 1893 2666 Dira
1916 2611 2134 2674 cohors,
2172 2608 2386 2662 funesta
2412 2605 2615 2672 falanx,
2646 2615 2907 2674 cetusque
2949 2616 3197 2657 severus.

1767 2703 1933 2759 Posse
1964 2703 2179 2757 favebat
2215 2700 2296 2755 eis
2322 2706 2586 2762 actutum,
2618 2696 2754 2751 velle
2774 2694 2916 2766 quod
2946 2694 3124 2763 ipsum

1767 2794 1963 2851 Omnia
1991 2808 2050 2848 se
2078 2792 2255 2846 visum
2293 2790 2582 2858 gestabant
2606 2795 2732 2841 ante
2756 2792 3069 2839 cruentum.
3366 2856 3371 2860 ι

1769 2887 1954 2944 Valles
1985 2885 2078 2919 '"'
2105 2881 2394 2954 diffugiunt
2437 2879 2694 2944 humiles,
2745 2873 2939 2932 tumidi
2967 2872 3060 2908 ⁸⁸⁸⁸
3085 2871 3236 2943 prius
3262 2867 3357 2925 Al:

2955 2969 2962 2974 '
3142 2961 3286 3033 [βεδε

1770 3074 1959 3136 Arma,
1992 3069 2151 3126 simul
2175 3067 2419 3122 diamant
2443 3063 2534 3100 ¹⁹⁶⁷
2573 3062 2723 3118 lucos
2772 3074 2895 3116 cum
2944 3055 3109 3132 corde
3155 3050 3356 3125 fugaci.

1772 3165 1942 3220 Nemo
1971 3171 2140 3233 patet,
2164 3160 2376 3224 fugiunt
2398 3170 2611 3221 omnes,
2645 3154 2752 3209 heu
2787 3151 2801 3206 i
2835 3163 2996 3206 nemo
3019 3144 3248 3202 resistit.

1696 3229 1742 3292 ο
1777 3257 1870 3314 Sic
1899 3229 2064 3313 decus
2092 3270 2123 3309 a
2148 3253 2298 3325 regni
2321 3267 2418 3322 pro
2447 3263 2604 3319 posse
2633 3247 2804 3302 tulere
2834 3241 3070 3307 venusti,
3130 3240 3148 3308 j

1779 3349 1871 3405 Sic
1899 3346 2130 3404 celebris
2160 3345 2432 3416 specimen
2463 3342 2558 3382 ¹⁹⁶⁸
2586 3339 2779 3396 cimbis
2809 3344 3030 3408 portant
3073 3325 3356 3404 regionis!

1779 3439 2076 3496 Terribiles
2107 3439 2251 3491 inter
2287 3435 2434 3490 acies
2463 3441 2645 3488 tamen
2670 3428 2881 3484 adstitit
2909 3435 3031 3482 acta

1777 3529 2024 3589 Parisios
2053 3526 2236 3582 ridens
2258 3524 2434 3578 media
2467 3519 2817 3592 inperterrita
2844 3516 2970 3571 tale.

1853 3623 1996 3692 Ergo
2025 3619 2109 3675 bis
2155 3616 2369 3673 octonis
2401 3615 2492 3654 ‘9”
2521 3611 2731 3667 faciunt
2776 3606 3026 3664 mirabile
3081 3602 3174 3639 “7°
3217 3601 3359 3668 visu,

1780 3713 2018 3769 Monstra
2045 3710 2182 3766 rotis
2209 3708 2418 3778 ignara,
2446 3702 2588 3758 modi
2623 3700 2713 3732 ²⁹⁷⁸
2743 3705 3022 3769 compacta
3075 3694 3254 3758 triadi,
3351 3703 3361 3722 '

1781 3805 2015 3864 Roboris
2040 3803 2133 3840 ‘9"
2174 3798 2430 3872 ingentis,
2462 3811 2624 3868 super
2652 3802 2836 3866 argete
2874 3791 2969 3824 ¹⁹¹¹³
2996 3783 3363 3877 quodquel’"

3035 3879 3293 3936 'cubante

1781 3991 2010 4047 Domate
2041 3985 2262 4042 sublimi
2295 3989 2576 4052 cooperto.
2601 3978 2737 4034 Nam
2769 3976 3059 4048 capiebant
3358 4045 3362 4049 .

1779 4083 2028 4140 Claustra
2067 4079 2218 4152 sinus
2267 4076 2504 4132 archana
2560 4071 2655 4104 ¹⁹⁷⁵
2708 4069 2850 4125 uteri
2898 4064 3382 4207 peneizagauven-I

3330 4159 3381 4198 κ.

3330 4159 3381 4198 κε

1784 4243 2078 4315 Sexaginta
2106 4241 2274 4306 viros,
2309 4247 2369 4294 ut
2397 4237 2550 4292 adest
2577 4248 2784 4297 rumor,
2813 4229 3074 4303 galeatos.

1783 4335 1958 4393 Unius
1979 4334 2262 4389 obtinuere
2291 4327 2509 4386 modum
2536 4325 2725 4382 formae
2748 4321 2880 4378 satis
2913 4317 3107 4389 ampla:

1783 4427 2079 4500 Completis
2109 4434 2286 4479 autem
2333 4419 2582 4493 geminis,
2646 4429 2860 4472 ternum
2913 4407 3222 4500 peragenda

1786 4496 2015 4577 Mittitur
2036 4527 2152 4573 arte
2173 4515 2266 4548 ¹⁹⁷⁸
2287 4514 2393 4568 fala
2418 4511 2508 4547 ""9
2529 4523 2726 4565 vexare
2748 4504 2840 4540 ¹⁹⁸⁰
2865 4502 3081 4559 falarica
3107 4496 3195 4532 ¹⁹⁸¹
3219 4497 3374 4553 binos

3269 4402 3340 4446 tu
3379 4396 3386 4430 ἓ

1502 4590 1684 4690 [apud
1707 4600 1756 4659 Ῑ)
1783 4611 2034 4667 Artifices
2060 4607 2154 4639 ηδ’
2188 4605 2367 4660 nervis
2391 4601 2627 4671 jaculata
2658 4613 2765 4652 uno
2796 4608 3010 4666 quoque
3038 4590 3263 4660 plectro.

151 4717 288 4772 Sole
313 4731 438 4771 suos
467 4715 611 4770 fulvo
634 4715 815 4770 radios
838 4711 1098 4769 fundente
1132 4713 1233 4769 sub
1261 4712 1418 4768 ethre

69 4808 252 4864 Sorte
276 4808 367 4842 ⁸³⁸⁸
397 4805 622 4864 Dionisii
667 4804 899 4861 lustrant
930 4805 1023 4840 "”
1045 4805 1297 4875 equidem
1346 4800 1672 4859 recubantes

166 4901 312 4958 Vers
332 4900 458 4957 216.
480 4966 486 4972 ,

1787 4702 1878 4759 Sic
1907 4701 2064 4757 nobis
2096 4699 2281 4754 laetum
2316 4695 2410 4728 ¹⁹⁸³
2438 4692 2597 4766 primi
2629 4703 2876 4745 meruere
2902 4693 3180 4758 paratum;

1782 4794 1907 4852 Mox
1933 4791 2161 4848 monade
2189 4787 2282 4822 ¹⁹⁸⁸
2309 4795 2500 4845 necata
2527 4781 2662 4840 obiit
2684 4777 2978 4835 saevissima
3009 4773 3128 4829 dias
3155 4769 3270 4825 ⁸⁸⁸⁸.

1387 4998 1681 5060 GLOSSE
1709 4996 1802 5054 ET
1842 4992 2078 5052 NOTAE.

160 5146 262 5179 ⁸⁸³³
283 5147 298 5165 ⁶
328 5147 689 5216 quantitatem
726 5142 796 5212 gl.

82 5219 265 5272 lentos
318 5214 382 5287 gl.
470 5217 565 5251 "’3
629 5214 867 5287 rotaggl.

87 5288 185 5320 1935
243 5296 284 5318 οι
345 5289 353 5298 ’

949 5216 1041 5251 10³)
1069 5214 1164 5267 sic.

877 5139 1251 5212 m’turrisgl.
1330 5132 1858 5246 “"eurvuspandis
1885 5130 1961 5201 gl.
2039 5128 2135 5163 ‘9"
2156 5125 2312 5209 dedit
2344 5130 2417 5204 gl.

949 5214 1142 5246 mna.
1242 5209 1336 5246 mo
1393 5211 1570 5246 :mmm
1627 5224 1656 5246 η
1777 5203 1869 5238 19H
1923 5200 2135 5246 scilicet
2187 5212 2282 5246 mn
2325 5215 2406 5246 net

658 5225 742 5264 om
796 5224 867 5283 gl.
949 5224 1041 5251 In)
1069 5224 1164 5267 διε.
1242 5224 1336 5246 ηδυ
1393 5224 1571 5280 ‘gncm
1626 5224 1698 5277 ρι,
1778 5224 1869 5238 ⁸³⁷·
1923 5224 2135 5282 δυιιιυυξ
2187 5224 2332 5265 l||||l

658 5283 742 5313 ἠδ
775 5285 979 5328 μινῐςῖπ
1014 5284 1088 5338 αι,
1167 5281 1262 5315 1’“
1317 5297 1414 5350 pro
1463 5274 1816 5360 quorumngl:
1893 5271 1988 5309 ¹⁹⁴⁵⁷
2016 5269 2332 5368 sagittangl’;

2493 5119 2592 5154 tm
2617 5116 2654 5169 i.
2683 5129 2731 5169 e.
2760 5113 2914 5176 sciri,
2945 5109 3103 5176 scire.
3173 5097 3270 5176 ῘΪΪΪ
3301 5109 3397 5176 89³

1777 5166 2135 5254 eam“...
2156 5166 2417 5265 “aiii'é’s‘i
2443 5195 2519 5265 gl.
2594 5166 3401 5265 ξξιίειίέήειιίιςξ.,ρί;ηἲῗζ1,⁸Ἐε

2409 5234 2648 5316 ίέίτευίι.
2674 5234 2776 5319 ράὲ
2795 5234 3052 5322 ἆτ’ψηιῖ
3065 5250 3304 5326 ,εθειξεςειε
3329 5234 3399 5306 91.1

2412 5351 2450 5364 Α
2502 5332 2551 5364 Δ,,,ι
2647 5323 2738 5356 HI!
2770 5323 2823 5355 in
2853 5330 2966 5347 κει-⁸

2337 5361 2428 5368 Α..-
