3848 5540
95 191 193 250 753

93 308 245 364 Caede
273 321 392 365 tuas
417 311 682 381 prtecibus
709 311 950 366 clemens
977 326 1136 364 aures
1163 309 1473 379 rogitantis;

96 399 149 450 Si
175 398 270 453 tibi
298 415 384 454 me
409 400 570 456 libeat
597 401 789 456 missas
817 416 1071 470 umquam
1100 400 1406 466 caelebrare,

95 489 288 560 Impius
313 501 474 560 atque
503 491 651 546 ferox
677 507 850 547 saevus
876 491 1107 546 crudelis
1136 499 1190 546 ct
1220 503 1396 556 atrox,

94 583 344 649 Captivos
371 597 404 652 p
446 583 668 648 rimens,
699 582 890 654 laqueo
919 584 1066 636 necis
1097 580 1408 635 iuretiatur!

91 676 228 730 Arce
261 683 480 742 repente
504 675 694 730 volans
723 675 887 730 telum
921 674 1130 730 deferre
1157 675 1352 744 sategit

91 769 326 820 Antistes
349 767 626 834 Gazzliuus,
659 769 784 824 huic
813 767 906 802 ³⁰¹⁹
937 770 1077 838 quod
1109 771 1282 820 ﬂendo
1311 774 1575 834 precatur,

89 855 188 922 Qui
222 857 426 912 vinctos
451 858 664 914 vinctus
689 859 876 913 mortis
901 859 1105 914 dimisit
1131 859 1374 922 habenis,

83 946 261 1016 Atque
296 948 460 1004 miser
489 951 652 1004 sociis
686 949 856 1004 tendit
883 950 1220 1019 clipeumque
1249 949 1565 1020 pedemque.

85 1035 160 1091 Os
188 1037 368 1106 Solvit,
399 1040 596 1094 virtute
627 1040 754 1102 ruit,
787 1041 1067 1110 sulcosque
1101 1039 1325 1110 replevit

83 1126 405 1184 Mensuras
437 1141 660 1198 terram,
689 1134 900 1202 spirans
931 1134 1162 1186 animam
1197 1132 1335 1188 male
1363 1141 1565 1198 natam,

83 1218 512 1290 Captivosjuxta
544 1225 700 1280 tritos
733 1223 910 1294 gladio
948 1225 1109 1278 nimis
1139 1223 1274 1292 ejus.

158 1311 295 1366 Urbs
316 1313 368 1366 in
403 1313 608 1368 honore
639 1316 800 1369 micat
824 1316 978 1369 celsae
1007 1323 1226 1370 Sacrata
1255 1314 1457 1380 Mariae,

77 1403 298 1458 Auxilio
318 1403 468 1473 cujus
491 1405 724 1460 fruimur
757 1409 862 1462 vita
892 1409 1048 1462 modo
1075 1408 1204 1472 tuti;

77 1493 218 1548 IIiuc
243 1494 543 1552 indicibilcs
572 1498 667 1564 illi,
697 1499 742 1554 si
771 1497 911 1555 forte
947 1499 1206 1565 valemus,

71 1583 387 1641 Reddamus
413 1599 612 1661 grates,
651 1589 892 1660 placidas
922 1591 1203 1646 reboemus
1232 1599 1286 1644 et
1310 1589 1460 1654 odas,

73 1677 198 1732 Vox
229 1679 440 1735 excelsa
482 1689 648 1746 tonet,
689 1683 982 1754 laudesque
1005 1693 1158 1740 sonet
1185 1684 1311 1754 quia
1340 1683 1558 1752 dignum
1586 1699 1598 1735 :

69 1765 308 1820 Pulchra
337 1781 530 1835 parens
560 1769 706 1824 salve
737 1772 969 1838 Domini,
1003 1774 1185 1843 regina
1215 1772 1484 1842 polorum,

69 1856 274 1912 Nostra
303 1861 443 1914 nites
465 1861 644 1924 altrix,
671 1863 818 1918 orbis
849 1871 1066 1920 constas
1087 1864 1447 1928 dominatrix;

70 1949 211 2016 Qum
240 1949 396 2028 saevis
432 1953 685 2008 manibus
715 1953 922 2026 Danum
953 1956 1242 2026 gladioque
1278 1955 1488 2010 minace

74 2037 304 2096 Solvere
338 2038 573 2096 Lutecia':
595 2043 804 2114 plebem
833 2044 1048 2114 dignata
1081 2043 1250 2108 fuisti,

72 2127 420 2200 Lutecizeque
458 2133 589 2186 satis
619 2141 836 2202 poteras
867 2133 1116 2188 conferre
1146 2134 1396 2198 salutem,

74 2223 212 2288 Qua:
234 2223 444 2279 lubrico
473 2223 807 2280 SaIVanrem
845 2241 1030 2280 cosmo
1059 2227 1312 2296 genuisti.

71 2311 312 2367 Czelicoli
339 2324 526 2376 czetus,
560 2315 787 2368 virtutes
816 2331 880 2370 ac
911 2315 1238 2379 dominatus,

71 2401 485 2473 Primatusque,
522 2412 944 2473 potestatesque,
976 2405 1260 2474 throuique
1301 2404 1564 2474 polorum,

71 2491 120 2547 Ο
148 2495 398 2563 genetrix
427 2495 626 2550 sobolis
649 2496 843 2549 summi
873 2497 1012 2566 regis
1037 2496 1386 2560 celebranda,

71 2582 156 2636 Te
187 2584 447 2650 gaudent,
477 2583 738 2648 recolunt,
773 2585 1008 2650 laudant,
1045 2596 1386 2664 venerantur,
1421 2588 1668 2655 adorant,

68 2671 121 2726 0
148 2670 276 2726 felix
311 2675 448 2726 uteri
480 2673 716 2728 thalamo
739 2690 856 2744 qum
887 2677 1139 2732 claudere
1157 2687 1352 2742 mater,

71 2760 254 2826 Quem
277 2761 400 2816 coeli
426 2772 718 2832 nequeunt,
751 2764 928 2830 tellus,
957 2777 1164 2820 vastum
1202 2783 1370 2832 mare,
1401 2767 1596 2837 quisti;

67 2849 260 2918 Atque
287 2858 435 2904 tuum
461 2851 664 2907 delecta
693 2863 901 2924 patrem
933 2857 1086 2910 nobis
1117 2857 1390 2926 peperisti.

65 2941 231 2996 Luna
265 2943 474 2998 micans
505 2946 672 2999 solem
699 2946 864 3002 multo
887 2947 1004 3016 plus
1037 2957 1086 3001 te
1111 2949 1430 3004 renitentem

66 3033 290 3088 Fudisti
329 3034 512 3100 terris,
537 3045 590 3088 et
622 3051 714 3091 eas
745 3052 851 3106 quo
879 3038 1034 3108 plena
1067 3041 1322 3096 manebas

65 3125 424 3192 Inradiando,
450 3141 620 3197 genus
651 3129 818 3183 nostri
849 3129 1056 3200 lapsum
1087 3134 1372 3201 reparasli.

65 3215 352 3285 Ergo'cui,
385 3217 566 3286 regina
591 3217 717 3287 poli,
745 3235 1049 3290 conponere
1079 3224 1280 3293 quibo?

67 3310 338 3364 Sanctior
356 3323 414 3364 es
435 3311 660 3378 cunctis,
692 3327 822 3367 sexu
846 3312 1053 3368 felicior
1076 3316 1241 3369 omni.

65 3397 358 3453 Cultor-um
389 3400 647 3456 miserere
675 3401 750 3456 tui
776 3401 888 3472 jam
929 3414 1050 3458 nata
1093 3406 1354 3474 potentis;

65 3489 288 3558 Gloria,
315 3492 434 3548 laus
464 3502 518 3548 et
541 3494 736 3560 honor,
769 3497 1092 3566 radiausque
1114 3498 1279 3553 decus
1309 3499 1402 3554 tibi
1430 3514 1673 3570 semper;

68 3583 164 3638 Sit
189 3584 476 3640 benedicta
506 3585 598 3642 Dei
632 3596 806 3662 mater
832 3590 1060 3660 sceptris
1090 3590 1144 3645 in
1185 3589 1320 3645 Iesu.

299 3697 428 3770 (Hic
463 3699 533 3754 ad
555 3717 702 3756 oram
727 3703 922 3758 codicis
949 3701 1138 3774 legitur
1161 3707 1464 3778 DIERESIS.)

144 3789 356 3846 Frebus
382 3792 514 3858 abit,
543 3794 828 3865 noctisque
856 3796 998 3852 redit
1021 3795 1198 3868 caligo
1221 3811 1450 3862 serenat,

67 3882 449 3952 Excubiisque
484 3900 714 3955 nequam
743 3885 840 3928 ³⁰¹⁰
883 3889 1048 3942 turris
1079 3891 1299 3959 saepitur
1327 3891 1520 3961 opimis
1561 3891 1676 3944 ³⁸⁸³.

65 3975 296 4028 Aurora
328 3974 537 4044 girante
565 3977 738 4047 polos,
769 3978 1014 4048 girantur
1040 3990 1094 4034 et
1121 3995 1317 4046 arces;

67 4065 382 4122 Mortiferis
409 4069 672 4138 siquidem
707 4071 826 4128 telis
863 4072 1229 4141 quatientibus
1259 4073 1394 4132 illas.

65 4157 328 4212 Arrietes
356 4157 590 4214 conﬂant
625 4161 744 4226 m',
782 4175 1056 4232 tnntmque
1095 4162 1278 4218 locant
1307 4162 1376 4218 ab
1405 4177 1506 4218 eoo

70 4252 130 4305 ln
165 4251 386 4317 turrim,
430 4253 830 4324 contemplatur
857 4255 1328 4324 septentriocelsa

75 4345 130 4398 In
166 4353 358 4414 portas
378 4343 574 4410 alium;
612 4347 782 4402 tenuit
813 4355 1002 4402 contra
1031 4347 1170 4401 latus
1196 4345 1315 4415 ejus

68 4436 507 4504 Oc-que-eidens
539 4446 772 4494 ternum.
799 4437 991 4510 Magno
1023 4455 1144 4494 cum
1189 4437 1428 4509 pondere
1451 4437 1622 4492 nostri

71 4526 258 4593 Tigna
295 4534 514 4595 parant,
537 4543 766 4596 quorum
795 4528 982 4584 calibis
1012 4530 1146 4585 dens
1177 4545 1384 4584 summa
1405 4535 1684 4600 peragrat,

71 4616 338 4670 Machina
367 4633 474 4688 quo
511 4619 672 4674 citius
703 4619 906 4674 Danum
937 4619 1140 4690 quissei
1169 4619 1468 4686 terebrari;

69 4707 395 4762 Cotiﬂciunt
417 4708 588 4778 longis
606 4725 756 4780 aeque
785 4711 942 4782 lignis
969 4713 1256 4782 geminatis

71 4801 356 4871 Mangana
389 4816 508 4871 quae
537 4803 754 4872 proprio
783 4803 924 4874 vulgi
955 4803 1110 4860 libitu
1133 4805 1464 4868 vocitantur,

74 4891 239 4946 Saxa
269 4891 688 4960 quibusjaeiunt
712 4892 968 4963 ingentia,
1001 4909 1093 4950 seo
1107 4893 1397 4964 iaculando

73 4981 338 5037 Allidunt
367 4985 594 5039 humiles
616 4999 820 5041 scaenas
844 4985 939 5028 ἀπ’
963 4989 1136 5058 gentis
1173 4986 1540 5055 truculentam

76 5076 240 5144 Sepe
261 5077 472 5145 quidem
499 5078 782 5132 cerebrum
814 5079 1024 5136 cervice
1055 5077 1276 5134 trahunt
1306 5080 1609 5152 elegorum,

161 5186 304 5244 Vers
339 5189 464 5246 420.

935 196 1024 252 DE
1053 195 1278 252 BELLO
1317 193 1680 250 PARISIACO
1713 193 1890 248 LIBRI
1929 191 2128 248 TRES.
2165 222 2236 234 -—-
2273 191 2400 250 LIB.
2439 191 2480 246 l.

1701 319 1752 380 Α
1783 305 1923 362 Vah!
1957 305 2262 376 multosque
2311 311 2499 360 terunt.
2533 302 2742 366 Danos,
2769 297 2950 370 plures
2995 308 3210 367 quoque
3240 291 3356 362 pe!-

3246 177 3352 236 πει

3030 385 3138 459 [tas
3163 383 3284 442 “m.

1770 500 2025 555 Itnmunis
2057 501 2150 536 ³⁸³³
2181 499 2384 568 clipeus
2413 497 2588 552 fracta
2623 493 2800 550 nullus
2830 491 2934 548 fuit
2963 491 3136 546 hictus
3167 488 3283 546 'm.

1771 591 1940 658 Quem
1965 591 2057 622 ¹⁰⁸⁷
2091 590 2212 644 talis
2239 591 2433 658 tetigit.
2471 603 2574 642 non
2607 585 2746 640 ullus
2779 589 2950 638 morte
2975 578 3217 634 misellus
3237 576 3353 634 "’“.

1769 684 1866 736 Ast
1891 681 2131 738 infelices
2159 681 2342 736 foveas
2374 679 2624 750 supplere
2661 676 2901 746 falanges

1771 765 2106 844 Nequiquam
2138 775 2382 836 tendunt,
2415 781 2634 842 potuere
2659 768 2868 838 replere
2897 779 2996 820 nec
3023 763 3207 818 ullam.

1770 867 2088 922 Nitebamur
2117 867 2261 920 enim
2291 865 2550 918 arietibus
2574 859 2923 932 pessumdare
2945 857 3168 922 turrim;

1771 959 1914 1026 ρυλε
1936 959 2188 1027 quoniam
2218 965 2484 1024 nequeunt
2509 954 2676 1022 :nquis
2703 951 2968 1006 deducere
2997 946 3222 1015 campis,

1771 1051 2080 1118 (lorrip'.uut
2109 1057 2292 1100 ternas
2319 1044 2488 1100 rabidi
2515 1042 2726 1098 kimbas
2759 1040 2850 1082 ²⁰¹⁹
2879 1040 3011 1094 satis
3047 1037 3156 1092 alta

1773 1139 2122 1208 Froudiragis
2147 1138 2396 1205 equidem
2424 1135 2574 1190 silvis
2603 1132 2888 1203 gravidare
2917 1128 3224 1208 ﬂagrantes,

1771 1234 2108 1290 Postrennun
2137 1229 2408 1284 Vulcanus
2439 1228 2516 1282 eis
2556 1224 2828 1296 inponitur
2858 1221 3076 1276 ardens.

1773 1325 2186 1379 Flaimnivomas
2209 1322 2390 1374 oriens
2417 1317 2640 1374 dimittit
2669 1330 2762 1370 eas
2789 1309 3192 1384 pedetemptim,

1771 1417 2146 1486 Anguiuisque
2179 1412 2276 1444 ²⁰⁸⁰
2295 1411 2666 1482 trahebantur
2694 1406 2838 1486 ripas
2867 1417 3022 1460 secus
3053 1400 3182 1470 ipsa

1773 1483 2118 1578 Aaipnutcm,
2145 1521 2238 1560 seu
2271 1501 2618 1572 conspicuam
2641 1483 2942 1552 conburere
2975 1489 3188 1546 turrim.

1775 1599 1918 1652 Silva
1953 1597 2116 1650 vomit
2139 1595 2402 1656 Ilainmas,
2438 1588 2802 1644 arentlatices
2838 1582 3142 1654 pelagique,

1694 1685 1740 1744 B
1770 1689 1935 1744 Terra
1964 1687 2150 1758 gemit,
2179 1685 2380 1739 virides
2405 1681 2586 1736 herbae
2623 1678 2930 1732 moriuntur
2953 1673 3018 1725 ab
3041 1669 3184 1740 igni;

1767 1753 2024 1836 Lemnius
2053 1789 2214 1846 atque
2251 1785 2443 1844 potens
2485 1770 2732 1841 Neptuno
2763 1775 2870 1822 stat
2917 1763 3052 1833 pede
3085 1761 3212 1814 trito
3241 1753 3364 1820 ²⁰⁸¹ι

1766 1873 1952 1942 Regna
1991 1871 2094 1941 poli
2117 1867 2306 1924 furvus
2334 1873 2598 1936 penetrat,
2632 1862 2910 1928 nubesque
2939 1859 3206 1926 peragrat.

1769 1965 1906 2020 IIiuc
1931 1963 2088 2018 tellus
2118 1971 2172 2016 et
2201 1975 2352 2031 ager,
2385 1956 2551 2012 limite
2580 1953 2804 2022 caelique
2831 1955 3192 2010 cremantur;

1769 2057 1912 2113 Urbs
1936 2057 2099 2127 luget,
2137 2051 2476 2124 speeulmque
2503 2049 2710 2106 timent.
2747 2051 2800 2098 et
2829 2040 3005 2098 menia
3027 2034 3268 2127 deﬂent;

1769 2147 1906 2210 Heu,
1941 2125 2098 2214 quam
2129 2159 2317 2212 magna
2347 2141 2519 2196 oculis
2547 2144 2772 2194 manant
2801 2132 3088 2188 lacrimosa
3115 2125 3288 2182 beatis

1769 2241 2048 2296 Flumina!
2089 2239 2226 2292 Dant
2251 2234 2457 2305 pulchri
2479 2232 2728 2301 juvenes,
2753 2227 2846 2283 sed
2867 2233 2922 2281 et
2945 2223 3065 2278 alba
3090 2225 3372 2280 senectus,

1771 2331 2040 2384 Mcrenles
2060 2328 2314 2396 gemitus,
2345 2333 2656 2390 matresque
2677 2317 2837 2386 jubas
2858 2311 3110 2368 laniando

1772 2419 1944 2489 Terga
1969 2419 2168 2472 dabant
2197 2415 2377 2478 siccre,
2405 2411 2690 2480 crinesque
2719 2421 2816 2476 per
2843 2416 2970 2458 arva
2999 2396 3368 2456 revolvunt—

1772 2512 1865 2566 Hae
1888 2509 2071 2565 colatis
2103 2507 2300 2561 nudata
2323 2504 2438 2560 suis
2459 2501 2572 2570 jam
2605 2505 2826 2569 pectora
2859 2493 3108 2550 tundunt.

1771 2603 1842 2658 At
1871 2616 2094 2658 secuere
2123 2613 2293 2669 genas
2321 2595 2440 2650 aliae
2469 2590 2710 2646 lacrimis
2745 2581 3105 2644 madefactas!
3259 2668 3268 2669 ί
3349 2645 3354 2650 ἢ

1774 2693 1910 2748 Tum
1947 2668 2216 2760 trepidant
2245 2687 2410 2750 cives,
2449 2681 2739 2750 cunctique
2764 2685 2958 2734 vocant
2987 2668 3370 2732 celebrandum

1772 2783 2102 2839 Germanum
2131 2797 2144 2834 :
2181 2777 2430 2832 Miserere
2465 2773 2588 2837 mis,
2617 2767 2893 2834 Germane,
2919 2762 3172 2820 misella!
3193 2789 3266 2802 —-

1771 2875 2010 2932 Parisius
2040 2871 2232 2942 praasul
2260 2869 2432 2924 fuerat
2462 2862 2838 2921 sanctissimus
2861 2858 3011 2922 olim,

1773 2961 2102 3023 Inlustrabat
2128 2977 2248 3018 eam
2273 2961 2426 3032 cujus
2451 2953 2760 3028 venerabile
2781 2965 2980 3020 corpus
3001 2977 3075 2989 -—

1700 3051 1746 3112 C
1777 3059 1952 3114 Meuia
1989 3053 2243 3111 Germani
2275 3063 2470 3106 nomen
2501 3047 2768 3110 recinunt,
2801 3050 2854 3098 et
2897 3041 2950 3096 in
2981 3037 3132 3094 omni

1775 3148 2056 3204 Exclamat
2079 3142 2232 3197 miles
2253 3137 2468 3212 specula
2491 3135 2759 3206 primique
2789 3131 3066 3186 virorum:

1777 3238 1821 3294 0
1861 3236 2096 3308 famulis,
2126 3231 2402 3292 Germane,
2423 3229 2528 3282 tuis
2549 3238 2851 3282 succurrere
2871 3219 3044 3276 disce!

1773 3305 1982 3382 Lit-lora
2009 3339 2101 3379 seu
2124 3320 2314 3391 liquidi
2347 3318 2524 3374 laticis
2545 3316 2639 3348 ²⁹³³
2661 3313 2880 3384 pelagus
2917 3311 3038 3364 citet
3058 3305 3155 3340 ²⁰³³
3177 3305 3370 3368 altum,

1778 3417 2137 3485 Sidereosque
2169 3414 2390 3466 thronos
2436 3408 2630 3476 quibus
2657 3404 2875 3468 emicat,
2921 3407 2979 3456 ut
2999 3397 3168 3466 jubar
3197 3394 3374 3452 almus

1777 3507 2044 3562 Verberat
2070 3505 2402 3564 iunumerus,
2432 3501 2568 3552 echo
2595 3494 2912 3556 comitante,
2935 3491 3162 3552 hoalus;
3339 3515 3364 3524 ς

1778 3601 2108 3659 Germanum
2141 3593 2430 3666 respondet
2457 3600 2512 3646 et
2545 3590 2674 3644 urbs
2697 3582 3060 3642 vocitantibus
3097 3580 3294 3649 ipsum.

1777 3696 2122 3753 Concurrunt
2157 3699 2357 3746 matres
2379 3685 2584 3758 pariter
2612 3681 2946 3751 iuvenesque
2975 3672 3163 3744 puella:

1778 3790 1859 3845 Ad
1890 3787 2074 3844 Sancti
2108 3783 2391 3846 tumulum,
2426 3777 2682 3848 suffragia
2713 3785 2934 3845 poscere
2960 3776 3134 3842 grata.

1778 3875 1968 3937 Infelix
1995 3889 2049 3934 et
2072 3879 2141 3934 ob
2175 3878 2274 3931 hoc
2303 3872 2531 3945 populus
2559 3869 2726 3926 subiit
2753 3865 2917 3921 nimis
2949 3862 3056 3916 alta

1780 3973 2010 4036 Gamlia,
2039 3969 2380 4024 subsannans
2406 3964 2553 4018 cives
2580 3956 2901 4024 Dominique
2929 3961 3226 4006 catervam.

1784 4063 1948 4118 Scuta
1975 4059 2176 4112 dabant
2203 4055 2372 4124 alapis
2407 4051 2636 4120 reprobo
2674 4049 2788 4102 risu
2807 4041 3086 4104 saturatis,

1783 4150 2098 4220 Argutoque
2129 4151 2340 4200 tument
2379 4142 2571 4196 borum
2599 4137 2832 4192 distenta
2863 4134 3024 4186 boatu

1785 4242 2042 4305 Guttura,
2069 4250 2144 4304 et,
2173 4235 2398 4290 urbanis
2419 4228 2816 4302 plangentibus.
2850 4239 2976 4279 aera
3001 4232 3196 4289 magno

1785 4333 2080 4402 Implentur
2103 4329 2306 4391 sonitu,
2339 4325 2576 4382 clamore
2599 4321 2778 4376 minus
2799 4314 2930 4370 nihil
2961 4309 3160 4380 amplo,

1709 4405 1760 4464 D
1787 4429 1902 4484 Vox
1929 4427 2145 4482 auditur
2168 4424 2220 4478 in
2253 4419 2502 4483 excelsis,
2532 4425 2586 4472 et
2607 4416 2786 4470 luctus
2813 4412 2864 4466 in
2894 4407 3108 4464 :ethris!

1782 4520 1854 4576 At
1881 4520 2021 4574 Deus
2049 4509 2390 4584 omnipotens
2412 4509 2588 4566 onmis
2615 4505 2836 4560 fabricae
2861 4504 3155 4569 ratparator

1783 4613 1965 4676 Orbis,
1996 4611 2147 4664 adest
2173 4606 2436 4677 praicibus
2471 4598 2654 4656 Sancti
2682 4596 2961 4666 rogitatus,
3001 4595 3058 4643 et
3087 4588 3200 4657 ipse

1784 4704 1830 4761 Ο
1857 4704 2148 4764 Germane,
2179 4698 2334 4754 venis
2365 4693 2552 4751 humili
2581 4699 2898 4744 succurrere
2923 4680 3064 4754 plebi

1786 4797 2021 4861 Auxilio,
2063 4794 2410 4863 lapidumque
2431 4789 2592 4844 salire
2619 4793 2824 4838 struem
2851 4791 3012 4849 super
3039 4773 3206 4828 altam

1789 4887 2206 4946 Flammivomas
2227 4899 2452 4955 puppes,
2483 4885 2703 4950 pontem
2727 4891 2798 4929 ne
2825 4873 3032 4928 Iederet
3053 4865 3189 4928 ulla,

1787 4985 1905 5056 Ipse
1937 4979 2196 5050 coegisti;
2228 4987 2449 5048 pontem
2478 4977 2747 5028 sustentat
2772 4968 2821 5022 is
2851 4973 3034 5056 agger.

1789 5047 2064 5134 Continuo
2091 5047 2312 5125 Domini
2341 5065 2567 5144 populus
2593 5059 2875 5114 descendit
2897 5052 2964 5107 ad
3003 5047 3184 5117 ignes,

1383 5359 1680 5422 GLOSSE
1717 5363 1810 5422 ET
1845 5357 2084 5423 NOTAE.

1930 5514 1976 5540 -Ι
2095 5507 2190 5540 non
2213 5515 2450 5540 ,νεηηηηι
2478 5499 2528 5540 nl
2641 5491 2734 5525 1οη
2758 5493 2931 5536 iam“.
2964 5485 3014 5518 ...1
3139 5483 3228 5504 aut
