3848 5548
115 252 210 313 757
842 336 848 341 _
923 251 1010 308 DE
1043 250 1266 310 BELLO
1305 251 1669 310 mmsmco
1708 250 1889 309 LIBRI
1929 253 2126 310 rues.
2169 230 2240 294 -ς
2275 252 2405 309 LIB.
2447 251 2487 307 l.
2617 265 2634 277 -
3259 246 3365 305 ηδε

112 365 382 436 Transque
445 370 635 421 natant
703 355 1035 433 Sequanam,
1101 363 1292 416 turrim
1345 361 1674 431 cinguntque
1701 364 1750 423 Α
1779 360 1893 415 Non
1921 362 2052 416 alias
2074 378 2199 416 vere
2229 349 2549 432 caperentur
2573 360 2689 417 lucc
2719 361 2819 417 sub
2861 361 2973 427 illa,

1290 450 1599 524 [misellam.
1777 451 1916 516 Heu,
1957 455 2084 508 nudi
2115 453 2350 522 gladium
2379 456 2611 508 subeunt
2631 454 2807 524 gentis
2837 453 3176 519 truculentia,

113 549 266 606 Multa
293 549 494 604 dabant
519 547 592 603 illi
621 546 802 603 densis
826 545 1123 603 certamina
1148 544 1290 600 telis.
1777 544 1846 598 Et
1870 543 2008 598 ctelo
2039 545 2259 598 mittunt
2285 545 2494 600 animas
2520 543 2687 599 livore
2708 546 2800 580 ¹⁰⁷⁹
2820 544 3054 613 ﬂuente;

113 643 247 700 Urbs
269 627 522 705 tremuit:
539 640 766 710 lituique
789 638 884 671 '°“
907 639 1096 704 boant,
1122 635 1470 707 lacrimisque
1494 636 1675 707 rigan-
1778 634 2019 708 Martyrii
2056 637 2284 707 palmam
2321 646 2540 692 sumunt
2567 653 2858 708 caramque
2893 653 3175 694 coronam.

1492 725 1606 800 [tur
1848 727 1968 782 Mox
1985 728 2206 798 reliquis
2225 727 2322 764 ³⁸⁸⁸
2335 739 2392 783 ut
2407 730 2553 784 visus
2567 730 2719 784 adest
2732 728 2825 762 ’⁸⁸³
2843 730 3366 800 genitilibusErveus,

109 823 316 886 ania,
361 836 564 893 rusque
624 821 792 893 gemit
837 827 1031 885 totum,
1063 819 1393 892 pelagusque
1420 820 1674 894 remugit.
1779 819 2187 889 Rex,quoniam
2207 819 2346 874 facie
2364 820 2651 891 splendens
2677 819 2956 890 formaque
2969 829 3226 877 venustus
3247 821 3370 888 ⁸ου,

106 916 240 970 Aera
267 915 602 970 circumeunt
631 912 835 983 lapides
855 920 912 966 et
938 910 1139 981 spicula
1177 911 1384 966 mixtim
1409 927 1425 977 ;
1779 909 2051 974 Creditur,
2083 918 2242 980 atque
2273 911 2356 965 sui
2384 911 2541 966 donis
2571 921 2854 983 grassante
2883 913 2980 944 ¹⁰⁸³
3006 923 3207 979 tuetur;

106 1006 414 1061 Exclamant
437 1005 625 1068 nostri,
657 1003 996 1072 clamantque
1034 1001 1165 1056 Dani
1191 1001 1351 1058 simul
1383 1015 1603 1069 omnes;
1779 998 2048 1056 Protenus
2073 1001 2168 1035 '°”
2192 1002 2384 1055 intuitu
2411 1002 2530 1056 fuso
2548 1005 2816 1059 cernendo
2839 1004 2936 1036 '°"
2961 1005 3171 1060 sodales

106 1097 270 1152 Terra
301 1097 500 1161 tremit,
533 1095 700 1150 nostri
736 1094 934 1165 lugent,
965 1091 1215 1148 laetantur
1249 1103 1304 1148 et
1332 1093 1428 1148 illi.
1781 1089 2012 1145 Dilectos
2043 1089 2199 1159 plecti
2231 1091 2346 1155 "8°,
2379 1102 2650 1161 tamquam
2680 1092 2764 1146 leo
2793 1094 3054 1161 sanguine
3084 1094 3206 1150 viso

103 1188 347 1257 Dumque
370 1186 576 1249 volunt,
605 1186 750 1240 cives
780 1193 1051 1254 nequeunt
1080 1199 1400 1240 succurrere
1432 1183 1571 1240 turri
1779 1179 1897 1252 Ipse
1921 1183 2072 1246 furit,
2103 1198 2416 1254 conansque
2443 1199 2634 1238 manus
2659 1184 2831 1239 vitare
2866 1193 3163 1250 tenentum,

101 1278 281 1348 Atque
303 1278 438 1333 viris
466 1277 606 1334 bello
641 1277 1124 1348 deferrejuvamen
1163 1276 1396 1343 anhelis,
1783 1270 2037 1342 Undique
2067 1272 2116 1326 vi
2139 1272 2308 1327 voluit
2339 1282 2512 1327 semet
2541 1288 2638 1328 ceu
2667 1288 2858 1340 nexus,
2889 1283 2947 1328 ut
2967 1290 3119 1330 arma

101 1369 249 1438 Quos
273 1369 448 1426 valide
474 1384 699 1425 numero
735 1369 1006 1424 bellantes
1028 1370 1127 1426 sub
1159 1369 1404 1425 duodeno
1783 1361 2054 1431 Sumeret,
2088 1364 2272 1420 ulcisci
2300 1365 2393 1397 ²⁰¹¹⁷
2424 1365 2670 1436 preprios
2699 1365 3004 1436 socialeque
3022 1367 3262 1435 vulnus‘;

102 1461 329 1518 Runtfea
360 1461 442 1516 vel
473 1461 704 1516 formido
734 1462 942 1516 Danum
979 1478 1083 1516 non
1109 1461 1304 1517 terruit
1325 1476 1602 1533 umquam.
1781 1452 2124 1524 Obtentuque
2145 1469 2336 1510 carens
2357 1453 2492 1526 ipso,
2519 1457 2598 1512 sic
2629 1458 2940 1528 insuperata

101 1552 325 1610 Diﬂicile
353 1562 436 1608 est
471 1553 614 1607 dictu
652 1551 874 1618 bellum,
903 1560 985 1607 set
1023 1554 1241 1608 nomina
1269 1551 1365 1584 m'
1405 1553 1634 1608 subsunt
1660 1569 1674 1608 :
1780 1541 2128 1613 Limphantes
2156 1543 2252 1577 ⁸⁸⁵⁸⁸
2273 1545 2446 1614 potuit
2475 1561 2581 1616 qua
2608 1561 2738 1602 voce
2763 1547 2970 1602 tonavit
2997 1547 3052 1602 in
3082 1562 3244 1604 aures
3275 1563 3292 1604 :

98 1645 524 1709 Ermemfredus,
554 1645 800 1711 Eriveus,
832 1645 1140 1709 Erilandus,
1163 1643 1431 1710 Odaucer,
1782 1631 1967 1690 Cedile
1987 1649 2072 1690 me
2095 1644 2246 1691 tensa
2273 1637 2506 1702 cervice.
2536 1639 2762 1708 pecunia
2785 1654 3010 1708 prorsus

95 1737 282 1801 Ειρνίο,
309 1735 598 1799 Αιιιιοιάυε,
626 1734 824 1796 Solius,
852 1734 1172 1796 Gozhenus,
1207 1731 1400 1799 υγίίιο,
1709 1724 1760 1786 Β
1786 1722 1939 1780 Nulla
1968 1741 2144 1780 meam
2177 1735 2366 1781 tractet
2399 1728 2585 1792 vitam,
2614 1729 2970 1785 morientibus
3000 1730 3152 1786 istis!

95 1826 394 1888 Ardradus,
444 1826 756 1895 pariterque
801 1825 1106 1889 Eimardus,
1144 1824 1572 1895 Cozsuinusque.
1792 1814 1980 1870 Vivere
2009 1817 2138 1887 quid
2168 1818 2390 1872 sinitis?
2415 1817 2729 1875 Frustratur
2749 1831 2926 1876 vestra
2957 1823 3188 1892 cupido!

97 1918 282 1990 Seque
311 1919 426 1974 neci
464 1918 644 1988 plures
669 1917 764 1950 ‘°"
803 1917 1080 1972 sociarant
1114 1933 1180 1972 ex
1215 1919 1468 1975 inimicis.
1785 1908 1916 1977 Quae
1954 1909 2046 1965 ῘυΧ
2075 1911 2218 1966 hand
2248 1912 2384 1980 eius.
2423 1913 2613 1968 ωῖευίι
2645 1914 2737 1970 sed
2775 1915 3013 1970 crastina
3044 1915 3194 1970 ﬂatu-

97 2011 167 2066 lli
217 2009 310 2042 ’°“
351 2011 605 2080 quoniam
644 2018 921 2079 nequeunt
963 2009 1159 2065 animis
1206 2011 1488 2066 curvarier
1526 2012 1616 2066 atr'

1785 2003 1915 2070 Quae
1936 2018 2114 2069 voces,
2149 2019 2267 2074 quae
2294 2005 2494 2076 lingua,
2521 2007 2662 2076 quod
2682 2022 2764 2073 os,
2792 2008 3021 2064 edicere
3048 2016 3275 2079 possunt

94 2101 345 2158 Estibus
377 2101 663 2170 accingunt
702 2110 1020 2169 carpentum
1053 2101 1332 2154 arentibus
1363 2101 1508 2155 arcis
1787 2093 1934 2148 Bella
1964 2103 2042 2149 ιοι
2071 2096 2152 2151 liis
2175 2107 2328 2166 prato
2355 2100 2552 2170 egregii
2577 2101 2864 2156 commissa
2889 2102 3037 2156 relati
3059 2103 3198 2156 ’σε’θῖ

91 2194 239 2246 Ante
263 2191 402 2247 fores
430 2192 584 2262 gurdi
615 2191 712 2222 ’°"
745 2191 1063 2244 miserandae
1085 2190 1330 2260 gramine
1359 2190 1612 2259 plenum;
1787 2183 2034 2255 Quotque
2057 2198 2386 2242 necaverunt
2425 2188 2764 2246 Normannos
2787 2193 2916 2247 hic?
2941 2203 3071 2264 quot
3101 2202 3156 2249 et
3175 2194 3294 2249 urbi

89 2283 502 2354 Fulmineisque
529 2282 674 2336 velut
704 2280 870 2334 Ρωὺο
898 2281 1000 2333 sub
1029 2295 1153 2333 rura
1175 2280 1428 2348 procellis
1790 2275 2067 2329 Duxerunt
2101 2291 2281 2332 secum
2301 2278 2484 2333 vivos!
2512 2279 2630 2334 Jam
2653 2281 2831 2336 nullus
2853 2297 3039 2337 eorum

92 2374 215 2429 Nox
246 2383 416 2428 vacua
444 2372 543 2427 celi
581 2370 759 2442 specie
783 2369 879 2401 ¹⁰⁶⁶
915 2369 1266 2424 confunditur
1289 2368 1418 2432 alta,
1789 2364 1940 2421 Tunc
1969 2369 2198 2422 audebat
2228 2385 2412 2440 agrum
2441 2369 2625 2426 Sancti
2655 2375 3014 2430 conscendere
3038 2375 3229 2431 latum.

90 2466 206 2522 Fas
227 2466 322 2499 sou
345 2465 476 2519 ηηιιί
501 2464 772 2519 arridente
793 2479 948 2518 sum“
963 2470 1308 2516 contemnere
1331 2461 1684 2517 doma"“—
1789 2454 2058 2525 Quorum,
2085 2475 2196 2530 prae
2225 2470 2432 2517 terrore
2464 2502 2479 2528 ,
2508 2462 2682 2518 virum
2713 2467 3007 2522 certamina
3035 2482 3225 2538 promo
3250 2509 3265 2535 ,

92 2558 254 2612 Haud
277 2574 432 2614 secus
459 2557 696 2612 occuluit
719 2555 899 2611 fumus
924 2556 1196 2626 speculam
1221 2556 1508 2626 catapultis
1788 2551 2022 2621 Corpora
2050 2553 2292 2607 crudeles
2325 2553 2588 2625 Sequana:
2616 2557 2834 2612 tradunt
2860 2559 2977 2613 sine
3005 2561 3134 2626 vita,

90 2649 356 2704 lnmersis
386 2646 771 2716 aliquantisper
806 2645 1019 2700 fervore
1057 2645 1150 2677 ²⁰⁶⁹
1193 2655 1431 2702 tonante.
1792 2641 1937 2698 Laus
1963 2659 2147 2699 corum
2173 2644 2266 2680 ὀνο
2290 2644 2495 2717 jugiter
2521 2662 2824 2718 nomenque
2850 2665 2948 2720 per
2978 2667 3070 2706 ora
3108 2651 3372 2719 virorum,

93 2739 343 2809 Quisque
381 2735 475 2770 ὀπο
512 2738 625 2808 rogi
655 2739 903 2809 proprios
933 2737 1089 2794 ﬂatus
1136 2753 1204 2794 ne
1249 2739 1403 2794 clade
1449 2741 1690 2811 perirent
1786 2734 2132 2806 Insignesque
2157 2737 2317 2792 simul
2349 2747 2551 2794 mortes
2579 2748 2633 2793 et
2656 2739 2792 2794 bella
2817 2741 3091 2806 volabunt.

89 2830 403 2899 Accipitres
432 2829 560 2885 loris
585 2830 830 2900 permisit
859 2830 1011 2885 abire
1041 2830 1266 2897 solutis;
1791 2825 1883 2882 Sol
1908 2828 2076 2883 radiis
2097 2828 2267 2883 donec
2293 2829 2466 2887 noctis
2489 2844 2744 2901 pompare
2762 2835 3011 2888 tenebras
3033 2833 3152 2900 Im,

90 2920 273 2986 Quem
331 2922 424 2955 ὀτι
466 2922 590 2985 dum
649 2921 764 2991 jam
814 2923 1038 2994 cupiunt
1099 2938 1288 2980 omnes
1351 2926 1686 2997 extinguere,
1790 2919 1938 2974 Luna
1972 2921 2134 2985 diem,
2158 2921 2328 2975 stella:
2354 2921 2560 2991 pariter
2585 2935 2890 2992 conponere
2918 2925 3149 2980 discant.

1397 3013 1616 3088 [desunt
1719 3079 1754 3088 _
1790 3011 2254 3084 Prosternuntquc
2282 3015 2476 3069 dehinc
2499 3015 2770 3084 speculam
2795 3015 2861 3071 de
2903 3027 3077 3072 morte
3102 3016 3372 3073 dolentem

87 3100 243 3158 Vasa
277 3102 471 3174 quibus
497 3111 720 3172 possent
749 3103 939 3160 latices
967 3105 1183 3161 haurire
1220 3079 1468 3163 ﬂuentes.
1711 3079 1757 3140 (ἶ
1787 3105 2100 3160 Custodum.
2134 3079 2342 3161 Cecidit
2363 3105 2466 3161 telo
2483 3079 2762 3177 quatiente
2794 3107 3068 3162 Danorum

85 3192 343 3264 Namque
378 3193 587 3249 Danum
620 3195 982 3251 formidabant
1019 3214 1207 3254 ausum
1237 3200 1352 3255 fore
1375 3200 1577 3258 nullum
1790 3196 2043 3267 Signifer;
2078 3198 2165 3251 hic
2190 3207 2340 3252 artus
2366 3197 2514 3252 misit
2539 3195 2832 3267 ﬂatumque
2853 3197 3116 3253 Charoui.

82 3284 344 3356 JEquora
363 3287 474 3358 jam
513 3285 852 3343 Confessoris
885 3291 1196 3361 contingere
1227 3308 1438 3362 gressu,
1788 3287 1956 3344 Nemo
1983 3290 2116 3345 meis
2145 3305 2306 3360 super
2327 3290 2429 3345 hoc
2455 3290 2613 3344 dictis
2648 3291 2928 3362 insurgere
2953 3291 3092 3345 bello

81 3377 275 3432 Pansa
301 3378 450 3448 prius
479 3387 698 3449 propter
726 3380 934 3436 meritis
973 3381 1230 3436 miracula
1262 3382 1470 3438 Sancti.
1788 3383 2067 3447 Dccertct;
2100 3383 2365 3452 siquidem
2395 3395 2550 3437 nemo
2575 3383 2650 3437 nil
2681 3383 2861 3438 verius
2885 3382 3024 3437 ullus

82 3469 259 3525 Haud
280 3470 378 3504 'm
416 3471 682 3527 modicam
705 3473 943 3528 retinent
971 3473 1143 3528 solum
1177 3475 1280 3529 nisi
1304 3476 1500 3546 quippe
1534 3476 1685 3547 lage-
1787 3474 2068 3544 Expediet,
2101 3475 2353 3542 quoniam
2385 3474 2617 3544 propriis
2648 3474 2922 3528 obtutibus
2944 3474 3133 3540 hausi;

1440 3573 1612 3646 [nam
1790 3566 1881 3622 Sic
1899 3567 2058 3621 etiam
2084 3567 2238 3620 nobis
2261 3565 2463 3630 retulit,
2496 3565 2587 3635 qui
2630 3565 2877 3620 interfuit
2901 3565 3016 3634 ipse

74 3654 232 3722 Quae
257 3655 461 3713 claram
487 3656 737 3727 iaciendo
762 3658 912 3716 focos
935 3659 1241 3732 Sequanam
1268 3680 1430 3734 super
1450 3667 1610 3734 altos,
1785 3657 1966 3727 Atque
1989 3657 2223 3712 natando
2245 3665 2424 3712 truces
2463 3657 2668 3728 gladios
2699 3659 2929 3713 evadere
2955 3656 3148 3728 quivit.

73 3749 425 3805 Servantum
457 3749 592 3820 fugit
616 3750 798 3822 digitis
831 3752 1040 3824 dilapsa
1070 3755 1171 3810 sub
1195 3755 1314 3811 illos
1344 3755 1471 3824 ¹⁰⁷³;

1860 3748 1995 3804 Tum
2047 3747 2353 3818 Sequanam
2395 3747 2615 3814 saliunt,
2656 3747 3018 3820 Ligerumque
3058 3752 3246 3818 petunt
3273 3761 3371 3820 pa-

70 3837 343 3894 Vulcano
364 3840 526 3910 periit
549 3840 744 3896 claudo
773 3841 1057 3912 Neptunus
1085 3845 1327 3902 inermis.

2982 3837 3297 3912 [triamque.

68 3927 314 3998 Larque
338 3927 435 3961 ’³⁸⁷⁵
471 3943 634 4000 super
660 3931 854 3986 turrim
889 3932 1054 3999 saliit,
1083 3937 1343 3990 contrivit
1370 3944 1424 3991 et
1448 3955 1684 3995 omnem.
1787 3933 1895 3990 llas
1925 3935 2066 3989 inter
2087 3934 2326 4004 geminas
2349 3941 2635 4005 peragrant
2655 3933 2893 4002 prmdam
2923 3931 3223 4000 capientes,

70 4018 318 4074 Robora
343 4019 724 4090 congeminant
759 4023 993 4092 gemitus
1015 4038 1276 4094 oppressa
1305 4027 1404 4082 sub
1445 4027 1574 4100 igni,
1788 4026 1960 4094 Quam
1998 4026 2146 4096 regio
2169 4027 2280 4095 ipsa
2313 4040 2432 4079 meo
2462 4024 2834 4095 pandetjussu
2860 4023 3192 4078 dominante.

69 4107 227 4165 Plus
251 4107 396 4163 bello
421 4109 732 4166 dominante
754 4125 907 4182 rogo.
937 4111 1240 4168 Dimittitur
1269 4114 1359 4168 illa
1787 4117 1996 4173 Interea
2021 4132 2243 4187 sperans
2272 4115 2492 4181 Ebolus,
2530 4114 2855 4169 fortissimus
2885 4114 3042 4180 abba,

72 4196 382 4262 Militibus.
415 4199 599 4268 pontis
621 4199 854 4254 subeunt
883 4211 1127 4255 eXll'ema
1171 4203 1379 4258 relicta.
1787 4209 2027 4267 Gentiles
2057 4212 2195 4279 quod
2222 4211 2271 4264 in
2295 4211 2432 4264 hanc
2470 4209 2636 4264 issent
2664 4209 2865 4274 cuncti,
2898 4223 3065 4278 prope
3091 4207 3241 4264 solus

71 4288 279 4346 Prelia
310 4289 646 4345 constituunt
671 4291 766 4324 ’⁸⁷⁸
793 4291 903 4348 illic
926 4308 1064 4349 nova
1089 4308 1324 4366 sevaque
1353 4297 1532 4364 saevis,
1787 4302 1927 4358 Arce
1955 4303 2062 4357 ruit
2091 4303 2208 4368 “9',
2233 4301 2567 4371 dardumque
2593 4300 2773 4357 ferens
2799 4302 3020 4358 castella
3044 4303 3234 4374 petivit

73 4381 286 4437 Donec
314 4380 382 4435 ad
409 4379 516 4435 alta
544 4389 708 4452 caput
728 4380 877 4437 ﬂexit
904 4381 1142 4440 Phtebus
1163 4387 1298 4440 vada
1331 4390 1504 4457 ponti.
1711 4453 1761 4465 _
1789 4394 2032 4460 illorum,
2078 4396 2399 4464 hastamque
2430 4395 2651 4450 vibrans
2673 4393 2900 4465 proiecit
2933 4396 2984 4450 in
3014 4395 3162 4465 ipsa;

73 4471 216 4528 Pila
242 4472 409 4528 dabat
427 4485 698 4542 rupesque
722 4471 881 4528 simul
904 4473 1216 4545 celeresque
1235 4453 1441 4534 cateias
1711 4453 1768 4516 Β
1792 4485 1906 4540 Νοιι
1933 4453 2148 4555 sonipes
2177 4453 2360 4538 retulit
2389 4484 2544 4539 nobis
2572 4453 2737 4550 hunc,
2760 4453 2860 4539 nec
2899 4485 3019 4541 tulit
3034 4453 3195 4542 illuc.

69 4562 260 4621 Plebs
302 4562 520 4619 inimica
550 4562 680 4630 Deo,
697 4578 961 4634 pransura
983 4564 1226 4623 Plutonis
1259 4569 1313 4623 in
1341 4586 1476 4626 urna
1505 4571 1644 4644 ""3
1792 4577 2084 4634 Confestim
2119 4578 2323 4633 socium
2350 4577 2510 4632 nixus
2543 4577 2857 4642 munimine,
2878 4593 3021 4633 saeva

79 4653 209 4740 Sed
237 4655 362 4725 quia
385 4651 665 4709 conﬂictus
694 4654 816 4710 talis
842 4655 1221 4728 '°"_‘superare
1247 4661 1502 4730 nequibat
1527 4663 1624 4698 ’m
1791 4669 1982 4726 Castra
2003 4669 2160 4740 petit,
2185 4685 2475 4740 murosque
2503 4667 2648 4732 ferit;
2674 4684 2781 4738 quo
2808 4669 3064 4725 Lemnius
3091 4668 3236 4726 adsit

80 4739 367 4801 Militibus
394 4745 631 4801 clamare
660 4760 677 4800 :
707 4743 894 4801 Fidem
920 4750 1084 4819 cepit,
1110 4749 1204 4806 sed
1225 4751 1487 4821 inanem,;
1787 4739 2105 4832 lpsejubet;
2140 4739 2614 4830 pugnautnostri,
2637 4763 2970 4816 constantius
2993 4761 3104 4824 illi;

75 4835 178 4889 Ad
205 4845 448 4890 nostram
477 4850 791 4906 properare,
825 4836 948 4900 viri,
981 4838 1145 4895 nolite
1172 4841 1395 4897 timere!

1784 4853 2024 4924 Argutus
2055 4852 2151 4884 ²⁰⁹³
2175 4853 2409 4911 nimium
2433 4853 2681 4908 fremitus
2702 4851 2813 4920 jam
2839 4853 3011 4907 fumat
3049 4853 3116 4905 ab
3147 4850 3277 4912 illis,

71 4926 206 4982 Ρτο
233 4926 389 4982 ἀοιοτ
404 4929 417 4982 ί
448 4927 698 4998 alloquiis
724 4942 843 4983 sese
865 4929 1092 4986 credunt
1117 4931 1259 4988 male
1284 4935 1490 5004 θηοῑίεν»
1787 4945 2135 5014 Exiliuntque
2169 4943 2344 5011 foras,
2375 4947 2672 5016 vulgusque
2703 4941 2891 5014 fugant
2917 4944 3030 4997 sine
3070 4949 3240 5002 tactu,

74 5019 398 5088 Sperantes
415 5020 616 5092 praecio
645 5018 832 5074 redimi
857 5023 1096 5090 potuisse
1125 5024 1225 5079 sub
1251 5026 1456 5097 amplo;

1789 5041 2095 5096 Extiterant
2121 5036 2304 5107 plures
2334 5039 2603 5117 quoniam
2628 5035 2817 5099 nobis;
2846 5043 3022 5088 tamen
3042 5032 3145 5087 illis

177 5133 314 5190 Vers
351 5132 481 5190 6l2.

1401 5206 1696 5276 GLOSSAE
1732 5219 1821 5276 ET
1851 5217 2084 5277 NOTAE.

137 5269 780 5392 .'°‘:.3°:'1i3._€!:...:21'
815 5291 1142 5392 ἓξυειξξξειιει.
1175 5298 1254 5392 9!:
1313 5299 1424 5392 3°“

1895 5269 2248 5392 ἐεῖἐῖἐηιθι·
2292 5383 2305 5392 .
2500 5307 2616 5392 suo
2649 5304 2887 5392 es)":
2923 5304 3067 5392 sum
3114 5299 3411 5392 Nearer

87 5364 152 5398 η’
248 5367 340 5402 Im
371 5361 774 5452 pulchritudine
812 5363 914 5452 βία*
959 5369 1068 5452 ¹⁰⁰Ϊ
1106 5361 1257 5452 ΠΫῙΗ)
1302 5369 1411 5452 9¹⁶.
1471 5361 1564 5452 ’,Ψ
1583 5361 1606 5423 λ

1898 5361 2330 5452 ’ίό”ςὶ“ἷξ,]ίξ”9ι,
2437 5361 2905 5452 ,στὶ-ῥέξαιμι,
2975 5377 3299 5452 ’°"‘_rogum_
3341 5369 3415 5450 9!-

382 5383 772 5438 pmcnrttuume
808 5383 882 5487 lqt.
962 5383 1066 5405 """
1106 5383 1257 5428 lietto
1303 5383 1379 5440 gt.
1471 5383 1564 5410 ’³⁸⁸
1604 5383 1842 5437 domum,

382 5439 498 5482 ’³οη
530 5434 607 5486 ηιο
829 5440 1446 5535 οροδ.ρ];-,ἶ⁰ἶῗ-,1ἕηὶῆ
1494 5446 1744 5535 9’;...".’"
1781 5453 1890 5509 κει·

1921 5383 2017 5416 ¹⁰⁹⁹
2059 5383 2199 5452 ignis
2283 5383 2330 5439 Ι.
2437 5385 2535 5425 ιοτο
2575 5394 2642 5431 ex
2693 5383 2806 5429 All.
2839 5383 2905 5445 gl.
2975 5383 3066 5416 ὀτι
3109 5384 3299 5445 rogum
3341 5383 3416 5450 gi.

1916 5455 1988 5535 ρῖ·
2189 5399 2456 5535 οιὲἒιλρι.
2501 5446 3096 5535 .‘°"...E“'.99.e°l“¥.q‘.“
3146 5446 3425 5535 suam

830 5511 866 5524 ’⁷.
967 5511 1073 5542 ’δ”
1095 5512 1359 5548 cuna-dno
1393 5511 1444 5548 nl
1494 5511 1509 5516 v
1542 5519 1641 5548 IOIO
1674 5527 1685 5548 :
1748 5542 1768 5548 ..
1830 5511 2047 5548 --.Ῐῖιηη-
2097 5524 2139 5548 ,Ι
2235 5523 2343 5548 Inn-

1910 5511 2047 5548 fit”-..
2097 5524 2139 5548 -l
2235 5511 2456 5548 maca"
2500 5529 2511 5548 ι
2571 5541 2574 5544 .
2617 5517 2705 5548 308a
2734 5517 2835 5548 οηῖι
2886 5527 2992 5548 ιιι-ιιι
3021 5511 3064 5548 Lf
3158 5511 3259 5548 ,σοι
3284 5522 3429 5548 πη..
