3848 5670
508 383 617 445 759
1463 387 1751 445 ΔΒΒΟΝΙΞ
1781 386 2013 447 ΞΑΝΟΕ

2193 389 2403 451 [ΕΝ818
2441 388 2779 462 ΜΟΝΑΟΠΙ]
3579 393 3651 451 τιὸ

503 498 707 559 Οδνιιιε
734 499 823 558 hic
850 499 1074 566 Ebolus,
1102 499 1343 571 sociique
1379 499 1560 567 simul,
1591 502 1737 556 stetit
1758 502 1936 558 heros.

504 590 657 649 Band
685 592 830 649 illum
860 592 1073 649 fuerant
1092 592 1349 672 audentes
1376 603 1595 665 tangere
1624 592 1807 661 ferro;

504 682 821 754 Quingentis
847 683 1057 738 etiamsi
1090 692 1217 737 tunc
1239 683 1501 739 subnixus
1521 683 1737 739 adesset

504 771 689 843 Qualis
710 781 765 829 et
793 772 908 844 ipse
935 771 1053 838 fuit,
1084 772 1281 829 castris
1323 788 1441 829 sese
1478 773 1633 828 daret
1660 772 1824 839 ultro,

504 865 605 921 Ast
629 866 837 922 animas
858 866 1073 937 propria
1094 867 1160 922 de
1186 866 1310 922 sede
1332 865 1614 937 repelleret
1641 881 1863 933 omnes;

505 956 577 1011 At
600 957 725 1028 quia
754 957 1012 1013 militibus
1038 958 1236 1024 caruit,
1265 957 1344 1013 sic
1378 957 1565 1014 ludere
1591 966 1788 1017 cessat.

576 1047 815 1115 Nastria,
844 1049 1077 1104 nobilior
1103 1058 1327 1105 cunctos
1352 1048 1450 1086 '°“
1478 1050 1787 1121 regionibus
1813 1047 1981 1116 orbis,

506 1140 637 1210 Quae
660 1152 814 1198 vaste
834 1140 1014 1197 fueras
1040 1157 1323 1213 procerum
1352 1144 1600 1215 genetrix
1627 1142 2023 1210 dominantum,

506 1232 585 1288 Ne
611 1233 791 1303 pigeat
816 1243 972 1306 capta
999 1234 1135 1289 turri
1170 1236 1490 1306 producere,
1524 1250 1729 1307 quaeso,

506 1326 647 1395 Quot
667 1326 754 1381 vel
783 1343 916 1398 quas
939 1328 1168 1385 hausere
1193 1329 1290 1365 ⁸⁸³⁸
1315 1330 1445 1385 Dani
1489 1332 1700 1401 palmas
1727 1330 1843 1397 tibi,
1876 1344 2049 1388 necne

508 1421 683 1479 Ubera
713 1432 844 1493 quot
874 1438 1126 1494 pecorum
1158 1426 1391 1482 mulsere
1411 1432 1557 1479 tuum
1580 1424 1917 1496 peragrando

508 1512 811 1570 Disteutum
841 1515 1006 1570 variis
1028 1525 1257 1573 tractum
1280 1518 1429 1588 gazis
1461 1526 1642 1572 tamen
1674 1518 1913 1574 olim“"

864 1627 966 1701 (Ad
988 1644 1134 1683 oram
1151 1630 1266 1684 cod.
1285 1629 1399 1686 Vox
1421 1629 1725 1703 Nasutus.)

509 1734 579 1793 Mi
610 1736 819 1794 soboles
848 1737 966 1809 ιω,
988 1739 1181 1811 aliquis
1216 1755 1434 1798 censere
1458 1744 1674 1814 potest?
1707 1742 1934 1801 Etiamsi

512 1828 778 1885 Mfuerint
804 1842 1012 1888 cuncta:
1040 1833 1304 1902 volucres,
1328 1851 1610 1907 erumpere
1634 1852 1799 1895 voces

2107 511 2159 569 Α
2186 502 2495 575 Completnr
2518 502 2704 566 tauris,
2736 499 2970 557 snccnlis
3001 501 3113 565 ¹¹⁶¹,
3144 499 3383 570 simisqne
3402 503 3588 573 capellis.

2185 595 2364 667 Longa
2399 596 2621 650 trahunt
2649 593 2756 649 illic
2785 594 3014 664 suspiria
3047 603 3263 662 tumque
3291 592 3630 664 dehiscunt“,

2182 685 2421 757 Gprpora
2443 684 2576 747 ﬂant
2595 684 2778 739 dulces
2804 693 2995 739 ventos
3025 682 3121 715 "“
3149 684 3407 739 eruciaute
3426 686 3583 742 dolore.

2181 774 2489 840 Adveniunt
2515 775 2878 831 stabulatnres
2898 775 3013 839 "“,
3042 789 3106 830 ea
3135 774 3274 830 ferre
3299 777 3540 846 quoquina:

2182 865 2448 933 Nitentes,
2478 881 2598 925 cum
2622 865 2734 936 jam
2767 876 3023 923 maneant
3046 867 3216 938 epulae
3239 868 3546 924 innumeratis

2184 958 2494 1023 Vermibus,
2522 957 2749 1013 ecclesia
2774 972 3003 1029 quorum
3036 957 3205 1013 fetore
3241 958 3452 1027 repleta;

2185 1050 2483 1121 Exportant
2525 1049 2641 1117 ⁸⁸⁸⁸,
2679 1049 2943 1122 Sequana:
2986 1048 3231 1105 referunt
3263 1049 3377 1114 ⁸⁸³⁸,
3416 1064 3501 1104 non
3527 1064 3654 1123 nempe

3327 1138 3348 1212 [
3367 1140 3611 1211 «nomine,

2183 1232 2589 1305 Ecclesiamque
2611 1232 2764 1304 piant
2790 1230 3042 1296 bovlbus,
3083 1245 3184 1285 nec
3211 1229 3424 1285 caeditur
3440 1230 3566 1287 ultra.

2540 1347 2646 1420 (Ad
2669 1360 2814 1401 oram
2837 1346 2952 1401 cad.
2978 1346 3089 1401 Vox
3117 1344 3408 1416 Nos-ram.)

2188 1460 2394 1533 Legisti
2420 1461 2654 1533 praedas,
2677 1460 2841 1515 etiam
2864 1473 3129 1528 cognosce
3150 1458 3404 1527 trophca!

2188 1552 2409 1609 Restitit
2435 1551 2527 1584 ¹¹⁰⁷
2556 1550 2752 1624 oppida
2781 1566 3009 1622 quaeque
3038 1548 3157 1621 capi
3188 1565 3443 1619 supraema
3467 1549 3650 1613 voluntas;

2188 1638 2371 1701 Obfuit
2391 1653 2466 1711 at,
2495 1643 2722 1699 Domino
2754 1643 3042 1709 tribuente,
3073 1641 3287 1696 infirma
3318 1650 3519 1711 potestas
3538 1639 3613 1695 “".

2189 1733 2492 1792 Carnoteno
2537 1734 2629 1775 ²¹⁰⁹
2677 1736 2988 1789 innumeros
3034 1730 3315 1787 conﬂictus
3358 1732 3633 1803 applicuerunt

2191 1829 2410 1897 Allotili,
2436 1845 2623 1886 verum
2648 1829 2853 1901 liquere
2887 1827 3147 1883 cadavera
3181 1826 3326 1882 mille

510 1918 612 1976 Tot
641 1920 945 1992 nequeunt,
988 1922 1262 1979 hominum
1300 1933 1432 1996 quot
1463 1941 1661 1998 equum
1713 1927 2090 2003 pecudumque
2117 1940 2165 2003 Β
2192 1921 2293 1980 IIic
2317 1922 2607 1995 quingenta
2630 1919 2814 1987 simul,
2838 1920 3007 1975 rubeo
3036 1917 3326 1989 populante
3344 1915 3511 1972 duello.

1707 2020 1728 2094 [
1753 2020 2023 2094 boumque

512 2104 805 2178 Snblegere
825 2107 922 2150 "0"
950 2107 1081 2163 mihi
1111 2118 1266 2165 natos
1294 2119 1554 2182 natasque
1573 2127 1877 2184 suumque;

510 2194 757 2251 Flumina
784 2195 966 2251 balatu
993 2212 1252 2269 agnorum
1271 2241 1286 2266 ,
1317 2216 1436 2256 mea
1458 2202 1717 2274 gramina:
1739 2202 1861 2259 laeta

510 2286 670 2342 Prata
696 2298 892 2344 sonant
913 2287 1005 2330 '°"
1034 2290 1201 2346 denso
1231 2292 1437 2362 mugitu
1466 2301 1641 2365 tempe
1660 2293 1979 2364 iuvencum,

511 2378 908 2452 Cervorumque
932 2396 1123 2438 nemus
1152 2398 1317 2440 rauco
1339 2382 1573 2440 clamore
1600 2386 1852 2456 remugit,

511 2469 912 2543 Grunnitnsque
936 2471 1038 2528 mei
1063 2470 1226 2530 silvas
1254 2473 1536 2531 scindebat
1564 2489 1838 2545 aprorum.

515 2560 640 2617 Haec
675 2562 805 2618 mihi
833 2562 1139 2619 subduxere
1172 2572 1371 2631 truces,
1413 2564 1458 2618 si
1485 2566 1664 2621 noscis
1684 2573 1737 2621 et
1760 2566 1943 2623 audis!

585 2652 712 2710 Haec
745 2654 916 2710 oculis
942 2655 1188 2725 equidem
1215 2653 1365 2727 petii,
1389 2652 1587 2711 sistens
1616 2671 1777 2727 super
1804 2656 1954 2712 urbis

516 2744 732 2812 Moenia,
763 2760 861 2801 nec
890 2746 1006 2802 visu
1032 2744 1418 2815 claudebantur
1440 2761 1614 2817 neque
1648 2747 1809 2801 ritmo
1834 2746 1950 2816 “°°;

517 2836 589 2892 At
617 2837 869 2907 quoniam
903 2836 1045 2907 cingi
1071 2845 1343 2908 nequeunt
1366 2835 1537 2908 pratis
1574 2852 1674 2893 nec
1703 2838 1771 2893 ab
1790 2837 1953 2911 agris,

516 2928 756 2986 Etﬁcitur
775 2929 956 2986 bostar
989 2927 1243 3007 Germani
1268 2928 1525 2986 antistitis
1551 2929 1693 2998 aula,

596 3021 743 3078 Vers.
794 3019 919 3077 661.

2195 2014 2311 2071 Una
2338 2015 2453 2070 dies
2478 2014 2637 2069 istum
2665 2010 2834 2067 voluit
2860 2011 2939 2065 sic
2964 2010 3149 2065 ludere
3181 2009 3386 2072 ludum.

2193 2102 2293 2160 Bis
2317 2102 2563 2169 ducibus,
2596 2098 2921 2167 Godefredo,
2952 2115 3050 2154 nec
3077 2116 3182 2153 non
3215 2107 3271 2153 et
3299 2096 3497 2160 Odone;

2193 2197 2448 2269 Belligeri
2475 2196 2690 2254 fuerant
2715 2194 2955 2251 Uddonis
2980 2191 3221 2248 consulis
3247 2188 3416 2245 ambo.

2195 2291 2341 2347 Idem
2370 2290 2485 2345 Odo
2504 2269 2762 2359 priterea
2784 2285 3032 2356 opposuit
3058 2298 3115 2339 se
3135 2283 3332 2354 saepius
3360 2279 3474 2345 illis,

2192 2384 2262 2439 Et
2290 2383 2419 2438 vicit
2439 2380 2640 2452 iugiter
2665 2380 2854 2434 victor.
2885 2375 3021 2442 lien,
3056 2377 3291 2447 liquerat
3317 2374 3451 2428 illum

2194 2477 2396 2535 Dextra
2418 2489 2612 2530 manus
2642 2472 2782 2528 bello
2802 2470 3096 2542 quondam,
3127 2467 3287 2538 cujus
3309 2467 3416 2522 loca
3439 2460 3567 2520 cinxit

2195 2566 2418 2632 Ferrea,
2451 2578 2586 2635 pene
2616 2562 2799 2633 vigore
2828 2558 2997 2616 nichil
3025 2560 3296 2614 inﬁrmior
3323 2558 3456 2627 ipsa!

2198 2656 2312 2713 Nec
2336 2655 2508 2712 satius
2535 2654 2824 2726 quicquam
2857 2652 3031 2707 sortiti
3061 2652 3203 2720 apud
3237 2650 3291 2705 hi
3316 2648 3618 2705 Cinomannos,

2201 2748 2355 2805 Haud
2383 2746 2630 2819 equidem
2661 2744 2883 2814 reliquae
2911 2752 3196 2799 cesserunt
3222 2740 3431 2797 suavius
3454 2734 3586 2791 urbes.

2202 2836 2322 2895 Jam
2366 2837 2491 2909 quia
2538 2835 2727 2907 Apollo
2758 2833 2850 2866 ²¹¹⁰
2892 2842 3064 2909 rogat,
3112 2832 3356 2889 calamus
3391 2825 3655 2990 reilmiemmr

3486 2923 3620 2970 reatu.

3486 2923 3620 2970 reatu.

1601 3105 2290 3199 TERMINATUR
2343 3104 2767 3196 PRIMUS,

523 3230 986 3311 ORDITUR
1029 3232 1565 3314 SECUNDUS
1612 3235 2162 3314 BELLORUM
2220 3227 3078 3313 PARISIACIEPULIS
3109 3217 3656 3345 CODICELLUS.

526 3480 748 3554 Surgite
778 3478 931 3538 Musa
960 3482 1123 3550 celer,
1155 3482 1361 3555 lampas
1387 3484 1635 3542 accendit
1669 3498 1768 3540 eoa
1794 3484 1891 3518 ἰιι

520 3574 769 3639 Climata,
801 3572 1077 3631 luciferam
1101 3591 1329 3648 propera
1358 3588 1683 3648 prrevertere
1708 3578 1967 3648 plantam.

525 3665 760 3723 Saxonis
782 3666 866 3722 vir
893 3667 1147 3724 Ainricus
1170 3667 1432 3741 fortisque
1454 3678 1752 3740 potensque

527 3757 694 3814 Venit
722 3757 774 3813 in
804 3759 1064 3814 auxilium
1089 3758 1320 3825 Gozlini,
1350 3761 1581 3831 presulis
1604 3762 1785 3827 urbis,

526 3849 812 3917 At'tribuit
840 3851 1014 3907 victus
1048 3852 1123 3906 illi
1156 3852 1444 3922 laetumque
1465 3855 1702 3908 cruentis

527 3938 642 3996 Heu
673 3942 878 4012 paucis,
903 3942 1049 3997 anin
1077 3943 1242 3997 vitam
1273 3944 1471 4000 nostris
1501 3984 1515 4009 ,
1550 3944 1670 3997 tulit
1697 3944 1933 4014 amplam

530 4029 626 4086 His
655 4034 898 4103 predant.
966 4028 1089 4089 Sub
1118 4042 1274 4089 nocte
1301 4036 1461 4107 igitur
1482 4035 1714 4105 quadam
1745 4035 2050 4107 penetravit

528 4120 718 4177 Castra
753 4120 997 4189 Danum,
1041 4125 1239 4180 multos
1271 4135 1325 4180 et
1345 4141 1512 4196 equos
1535 4126 1645 4180 illic
1678 4126 1780 4182 sibi
1809 4128 1969 4196 cepit.

528 4216 736 4285 Agmen
763 4214 985 4271 Ainrico
1011 4217 1236 4272 cedente
1260 4217 1420 4272 nimis
1455 4217 1728 4272 Ianionum
1753 4259 1770 4283 ,

530 4300 773 4359 Eﬂieitnr
798 4304 973 4360 celsus
1003 4306 1226 4361 nimium
1250 4306 1458 4362 clamor
1484 4305 1874 4380 fremitusque;

538 4393 752 4449 Deserit
778 4395 916 4450 unde
943 4397 1096 4466 quies
1127 4407 1358 4463 nostros,
1389 4406 1446 4453 et
1469 4399 1647 4454 menia
1673 4400 1767 4439 ²¹¹¹
1797 4398 2017 4457 vallant.

532 4483 836 4541 Inmodicas
856 4500 1014 4540 voces
1034 4484 1231 4542 (lavere
1261 4486 1394 4542 Dani
1428 4490 1723 4545 morientes
1741 4530 1757 4555 ,

534 4572 786 4630 Inmensa
820 4583 1073 4630 resonant
1102 4577 1247 4632 cives
1268 4577 1544 4649 clangore,
1578 4589 1835 4650 paventes

537 4663 612 4723 Ut
635 4664 849 4722 solitum
873 4674 1187 4738 paterentur
1216 4668 1284 4723 ab
1322 4669 1405 4727 bis
1432 4686 1497 4725 ex
1525 4686 1673 4725 more
1693 4671 1954 4727 laborem.

539 4758 632 4816 Sic
657 4767 710 4816 et
734 4759 986 4816 Ainricus
1007 4771 1336 4832 postremum
1373 4773 1551 4818 castra
1582 4764 1835 4835 reliquit,

538 4850 708 4922 Culpa
735 4860 910 4905 tamen
930 4892 944 4917 ,
978 4849 1213 4921 fugiente
1238 4868 1391 4907 mora
1411 4893 1424 4916 ,
1452 4851 1692 4908 defertur
1715 4855 1781 4910 ad
1806 4871 2009 4911 arcem.

538 4943 653 5001 Pila
681 4942 1056 4999 ministrabant
1093 4944 1276 5000 acidas
1298 4944 1396 4978 ¹¹¹³
1421 4945 1700 5001 referendo
1724 4948 1942 5004 salutes.

539 5035 713 5094 Ianua
742 5038 1000 5094 militibus
1022 5048 1323 5104 reseratur,
1352 5038 1659 5094 comminus
1687 5055 1814 5095 acre

543 5130 781 5203 Urgetur
809 5129 1005 5186 bellum
1023 5170 1039 5195 ,
1071 5127 1228 5199 clipei
1261 5128 1514 5184 labuntur
1540 5138 1597 5184 et
1626 5114 1807 5185 enses.

550 5224 671 5280 Vita
703 5238 852 5280 meos
878 5222 1096 5279 adamat
1119 5221 1340 5277 dextros
1364 5220 1586 5292 oditque
1611 5221 1889 5288 sinistros,

617 5314 755 5373 Vers
789 5315 876 5373 40.

2135 3492 2183 3556 c
2214 3484 2444 3541 Infestos
2470 3483 2687 3541 adamat
2716 3499 2889 3551 mors,
2934 3484 3042 3540 vita
3071 3480 3542 3555 gubernat‘amicos.

2207 3576 2334 3632 Inde
2364 3593 2524 3648 sopor
2552 3578 2747 3646 repetit
2770 3578 2918 3633 cives
2942 3578 3282 3647 miserosque
3308 3573 3499 3646 fugella.

2280 3665 2425 3737 Rege
2452 3664 2761 3736 Sigemfedo
2785 3664 2879 3707 I‘“
2923 3665 3082 3720 simul
3112 3674 3201 3729 ast
3228 3663 3406 3720 Odone
3424 3663 3626 3730 loquente.

2208 3758 2476 3814 Protenus
2496 3756 2589 3790 ²¹¹⁸
2620 3775 2650 3812 a
2674 3758 2891 3828 specula
2919 3766 3199 3813 currentes
3227 3750 3588 3835 agminemulto.

2213 3849 2425 3904 Ducere
2453 3850 2591 3904 forte
2617 3861 2796 3903 truces
2822 3865 3005 3905 secum
3036 3860 3307 3904 conantur
3336 3847 3562 3907 Odunem;

2216 3940 2317 4007 Qui
2343 3943 2576 4011 primum
2606 3941 2879 4005 feriendo,
2903 3939 3023 3995 falae
3052 3938 3254 3995 fossata
3286 3939 3452 3994 volatu

2214 4031 2520 4089 Transsiliit
2540 4049 2768 4104 propero
2787 4073 2801 4097 ,
2830 4033 3059 4103 clipeum
3087 4042 3405 4103 gestansque
3430 4014 3662 4084 cateiam”.

2213 4124 2363 4182 More
2385 4141 2483 4180 suo
2508 4125 2722 4182 functus
2746 4126 2884 4191 bello
2907 4142 3095 4182 versus
3118 4109 3272 4181 stetit
3303 4127 3450 4180 heros
3466 4162 3479 4189 ,

2215 4217 2452 4272 Exiliere
2481 4218 2583 4271 viri
2616 4217 2833 4272 domino
2859 4216 3116 4290 suifragia
3151 4219 3339 4273 dantes
3348 4257 3373 4285 ,

2216 4308 2603 4385 Nobilibusque
2633 4318 2853 4380 stupent
2873 4309 2991 4379 ejus
3017 4323 3183 4379 super
3206 4308 3412 4363 artibus
3427 4314 3586 4360 omnes.

2287 4401 2641 4472 Conspiciens
2669 4401 3039 4471 Sigemfredus
3070 4409 3285 4479 nostros
3308 4400 3359 4463 in
3383 4406 3526 4473 agone

2217 4515 2351 4571 Esse
2373 4514 2518 4571 feros
2536 4554 2553 4581 .
2584 4516 2762 4585 inquit
2784 4514 2946 4571 sociis
2972 4553 2987 4569 .
3062 4513 3215 4571 Hanc
3241 4511 3457 4583 linquite
3478 4502 3628 4561 idem

2218 4606 2321 4662 Hic
2348 4622 2456 4662 non
2477 4616 2621 4662 stare
2635 4584 2726 4662 diu
2761 4615 3003 4663 nostrum
3026 4617 3209 4677 manet
3229 4605 3341 4669 ﬂ",
3359 4584 3665 4658 bincsedabiltl

2219 4698 2363 4769 Ergo
2387 4714 2513 4759 suas
2538 4708 2598 4771 ut
2623 4698 2878 4759 Ainricus
2898 4699 3126 4754 secessit
3148 4699 3214 4755 ad
3241 4697 3389 4753 aulas
3406 4736 3422 4762 ,

2222 4790 2476 4847 Germani
2504 4794 2689 4849 teretis
2713 4799 3067 4848 contemnunt
3094 4791 3252 4847 litora
3284 4789 3489 4853 sancti,

2142 4850 2198 4910 Β
2223 4879 2616 4952 ~Aﬁquivoeiqne
2640 4881 2823 4952 legunt
2848 4920 2864 4945 ,
2896 4879 3050 4949 cujus
3076 4879 3231 4937 factis
3254 4882 3386 4937 bene
3408 4850 3572 4937 vestam

2222 4948 2573 5025 Circumeunt
2609 4948 2803 5025 castris
2832 4948 3021 5038 aequor
3041 4971 3153 5031 ωε,
3185 4985 3276 5026 seo
3307 4979 3361 5027 et
3382 4966 3571 5033 undique
3589 4948 3668 5006 ηΙο

2224 5061 2504 5117 Clauditur
2533 5078 2566 5116 a
2602 5062 2962 5133 dominusque
2987 5079 3158 5133 tneus,
3188 5062 3339 5134 quasi
3381 5052 3667 5115 cath

2184 5198 2187 5199 ν
2223 5150 2343 5221 Ipse
2366 5152 2532 5206 nichil
2562 5167 2819 5221 peccans;
2854 5169 3044 5208 murus
3078 5151 3415 5208 circumdedit
3434 5149 3532 5221 ejus

2222 5244 2524 5302 Ecclesium
2554 5254 2738 5302 nostro
2763 5246 2962 5303 celsam
2987 5253 3214 5317 cogente
3236 5252 3402 5300 reatu.

1835 5406 2122 5466 GLOSSE
2156 5405 2247 5466 ΕΤ
2282 5408 2511 5467 NOTAE.

606 5493 1021 5588 βίω-φθόης
1081 5495 1503 5590 "‘"ﬂtﬁtxempt
1520 5497 1593 5588 gf.
1651 5496 1889 5586 .'°”_fuit
1915 5498 2013 5568 plet

2193 5499 2371 5542 liviliia
2405 5499 2456 5540 nl
2551 5499 2643 5530 “97
2677 5498 2997 5552 Nunt-imum
3018 5498 3287 5583 enimfuit

1081 5565 1094 5586 '
1189 5568 1282 5596 τοι.
1309 5569 1502 5594 ..α-..αι-

3254 5552 3269 5592 ς
3304 5566 3374 5612 ,Α⁴
3440 5557 3518 5596 at”
