3902 6422
95 382 197 450 ut

166 503 416 573 Denique
441 486 535 557 rex
571 500 747 556 dictus
772 499 938 556 denas
967 501 1186 572 capiens
1212 503 1419 575 argenti

90 593 205 652 Sex
239 593 410 651 libras
435 592 589 647 nitidi
615 593 769 647 nobis
792 594 954 647 causa
987 592 1267 658 redeundi,

92 684 435 741 Normannis
461 698 583 739 sese
611 685 823 739 cunctis
855 685 1258 752 comitantibus,
1284 692 1438 756 optat

93 778 208 834 Mel
241 778 415 833 dulcis
444 775 589 831 ﬂuvii
622 777 784 831 limlis
811 777 1057 833 conferre
1082 780 1308 834 marinis
1330 821 1345 847 ,

90 869 348 939 Qualiter
375 884 543 940 osque
573 868 695 924 freti
719 869 946 924 caudam
972 869 1235 943 Sequana:
1267 871 1407 940 rapit
1443 871 1620 926 albam

90 954 525 1029 Equoreumque
553 970 715 1029 caput
740 962 931 1031 pennis
955 962 1197 1029 quatitur
1232 961 1559 1033 Sequaninis

89 1049 394 1106 Ostentare
418 1052 547 1115 ﬁl“;
580 1052 673 1106 sed
701 1051 786 1106 his
806 1051 901 1091 ¹¹²⁸
938 1062 1117 1107 autem
1138 1052 1467 1122 nolentibus,
1500 1054 1618 1110 infit
1642 1073 1655 1110 :

89 1139 196 1193 Eia
234 1137 395 1204 Dani,
427 1154 609 1194 muros
642 1139 792 1195 urbis
822 1141 1055 1197 lustrare
1089 1152 1367 1215 potentes;

88 1231 369 1301 Pergama
402 1230 826 1303 circumquaque
852 1234 952 1289 viri
986 1237 1181 1291 vestite
1211 1237 1472 1303 valentes,

87 1320 165 1375 Et
200 1320 456 1392 scapulas
485 1337 611 1375 arcu
642 1324 941 1396 validisque
967 1328 1227 1384 honerate
1272 1330 1513 1400 sagittis!

88 1412 344 1482 Quisque
375 1411 511 1468 ferat
541 1414 768 1487 lapides,
802 1418 893 1472 sed
917 1427 971 1473 et
995 1420 1229 1490 undique
1253 1422 1354 1476 tela
1387 1422 1689 1480 ministret!

90 1501 223 1557 Hoc
251 1503 417 1558 etiam
442 1503 642 1560 bellum
669 1507 907 1561 conabor
936 1515 990 1562 ct
1026 1508 1141 1581 ipse
1177 1510 1357 1565 videre
1386 1513 1400 1567 !

92 1593 229 1663 Quo
258 1609 509 1652 sermone
539 1598 862 1667 quiescenti,
893 1610 1119 1672 surgunt
1149 1601 1304 1655 simul
1335 1618 1523 1658 omnes
1542 1644 1556 1668 ,

88 1683 477 1755 ln-que-sulas
494 1694 803 1756 penetrant,
829 1690 978 1744 urbis
1004 1692 1160 1747 sedes
1183 1693 1379 1764 quibus
1400 1695 1494 1727 ’¹¹¹
1523 1703 1690 1759 extat,

89 1774 282 1831 Menia
311 1776 648 1831 circumeunt
674 1779 920 1834 trucibus
947 1781 1138 1852 gladiis
1166 1783 1408 1838 honerati
1434 1785 1548 1836 “ﬂ.

93 1866 468 1937 Degressique
490 1865 588 1899 ¹¹¹³
616 1866 763 1924 foras
793 1871 962 1925 nostri
1004 1871 1346 1928 circumdare
1379 1885 1585 1939 turres,

92 1957 373 2016 Occidunt
401 1973 556 2029 reges
593 1960 839 2029 geminos
876 1960 1163 2032 pluresque
1189 1962 1447 2029 aliorum,

95 2049 458 2119 Fallacesque
482 2048 663 2123 fugam
690 2050 931 2107 diamaut
959 2054 1054 2086 ἠδ
1086 2056 1307 2124 verique
1334 2057 1689 2129 triumplmm.

96 2143 297 2199 Amnis
329 2144 381 2196 in
416 2142 676 2199 auxilium
712 2145 866 2201 nobis
898 2144 1164 2225 Sequanm
1193 2148 1293 2203 fuit
1321 2149 1482 2216 altus,

97 2234 253 2303 Quos
279 2234 375 2267 'm
403 2236 629 2291 sorbens
644 2236 863 2306 penitus
886 2240 1095 2304 mersit,
1121 2240 1421 2295 transmisit
1452 2242 1688 2299 Averno.

105 2324 485 2395 Sigemfredus
511 2341 701 2393 ovans,
730 2328 913 2385 ridens
940 2331 1298 2385 morientibus
1328 2331 1503 2401 inquit
1535 2345 1551 2385 :

99 2415 263 2472 Nunc
286 2416 481 2473 vallate
505 2417 607 2472 viri
641 2419 836 2489 pinnas
855 2461 870 2485 ,
900 2419 1087 2475 urbem
1117 2421 1351 2492 capitote
1370 2461 1386 2486 ,

100 2505 416 2564 Mensurate
445 2508 635 2564 metris
658 2511 802 2565 aedes
829 2551 844 2575 ,
884 2527 1019 2582 quas
1048 2510 1136 2566 hic
1166 2511 1448 2567 habitetis!
1512 2574 1515 2577 ,

98 2597 235 2653 Inde
261 2596 372 2653 suis
405 2616 418 2652 :
494 2597 785 2666 Abeamus,
818 2602 910 2665 ait,
948 2610 1157 2672 tempus
1180 2603 1328 2657 venit
1352 2618 1479 2659 ecce
1504 2642 1519 2669 ,

105 2688 233 2757 Quo
262 2699 470 2761 gratum
498 2689 660 2746 fuerit
695 2691 851 2747 nobis
882 2686 1042 2747 istinc
1070 2692 1297 2748 abiisse!

104 2780 232 2835 Mox
263 2781 450 2836 hilaris
478 2779 787 2851 Sequanam
818 2781 977 2852 liquit
1006 2799 1105 2853 pro
1131 2798 1357 2838 munere
1383 2791 1617 2854 sumpto.

102 2874 204 2933 Sic
222 2874 309 2929 alii
342 2875 603 2941 facerent,
630 2876 815 2930 eadem
845 2875 940 2907 ἠ’
967 2877 1010 2931 si
1051 2885 1176 2932 tunc
1198 2878 1543 2931 meruissent.

178 2964 311 3034 Quis
336 2967 537 3023 sentire
555 2976 732 3038 potest
757 3007 769 3029 ,
801 2967 980 3035 patula
1008 2969 1148 3039 quod
1175 2969 1425 3022 subditur
1456 2968 1620 3023 aure?

102 3056 274 3112 Terra
290 3067 818 3129 gemat,pontusque,
836 3058 1038 3129 polum,
1056 3059 1193 3113 latus
1208 3074 1421 3130 quoque
1437 3061 1687 3115 mundus:

101 3148 380 3213 Gozlinus,
416 3148 623 3203 Domini
657 3148 871 3218 praesul,
903 3149 1218 3205 mitissimus
1262 3152 1441 3217 heros,

938 388 1027 444 DE
1054 387 1276 446 δεῖ,ιο
1300 385 1667 446 PARISIACO
1694 387 1872 443 LIBRI
1897 384 2103 444 TRES.
2128 417 2199 429 —
2229 384 2357 443 LIB.
2391 384 2457 443 11.

1728 1892 1775 1952 Β

3279 381 3388 439 ’112

1720 506 1767 565 Α
1799 490 2023 570 Nonque
2056 499 2239 556 valent
2264 515 2419 555 axem
2449 499 2612 556 terris
2636 499 2941 573 disjungere
2968 500 3131 558 fixum
3155 541 3171 570 ,

1799 593 2140 664 Attonitique
2168 603 2388 664 stupent
2414 592 2595 649 domni
2626 595 2881 652 miracula
2911 597 3103 652 nostri.

1799 674 2096 740 Solvuntur
2125 685 2289 753 tauri,
2319 686 2673 759 stimulusque
2702 687 2853 746 ferox
2881 689 3167 760 requievit.

1795 775 1910 830 Lux
1943 776 2143 846 segetis
2166 776 2400 832 recidiva
2440 788 2588 833 rotas
2618 778 2800 849 spoliis
2826 780 3109 848 vacuavit,

1798 867 1977 938 Atque
2003 868 2116 923 suis
2147 868 2358 923 clodum
2391 871 2663 925 revocavit
2689 871 2921 927 motibus
2948 886 3125 925 axem.

1868 958 2142 1030 Effugiens
2172 958 2363 1014 horum
2378 959 2473 991 ³³³³
2499 961 2716 1030 quidam
2740 963 2921 1032 jussus
2937 958 3172 1032 jugulari
3191 1001 3206 1026 ,

1796 1047 2017 1120 Templa
2039 1050 2568 1114 snbintroiitSancti,
2592 1052 2761 1107 tenuit
2782 1067 2994 1127 quoque
3026 1053 3245 1107 bustum
3262 1050 3385 1121 ωδ,

1801 1135 2030 1192 Pellitur
2060 1137 2182 1193 inde
2210 1139 2375 1193 miser
2401 1139 2623 1211 profuga
2655 1141 2855 1211 pietate
2878 1142 3186 1208 necandus;

1798 1224 1894 1280 Va:
1918 1227 2157 1283 miseris!
2202 1227 2431 1282 multant
2453 1227 2694 1303 elegum,
2727 1228 3025 1285 multantur
3053 1238 3108 1286 et
3130 1229 3275 1302 ipsi;

1797 1317 1953 1386 Quod
1982 1337 2176 1376 munus
2205 1321 2465 1377 dederant
2491 1323 2657 1384 socio,
2689 1322 2847 1377 simili
2879 1323 3079 1393 pietate

1796 1410 2050 1467 Germani
2083 1413 2292 1468 meritis
2317 1421 2534 1467 nactum
2566 1412 2659 1445 ί¹³⁸
2687 1414 2864 1469 cuncti
2889 1422 3241 1484 meruerunt,

1798 1502 2017 1559 Gtt-litus
2046 1501 2225 1560 alllirti
2261 1505 2488 1559 nimium
2517 1520 2616 1575 pro
2643 1503 2838 1559 talibus
2865 1506 3032 1560 ausis.

1798 1593 1952 1650 Unde
1972 1598 2280 1651 sacerdotes
2312 1605 2583 1663 statuere,
2617 1597 2794 1652 locum
2828 1607 3151 1654 venerantes
3174 1638 3190 1665 ,

1796 1688 1899 1756 Qui
1929 1688 2120 1743 missas
2146 1705 2446 1758 cursusque
2471 1688 2568 1720 ¹¹³⁶
2599 1704 2784 1744 sacros
2814 1688 2917 1743 illis
2956 1690 3346 1748 celebrassent.

1797 1776 1951 1834 Tunc
1996 1794 2185 1834 omnes
2239 1778 2336 1812 "3"
2380 1780 2629 1851 cuiquam
2676 1780 2965 1851 prohibent
3008 1781 3135 1836 hinc
3192 1779 3384 1838 tolloro

3018 1872 3346 1945 [quicquam
3365 1888 3385 1942 ς

1799 1962 1952 2031 Quod
1980 1964 2188 2019 violans
2209 1980 2348 2019 unus
2376 2006 2391 2030 ,
2420 1964 2641 2036 proprio
2675 1965 2886 2021 deferre
2912 1967 3074 2021 cubili

1797 2055 2058 2111 Ecclesiae
2089 2064 2303 2128 tegmen
2340 2055 2578 2122 studuit;
2613 2050 2714 2111 sub
2741 2073 2847 2127 quo
2871 2055 3152 2112 manifeste

1796 2144 2013 2217 Efﬁgies
2041 2145 2138 2179 ²¹³⁸
2170 2146 2287 2217 ejus
2311 2145 2537 2217 repetita
2576 2145 2677 2219 fuit
2705 2147 2997 2223 puerilem,

1802 2236 2024 2293 Scilicet
2047 2247 2243 2291 eventu
2270 2237 2398 2292 nulli
2428 2237 2699 2292 similante
2732 2239 2937 2293 minuta
2960 2279 2973 2305 ,

1793 2327 1929 2382 Nota
1961 2326 2159 2397 quibus
2191 2326 2370 2381 fuerat
2395 2327 2605 2397 pridem
2625 2368 2639 2393 ,
2670 2342 2771 2383 nec
2798 2330 3041 2384 noscitur
3061 2327 3170 2384 ullo

1798 2415 2038 2488 Oppido,
2067 2415 2238 2471 miror
2267 2416 2356 2470 ubi
2386 2431 2534 2471 vena:
2562 2418 2823 2493 nervique
2852 2413 3114 2484 laterent,

1797 2506 2041 2576 Ossaque
2081 2506 2333 2578 fugerunt
2368 2507 2574 2576 pariter
2598 2505 2834 2580 fugiente
2864 2509 3125 2575 medulla,

1792 2599 2014 2655 Viscera
2045 2599 2315 2667 spelunca:
2344 2599 2520 2653 tennis
2560 2597 2771 2654 foveam
2802 2600 3025 2671 petiere.

1800 2687 1970 2757 Major
2000 2689 2302 2743 habebatur
2327 2688 2621 2759 magnis—
2642 2689 2889 2744 mirabile
2920 2688 3120 2746 factum
3146 2723 3213 2733 -—
3280 2675 3291 2687 ’

1791 2780 1842 2836 ls
1872 2782 1964 2852 qui
1994 2795 2244 2850 nuncque
2268 2781 2445 2835 minor
2467 2779 2651 2852 pueris
2680 2782 2918 2841 moriens
2946 2791 3094 2854 patet
3117 2797 3260 2850 esse,

1793 2872 2022 2947 Vitaque
2045 2875 2139 2909 ’⁸³⁸
2164 2892 2284 2929 cum
2310 2876 2514 2947 gemitu
2537 2873 2672 2946 fugit
2700 2876 2973 2943 indignata
2995 2876 3095 2932 sub
3122 2875 3378 2934 umbras!

1868 2965 2026 3022 Visus
2054 2967 2210 3022 adest
2234 2965 2447 3020 cuidam
2471 2964 2686 3020 Domini
2713 2965 3092 3021 sanctissimus
3124 2967 3288 3021 idem.

1789 3058 2017 3114 Pectore
2042 3055 2287 3128 carpenti
2318 3056 2557 3127 requiem
2584 3070 2682 3128 per
2705 3044 2886 3109 nubila
2919 3054 3093 3110 noctis

1791 3148 2030 3206 Marcelli
2065 3148 2267 3227 sanctis
2305 3146 2559 3219 precibus
2589 3161 2795 3202 necnon
2820 3142 3099 3202 Clodoaldi

102 3238 273 3291 Astra
312 3238 444 3307 petit
469 3236 698 3292 Domino
725 3238 979 3308 migrans,
1006 3239 1233 3295 rutilans
1259 3238 1399 3293 velut
1428 3240 1541 3311 ipsa
1566 3241 1690 3307 ιη’,
1723 3257 1767 3319 C
1802 3240 2091 3310 Accipiens
2118 3237 2373 3313 liquidam
2404 3234 2653 3290 manibus
2678 3236 3002 3295 benedicere
3029 3235 3308 3306 litnpham,

109 3331 307 3385 Nostra
340 3344 564 3384 manens
597 3330 782 3394 turris,
823 3330 1048 3400 clipeus,
1080 3346 1181 3386 nec
1213 3347 1317 3386 non
1349 3332 1621 3388 bis-acuta

103 3420 388 3490 lltttnphea
409 3419 526 3485 ““,
554 3419 711 3474 fortis
730 3428 783 3475 et
819 3436 978 3475 arcus
1002 3431 1141 3487 erat,
1171 3419 1431 3492 fortisque
1454 3424 1645 3494 sagitta
1671 3426 1685 3479 !

108 3513 261 3568 lleu!
296 3512 505 3568 cunctis
531 3512 717 3567 oculos
746 3511 922 3567 fontes
945 3514 1225 3567 terebrant
1248 3512 1618 3582 lacrimarum,

100 3607 286 3674 Atque
312 3620 508 3674 pavore
534 3604 687 3659 dolor
717 3602 966 3658 contritis
998 3603 1208 3658 viscera
1232 3603 1453 3660 scindit.

105 3697 457 3765 Tempestate
487 3696 584 3751 sub
610 3696 713 3751 hac
737 3692 889 3768 Hugo
917 3696 1169 3767 princeps
1190 3696 1304 3750 obit
1325 3697 1483 3763 abba,

104 3789 351 3843 Evrardo
376 3787 619 3843 Senones
645 3788 939 3843 viduantur
967 3789 1197 3860 praesule
1224 3789 1417 3857 docto;

103 3879 317 3934 G-unlia
356 3887 481 3933 tunc
513 3877 695 3934 hostes
730 3878 1103 3947 adipiscuntur
1125 3894 1217 3933 sua
1247 3878 1374 3934 laeti.

185 3969 286 4037 Qui
312 3969 405 4003 ἠ’
429 3967 613 4039 vigiles
642 3967 871 4022 madida:
901 3984 996 4039 per
1018 3983 1181 4038 Opaca
1212 3967 1421 4023 silentia
1448 3969 1620 4025 noctis

100 4063 442 4119 Germanum
475 4060 641 4116 nitida
674 4059 877 4115 clarum
910 4061 1110 4116 vidisse
1142 4059 1307 4133 figura

100 4153 177 4209 Se
208 4153 516 4224 perhibent,
547 4163 847 4220 mmtasque
869 4150 964 4183 ¹¹⁸⁰
993 4151 1075 4206 sui
1104 4152 1363 4208 lustrasse
1382 4150 1579 4222 locelli,

100 4244 333 4300 Lumine
361 4251 657 4314 gestantem
688 4242 928 4296 rutilanti
958 4256 1085 4313 sepe
1113 4241 1399 4309 laternam,

101 4337 227 4405 Quo
252 4336 422 4391 sancti
460 4334 701 4390 redolent
731 4342 880 4388 artus
906 4332 1084 4388 forsan
1117 4332 1383 4388 tumulati.

175 4425 594 4495 lnstabantejus
630 4426 781 4481 festa:
824 4423 1101 4479 sollemnia
1131 4425 1296 4490 lucis;

102 4521 477 4591 Objurgantur
505 4525 560 4572 et
580 4518 634 4572 hi
665 4513 997 4581 castellanis,
1024 4515 1149 4587 quia
1178 4530 1335 4571 sacra

1799 3330 1956 3389 Unde
1986 3332 2168 3405 rigans
2207 3331 2420 3395 urbem,
2449 3329 2694 3402 graditur
2722 3343 2820 3398 per
2846 3343 3020 3381 menta
3044 3342 3280 3395 Circum;

1800 3425 2046 3494 Huicque
2072 3424 2189 3477 viro
2220 3424 2497 3495 proprium
2540 3420 2767 3491 promsit
2802 3435 3020 3484 nomen,
3058 3421 3151 3475 sed
3179 3429 3232 3475 et
3262 3421 3385 3481 urbi

1796 3519 1961 3589 Spem
1990 3516 2281 3587 spondens,
2305 3512 2496 3568 faciem
2527 3511 2685 3583 liquit
2708 3526 2767 3567 se
2790 3511 3238 3583 conspicientem.

1866 3607 2074 3663 Nobilis
2096 3607 2197 3661 bac
2225 3615 2279 3660 et
2304 3604 2356 3659 in
2388 3605 2520 3658 urbe
2554 3603 2653 3657 fuit
2676 3603 2760 3657 vir
2786 3617 2952 3657 carne
2980 3601 3305 3673 liquescens,

1793 3700 2059 3755 Deficiens
2091 3698 2255 3754 etiam
2286 3695 2413 3750 llatu
2444 3690 2912 3759 metuebatobire,

1792 3789 2190 3859 Castellumque
2215 3788 2331 3858 capi
2364 3785 2688 3840 Normannis
2711 3794 2954 3857 tempore
2983 3786 3035 3841 in
3072 3786 3209 3875 ipso.

1790 3881 1985 3938 Attulit
2018 3879 2141 3935 huic
2171 3879 2316 3933 cives
2350 3892 2572 3932 somnus
2601 3893 2660 3931 se
2697 3876 2942 3947 linquere
2968 3878 3125 3944 velle,

1791 3972 1934 4029 Urbs
1959 3973 2126 4026 armis
2153 3970 2406 4041 quoniam
2437 3968 2646 4024 cunctis
2675 3969 2886 4024 deserta
2920 3968 3205 4035 manebat;

1792 4065 2033 4121 Clericus
2062 4064 2183 4118 inde
2210 4061 2509 4116 venustatis
2532 4061 2681 4115 mirte
2708 4063 2879 4117 astitit
2906 4062 2981 4117 illi

1791 4156 1899 4213 Ore
1925 4156 2147 4225 loquens
2178 4151 2407 4222 placido,
2435 4152 2663 4206 rutilans
2687 4152 2943 4223 vultuque
2972 4168 3165 4210 sereno
3191 4171 3205 4208 :

1794 4247 1933 4316 Quid
1961 4242 2192 4302 metuis?
2219 4258 2447 4315 surgens
2473 4242 2734 4297 tremulos
2764 4244 2973 4315 depone
3007 4246 3246 4313 timores,

1791 4338 2078 4409 Oblitaque
2107 4334 2230 4407 fuga
2262 4334 2609 4406 quamplures
2633 4350 2795 4391 cerne
2809 4347 3027 4407 paratos

1792 4431 1876 4490 Ad
1904 4427 2132 4486 bellum!
2172 4426 2411 4499 Surgens
2432 4424 2630 4490 alacer,
2668 4442 2849 4483 muros
2880 4427 3025 4483 videt
3049 4444 3239 4487 omnes

1793 4521 2032 4576 Vallatos
2055 4517 2517 4588 cuneisjuvenum
2544 4516 2711 4587 galeis
2736 4527 3039 4574 oneratum.

102 4612 225 4667 Non
250 4611 546 4672 celebrant,
580 4608 688 4666 alto
708 4606 835 4663 inde
858 4616 1019 4662 ruunt
1041 4622 1164 4663 cum
1194 4614 1372 4663 mente
1398 4606 1682 4663 cachinno.
1712 4612 1763 4671 D
1793 4610 2014 4684 Voxque
2045 4617 2195 4665 tonat
2232 4625 2246 4662 :
2276 4605 2569 4663 Tutoribus
2600 4607 2683 4662 his
2707 4605 3011 4664 defenditur
3061 4609 3177 4666 haec
3207 4610 3378 4680 urbs;

103 4699 517 4772 Mergitibus'm
534 4699 829 4770 plaustrum
846 4713 942 4768 per
955 4713 1082 4753 rura
1096 4707 1315 4754 movent
1327 4697 1685 4769 gravidatum,

104 4794 345 4866 Cuspide
370 4803 519 4864 terga
557 4793 716 4847 boum
738 4806 901 4847 verso
926 4791 1151 4847 nimium
1181 4792 1542 4848 stimulantes.

103 4886 363 4942 Protinus
394 4884 479 4939 bis
508 4882 741 4954 propria:
772 4881 979 4937 claudis
1012 4883 1128 4938 sine
1167 4883 1394 4938 crimine
1423 4897 1601 4939 causae

105 4979 447 5035 Connectunt
467 4974 600 5030 alios
618 5014 634 5041 ,
660 4973 948 5044 pluresque
974 4973 1167 5030 dehinc
1198 4973 1473 5045 aliosque;

106 5070 401 5129 Certabant
428 5068 564 5140 elegi
589 5066 686 5107 “"
720 5066 952 5139 scapulis
988 5062 1266 5137 cornuque
1296 5068 1536 5131 iuvenci,

107 5164 336 5233 Jamque
372 5161 551 5215 lavant
569 5159 817 5232 proprias
846 5156 1013 5215 rubeo
1040 5157 1107 5214 de
1129 5158 1389 5231 sanguine
1412 5165 1612 5225 costas,

79 5300 85 5347 ;
183 5295 320 5352 γεγε
360 5274 483 5350 us.

1791 4705 1888 4760 Ast
1916 4719 2016 4776 ego
2045 4718 2162 4758 sum
2182 4701 2504 4765 Germanus,
2529 4700 2622 4764 ait,
2658 4698 2818 4769 hujus
2844 4716 3057 4773 quoque
3105 4703 3322 4774 praesul.

1790 4793 2129 4856 Confortare,
2158 4790 2290 4846 nihil
2320 4790 2670 4855 formidabis,
2705 4791 2959 4861 quoniam
2989 4809 3130 4848 nunc

1791 4884 2061 4941 Faucibus
2082 4883 2223 4938 haud
2253 4882 2641 4937 sceleratorum
2685 4883 3023 4955 grassabitur
3062 4886 3174 4939 hmc
3204 4884 3372 4943 urbs!

1790 4972 2000 5029 All‘atur
2032 4983 2272 5039 sanctus,
2304 4973 2655 5045 redamatque
2680 4973 2855 5029 virum
2878 4991 3005 5030 caro
3034 4976 3225 5038 flatus;

1792 5064 2005 5120 Aﬂ‘atur
2031 5064 2191 5130 felix,
2218 5063 2460 5134 fugitque
2488 5065 2663 5120 virum
2695 5065 2832 5119 mala
2856 5067 3056 5136 pestis;

1792 5155 2099 5228 Alloquitur
2125 5153 2377 5221 Sanctus,
2405 5153 2545 5214 lecto
2565 5156 2803 5212 surrexit
2821 5165 3071 5229 egrotus;

1408 5402 1701 5464 GLOSSE
1728 5402 1822 5461 ET
1846 5401 2080 5463 NOTAE.

184 5520 459 5601 “"99!”
482 5517 556 5601 ειε-
632 5517 728 5553 ’¹’⁶
755 5516 1001 5601 9³8³1939·
1024 5517 1099 5601 9’.-

1202 5518 1294 5551 "“
1319 5518 1445 5590 scil.
1464 5516 1654 5590 insulis
1674 5525 1748 5590 g_t_.
1824 5518 1919 5551 ⁸¹²¹
1946 5517 2198 5590 honorati
2225 5532 2363 5573 corr.
2398 5513 2824 5590 oneratigodez.
2902 5513 2998 5590 'f“
3025 5513 3371 5590 Digressique

115 5610 250 5650 corr.
293 5584 647 5659 Dégres'sique
682 5584 800 5644 cod.
829 5584 971 5659 3‘“
1000 5584 1154 5659 valde
1180 5598 1364 5645 amant
1395 5588 1467 5659 gl.
1542 5588 1636 5626 ³¹²⁵
1663 5584 1678 5641 ἐ

1795 5604 1872 5644 tos
1923 5589 1993 5659 gl.
2036 5588 2130 5621 ²¹¹⁶
2173 5602 2395 5659 munera
2434 5586 2508 5653 gl.
2582 5584 2672 5619 ¹¹²⁷
2706 5593 2852 5640 astra
2883 5584 2965 5659 Ath
3042 5586 3137 5619 me

3215 5590 3371 5648 adius

117 5665 186 5737 gl,
263 5656 576 5737 ffff‘hostes—
612 5659 684 5730 gl.
756 5658 851 5737 "f'
880 5658 1108 5737 ﬁnesgl.
1187 5656 1486 5737 ""garbis
1507 5660 1601 5737 gl._
1656 5659 1677 5691 ³

1795 5656 1963 5737 niseri
1985 5660 2057 5730 gl.
2081 5730 2093 5737 Δ
2134 5659 2230 5737 ¹ξ³³
2252 5658 2701 5737 Ifl‘orma‘nnorum.
2732 5658 2804 5725 gl.
2879 5656 2976 5737 ⁸²⁸ξ
3021 5656 3367 5737 sepulchrum

119 5723 187 5805 ξι.
263 5733 359 5805 ⁸³1³
388 5723 832 5805 conseculttmgl.
908 5729 1005 5805 '1"
1035 5723 1201 5805 horas
1241 5723 1528 5805 canonicas
1547 5730 1666 5805 gl.“

1816 5731 1935 5805 scil.
1970 5723 2094 5805 saevi
2123 5729 2193 5805 gl.
2270 5729 2367 5805 “‘3
2403 5723 2604 5796 elligies
2654 5723 2771 5805 ejus
2814 5723 3286 5805 repetitahfuitli.
3316 5746 3367 5787 ι.

120 5798 387 5879 repetivit,
415 5802 623 5859 imitata
652 5809 736 5857 est
750 5798 781 5868 )'
797 5801 1057 5869 puerilem
1084 5802 1220 5872 (scil.
1252 5800 1522 5874 efﬁgiem),
1548 5798 1762 5860 scilicet
1792 5802 1998 5859 minuta
2023 5798 2352 5873 (imminuta)
2374 5807 2570 5855 eventu
2606 5799 2784 5854 unico.
2864 5799 2957 5837 W9
2989 5798 3135 5865 illius
3149 5798 3225 5873 gl.
