3902 6412
553 333 660 390 πε
1541 322 1834 382 asseras
1873 319 2502 382 SANGERMANENSIS
2536 319 2842 380 nomen!
3542 307 3544 309 ’
3653 327 3725 386 ηιι

556 442 726 503 Almis
754 438 1044 494 faminibus
1071 450 1257 508 sospes
1284 434 1529 508 procedit
1555 445 1799 507 egrotus,
2169 443 2215 500 Α
2244 433 2475 499 Enituit,
2500 434 2654 504 cujus
2683 433 2885 504 clipeos
2908 446 3080 487 novus
3109 429 3394 487 lnradiavit

558 531 832 601 Explicuit
858 532 974 583 visu
999 529 1172 582 noctis
1200 527 1341 598 quod
1369 536 1591 582 noverat
1624 527 1760 596 ipse.
2248 526 2362 592 Sol,
2389 542 2585 582 croceo
2612 525 2812 583 Oceani
2843 525 3079 580 thalamo
3100 524 3372 595 vastipcde
3394 533 3576 595 spreto;

631 623 774 677 Lude
799 621 994 676 dehinc
1014 621 1270 690 quadam,
1299 618 1426 671 dum
1453 618 1766 689 gestabatur
1791 624 1846 670 et
1867 615 1996 694 almi
2248 618 2404 676 Hunc
2425 621 2573 691 prius
2610 620 2745 676 elios
2773 620 2869 662 ι¹⁸⁶
2903 621 3164 674 adamans
3191 634 3351 688 quam
3377 633 3492 672 rura
3519 618 3682 687 salutat,

561 714 817 769 Militibus
845 711 1077 780 propriis
1105 723 1301 778 corpus
1333 722 1430 778 per
1459 708 1661 762 muenia
1687 707 1916 773 circum,
2248 708 2418 778 Quem
2442 711 2558 766 visu
2593 712 2816 780 capiunt
2840 709 3008 775 cives,
3031 718 3087 762 et
3127 723 3310 763 amore
3339 707 3435 762 sub
3457 706 3568 762 alto.

561 804 794 860 Urbanis
820 812 1026 872 septem
1057 800 1394 855 sectantibus
1413 799 1842 870 omnipotentem
2249 800 2349 856 Ast
2371 801 2556 856 hostes
2577 801 2868 872 prohibere
2890 800 3036 854 fores
3065 799 3228 853 turris
3251 798 3532 867 cupientes,

559 893 944 963 Perrogitando
973 891 1138 946 Deum
1166 891 1303 946 votis
1333 890 1432 945 sub
1457 904 1589 945 voce
1619 904 1838 953 canora,
2251 889 2614 944 Transsiliunt
2636 889 2967 960 Sequanam,
2996 888 3259 942 vallantes
3288 885 3459 942 littore
3481 887 3660 946 circum.

557 982 790 1038 Cmditur
816 981 1014 1037 allolilo
1041 979 1135 1017 ““
1165 981 1232 1036 de
1259 981 1622 1051 portatoribus
1649 994 1786 1033 unus
1847 987 1859 1042 ξ
2248 976 2506 1034 Reddidit
2534 977 2650 1034 Odo
2679 990 2856 1034 tamen
2880 979 3188 1034 castellanis
3209 977 3490 1046 equitando

559 1073 784 1129 Nomine
808 1073 1108 1128 Gozbertus
1129 1071 1277 1126 caclo
1300 1069 1424 1136 ἰδ’,
1447 1085 1736 1141 percussor
1772 1069 1826 1122 in
1855 1067 2074 1124 umbras
2251 1071 2343 1138 Se,
2369 1073 2544 1127 medio
2569 1074 2710 1127 inter
2737 1088 2912 1139 sevos,
2938 1071 3106 1127 Ebolo
3128 1079 3404 1126 reserante

559 1165 848 1221 Tartareas
877 1164 1012 1234 fugit
1046 1164 1306 1227 moriens,
1331 1163 1438 1216 icto
1467 1159 1560 1198 ¹¹³²
1591 1161 1831 1231 patiente
2251 1163 2388 1218 lluic
2411 1173 2592 1232 portas
2613 1165 3034 1234 8‘",cunctique
3049 1161 3554 1234 stupenthocnobile
3574 1162 3725 1220 factum.

562 1259 646 1314 Nil
676 1274 838 1328 super
861 1258 961 1311 hoc
989 1256 1180 1328 lapidis
1207 1257 1368 1320 iactu,
1395 1254 1596 1309 Sancto
1619 1253 1932 1308 auxiliante.
2251 1252 2387 1308 llinc
2409 1254 2524 1324 ejus
2549 1255 2724 1310 socios
2747 1265 2892 1310 retro
2915 1255 3098 1310 statim
3122 1255 3408 1310 redeuntes

565 1351 775 1404 Interea
803 1349 965 1403 caedis
991 1348 1178 1401 valida:
1199 1356 1452 1415 corrupta
1483 1346 1734 1416 procellis
2252 1343 2487 1402 Ferreus
2529 1346 2834 1416 insequitur
2859 1347 3049 1412 hostis,
3076 1356 3199 1415 post
3229 1356 3379 1416 terga
3395 1347 3614 1411 meando;

565 1442 704 1497 Urbs
731 1441 932 1511 patitur
958 1439 1190 1510 gladium
1221 1439 1463 1493 exterius
1486 1477 1501 1502 ,
1531 1439 1643 1493 loeti
1673 1451 1886 1508 quoque
1913 1435 2078 1506 pestis
2252 1435 2380 1492 Plus
2402 1437 2631 1508 geminis
2654 1439 2819 1492 etiam
2846 1437 3018 1508 leugis
3038 1437 3286 1494 interfuit
3309 1437 3410 1491 illis

563 1533 710 1588 Eheu
734 1531 994 1586 nobilium
1020 1531 1203 1602 plebes
1223 1531 1440 1602 penitus
1465 1529 1558 1561 "“
1583 1530 1822 1584 laniabat
1846 1546 1861 1594 ;
2253 1526 2442 1581 Dictus
2457 1527 2769 1583 Adalelmus
2795 1529 3006 1598 superis
3031 1529 3240 1598 pridem
3271 1543 3474 1592 eomes;
3502 1527 3640 1583 idem:

564 1625 798 1682 Interius
835 1641 934 1681 nec
973 1635 1090 1680 erat
1119 1626 1274 1681 nobis
1303 1626 1476 1690 tellus,
1503 1626 1798 1680 obeuntum
2255 1615 2376 1682 Eia,
2406 1618 2519 1672 suis
2547 1618 2744 1688 inquit,
2768 1619 2939 1674 satius
2963 1633 3259 1690 pergamus
3287 1618 3340 1672 in
3369 1617 3493 1682 illos,

564 1716 680 1782 Que
701 1717 944 1786 praebere
965 1716 1299 1786 sepulturam
1330 1716 1584 1769 membris
1608 1716 1873 1785 potuisset
2257 1705 2432 1774 Quam
2463 1724 2562 1764 nos
2588 1709 2673 1764 hic
2696 1708 2771 1763 illi
2797 1709 3106 1765 inveniant!
3138 1708 3475 1764 Adalaelinus
3496 1709 3579 1764 hoc
3594 1709 3725 1780 inquit;

565 1809 879 1864 Comminus
905 1807 1027 1874 "“;
1047 1808 1150 1862 ulla
1177 1809 1292 1862 dies
1318 1823 1418 1861 nec
1445 1816 1585 1870 erat,
1618 1823 1737 1877 quae
1767 1822 2106 1879 nongeneras

2038 1822 2146 1862 ωδ.
2177 1811 2224 1871 Β
2252 1795 2504 1853 Pestiferi
2530 1800 2736 1867 petiere
2759 1799 2964 1872 fugam,
2994 1801 3276 1871 nostrique
3304 1801 3579 1870 tr0pheum.

569 1899 814 1956 Urbanos
842 1898 937 1931 '“'
973 1899 1221 1969 interque
1245 1897 1586 1953 suburbanos
1615 1898 1951 1954 truculentos
2046 1899 2154 1972 [set
2253 1891 2419 1947 Scula
2445 1902 2654 1960 Ionam,
2687 1894 2950 1964 dardique
2980 1895 3190 1960 volant,
3224 1906 3280 1951 et
3303 1911 3514 1966 corpora
3541 1898 3686 1952 Danum

570 1991 738 2054 Bella,
767 2004 866 2045 nec
895 1989 999 2044 ulla
1029 1990 1162 2045 abiit
1183 2005 1350 2061 prope
1373 2005 1493 2059 quae
1524 2007 1630 2045 non
1664 1992 1978 2048 interfectos
2253 1984 2502 2039 Consulis
2529 2001 2658 2039 arva
2688 1995 2892 2057 tegunt,
2917 1985 3094 2056 gladio
3126 1997 3383 2057 regnante
3411 1987 3642 2042 Adalehui.

566 2079 861 2136 Pestiferos
898 2093 1082 2136 secum
1111 2080 1356 2134 duxisset
1381 2081 1447 2134 ad
1475 2090 1630 2134 antra
1654 2082 1936 2151 gehennae.
2254 2075 2371 2131 Non
2403 2079 2610 2134 dimisit
2638 2095 2751 2145 eos,
2781 2080 2952 2136 donec
2979 2081 3244 2150 repedare
3269 2083 3437 2152 Coegit

637 2173 751 2228 llex
779 2173 942 2244 igitur
972 2182 1230 2228 venturus
1259 2170 1354 2209 ⁸³⁸⁸
1384 2172 1501 2228 Odo
1534 2175 1928 2228 transmittitur
1959 2174 2085 2230 inde

2254 2167 2334 2222 Ad
2364 2167 2606 2236 fluvium,
2639 2172 2867 2240 posthac
2904 2182 2958 2227 et
2982 2187 3152 2226 ovans
3183 2172 3429 2243 vitorque
3455 2186 3663 2228 reversus.

571 2263 904 2320 Francorum
931 2264 1128 2321 Karolo
1152 2266 1432 2336 suprafato
1466 2267 1691 2331 basileo,
2328 2262 2403 2315 En
2425 2271 2478 2316 et
2494 2262 2770 2328 Ainricus,
2797 2265 3008 2334 superis
3037 2266 3132 2298 ¹¹⁵⁸
3155 2267 3354 2321 crebro
3376 2267 3619 2332 vocitatus,

566 2359 832 2426 Quatinus
862 2359 1062 2414 auxilio
1083 2361 1261 2416 caueri
1283 2373 1628 2416 succurreret
1653 2361 1796 2417 urbi.
1921 2379 1930 2381 -
2257 2351 2553 2408 Obsidione
2579 2355 2764 2410 volens
2796 2355 2918 2410 illos
2943 2356 3164 2421 vallare,
3202 2369 3438 2412 necatur.

566 2451 696 2507 Post
715 2451 894 2507 nullus
918 2466 1204 2524 procerum
1231 2462 1474 2507 remanet
1492 2453 1592 2507 nisi
1625 2452 1859 2507 Marcius
1884 2453 2156 2521 abba’“",
2256 2443 2423 2514 Inque
2450 2461 2600 2510 SUOS.
2627 2447 2802 2503 Nileus
2830 2447 3138 2518 Sequanam
3169 2451 3401 2506 lrausire
3425 2450 3644 2505 Dauorum

569 2543 709 2615 Sepe
735 2559 898 2615 supra
932 2544 1088 2615 cujus
1110 2544 1432 2600 memoratio
1463 2545 1661 2615 scripta
1685 2545 1908 2600 relucet.
2258 2533 2373 2591 Rex
2405 2535 2603 2598 Sinric.
2633 2537 2861 2608 geminis
2893 2541 3099 2595 ratibus
3121 2543 3344 2612 spretis,
3367 2542 3621 2612 penetravit

567 2632 686 2704 Ipse
710 2633 936 2704 aquites
962 2649 1029 2688 ex
1058 2648 1206 2688 more
1235 2633 1441 2689 Danum
1470 2635 1670 2689 vestire
1701 2635 1878 2704 coegit
2259 2627 2391 2682 Cum
2421 2629 2584 2684 sociis
2611 2639 2690 2684 ter
2719 2646 2842 2685 nam
2870 2632 3300 2703 quinquagenis,
3329 2634 3598 2705 patiturque

570 2725 676 2780 Sex
713 2725 876 2790 solos,
909 2724 1169 2780 redeunte
1199 2725 1284 2779 die
1313 2725 1567 2795 quadam,
1605 2741 1766 2796 super
1801 2739 1928 2779 arva
2260 2719 2612 2793 Naufragium
2639 2725 2815 2779 medio
2835 2723 3007 2791 ﬂuvii,
3037 2726 3264 2781 fundum
3287 2727 3549 2797 petiturus,

570 2812 856 2886 Transque
895 2815 1080 2870 volant
1128 2815 1205 2870 illi
1232 2815 1329 2846 ἰδ’
1355 2815 1660 2885 Sequanam
1685 2830 2012 2887 camposque
2038 2829 2161 2885 per-
2261 2814 2379 2882 Quo
2403 2815 2549 2880 fixit,
2569 2817 2900 2886 comitesque
2927 2817 3110 2882 simul,
3127 2819 3360 2872 tentoria
3382 2817 3543 2872 morti.

568 2905 650 2962 Ex
673 2909 836 2962 variis
866 2908 1052 2978 plenos
1081 2908 1248 2963 armis
1278 2923 1514 2979 sevoque
1546 2923 1744 2978 sopore
1911 2907 2154 2981 [agrant.
2261 2904 2360 2960 Hie
2383 2921 2476 2960 sua
2506 2917 2687 2960 castra
2713 2907 2864 2977 prius
2887 2905 3153 2975 Sequanae
3183 2908 3486 2979 contingere
3503 2905 3666 2960 fundunt

569 2995 1019 3068 Normannosque
1046 3007 1244 3054 necant
1271 2999 1494 3055 totidem
1533 2999 1748 3054 fuerant
1774 3009 1907 3069 quot
1941 3009 1997 3054 et
2027 3000 2152 3068 ipsi.
2263 2999 2380 3064 Quo
2409 3012 2636 3068 surgens
2664 2998 2864 3062 oritur,
2898 2999 3052 3064 dixit,
3085 3015 3254 3071 quam
3282 3001 3508 3070 linquere
3533 3013 3686 3069 regnum

571 3085 824 3143 Nascitur
851 3089 980 3144 hinc
1021 3089 1281 3160 strepitus
1319 3091 1543 3155 castris;
1579 3091 1769 3146 horum
1801 3100 2090 3145 resonante
2262 3090 2619 3154 Francorum,
2643 3089 2774 3146 fecit
2798 3092 3023 3146 Domino
3047 3093 3326 3149 tribuente
3350 3093 3480 3162 quod
3499 3092 3644 3161 inquit.

572 3176 737 3239 Voce.
769 3186 952 3233 truces
977 3188 1207 3250 carpunt
1229 3179 1436 3250 clipeos
1465 3179 1746 3248 nostrique
1784 3181 2046 3234 carinam.
2187 3170 2230 3233 C
2334 3183 2576 3254 Denique
2599 3199 2724 3238 cum
2756 3184 2966 3239 medius
2992 3184 3187 3239 Titane
3216 3185 3311 3226 ιη’
3355 3177 3726 3242 ineenditurorbis,

645 3267 840 3325 Nostra
872 3271 1096 3326 Dionisii
1125 3272 1420 3327 tondebant
1451 3273 1634 3327 littora
1661 3272 1833 3338 sancti
2262 3273 2502 3343 Cumque
2532 3275 2647 3328 sitit
2674 3273 2830 3329 tellus
2860 3275 3152 3344 pecorique
3177 3276 3311 3330 libet
3338 3277 3493 3346 magis
3514 3272 3670 3334 umbra,

570 3357 776 3414 Pecora
799 3359 916 3426 ω’,
939 3376 1059 3430 quae
1081 3361 1284 3416 duxere
1307 3361 1402 3393 ²¹⁸⁰
1433 3362 1536 3417 sibi
1560 3362 1756 3417 crebro
1778 3361 2085 3431 speculata;
2265 3363 2458 3419 Silibat
2483 3375 2536 3419 et
2563 3373 2750 3436 gratus
2775 3365 2938 3421 silvas
2969 3368 3240 3438 zephyrus
3268 3383 3363 3438 per
3388 3379 3591 3426 amenas,

572 3447 774 3504 Verum
794 3448 900 3504 illis
929 3449 1129 3506 Ebolus
1155 3452 1352 3524 ingiter
1383 3452 1484 3507 fuit
1505 3453 1695 3508 obvius
1715 3453 1872 3514 abba.
2262 3455 2524 3526 Pergama
2576 3456 2828 3512 loetiferis
2850 3457 3120 3526 stipantur
3149 3461 3222 3514 ab
3253 3459 3482 3514 hostibus
3503 3455 3631 3518 urbis,

575 3538 676 3605 Qui
698 3554 928 3610 quorum
955 3542 1209 3597 comitem
1239 3542 1467 3613 quadam
1489 3543 1682 3598 stravit
1705 3543 1822 3598 vice
1845 3543 1980 3610 telo;
2057 3533 2066 3542 ’
2263 3544 2394 3612 Qua:
2430 3545 2526 3576 ²¹⁶⁰
2579 3546 2782 3616 passim
2823 3548 3128 3617 patiebatur
3161 3557 3449 3613 certamen,
3484 3559 3529 3601 et
3554 3557 3668 3596 unum

575 3627 730 3684 Unde
755 3629 888 3684 Dani
919 3630 1169 3700 linquunt
1199 3633 1393 3701 ripam,
1422 3632 1774 3702 referuntqne
1800 3634 2054 3688 cadaver.
2261 3639 2541 3694 Bellabant
2568 3641 2742 3706 muri,
2779 3641 3030 3710 speculae,
3063 3651 3259 3710 pontes
3288 3655 3487 3712 quoque
3506 3637 3665 3700 cuncti,

574 3717 698 3773 Mox
721 3718 921 3775 Ebolus
950 3735 1109 3776 senos
1138 3722 1347 3791 equites
1374 3722 1581 3776 dimisit
1604 3722 1671 3776 ab
1701 3738 1850 3788 arce,

2261 3730 2540 3800 Pugnabat
2563 3731 2804 3802 pelagus,
2849 3743 3036 3788 contra
3065 3734 3224 3790 tellus
3253 3735 3416 3805 magis
3438 3731 3598 3802 ampla.

577 3807 841 3876 Quattuor
867 3809 923 3864 hi
954 3818 1246 3880 ternosqne
1273 3823 1469 3864 necant
1498 3812 1800 3868 certamine
1822 3813 1960 3867 diro.
2263 3820 2500 3876 Classica
2524 3821 2616 3855 ¹¹⁶⁸
2648 3822 2796 3878 valde
2821 3832 3028 3889 tonant,
3050 3826 3254 3880 mensis
3281 3826 3370 3865 nu
3390 3816 3725 3878 discedere'circs,

649 3899 820 3955 Nocte
844 3901 1062 3971 quidem
1086 3902 1231 3957 cives
1255 3903 1500 3958 crebrius
1521 3919 1777 3974 pecorum
1801 3905 1901 3960 sub
1922 3919 2090 3975 opaca
2264 3909 2399 3976 Eur,
2427 3911 2662 3976 clamant
2694 3913 2810 3968 litui
2840 3914 2958 3979 ³³⁸³,
2985 3917 3220 3970 convivia
3240 3917 3440 3970 temnite
3463 3909 3625 3968 cuncti!

576 3993 840 4048 Custodes
869 3994 1090 4060 adeunt,
1114 3996 1484 4066 quosdamque
1519 3995 1730 4068 fugant,
1754 3996 1995 4069 aliosque
2267 3999 2411 4056 Urbs
2442 4011 2672 4068 terrore,
2697 4004 2856 4058 simul
2883 4005 3053 4070 cives,
3085 4007 3356 4062 invaditur
3375 4005 3552 4065 omnis;

574 4085 890 4141 Attribuunt
912 4085 1134 4158 jugulis,
1157 4088 1606 4160 hocegeruutque
1633 4089 1980 4161 frequenter;
2267 4087 2457 4147 Nullus
2487 4091 2542 4146 in
2573 4093 2705 4147 urbe
2729 4093 2878 4150 locus
2913 4094 3118 4162 fuerat,
3148 4100 3243 4167 qui
3267 4096 3398 4152 bella
3425 4096 3597 4150 lateret.

574 4175 883 4248 lndicioque
911 4179 1080 4234 tulere
1109 4179 1204 4211 ’³⁸⁸
1236 4180 1415 4236 Danos
1439 4182 1559 4236 urbi
1589 4182 1706 4237 sine
1728 4182 1860 4238 ﬂatu
2269 4181 2382 4236 Pila
2414 4182 2550 4239 falas
2571 4183 2684 4247 "“,
2712 4183 3007 4256 laceraeque
3035 4198 3223 4258 tegunt
3253 4190 3462 4243 nimium
3485 4180 3688 4253 calapttlll

575 4269 750 4339 Atque
775 4270 935 4325 simul
961 4272 1141 4339 vivos,
1166 4274 1324 4329 utsic
1348 4275 1492 4328 credi
1518 4275 1840 4345 potuissent.
2267 4277 2434 4342 Arva,
2464 4277 2610 4332 velut
2633 4278 2847 4347 pluviae,
2873 4279 3075 4350 plumbi
3105 4297 3206 4337 nec
3232 4297 3335 4337 non
3354 4280 3540 4336 onerosi

649 4359 1040 4429 ln-que-sulam
1063 4373 1350 4432 penetrant
1379 4365 1538 4421 solito
1563 4367 1796 4434 quadam
1824 4366 1940 4423 vice
1963 4367 2091 4435 ritu,
2268 4367 2436 4423 Poma
2464 4369 2667 4423 dabant
2700 4369 2856 4439 peltis
2883 4372 3113 4440 gemitus
3138 4383 3194 4427 et
3231 4374 3440 4444 grandia
3465 4384 3596 4432 saxa;

581 4450 777 4506 ania
807 4467 912 4521 qua
943 4455 1184 4510 resident
1207 4457 1356 4512 urbis
1384 4459 1510 4512 saevi
1538 4460 1761 4514 trecenti
1790 4475 1805 4524 ;
2200 4533 2213 4534 γ
2272 4459 2399 4516 llaec
2430 4461 2584 4516 nobis
2620 4461 2692 4515 illi
2729 4462 3032 4518 tribuebant
3058 4479 3168 4534 prae
3194 4488 3202 4515 ι
3229 4466 3278 4519 ia
3308 4479 3517 4534 semper.

578 4544 834 4601 Protinus
858 4562 987 4602 ense
1015 4549 1202 4619 quium
1239 4551 1330 4584 ²¹⁸¹
1360 4551 1487 4605 bino
1514 4559 1755 4606 stravere
1779 4551 1879 4588 "”
1906 4569 2168 4622 novenos,
2194 4533 2247 4593 Ῑ)
2271 4550 2340 4605 At
2361 4560 2550 4606 contra
2581 4551 2784 4623 lapides
2806 4553 3021 4623 rapidos
3045 4533 3352 4626 pariterque
3385 4533 3573 4609 balistas

583 4638 816 4695 Vulnera
841 4641 1136 4711 deposuere
1163 4641 1259 4674 ἰδ’*
1296 4644 1491 4712 quibus
1522 4645 1760 4714 triginta,
1800 4659 1899 4702 nec
1923 4656 2096 4717 extat,
2272 4644 2529 4699 Direxere
2553 4643 2682 4698 feris
2701 4645 2892 4710 nostri,
2917 4646 3227 4717 celeresque
3256 4651 3478 4718 sagittas.

581 4730 749 4786 Posse
784 4730 965 4785 datum
999 4733 1174 4801 quarti
1205 4731 1383 4786 lumen
1414 4743 1661 4803 spectare
1687 4735 1813 4790 diei.
2269 4737 2368 4792 llis
2389 4754 2482 4793 aer
2511 4738 2711 4793 seritur
2738 4738 2862 4793 hinc
2887 4739 3012 4795 inde
3043 4740 3343 4796 volantibus
3365 4739 3592 4809 amplum;

579 4822 865 4894 Congressi
895 4834 1142 4879 nostrum
1164 4825 1386 4895 gemini,
1415 4826 1506 4895 qui
1541 4836 1714 4883 morte
1742 4827 1986 4884 fruentes
2268 4827 2387 4884 Non
2427 4832 2568 4884 inter
2606 4829 2770 4884 cmlos
2798 4829 2940 4885 aliud
2985 4833 3235 4887 tranabat
3269 4843 3322 4888 et
3349 4849 3479 4886 arva.

583 4915 812 4986 Egregia
833 4924 1054 4971 sanctos
1075 4930 1270 4970 vexere
1291 4917 1453 4986 pedes
1481 4933 1644 4989 super
1670 4928 1848 4986 astra;
2269 4921 2414 4977 Mars
2445 4921 2616 4992 magis
2645 4930 2808 4991 atque
2833 4921 3004 4990 magis
3023 4932 3215 4993 regnat
3241 4924 3529 4992 timidusque
3546 4910 3707 4984 superbit

583 5006 720 5061 Nam
748 5008 930 5063 senior
957 5006 1285 5084 Segebertus
1312 5017 1448 5073 erat,
1473 5008 1659 5077 junior
1683 5010 2028 5082 Segevertus.
2272 5012 2437 5084 Virgo
2475 5014 2569 5067 Dei
2613 5013 2886 5068 Gcnovefa
2921 5025 3084 5084 caput
3107 5015 3344 5088 defertur
3362 5015 3421 5068 ad
3449 5011 3593 5072 urbis,

654 5095 817 5152 Forte
840 5096 1037 5152 deinde
1065 5097 1238 5152 tribus
1273 5098 1460 5152 cuneis
1484 5097 1696 5155 cinctus
1719 5101 1994 5172 galearum
2271 5103 2390 5172 Quo
2415 5103 2596 5158 statim
2625 5099 2832 5158 m’eritis
2857 5101 2972 5172 ejus
3001 5107 3171 5160 nostri
3212 5110 3536 5176 superarunt;

582 5190 932 5259 Armipotens
978 5190 1180 5246 montis
1208 5205 1371 5261 super
1395 5189 1511 5248 Odo
1540 5195 1827 5248 cacumina
1861 5194 2051 5251 Martis
2075 5196 2171 5238 ³³⁸⁵
2269 5197 2397 5253 lnde
2419 5196 2741 5268 fugaverunt
2769 5197 2930 5252 etiam
2957 5199 3137 5270 pinnis
3162 5197 3342 5271 procul
3372 5197 3490 5251 illos.

658 5323 798 5380 Vers
832 5309 998 5381 249.’

1883 5421 2176 5482 GLOSSIE
2210 5425 2302 5482 ET
2332 5425 2563 5482 ΝΟΤᾹΣ.

662 5509 754 5593 usti
776 5525 806 5563 ει
831 5512 1136 5593 pag-3mm]:
1186 5513 1301 5593 ,κει
1324 5513 1624 5593 lapide-gl:
1681 5516 1773 5548 "l'
1797 5531 2062 5593 percusso
2097 5535 2203 5593 mor

2177 5522 2360 5593 inacho
2380 5522 2452 5592 gl.
2527 5523 2624 5554 ⁸⁸⁸³
2649 5521 2974 5593 intrinsecus
3005 5520 3076 5591 gl.
3152 5517 3245 5563 ⁹¹⁸⁵
3283 5528 3432 5588 ριόρε
3464 5509 3516 5593 id
3555 5510 3614 5593 “is?
3646 5507 3718 5593 Ἢ

590 5566 843 5662 Tini-Qus.
1153 5586 1300 5662 θίῩβΞ
1325 5566 2127 5662 dir—m7“:futurtts’villjwﬁtr

2175 5566 2406 5646 Ebolu's'.”
2437 5566 2546 5623 ἠδε
2574 5566 2974 5662 δεῇ-’ἀλωνῖἶιῖ
3005 5566 3248 5646 ’ίιεεεοω
3284 5566 3420 5662 Icaria
3463 5566 3716 5662 Pecora‘tf.

594 5651 690 5684 "'°
730 5641 1134 5733 Normanniugl.
1196 5657 1304 5733 1””
1327 5641 1478 5711 cives
1520 5656 1591 5733 gl:
1678 5641 2055 5728 “"un’orum
2109 5679 2135 5731 g

2170 5701 2219 5733 ,Α
2260 5662 2356 5694 ²¹⁸⁸
2394 5641 2602 5717 scilicth
2642 5641 2748 5717 diro
2792 5678 2860 5717 ex
2915 5663 3115 5717 nostris
3153 5662 3224 5733 gl.
3311 5658 3400 5733 '1':
3430 5641 3705 5733 c093"‘¢l‘f‘_"‘3

595 5701 827 5806 [EN—9i;
843 5701 1478 5806 --ἶίέῖἰΜᾍῆᾸῖΜθἿὶᾉνυ
1496 5701 1591 5806 Em
1611 5730 1744 5806 ἥλιρς
1756 5771 1767 5782 .
1827 5701 1952 5768 T13;-
1968 5701 2136 5786 ἴιίἰῖτὶζ

2172 5701 2276 5806 illa.
2317 5701 2748 5806 ἠδ’ἷὶἵξῖᾇὶηἲῖἔ
2792 5701 3244 5806 ἵῗεοῖιᾝὶὶὖέἀὶ.
3317 5727 3403 5760 mo
3445 5721 3534 5779 scil.
3565 5715 3652 5771 urbs
3674 5701 3713 5775 9t.

596 5794 684 5826 ⁸¹⁶¹
717 5809 918 5849 cornua
960 5794 1030 5863 gl.
1108 5796 1200 5833 9‘“
1231 5799 1348 5852 scil.
1382 5815 1410 5852 a
1463 5796 1534 5868 gl.
1610 5801 1704 5831 ²¹⁶³
1811 5817 2012 5857 cornua
2040 5802 2110 5872 gl.

1108 5796 1200 5833 ²¹⁶¹
1231 5799 1348 5852 scil.
1382 5815 1410 5852 a
1463 5796 1534 5868 gl.
1610 5801 1704 5831 ²¹⁶³
1811 5817 2012 5857 cornua
2040 5802 2110 5872 gl.
2167 5794 2286 5838 ’ωδ
2319 5812 2495 5859 turres
2519 5794 2592 5874 gl.
