3902 6432
67 523 204 584 719

922 527 1012 584 DE
1048 525 1266 584 BELLI)
1303 526 1661 586 PAI‘JSIACO
1690 528 1875 585 LIBRI
1917 529 2113 586 TRES.
2156 563 2222 572 —-
2260 533 2386 588 LIB.
2427 535 2485 588 ll.

3231 546 3336 602 ἴδε)
3359 570 3362 572 ν

51 637 191 690 Pax
243 635 542 690 communis
559 635 655 667 ⁸¹³⁶
683 635 814 700 abit,
845 636 1020 693 fmdus
1054 639 1436 708 pessumdatur
1473 653 1652 695 omne.
1685 645 1732 706 Α
1828 641 2023 697 Nescio
2051 643 2173 712 quis
2195 646 2371 700 socios
2399 647 2523 701 lusit
2553 648 2838 720 Danosque
2861 655 3056 711 cecidit

57 728 350 783 Co’ntinno
379 729 556 782 cuncti
591 737 772 784 torvos
785 729 880 768 ’⁸³⁷
913 730 1218 799 disquirere
1245 731 1392 785 cives

57 821 249 885 Urbe,
283 819 420 885 foro,
439 829 700 889 currunt,
731 822 896 892 aliqui
922 825 968 878 si
1004 822 1144 878 forte
1177 832 1441 893 paterent.

55 915 224 967 huax
246 914 361 977 ³⁸³⁸,
386 913 666 967 inveniunt
685 913 940 982 quingen,
969 912 1251 983 plagisque
1284 913 1581 968 trucidant.

53 1004 163 1058 llis
206 1004 427 1070 miscuit
453 1010 716 1071 praestans
735 1002 936 1057 Ebolus
961 1003 1257 1058 Mavortius
1284 1003 1446 1068 abba,

52 1095 122 1148 Ni
159 1093 500 1165 cupidusm9
529 1094 776 1157 nimium,
807 1094 1062 1159 lascivus,
1084 1103 1140 1149 et
1161 1095 1414 1150 omnibus
1443 1103 1600 1164 aptus
1626 1113 1646 1160 ,-

50 1184 200 1239 Nam
231 1185 453 1255 pulchre
475 1184 636 1238 nituit
665 1185 878 1248 studiis,
907 1200 1029 1254 qua!
1057 1200 1303 1255 gramma
1349 1185 1626 1242 ministra‘

47 1277 316 1332 Falleris
344 1277 568 1332 antistes
590 1291 750 1331 causa
780 1277 1025 1346 permisit
1051 1277 1202 1332 abire

48 1365 430 1420 Anschericus
452 1374 648 1430 tentes,
680 1365 859 1434 potius
881 1365 1169 1421 concidere
1201 1367 1424 1422 debens.

46 1457 188 1510 Inde
217 1455 318 1510 feri
347 1455 533 1511 Meldis
562 1455 786 1520 feriunt,
810 1456 999 1511 urbem
1037 1472 1252 1527 quoque
1275 1459 1500 1513 vallant.

1765 730 1880 786 Non
1910 747 2131 802 paucos.
2161 735 2371 789 modico
2397 738 2663 804 quamvis,
2692 747 2750 793 ut
2780 739 2922 796 fama
2953 744 3065 808 ωδ,
3103 749 3333 818 popeilo,

1761 817 1878 887 Quo
1905 820 2003 853 “"
2024 831 2213 877 ventus
2242 824 2484 888 veniens,
2526 827 2827 885 Ademarus
2859 834 3076 890 nomine
3101 817 3297 893 dictus.

1820 909 2311 983 Sclademarusque
2345 915 2539 971 dehinc
2574 917 2732 975 binos
2775 921 2872 954 ³⁸⁸⁸
2916 921 3116 994 iugulis
3160 927 3328 994 dedit,

3078 1016 3260 1088 [isque

1753 1089 1976 1148 Deditus
2002 1102 2084 1148 est
2112 1093 2253 1150 idem
2285 1098 2524 1167 primus;
2567 1101 2798 1169 primum
2827 1105 2942 1160 duit
2969 1108 3062 1142 ⁸³⁵⁷
3090 1113 3293 1167 umbris
3351 1157 3354 1160 ι

1752 1181 1987 1238 Luteciae
2014 1193 2246 1252 torvum,
2281 1198 2564 1260 postquam
2599 1193 2774 1262 primo
2800 1206 3046 1264 patuere.

1752 1270 2086 1344 Principium
2115 1277 2275 1348 gladii
2305 1281 2476 1334 tenuit
2505 1281 2772 1353 finemque
2800 1289 3021 1358 recepit,

1747 1363 1862 1420 Hoc
1889 1367 1984 1403 ’⁸⁸⁸
2013 1383 2176 1438 super
2205 1370 2418 1435 inﬁdos,
2452 1359 2599 1426 illum
2629 1375 2722 1409 "5'
2752 1392 2948 1447 corpus
2985 1396 3148 1450 super
3185 1383 3302 1450 ejus

1746 1457 1991 1513 Rotherti
2021 1459 2200 1515 fuerat
2225 1477 2437 1534 pugnax
2464 1467 2682 1521 comitis
2712 1467 3108 1528 Sclademarus.

124 1547 259 1617 (An.
277 1548 429 1617 888.)
449 1547 660 1602 interea
686 1546 944 1614 'Karolus,
961 1563 1124 1620 regno
1149 1549 1262 1605 vita
1294 1565 1507 1632 quoque
1537 1566 1640 1632 nu-
1738 1549 2164 1622 'Dispulerat'.'"°
2191 1556 2370 1626 galeas
2401 1565 2575 1612 terror
2598 1561 2981 1632 propriumque
3006 1565 3106 1622 sub
3129 1567 3318 1622 urbem

1494 1620 1638 1692 ωηεν
1740 1620 1976 1698 Lunatas
2005 1620 2431 1701 stadiis'libitum
2461 1620 2632 1717 peltas
2662 1620 2937 1707 trecentis.

43 1706 283 1760 Viscera
313 1704 441 1775 Opis
455 1704 550 1746 ⁸³⁸⁸
569 1705 704 1760 divae
733 1706 1088 1776 conplectitur
1109 1708 1288 1764 abdita
1320 1709 1514 1773 tristis,

45 1795 234 1851 Laetus
263 1795 379 1852 Odo
401 1797 542 1867 regis
562 1811 757 1852 nomen
783 1797 932 1868 regni
955 1813 1168 1868 quoque
1192 1815 1390 1855 numen
1412 1800 1532 1867 “",

45 1886 392 1941 Francorum
419 1887 616 1956 populo
642 1897 890 1960 gratante
910 1889 1232 1962 faventeque
1254 1893 1424 1948 multo

1809 1732 2078 1788 Praeterea
2106 1736 2512 1808 quadringentis
2543 1752 2570 1791 a
2602 1740 2746 1795 mille
2775 1745 2995 1799 remotis

1642 1833 1648 1852 ¹
1737 1823 1983 1879 Acefalos
2008 1828 2297 1895 prostravit
2319 1828 2462 1882 humi
2487 1830 2723 1900 peditum
2747 1834 3037 1890 comitatus

1737 1914 1965 1986 Agmine
1996 1926 2288 1973 tercentum
2319 1929 2522 1990 pastor,
2554 1918 2847 1977 certamine
2874 1925 3069 1979 acerbo
3144 1928 3146 1930 ’

35 1978 225 2044 “lcet,
269 1985 432 2048 alque
461 1994 655 2036 manus
675 1981 771 2022 ¹²⁶¹
794 1990 1089 2053 “epirum,
1127 1983 1484 2081 ἀίαάεωαςιιιθ
1514 2001 1636 2041 vel"
1665 1988 1710 2049 Β
1739 1978 1943 2058 Nobilis
1972 1978 2631 2078 Anscberichus,'pollens
2660 2021 2724 2065 ex
2756 2009 2990 2081 Virginis
3023 2028 3147 2074 ore;
3212 2031 3214 2034 '

1384 2073 1497 2147 [lex
1516 2077 1634 2130 ειη.

39 2155 289 2212 Francia
320 2157 548 2225 laetatur,
573 2161 818 2230 quamvis
847 2162 892 2217 is
931 2161 1213 2219 Nustricus
1233 2173 1400 2230 esset,

48 2246 187 2302 Nam
209 2248 418 2304 nullum
446 2251 676 2307 similem
706 2253 922 2308 sibimet
950 2255 1188 2325 genitum
1218 2256 1568 2326 reperire’m

46 2335 162 2392 Nec
183 2339 319 2407 quia
348 2340 451 2393 dux
480 2340 556 2395 illi
593 2341 902 2414 Burgundio
925 2344 1118 2410 defuit,
1149 2345 1268 2414 ejus

46 2423 276 2480 Nustria
301 2428 365 2481 ad
392 2428 614 2499 insignis
637 2431 744 2485 nati
774 2432 1054 2487 concurrit
1081 2434 1366 2490 honorem.

36 2513 142 2569 ‘Sic
173 2531 290 2570 uno
313 2526 525 2578 ternum
561 2522 859 2590 congaudet
891 2523 1144 2578 ovamine
1175 2539 1422 2595 regnum.

40 2605 328 2661 Praeterea
356 2617 562 2664 astutos
591 2611 745 2680 petiit
777 2627 1018 2682 prmceps
1043 2614 1372 2684 Aquitanos;

46 2694 170 2749 Mox
203 2695 310 2751 sibi
336 2695 614 2765 subjectis,
640 2699 969 2756 Francorum
1000 2719 1164 2775 regna
1189 2704 1400 2772 revisit,

46 2784 257 2840 Moenia
285 2787 471 2844 ﬁeldis
494 2790 670 2847 adhuc
699 2791 860 2848 Danis
882 2794 1207 2862 stipantibus
1236 2798 1406 2864 urbis,

35 2875 142 2930 Cui
165 2878 366 2946 praesul
398 2877 573 2934 fuerat
594 2881 836 2937 residens
854 2883 906 2938 in
933 2899 996 2939 ea
1029 2883 1434 2956 Segemundus,

48 2965 642 3034 l'raasulisAnscherici
672 2969 980 3037 Tetbcrtus,
1009 2975 1235 3046 belliger
1284 2977 1469 3044 heros,

41 3054 404 3122 Germanus,
463 3059 650 3115 consul
717 3060 835 3114 νυ.
914 3063 1132 3119 Minime
1202 3067 1384 3122 Delius
1457 3083 1631 3138 neque
1683 3067 1686 3070 ’

1272 3155 1438 3226 [Febc
1464 3159 1560 3191 ω·

44 3233 388 3304 Apponebat
417 3235 467 3291 ei
492 3238 725 3308 spatium
758 3239 877 3306 ων,
900 3241 1030 3314 juge
1057 3245 1155 3299 sed
1194 3246 1295 3300 sibi
1325 3247 1522 3302 bellum

1741 2091 1833 2147 Sic
1858 2094 2066 2150 alacres
2090 2097 2318 2166 spolium
2350 2102 2610 2155 revellunt
2638 2103 2702 2156 ad
2731 2104 2927 2156 moenia
2959 2104 3182 2159 multum

1740 2180 1961 2247 Urbani,
1988 2195 2276 2254 przestante
2305 2187 2414 2244 Deo
2440 2190 2530 2258 qui
2561 2200 2744 2262 regnat
2778 2193 2845 2247 ab
2875 2193 3001 2247 allo.

1806 2274 2172 2344 Expediamus
2206 2280 2402 2334 abhinc
2431 2282 2622 2351 dignos
2652 2283 2838 2339 Odone
2863 2285 3178 2357 triumphos.
3254 2325 3257 2328 -

1736 2362 2024 2420 Falconem
2055 2369 2290 2422 vocitant
2319 2371 2557 2438 equitum
2588 2387 2694 2441 quo
2719 2373 2882 2427 millia
2911 2377 3040 2429 vicit

1736 2454 1882 2510 Dena
1964 2472 2265 2529 novemque
2315 2459 2509 2517 dehinc
2555 2461 2786 2518 Montem
2826 2465 2922 2496 ³²⁶¹
2974 2468 3314 2539 peditumque

2973 2537 3247 2608 [profanai
3331 2597 3340 2604 .

1733 2615 1849 2671 Hoc
1879 2617 1954 2673 illi
1984 2620 2192 2676 vicibus
2217 2631 2425 2692 peperit
2451 2625 2628 2679 natale
2659 2628 2938 2693 tropheum
3148 2673 3150 2678 ι
3339 2686 3345 2691 .

1735 2704 1850 2761 Lux
1880 2712 2228 2778 praeursoris
2255 2713 2469 2768 Domini
2497 2724 2763 2773 catecasta
2790 2720 2884 2753 ““
2910 2719 3190 2777 Johannis.
3245 2751 3248 2753 λ
3325 2736 3327 2738 ·

1735 2795 1942 2867 Quippe
1970 2800 2110 2856 latus
2135 2805 2405 2876 utrimque
2435 2807 2566 2863 virts
2589 2819 2837 2879 comptus
2865 2811 3109 2881 clipeatis

1735 2887 1897 2955 Mille,
1927 2891 2134 2962 legebat
2163 2895 2284 2960 iter,
2310 2899 2525 2966 quando
2561 2902 2767 2970 tyronis
2795 2904 2863 2958 ab
2885 2919 2982 2959 ore

1733 2975 1992 3036 Venantis
2022 2983 2246 3039 canibus
2277 2985 2488 3056 lepores
2521 3005 2801 3046 nemorosa
2835 3008 2930 3062 per
2957 3009 3086 3048 arva

1735 3067 1994 3124 Panditur
2019 3074 2318 3132 adventare
2345 3079 2572 3147 :equites
2597 3096 2695 3151 per
2719 3083 2884 3138 millia
2913 3101 3093 3142 seros.

1727 3159 1787 3214 id
1816 3161 1913 3194 "“
1943 3173 2265 3236 scutumque
2311 3169 2469 3223 simul
2513 3173 2721 3241 recipit,
2752 3176 3000 3246 colloque
3029 3183 3312 3250 pependit;

1731 3247 2002 3322 Armaque
2025 3268 2145 3308 cum
2178 3257 2340 3311 sociis
2365 3259 2602 3330 stringit,
2636 3274 2928 3331 penetrans
2957 3247 3172 3338 inopina

47 3325 303 3396 Undique
327 3339 570 3397 constat,
601 3331 788 3401 eisque
838 3341 1016 3390 tamen
1062 3351 1160 3406 per
1209 3339 1375 3392 multa
1404 3338 1503 3382 “‘0
1546 3357 1628 3397 re-
1658 3330 1700 3392 C
1732 3336 1940 3394 Przelia.
1972 3341 2220 3399 Solamen
2247 3346 2444 3402 celeste
2473 3325 2799 3421 PSHb-rapit
2827 3363 2991 3423 θιαιιθ

1367 3425 1553 3498 [sistit.

43 3505 293 3560 Perdidit
331 3507 664 3575 innumeros,
697 3516 946 3582 quotiens
973 3512 1066 3555 ""
1093 3529 1159 3569 ex
1182 3515 1394 3588 agmine
1415 3533 1558 3574 saevo

43 3597 309 3663 Exiliens,
336 3599 473 3654 citra
505 3616 687 3656 muros
713 3605 1060 3672 pessumdare
1084 3615 1269 3662 tetros.

41 3685 292 3741 Flamina
313 3698 446 3756 quot
469 3689 663 3746 tulerat
699 3691 836 3758 telis,
863 3708 1020 3749 orare
1049 3695 1144 3728 ”'°
1170 3698 1426 3768 nequibo.

41 3775 144 3832 Pro
176 3777 364 3833 dolor!
405 3783 737 3854 armipotens
759 3787 907 3842 inter
929 3789 1174 3845 mortalia
1205 3792 1335 3847 defit

40 3865 211 3926 Arma
267 3885 453 3939 ruens,
521 3890 796 3947 nunquam
847 3879 948 3935 sibi
1001 3881 1246 3954 principe
1297 3886 1387 3917 ”"
1433 3887 1629 3946 subve-

1321 3975 1553 4048 [niente,

44 4045 391 4125 Exitiumquc
415 4057 552 4126 polis
586 4059 679 4091 ¹⁹⁸²
709 4062 934 4131 posthac
968 4077 1090 4119 cum
1127 4045 1356 4137 praesule
1378 4077 1534 4141 capto

39 4143 208 4200 Passa
242 4144 346 4200 luit
379 4147 505 4211 ι⁹³³ς
549 4148 661 4220 regi
709 4150 836 4206 hinc
868 4149 996 4206 felix
1041 4153 1203 4209 micat
1223 4170 1381 4211 omen
1411 4157 1618 4214 Odoni!

470 4237 572 4310 (Ad
602 4255 748 4292 oram
787 4242 930 4306 cod.,
957 4243 1230 4315 IIYBONIA.)

108 4328 244 4388 (An.
274 4317 424 4399 889.)
463 4329 701 4401 Denique
725 4328 958 4389 Luteciae
997 4334 1240 4390 revolant
1275 4335 1339 4390 ad
1379 4337 1620 4394 culmina

1374 4427 1546 4502 (tunc.

39 4511 324 4567 Convocat
349 4514 453 4568 huc
482 4528 673 4571 omnes
701 4517 949 4586 proprios
991 4533 1087 4588 per
1129 4534 1294 4590 regna
1321 4532 1620 4588 morantes,

35 4604 138 4670 En,
171 4605 301 4660 sine
323 4605 435 4676 jam
467 4621 692 4663 numero
732 4623 1014 4664 numerum
1061 4619 1324 4680 praestans
1374 4611 1488 4669 Odo
1527 4629 1621 4669 ne-

1408 4701 1548 4775 [ctit.

38 4786 363 4858 Francigeui
393 4796 754 4857 approperant
780 4787 885 4844 alta
913 4805 1034 4845 cum
1067 4789 1243 4846 fronte
1269 4794 1518 4864 superbi;

34 4876 350 4932 Calliditate
379 4877 530 4932 venis
559 4877 802 4949 acieque,
837 4876 1146 4949 Aquitania,
1175 4879 1388 4953 linguae,

37 4966 395 5036 Concilioque
434 4967 570 5038 fuga:
598 4966 841 5038 Burgun-
863 4970 1044 5024 adiere
1065 4972 1301 5028 -diones.

39 5057 226 5114 Sessio
251 5057 314 5112 fit
337 5074 441 5113 non
481 5059 636 5131 longa
674 5060 806 5115 satis
832 5058 1091 5116 frustrata
1116 5062 1407 5134 triumpho.

36 5181 40 5185 ·
110 5166 251 5222 Vers
288 5165 410 5221 521.

1731 3427 1964 3495 Viscera,
2000 3433 2273 3502 deponunt
2301 3438 2390 3492 alii
2419 3440 2642 3508 clipeos,
2672 3444 3018 3514 animasque;

1730 3519 1902 3590 Terga
1931 3534 2124 3590 parant
2153 3527 2344 3596 reliqui
2381 3532 2648 3598 regalibus
2678 3535 2730 3587 in
2763 3537 2960 3605 quibus
2987 3541 3154 3596 armis

1729 3608 1807 3663 Ex
1841 3613 2024 3680 pueris
2058 3613 2215 3669 libuit
2244 3619 2412 3673 ternis
2441 3623 2780 3689 requiescere
2810 3625 3029 3684 Odonis.

1728 3696 1880 3755 Tunc
1908 3701 2044 3754 dixit
2067 3702 2164 3736 ”“
2183 3707 2417 3776 pr0priis
2447 3725 2461 3760 :
2500 3727 2517 3760 ι
2551 3710 2684 3766 Istos
2714 3713 2941 3771 fortasse
2971 3729 3232 3775 secuntur

1725 3787 1826 3843 Ast
1853 3789 1966 3852 alii,
1997 3791 2200 3850 idcirco
2220 3797 2424 3865 pariter
2452 3808 2649 3854 statum
2678 3803 3001 3872 glomerate;

1727 3876 1782 3932 Si
1809 3877 1971 3935 fuerit
1995 3883 2220 3940 verbum
2249 3902 2410 3957 super
2437 3890 2557 3954 hoc,
2588 3906 2656 3946 ne
2681 3893 2892 3950 dili‘erat
2918 3898 3090 3952 nllus!
3123 3919 3144 3954 ο

1725 3967 1974 4038 Adiecit:
2011 3989 2030 4023 ι
2061 3973 2294 4031 Subeam
2319 3980 2583 4034 tumulum
2609 3984 2706 4022 ³³⁸⁸
2733 3987 3060 4054 specularier
3087 3991 3232 4059 ipsc;

1725 4057 1782 4113 Si
1809 4075 1905 4114 vos
1937 4062 2229 4131 perculerit
2263 4066 2504 4138 clangor,
2540 4071 2741 4126 nullum
2772 4090 2923 4130 mora
2951 4057 3162 4135 vincat!
3199 4102 3217 4132 ι

1723 4149 1903 4206 Cornu
1931 4169 2086 4208 suum
2113 4172 2361 4227 poscens,
2385 4162 2663 4230 scopulum
2695 4168 2980 4234 scandens,
3009 4161 3155 4227 videt
3174 4159 3308 4231 ecce

1722 4239 2041 4299 Armisonos
2076 4246 2220 4301 lento
2250 4249 2461 4316 pedites
2494 4251 2744 4308 incedere
2766 4271 2990 4327 gressu;
3139 4293 3144 4298 -
3203 4272 3207 4276 '
3255 4275 3257 4278 ‘
3295 4269 3299 4272 ’

1724 4331 1875 4389 Tunc
1903 4335 2028 4390 tuba
2052 4337 2207 4408 cujus
2231 4339 2299 4394 ab
2324 4354 2420 4394 ore
2457 4343 2642 4409 boans,
2673 4360 2796 4400 mox
2823 4350 3002 4403 omnia
3035 4350 3142 4408 late
3240 4389 3245 4393 -

1723 4422 1956 4489 Excitat,
1985 4425 2369 4498 anfractusque
2397 4446 2494 4502 per
2519 4434 2667 4488 astra
2696 4450 2794 4504 per
2820 4433 3253 4510 arva-volabant,

1723 4512 1984 4570 Omnibus
2010 4525 2172 4587 atque
2199 4520 2376 4575 modis
2403 4522 2575 4577 solido
2603 4523 2699 4557 ³³⁵⁸
2723 4525 3002 4598 fractoque
3032 4533 3230 4588 ciebat.

1723 4605 1896 4660 Omne
1924 4621 2114 4663 nemus
2143 4624 2398 4679 responsa
2427 4613 2588 4669 dabat
2615 4616 2732 4671 voci
2757 4619 2850 4652 ’⁸⁸⁷
2878 4618 3205 4689 ῆιιηιιιθηάον,

1646 4678 1699 4738 D
1723 4695 1768 4752 lt
1796 4697 1918 4752 tuba
1949 4715 2071 4754 cum
2097 4678 2262 4757 celeri
2291 4704 2486 4759 bombo
2508 4721 2604 4775 per
2629 4721 2819 4764 cuncta
2842 4711 3126 4773 elementa.
3161 4722 3164 4725 ’

1723 4785 1807 4841 Nil
1831 4788 2048 4855 mirum,
2077 4793 2330 4860 quoniam
2363 4795 2540 4863 regale
2568 4807 2729 4866 caput
2757 4810 2929 4868 tonat,
2959 4803 3194 4873 inquam.
3279 4823 3282 4826 '

1722 4878 1864 4949 Ergo
1885 4881 1966 4935 sui
1991 4881 2262 4938 infrenant
2278 4899 2472 4942 currus
2486 4887 2609 4955 ⁸⁸⁸⁸,
2631 4891 2771 4945 saltu
2787 4909 3000 4963 quoque
3016 4895 3299 4964 scandunt,

1721 4968 1991 5026 Alloﬂlum
2019 4973 2070 5027 in
2096 4975 2328 5029 medium
2354 4975 2604 5048 migrant,
2636 4997 2882 5052 unusque
2910 4986 3004 5020 ’m
3031 4990 3238 5043 securis

1723 5063 1952 5120 Vibratu
1979 5065 2202 5135 pepulit,
2231 5081 2424 5122 conum
2450 5069 2546 5110 ἰη
2568 5071 2636 5126 de
2661 5075 2861 5130 vertice
2891 5077 3033 5146 regis

1329 5324 1618 5382 GLOSSIE
1650 5327 1737 5382 ET
1777 5327 2004 5384 NOTAE.

40 5476 272 5544 ""quae
289 5473 538 5529 fuitinter
555 5474 893 5530 Christianos
937 5483 992 5530 et
1007 5475 1391 5547 Normanosgl.
1469 5480 1561 5510 ⁸³³⁷
1587 5479 1834 5561 crudeles
1843 5479 1924 5599 [σι.

40 5542 140 5577 ⁸⁸³⁸
172 5547 284 5598 deae
314 5555 471 5599 terra:
493 5545 561 5599 al.
641 5546 731 5579 ""i
765 5545 880 5598 scil.
912 5546 1282 5599 complectitur
1307 5547 1378 5599 al.
1455 5548 1547 5579 ’⁸⁵³
1575 5549 1776 5599 Odoms
1810 5565 1840 5599 a
1865 5587 1880 5599 .

39 5542 140 5577 ⁸⁸³⁸
170 5542 284 5598 deae
314 5555 471 5599 terra:
492 5545 561 5612 gl.
641 5546 731 5579 ³⁸³¹
765 5545 880 5598 scil.
912 5546 1282 5615 complectitur
1306 5542 1378 5614 gl.
1455 5548 1547 5579 ’Μ
1575 5549 1637 5603 Ο(

44 5615 94 5653 nl
195 5613 294 5646 ³³³⁵
323 5615 415 5653 evil
455 5625 568 5653 om!
612 5613 663 5653 nl
759 5614 894 5653 ηἰσί
937 5631 967 5653 ρ
1013 5615 1213 5653 ὨΙιῑιδΙιρ
1309 5617 1404 5649 1³⁸⁵7
1442 5619 1637 5653 nonI-im

1733 5551 1776 5602 is
1809 5542 1880 5619 gl.
1957 5549 2053 5583 ’³⁵⁸
2078 5553 2193 5607 scil.
2220 5542 2588 5624 complectitur
2617 5542 2690 5622 9ιῖ
2766 5555 2832 5585 ’³³

1732 5618 1756 5653 μ’
1851 5621 1948 5652 ειη
1982 5622 1992 5653 ἰ
2048 5636 2076 5653 ο
2131 5621 2351 5653 “nullum
2385 5623 2433 5653 ιιΙ
2531 5622 2623 5652 ut!
2656 5624 2832 5653 nnla:ua.-

42 5615 116 5683 gl.
195 5613 294 5646 ""5
323 5615 590 5668 scil.erat.
611 5613 682 5683 gl.
759 5614 853 5649 ’³⁵⁵
881 5617 993 5696 ᾔει
1013 5613 1233 5696 Pbmbe.
1309 5617 1404 5696 “f7
1442 5618 1778 5696 requienrgl.
1810 5613 1828 5619 ⁷
1851 5621 2096 5696 ’,ξυμ-ε.
2128 5613 2360 5696 multum:
2381 5623 2452 5696 gl.
2531 5613 2639 5696 “"f
2655 5624 2834 5696 sepius

45 5682 118 5750 gl.
200 5684 318 5754 7""
349 5699 470 5754 rege
498 5682 568 5752 gl.

665 5687 760 5758 “ff
790 5687 917 5758 urbs
941 5686 1017 5758 gl.
1105 5685 1202 5758 ﬁ"?
1230 5686 1486 5758 sustinuit
1515 5685 1584 5758 gl.

45 5742 147 5822 ἕξιτ
182 5753 325 5806 dedit
351 5742 419 5822 gl:

517 5753 614 5785 ’³³⁸
646 5753 1113 5826 scil.principium
1141 5755 1300 5825 gladii
1338 5757 1410 5826 gl.

43 5818 250 5893 Mosam
292 5818 612 5876 et'Axonam
660 5818 912 5893 oppidum
954 5818 1118 5888 Bono.

1681 5687 1776 5720 ἰιι
1805 5691 1923 5744 scil.
1958 5690 2059 5742 fuit
2097 5690 2170 5760 gl.

1507 5759 1601 5790 ²²⁵⁹
1634 5758 1792 5813 linem
1819 5760 1891 5828 gl.

1353 5843 1456 5899 una
1503 5828 1792 5898 singularis
1822 5827 1900 5899 gl.

1982 5480 2076 5558 ξξξδ
2100 5480 2399 5558 interjectio
2418 5479 2736 5558 letalitisrgu.
2771 5557 2779 5558 ί
2804 5485 2897 5558 ‘f"
2915 5487 3036 5545 Sc”.
3058 5497 3196 5542 9550‘
3219 5490 3300 5558 9η

1957 5549 2053 5583 ’³⁵⁸
2078 5553 2193 5607 scil.
2220 5549 2588 5624 complectitur
2617 5549 2685 5622 gf.
2766 5555 2860 5585 "ii
2886 5572 2980 5626 pro
3004 5549 3295 5626 reperieba.

1982 5622 2013 5673 i.
2048 5636 2096 5675 e.
2128 5621 2352 5675 multum
2381 5623 2452 5683 gl.
2531 5622 2623 5652 ""’
2655 5624 2834 5683 senius
2869 5627 2958 5683 al-
3030 5627 3122 5658 ²¹⁸⁰
3154 5627 3298 5683 lomti

2740 5644 2834 5676 ltus
2869 5644 2958 5696 gl-
3032 5644 3122 5658 ἰνν
3154 5644 3295 5695 loqui

2740 5693 2834 5767 "ff
2862 5696 3196 5767 Normannos
3221 5699 3295 5767 gl.

2644 5764 2734 5834 _".-“
2777 5765 3118 5834 Montfauron
3159 5764 3299 5824 inter

1998 5828 2260 5909 “fiscil.
2293 5828 2549 5909 nuncium
2595 5832 2667 5902 gl.
2702 5904 2710 5909 _
2773 5828 3042 5909 νήφει.-
3070 5835 3183 5890 Odo
3219 5837 3293 5909 gl.

2265 5691 2362 5731 am
2397 5692 2534 5762 sicut
2571 5691 2643 5762 gl.

1989 5760 2092 5842 ἷξορο.
2122 5760 2452 5842 disperserat
2474 5760 2545 5832 gl.

171 5901 403 5948 montem
434 5893 502 5958 qi.
599 5890 801 5949 ’τοο-ές.
849 5895 1008 5950 modo
1047 5895 1122 5964 gl.
1351 5898 1494 5967 regis
1527 5890 1618 5973 9‘7.

1732 5899 1772 5932 ⁵⁸
1812 5890 1980 5970 Equos
1999 5901 2074 5970 gl.
2172 5900 2263 5934 "5’
2291 5890 2632 5958 Norinannu's
2653 5904 2730 5984 gl.
2829 5905 2922 5978 ξ¹⁷9
2959 5905 3194 5974 ltelmutu
3213 5890 3290 5974 δέ.
