3902 6398
171 311 281 368 757
1025 299 1110 363 DE
1144 307 1363 364 θειιο
1392 305 1753 362 PARISIACO
1788 305 1966 362 [ΑΒΜ
1996 303 2196 361 TRES.
2235 335 2302 369 -έ-
2341 305 2466 360 LIB.
2510 304 2592 362 III.
2898 317 2904 323 '
3321 297 3424 368 Ἰὸῖ

528 423 670 476 locus
696 439 888 477 vacuus
1179 422 1449 476 riridiaria
1521 437 1564 474 s.
1595 430 1714 474 sunt
1736 422 1904 490 pomis

526 510 831 566 Pomerium
885 509 1032 564 ίόὅόὶ
1067 509 1248 574 curti,
1309 508 1548 577 pomaria
1611 522 1849 578 congrua
1877 507 2049 562 malis.

789 645 799 664 ,
1619 609 1816 654 stercus
1845 601 2130 653 humanum

526 694 1018 766 Fulgeateccresus
1047 702 1274 754 ostrum,
1333 693 1489 762 longe
1539 701 1612 746 sit
1662 691 1886 747 olcttun.

753 785 931 838 corbes
1663 781 1800 835 venti
1835 782 2025 850 virgas,
2061 781 2329 833 uiridiario

514 875 719 930 Praedia
749 873 912 944 quala
961 873 1055 927 tibi
1103 883 1378 937 statuant,
1417 882 1622 943 agitent
1652 871 1818 926 ﬂabra
1892 870 2084 942 ﬂagra.

552 965 700 1036 longe
840 963 1089 1034 serpentis
1112 964 1380 1033 proprium
1515 963 1628 1017 bibe
1701 963 1988 1016 morittium
2210 1030 2212 1032 ν

524 1015 750 1112 Eminus
773 1064 834 1111 υι
922 1015 1142 1127 ἐοτεοίι
1207 1015 1221 1033 ⁸
1287 1053 1494 1126 fugiat,
1533 1064 1656 1125 pota
1717 1055 2020 1109 diamorou.

757 1149 927 1203 lutum
963 1157 1129 1202 totum
1837 1149 1919 1204 eia

376 1240 448 1294 50
521 1238 728 1308 Sperne
760 1239 939 1310 platon
977 1237 1100 1293 olon
1123 1277 1139 1303 ,
1175 1237 1411 1308 sinposia
1438 1277 1453 1303 ,
1500 1246 1758 1308 quatinus
1795 1237 1937 1294 odou

476 1354 487 1388 I
803 1330 1002 1384 medius
1023 1345 1143 1384 sons

526 1422 604 1479 Te
627 1423 848 1489 lustret;
880 1430 1119 1478 temeson
1150 1421 1355 1492 vigeas,
1387 1423 1431 1477 si
1461 1438 1566 1477 non
1595 1431 1748 1493 potes
1777 1423 1983 1477 Insous.

513 1531 675 1583 penus
1192 1511 1420 1566 redoleat
1492 1513 1714 1582 pecunia
1744 1513 1809 1571 de
1834 1511 1970 1566 lucis

517 1603 623 1658 Lar
655 1603 782 1668 tibi,
818 1619 926 1674 quo
963 1610 1148 1658 nectar
1208 1600 1421 1673 fraglet,
1479 1601 1734 1672 lucarque
1798 1618 1902 1660 nec
1955 1602 2118 1658 absit.

526 1696 869 1749 mercennarii
1329 1693 1466 1747 elluo
1488 1693 1790 1749 luxuriosus
1817 1695 2104 1766 dissipator
2128 1713 2274 1750 voca:

515 1785 760 1840 Gallonis
812 1799 1020 1840 memor
1067 1772 1184 1841 esto
1236 1784 1332 1850 tui,
1438 1784 1627 1838 ambro
1657 1785 1841 1839 timeto
1870 1786 2025 1840 cieri.

523 1885 696 1930 custos
725 1874 988 1929 mulorum
1082 1877 1280 1928 uueltus
1671 1875 1906 1942 provisor
1939 1891 2191 1944 equorum

517 1964 680 2020 Mulio
893 1963 1077 2020 strabo
1102 1973 1225 2019 tuus
1263 1970 1439 2034 neque
1475 1963 1584 2030 sit,
1625 1977 1801 2032 neque
1832 1978 2030 2033 agoson
2064 1965 2290 2020 inermis

514 2058 700 2111 domus
721 2056 932 2125 inﬁrma
1422 2055 1742 2126 sanguisuga
1806 2053 2024 2109 assidua

373 2151 443 2206 55
511 2150 730 2206 Abbaso
761 2149 907 2220 (550)
1071 2163 1179 2220 quo
1228 2147 1417 2212 fuerit,
1472 2145 1545 2202 sit
1598 2145 1793 2200 hirudo
1849 2145 2108 2218 frequens
2163 2149 2442 2204 comitata.

513 2238 783 2308 disjungat
1269 2235 1596 2290 intervallum
1669 2235 1879 2304 agiliter

519 2332 770 2402 Disparet
805 2345 871 2386 ac
899 2328 1109 2385 validos
1158 2327 1510 2398 intercapedo
1548 2327 1790 2392 citatim,

702 2422 897 2492 femina
924 2422 1088 2476 virilis
1120 2421 1284 2475 animi
1356 2421 1519 2476 intrat
2087 2428 2279 2474 tectum

523 2515 581 2571 Si
644 2530 748 2584 qua
814 2513 1001 2583 virago
1057 2521 1208 2566 tuum
1272 2518 1551 2580 penetret,
1627 2510 2019 2576 reminiscere,
2079 2511 2260 2564 doma.

510 2607 786 2663 consilium
808 2623 978 2662 sermo
2013 2603 2227 2659 mantile

517 2701 647 2755 Bule
951 2706 1097 2769 tegat
1162 2696 1362 2752 Christi
1428 2705 1660 2752 mentem
1750 2695 1898 2760 tibi,
1971 2711 2206 2767 gausape
2277 2711 2540 2750 mensam.

519 2791 827 2845 mandatum
1508 2796 1714 2857 torques
1745 2802 1906 2839 aurea
1937 2801 2053 2838 cum
2081 2786 2318 2854 gemmis.

512 2879 705 2936 Entole
781 2887 832 2934 te
870 2885 1084 2942 comat,
1127 2892 1392 2948 regesque
1601 2877 1774 2932 babeu
2026 2890 2409 2945 proceresque.

1905 2966 2216 3020 mandatum

373 3066 444 3122 60
513 3065 794 3122 Abdomen
860 3062 1081 3119 minime
1137 3069 1356 3132 superet
1417 3075 1616 3132 corpus
1680 3074 1838 3132 mage
1928 3057 2102 3114 tecbe.

547 3157 749 3212 celestis
858 3172 1020 3210 novus
1270 3171 1430 3210 novus
1461 3154 1513 3208 in
1535 3154 1642 3224 ﬁde

521 3246 720 3304 Uranei
761 3245 1102 3311 neotericus,
1141 3254 1302 3316 atque
1338 3246 1568 3301 neotitus
1606 3245 1747 3300 haud
1785 3245 1862 3302 sis

516 3337 793 3410 Dogmatis
831 3352 896 3392 ac
932 3336 1085 3402 lidei,
1121 3336 1323 3408 iugiter
1357 3337 1452 3392 sed
1492 3337 1704 3407 priscus
1741 3337 1811 3392 ab
1848 3337 2004 3392 olim.

1353 3431 1554 3484 utinam

523 3521 790 3588 Quattuor
819 3519 985 3574 immo
1025 3527 1175 3573 tuum
1214 3520 1314 3574 hec
1341 3528 1398 3574 ut
1433 3519 1560 3573 item
1596 3520 1923 3575 comitentur
1950 3520 2004 3574 in
2032 3535 2206 3575 aevum
2237 3561 2252 3577 .

877 3626 1027 3666 sacer
1167 3611 1406 3681 princeps
1477 3609 1594 3664 laus
1623 3611 1814 3666 iterata
1841 3622 1888 3666 et
1913 3611 2108 3682 duplex

519 3708 697 3765 chhe
717 3706 838 3772 Dei,
883 3704 1051 3770 ieron,
1095 3703 1423 3773 arclionque,
1462 3702 1908 3774 palinodianquc.

511 3797 862 3854 Circumcisus
1183 3795 1401 3848 cardian
1424 3793 1478 3846 id
1498 3803 1570 3848 est
1594 3793 1804 3864 pulsum
1835 3794 2009 3848 cordis
2042 3796 2245 3865 patiens

379 3891 449 3948 65
521 3889 752 3945 Ancisus
818 3889 1003 3954 viras,
1072 3887 1200 3958 quin
1275 3887 1558 3942 cardiacus
1616 3887 1872 3942 moriare.

556 3982 733 4052 nigras
1516 3976 1879 4031 lavandariam

516 4070 770 4128 Ceruleas
809 4076 986 4125 vestes
1022 4083 1067 4123 sn
1107 4076 1286 4138 gestas
1308 4107 1324 4133 ,
1365 4081 1526 4138 posce
1563 4065 1874 4122 colimbum.

737 4159 858 4228 fune
891 4159 1049 4212 corda
1125 4157 1268 4212 navis
1382 4173 1536 4212 arcus

517 4254 741 4311 Ducitur
777 4253 1010 4323 anguina
1075 4251 1271 4305 limbus
1339 4251 1581 4320 arcippio
1620 4265 1720 4306 nec
1756 4264 1886 4308 non.

559 4360 721 4414 equus
1529 4357 1628 4410 que

517 4437 802 4494 Canterius
839 4436 1032 4491 antelis
1057 4433 1206 4505 (537)
1233 4443 1289 4489 et
1323 4433 1541 4502 postelis
1577 4433 1873 4504 equitatur.

518 4531 829 4586 anxietatem
1009 4527 1309 4582 tenuitatem
1337 4528 1568 4598 corporis
1781 4527 2112 4582 amenitatem

523 4623 777 4696 Aporiam
810 4620 904 4676 sed
941 4627 996 4674 et
1067 4616 1370 4688 atrophiatn
1421 4616 1672 4687 patiaris,
1725 4625 1785 4670 ut
1836 4632 1993 4673 acam

521 4725 820 4786 perpetuam
892 4712 1035 4766 socia
1533 4715 1804 4778 congregat

383 4800 452 4861 70
522 4805 780 4860 Atervam
817 4799 1047 4871 appodix
1088 4808 1178 4852 tua
1216 4814 1366 4854 mens
1404 4797 1506 4854 sibi
1530 4805 1826 4868 congregat
1850 4796 1990 4866 ejus.

585 4892 816 4946 dolorem
1049 4887 1196 4944 valde
1222 4898 1463 4959 quierunt

519 4980 798 5052 Algemam
837 4985 1033 5034 mentis
1071 4979 1366 5048 anquirunt
1403 4977 1531 5034 talia
1570 4991 1757 5032 verum

519 5068 967 5141 inpassibilitatem
1049 5068 1283 5138 elfugant
1497 5068 1796 5124 merendam

510 5158 795 5230 Aphatiam
977 5157 1302 5222 amendant,
1415 5159 1751 5212 anteceniam
1826 5173 2040 5228 quoque
2079 5157 2285 5226 largam

788 5249 1018 5304 alienum
1049 5247 1279 5304 laborem
1563 5249 1771 5306 dilectio

517 5341 816 5408 Edillcant;
889 5354 1112 5411 agapem
1260 5337 1449 5396 suffert
1484 5355 1652 5411 agape
1689 5347 1852 5403 nimis
1888 5352 2053 5414 apta._

1690 5469 1912 5526 NOT/E.

243 5593 390 5658 (555)
422 5588 560 5644 beda
587 5597 802 5659 pometa
843 5588 974 5644 dicit
1013 5589 1101 5644 ubi
1128 5603 1284 5659 poma
1332 5579 1620 5653 oriuntur,"
1661 5603 1752 5657 pn—
1931 5586 2080 5659 (539)
2106 5587 2323 5659 έμιικιεο
2355 5601 2490 5659 corr.
2534 5583 2728 5659 Abaso.

169 5661 341 5714 maria
372 5655 486 5730 quo
533 5655 834 5716 servantur.
1128 5655 1144 5659 ⁷
1662 5655 1672 5657 ’
1921 5655 2066 5727 (557)
2099 5656 2196 5710 Hic
2225 5665 2277 5711 et
2301 5656 2543 5724 scriptum
2573 5672 2630 5708 nc
2661 5655 2884 5708 deletion
