3902 6414
566 312 671 368 759

780 677 851 734 75

788 1587 859 1645 80

810 4261 918 4322 95.

782 5086 888 5147 £00

1508 307 1800 364 ABBONIS
1828 302 2456 365 SANGERMANENSIS
2495 300 2802 358 MONACHI

1200 418 1413 472 capram

923 493 1138 551 Nisibus
1170 493 1416 564 :egidiam
1456 494 1509 548 in
1546 494 1663 563 giro
1703 494 1931 551 secteris
1968 493 2162 548 acutis.

918 586 1354 656 consanguineos,
1392 584 1707 655 propinquos
1815 584 2045 654 pluviam

921 676 1161 750 Agnatos
1531 682 1719 732 teneas
1788 674 2084 744 aregidiam
2146 685 2362 743 quoque
2396 668 2532 725 verb

1180 769 1437 825 dwmonss
1761 764 1998 836 lugubris
2211 760 2438 832 spolium

921 863 1183 931 Anheles,
1228 862 1401 920 hostis
1455 877 1527 918 ne
1611 861 1688 917 sis
1768 866 1978 915 atratus
2047 858 2101 912 in
2169 855 2366 911 aslum.

958 957 1071 1013 uela
1140 965 1170 1013 ει
2306 944 2452 1000 calor

920 1045 1087 1103 Aulea
1125 1058 1195 1102 ne
1228 1049 1520 1117 angustent
1554 1042 1791 1099 animam
1829 1040 2087 1105 sceleris,
2153 1045 2239 1095 set
2270 1033 2502 1108 aprilax.

1787 1142 2143 1202 transgressor

926 1226 1108 1284 Alluat
1140 1229 1434 1295 aethereus,
1473 1226 1631 1283 noxis
1682 1240 1751 1282 ne
1812 1231 2058 1294 apostata
2121 1222 2240 1278 llas.

1096 1326 1301 1373 scutum
1622 1314 1991 1384 conﬁdentiam
2018 1311 2350 1366 alacritatem

926 1408 1069 1467 Leva
1109 1407 1280 1465 ancile
1313 1422 1474 1480 geras
1496 1448 1512 1475 ,
1547 1407 1739 1463 dextra
1776 1404 2134 1473 agoniamque
2258 1398 2383 1457 ﬁdei
2760 1447 2763 1449 _

1179 1479 1329 1555 extra
1543 1498 1810 1567 ediﬁcium
1839 1496 1933 1551 sub
1959 1494 2133 1561 terris,
2159 1503 2370 1548 antrum
2416 1502 2683 1544 annonam
2736 1482 3042 1554 protrahat,
3077 1479 3297 1551 protelet

928 1587 1186 1660 Auspicio
1221 1604 1252 1644 a
1284 1602 1539 1655 maneas,
1720 1600 1986 1657 apogeum
2386 1580 2624 1650 aliquam
2734 1574 2954 1644 ampliet
3052 1624 3070 1647 ,
3095 1570 3288 1627 altum.

1002 1680 1168 1736 velum
1581 1679 1959 1737 monasterium
1985 1676 2041 1731 id
2069 1684 2147 1731 est
2176 1671 2598 1745 singularitatem
2624 1666 2719 1723 Dei
2742 1663 2938 1721 servitii

935 1779 1235 1836 Armenum
1272 1778 1423 1836 cordi
1462 1778 1653 1843 tollas,
1692 1774 2039 1853 arcisterium
2077 1771 2269 1828 addas.

930 1870 1169 1942 princeps
1220 1870 1408 1926 domus
1477 1870 1724 1926 amicitiw
1751 1876 1932 1938 aptum
1998 1862 2176 1919 album
2204 1875 2395 1915 ornum

932 1958 1354 2017 Architriclinus
1531 1957 1763 2015 amicalo
2002 1953 2278 2008 amineum
2335 1946 2469 2006 colit
2504 1952 2670 2017 atque

1489 2068 1616 2108 uasa
1634 2051 1801 2122 pomis
1830 2047 2059 2120 ferendis
2080 2054 2204 2117 apta

932 2140 1073 2201 Huic
1101 2142 1260 2201 malis
1283 2144 1449 2201 etiam
1622 2144 1897 2217 apolereta
2131 2148 2424 2197 autumnus
2460 2135 2744 2192 honustat.

1038 2236 1195 2291 homo
1335 2238 1448 2293 sine
1472 2237 1695 2309 conjuge
1782 2236 2082 2292 castitatem

932 2328 1208 2401 Antropus
1229 2337 1316 2386 ast
1412 2344 1639 2400 agamus
1745 2328 2047 2387 ctelibatum
2087 2325 2252 2393 colat,
2289 2333 2346 2382 et
2382 2322 2464 2380 sic

1001 2419 1186 2475 urbem
1575 2432 1854 2493 paternam

934 2512 1244 2587 Argiripam
1302 2522 1510 2581 cernet,
1576 2514 1813 2585 patriam
1851 2513 2108 2584 civesque
2140 2512 2351 2567 beatos.

1391 2624 1531 2662 mors
1553 2607 1726 2662 subita
2151 2602 2348 2657 astutia

937 2701 1093 2760 Haud
1119 2702 1247 2760 huic
1283 2709 1367 2758 est
1404 2700 1683 2772 apoplexia
1721 2714 1872 2765 cure,
1938 2697 2034 2755 sed
2071 2703 2127 2750 et
2179 2702 2304 2749 astu

1529 2792 1747 2846 miseros

942 2886 1213 2958 Angustat
1248 2885 1460 2950 nullos,
1497 2889 1794 2938 amartetes
1819 2879 1959 2937 solet
1980 2879 2124 2935 idem

945 2976 1019 3033 ad
1050 2985 1245 3032 statum
1274 2991 1515 3032 revocare
1545 2973 1694 3044 fugat
2051 2965 2383 3023 amictorium
2410 2963 2607 3018 lineum

937 3066 1260 3138 Antiquare,
1512 3064 1694 3122 aeinat
1730 3075 2004 3127 venerem,
2099 3054 2421 3114 anaboladia
2470 3058 2673 3124 portat.

974 3156 1168 3212 albidis
1198 3180 1222 3215 ι
1240 3155 1509 3229 splendent

947 3246 1208 3304 Albuneis
1279 3247 1463 3304 albent
1542 3245 1718 3319 pomis
1750 3244 1876 3301 huic
1905 3243 2215 3314 apolereta;

914 3338 1188 3403 Virtutes
1256 3348 1467 3397 cuncta:
1543 3340 1873 3397 comitantur
1914 3337 2159 3394 amiciter
2187 3336 2375 3400 illum;

1517 3433 1874 3504 labefactendo
1891 3431 2229 3488 concutiendo
2242 3428 2440 3485 diaboli

952 3525 1111 3584 Hune
1134 3540 1242 3583 non
1271 3523 1499 3583 allidunt
1614 3522 1984 3580 ail‘urcillando
2147 3520 2375 3576 sinistri.

1482 3618 1888 3690 proficiscuntur
1914 3615 2199 3671 mustiones
2223 3612 2313 3683 qui
2335 3618 2623 3667 nascuntur
2643 3608 2709 3664 de
2738 3608 2857 3663 uiuo

949 3712 997 3769 Ε
1016 3710 1226 3769 baccho
1245 3709 1498 3782 quoniam
1527 3710 1730 3765 bittunt
1774 3708 1940 3778 geniti
1984 3706 2249 3772 bibiones,

942 3802 1102 3859 stulte
1131 3804 1365 3874 loquitur
1388 3802 1506 3857 vino
1536 3799 1654 3854 albo

942 3894 1209 3952 Platterat
1348 3894 1563 3949 amineo
1669 3892 1716 3948 si
1763 3889 2109 3947 constiterint
2160 3899 2216 3946 et
2269 3884 2447 3944 eidem
2606 3902 2664 3952 φ

1543 3992 1752 4055 gutture
2103 3994 2105 3997 ‘

950 4076 1235 4148 Indignum
1262 4073 1506 4131 referens
1530 4058 1793 4138 brancho,
1820 4084 2149 4142 prorsusque
2170 4065 2455 4129 brutescit,

1140 4166 1275 4223 illuc
1302 4167 1343 4221 it
1364 4163 1600 4220 ambulat
2235 4159 2533 4229 duplicetur

952 4258 1109 4316 Haud
1140 4284 1148 4293 -
1180 4256 1296 4313 illa‘
1343 4256 1514 4323 bittit,
1619 4267 1727 4325 quo
1761 4251 2008 4323 quisquis
2037 4252 2245 4307 honore
2275 4249 2514 4305 bimetnr

956 4353 1081 4425 rufa
1095 4352 1246 4423 nigra
1292 4350 1484 4405 bonum
1795 4347 2039 4419 juvenem
2415 4339 2549 4411 fodit

954 4443 1132 4499 Burra
1272 4440 1520 4512 probum,
1554 4437 1747 4503 fateor,
1774 4438 2061 4492 buteonem
2084 4434 2175 4505 qui
2204 4448 2333 4490 arva
2362 4431 2627 4487 bidentat.

951 4533 1055 4592 Hic
1081 4542 1166 4591 set
1189 4541 1246 4589 et
1272 4532 1536 4602 ingenuus
1560 4530 1790 4585 similem
1820 4529 2058 4584 retinent
2088 4525 2414 4597 genituram.

994 4626 1162 4695 spado
1189 4602 1411 4679 adornat
1425 4622 1675 4677 construit
1703 4620 2004 4676 habitacula
2018 4628 2193 4673 castra
2360 4613 2527 4669 tristis

960 4715 1212 4787 Buggeus
1308 4719 1535 4783 apparat
1680 4719 1735 4765 et
1787 4709 2012 4780 burgos,
2085 4721 2275 4763 verum
2311 4704 2540 4762 biliosus

1423 4818 1544 4856 caro
1596 4799 1928 4871 sepulchrum
2144 4798 2292 4852 triste

964 4900 1205 4970 Apparat
1230 4904 1392 4967 atque
1418 4893 1590 4949 boson
1620 4890 1861 4961 taphium
1924 4888 2024 4945 sibi
2064 4888 2382 4943 sibiliosum.

1033 4992 1195 5046 datur
1973 4980 2190 5051 lugubre

960 5083 1054 5142 Sic
1083 5081 1279 5139 anima!
1299 5093 1497 5150 corpus
1521 5077 1633 5132 vita
1658 5072 1919 5145 conponit
1941 5086 2208 5136 amarum,

1990 5181 2033 5219 8.
2070 5174 2148 5219 est

954 5271 1102 5329 Lata
1133 5276 1216 5326 set
1241 5266 1612 5336 Omnipotens,
1641 5260 1685 5317 si
1714 5273 1866 5314 mens
1890 5257 2037 5320 felix,
2072 5260 2226 5325 parat
2259 5260 2427 5307 astra.

964 5362 1205 5421 Comiter
1224 5360 1329 5416 hoc
1353 5364 1580 5413 cunctos
1604 5366 1824 5409 moneas
1847 5357 1929 5417 tu,
1959 5348 2113 5404 miles
2136 5345 2343 5402 herilis.

2173 5438 2378 5507 inferno

962 5543 1235 5601 Pmterea
1256 5554 1379 5597 cum
1409 5536 1530 5609 quis
1559 5550 1757 5592 noxam
1789 5531 2150 5589 clandestinat
2179 5538 2360 5595 antro,

1464 5624 1771 5696 constringit

966 5725 1207 5800 Cespitat
1246 5732 1410 5787 atque
1445 5729 1785 5791 coagmentat
1822 5718 1867 5775 si
1896 5715 2124 5776 crimina
2146 5713 2341 5781 virtus,
