3902 6400
151 298 249 354 731
1180 361 1185 366 ,
1418 300 1783 357 SERMONES
1812 300 1942 369 ρει]

1654 301 1783 357 ses
1812 300 2145 375 QUINQUE;
3310 271 3415 331 κ’

1204 426 1382 471 crest'tt

331 500 436 558 i05
505 502 809 562 Communit
838 515 1095 576 mentem,
1134 508 1443 566 coalescens
1465 512 1693 567 comiter
1718 513 1835 582 ejus

1480 602 1636 671 pollet
1660 605 1791 673 viget

502 687 745 746 Pectoris
771 691 823 746 in
852 699 1007 763 portu
1038 695 1374 751 clandestina
1399 708 1523 750 nam
1554 694 1685 751 eluit
1714 694 1828 749 illic

1628 784 1791 837 virtus

505 861 778 933 Clancule,
810 883 916 925 non
949 878 1198 928 constare
1222 873 1310 927 diu
1344 881 1522 927 tamen
1547 871 1661 943 ipsa
1691 870 1890 926 valebit

1240 962 1459 1032 desuper
1562 977 1655 1032 per
1672 960 2010 1031 evangelistas

507 1044 781 1116 Clancula,
820 1055 957 1105 teste
982 1049 1229 1108 Tonante
1262 1066 1424 1123 super
1456 1061 1671 1109 sacrata
1706 1068 1804 1123 per
1834 1067 1931 1109 ora

887 1143 1134 1197 astutiam
1240 1145 1495 1198 damnare

508 1226 642 1285 Cum
671 1230 855 1287 videas
924 1243 1103 1288 astnm
1174 1234 1525 1304 pessumdare
1573 1232 1731 1291 saecla
1771 1233 2088 1301 nefandum,

673 1322 1053 1392 familiaritatis
1071 1337 1305 1381 seruator

332 1411 436 1468 iit)
506 1411 675 1468 Immo
767 1414 1027 1471 clientela:
1126 1425 1272 1472 tutor
1342 1416 1559 1473 Domini
1611 1416 1763 1475 velut
1813 1416 1988 1475 haeres

506 1504 561 1556 in
595 1503 695 1557 hac
717 1504 820 1558 vita
929 1520 1195 1572 ascensus,
1226 1505 1382 1561 colles

505 1592 607 1648 Hie
652 1608 893 1660 maneas,
951 1595 1121 1652 clivos
1176 1597 1437 1652 virtutum
1480 1597 1739 1668 quatinus
1785 1597 1961 1655 almos

591 1685 812 1740 breviter
842 1695 892 1742 et
921 1699 1106 1743 ornate
1135 1690 1449 1761 compositas
1520 1689 1618 1743 deo
1762 1704 2040 1757 personare

509 1775 807 1845 Scandere,
951 1780 1247 1836 concinnas
1494 1792 1614 1838 eno
1667 1788 1724 1834 tu
1771 1778 2019 1849 clangere
2073 1779 2262 1836 laudes

993 1886 1038 1925 s.
1066 1871 1300 1941 personis
1478 1870 1807 1927 solummodo
1841 1870 1932 1924 uni

506 1958 737 2016 Nomine
766 1958 981 2015 sistenti
1054 1960 1224 2015 ternis
1294 1960 1477 2017 valeas
1580 1962 1741 2016 modo
1846 1959 1949 2016 soli

1031 2061 1284 2119 potestate
1316 2052 1487 2123 gloria

505 2141 799 2213 Magestate
829 2150 1011 2197 tamen
1083 2151 1216 2197 nutu
1289 2144 1536 2213 doxaqne
1582 2144 1873 2213 perhenni,

333 2233 439 2289 115
510 2233 682 2302 Quam
701 2233 912 2304 pariter
937 2241 1111 2289 tecum
1140 2242 1351 2290 teneam
1377 2244 1433 2290 tu
1465 2235 1665 2292 clerice
1689 2251 1903 2307 poscas.

1843 2372 1947 2436 Ri.

154 2446 439 2508 FINITUR
481 2443 738 2504 CERNUI
793 2446 1213 2504 OPIJSCULUM
1275 2450 1655 2507 LATECASTI
1715 2452 1932 2507 EXIMII
1982 2448 2467 2517 CONFESSOIHS}
2498 2447 2809 2507 GERMANI
2859 2446 3415 2518 SUCCESTUSQUE

882 2537 1222 2597 PARISIACI
1251 2539 1501 2597 PRAELII
1541 2541 2045 2610 HUMILLIMIQUE
2078 2540 2351 2597 LEVITE
2389 2538 2700 2595 ABBONIS.

172 2701 3402 2738 Μ

230 2840 347 3026 Θ
675 2796 1318 3021 aBBoMs
1370 2784 2147 2965 ’SERMONES
2229 2848 2853 2984 QUINQUE

1604 3070 1955 3133 SELECTI.

1652 3212 1867 3227 '—_
3104 3208 3115 3242 I

505 3314 1099 3407 ACHERII
1215 3311 1896 3405 MONITUM
1997 3309 2165 3398 AD
2267 3308 3064 3402 LECTOREM.

1374 3502 1670 3576 (Spicilegii
1706 3510 1835 3557 tom.
1862 3502 1905 3568 Ι,
1932 3516 2055 3573 pag.
2079 3500 2231 3572 336.)

1461 3662 1587 3679 ﬁ-

232 3792 474 3869 Abbonis
510 3793 821 3849 monasterii
850 3792 1460 3869 _l_’ratg2nsis_cmnobi_tae
1496 3808 1560 3869 ac
1586 3809 1738 3869 pres-
1767 3799 1817 3859 Α
1880 3796 2023 3869 γϐυι·
2066 3810 2195 3869 vero
2249 3809 2525 3852 sermones
2570 3795 3130 3869 istosgconscripserit
3174 3796 3429 3869 vulgave-

152 3864 340 3937 byteri
363 3877 639 3937 sermones
664 3863 1022 3937 suppeditavit
1043 3863 1279 3937 scriptus
1305 3866 1474 3937 codex
1498 3863 1739 3937 ejusdem
1847 3868 2026 3937 ritque
2066 3866 2218 3921 Abbo
2237 3907 2251 3931 ,
2280 3882 2499 3937 causam
2542 3867 2697 3922 aﬂ‘ert
2723 3867 2775 3921 in
2803 3863 3122 3936 argumento
3152 3863 3429 3937 sive'prre-

156 3882 196 3924 ι)
239 3882 338 3921 ten
363 3882 639 3919 sermones
664 3882 1022 3937 suppeditavit
1043 3882 1279 3934 BCl'lplllS
1305 3882 1474 3920 eoae:
1498 3882 1739 3933 ejusuem
1847 3882 2026 3937 l‘thlle
2066 3882 2218 3921 anno
2237 3907 2251 3931 ,
2280 3882 2499 3921 causam
2542 3882 2697 3922 anert
2723 3883 2775 3921 tn
2803 3882 3122 3936 argumento
3152 3882 3265 3922 snve
3293 3885 3426 3937 prae-

156 3882 413 3998 azbatiaa,
448 3948 584 4006 quos
613 3933 959 4006 inter_plures
994 3932 1153 4006 haud
1176 3934 1293 4006 luce
1328 3934 1574 4006 indignos
1596 3932 1742 4006 judi-
1846 3936 2142 4006 fatiuncula
2178 3936 2516 4006 sermonibus
2546 3938 2782 4006 praeﬁxa,
2825 3938 2910 3991 his
2934 3937 3115 3990 verbis
3141 3937 3206 3991 ad
3236 3933 3426 3992 Lecto-

156 4005 425 4060 cavimus.
467 4001 714 4075 Quinque
758 4001 940 4075 itaque
982 4003 1399 4075 descripsimus,
1434 4001 1523 4072 qui
1576 4001 1743 4075 potis-
1848 4022 1961 4060 rem
1994 4023 2007 4059 :
2038 4024 2055 4056 ‹
2094 4005 2205 4060 lloc
2230 4001 2663 4075 opusculum'tibi
2694 4006 2857 4070 nndo,
2890 4026 2905 4057 ι
2940 4015 3049 4075 etc.
3080 4005 3430 4075 Elucubravit

155 4074 361 4130 simum
404 4073 827 4128 ecclesiasticam
865 4072 1203 4140 disciplinam
1257 4088 1323 4127 eo
1362 4072 1601 4141 tempore
1646 4074 1743 4128 ob-
1847 4076 2001 4130 Abbo
2031 4084 2087 4130 et
2132 4072 2299 4129 libros
2343 4077 2476 4130 duos
2518 4075 2765 4130 versibus
2793 4077 2857 4129 de
2884 4074 3162 4129 obsidione
3202 4074 3430 4129 Lutetia:

155 4151 435 4199 servatam
468 4151 758 4205 ostentant,
790 4142 1090 4213 docentque
1133 4158 1245 4213 pne
1287 4143 1498 4197 caeteris
1526 4143 1740 4197 modum
1851 4145 2181 4200 Parisiorum
2206 4161 2235 4198 a
2268 4145 2592 4199 Normannis
2636 4144 2776 4213 facta
2801 4160 2889 4197 an.
2931 4143 3035 4198 886
3064 4151 3119 4196 et
3157 4142 3292 4207 887,
3322 4159 3430 4213 quo

156 4158 435 4199 servatam
468 4158 758 4205 oetentant,
790 4158 1090 4211 uocemque
1129 4158 1245 4265 Enn
1287 4158 1498 4197 caeteris
1526 4158 1740 4197 montum
1852 4158 2181 4200 t'artsmrum
2206 4161 2235 4198 a
2268 4158 2592 4199 mormanms
2636 4158 2776 4198 tacta
2801 4160 2889 4197 an.
2931 4158 3035 4198 δδῠ
3064 4158 3119 4196 et
3157 4158 3255 4197 δδι
3278 4183 3292 4207 ,
3322 4159 3430 4213 quo

156 4212 419 4285 Ecclesia:
445 4283 457 4285 _
480 4212 999 4285 reconciliandorum
1054 4228 1123 4285 pu
1166 4212 1265 4285 lice
1329 4213 1743 4285 pmnitentium‘,
1852 4225 2094 4285 tempore
2125 4214 2358 4268 vivebat.
2391 4215 2487 4266 Vir
2508 4214 2629 4285 _fnit
2659 4212 2950 4285 Scriptura:
2992 4213 3184 4265 divinae
3205 4252 3220 4276 ,
3248 4214 3431 4267 conci-

159 4290 328 4352 atque
360 4282 549 4352 iisdem
579 4282 919 4337 eucliaristim
952 4281 1289 4337 conferenda:
1329 4291 1539 4350 tempus
1568 4281 1745 4352 :Arcli-
1852 4281 2044 4338 liornm
2072 4298 2137 4337 ac
2168 4295 2477 4338 sanctorum
2507 4282 2729 4337 Patrum
2765 4297 2868 4335 non
2903 4282 3119 4351 ignarus
3138 4321 3152 4347 ,
3180 4291 3343 4337 atoue
3370 4292 3432 4338 ut

160 4350 303 4423 quos
332 4351 742 4433 alias't'ortean.
773 4352 969 4433 edituri
1019 4366 1141 4406 eum
1186 4360 1485 4422 opportuna
1530 4350 1747 4406 dabitur
1852 4368 1913 4408 ea
1940 4352 2189 4409 ferebant
2220 4363 2485 4423 tempora,
2518 4354 2651 4408 satis
2681 4350 2933 4407 disertus.

160 4421 404 4488 occasio,
430 4422 699 4477 mittimus
728 4421 967 4476 interim.

175 4516 3395 4547 Μ

968 4638 1260 4701 INCIPIT
1303 4639 1867 4702 ARGUMENTUM
1911 4638 2122 4700 LIBRI
2166 4635 2602 4709 SEQUENTIS

234 4758 487 4825 Noveris,
519 4758 687 4815 lector
712 4758 826 4814 sive
846 4759 1081 4826 auditor,
1105 4760 1413 4830 quicunque
1435 4774 1495 4815 es
1519 4759 1807 4814 mediocris
1834 4757 2177 4827 loquacitatis
2208 4756 2358 4811 dives
2377 4796 2392 4822 ,
2432 4755 2527 4810 sed
2573 4753 2856 4810 latinitatis
2893 4752 3120 4823 indiges,
3161 4752 3268 4806 hoe
3295 4765 3431 4820 opn-

164 4853 377 4910 oculum
402 4853 496 4908 tibi
520 4853 662 4908 nudo
689 4852 906 4907 nuditer
933 4853 1157 4919 factum,
1182 4855 1354 4925 utqui
1380 4869 1477 4925 per
1509 4855 1739 4909 obscura
1772 4852 2053 4909 doctorum
2084 4860 2386 4907 commenta
2413 4860 2467 4906 et
2506 4850 2753 4905 homilias
2772 4865 2877 4904 non
2916 4850 3166 4920 intelligis
3188 4850 3434 4920 Evange-

164 4942 265 5009 lia,
292 4940 483 4998 saltem
513 4942 639 4997 huic
669 4940 850 4997 libello
878 4943 946 4997 ab
976 4942 1080 4997 illis
1107 4952 1351 4998 mutuato
1377 4944 1623 4998 intendas
1650 4942 1734 4995 vel
1767 4941 2012 5012 legendo,
2041 4941 2126 4996 vel
2153 4942 2437 4996 audiendo.
2483 4940 2541 4995 In
2587 4941 2689 4995 hoc
2733 4940 2931 5009 quippe
2974 4938 3218 4993 codicillo
3250 4939 3429 4993 omnia

166 5048 509 5104 quaecunque
539 5033 734 5104 legeris
762 5033 1004 5087 invenies
1028 5034 1297 5104 patefacta
1321 5044 1425 5088 tute
1447 5034 1632 5101 saluti,
1661 5033 1997 5102 aliorumque
2018 5030 2298 5085 hominum
2319 5031 2512 5099 quibus
2533 5016 2882 5093 revelabitur;
2923 5026 3259 5096 evangelicas
3281 5026 3431 5081 vide-

167 5123 300 5180 licet
321 5122 707 5192 expositiones,
736 5123 1004 5194 simulque
1043 5124 1416 5179 sermunculos
1442 5126 1603 5179 rebus
1658 5122 2095 5192 temporibusque
2142 5122 2473 5191 aptissimos.
2518 5120 2603 5175 Me
2644 5134 2850 5181 revera,
2906 5118 3182 5171 Abbonem
3226 5115 3433 5172 scilicet

173 5215 524 5279 monachum,
557 5222 613 5270 et
638 5213 1086 5269 miserabiliorem
1111 5215 1319 5269 eunetis
1350 5212 1687 5278 mortalibus,
1713 5220 2003 5282 coegerunt
2027 5210 2287 5281 episcopi,
2316 5208 2597 5264 Froterius
2638 5205 2889 5261 videlicet
2917 5203 3148 5258 Pictavze
3176 5204 3339 5270 sedis;
3378 5212 3434 5258 et

171 5302 408 5361 maxime
437 5302 705 5359 Fulradus
734 5302 1043 5368 Parisiacae,
1066 5303 1197 5359 illud
1229 5304 1377 5359 tenui
1403 5302 1544 5375 stylo
1574 5303 1772 5358 cudere
1800 5301 2096 5373 negotium,
2127 5301 2193 5355 ad
2225 5300 2515 5355 utilitatem
2549 5296 2872 5368 simplicium
2915 5293 3233 5349 clericorum
3258 5310 3272 5360 ;
3301 5309 3433 5364 qua-

172 5404 333 5451 tenus
356 5395 482 5452 hinc
504 5394 651 5452 omni
682 5403 923 5467 tempore
950 5404 1169 5451 sumant
1198 5411 1391 5451 ausum
1442 5395 1613 5467 (5‘58),
1643 5402 1699 5451 et
1740 5394 1996 5450 hauriant
2047 5402 2233 5463 potum
2286 5392 2613 5464 praedicandi
2659 5388 2934 5459 subjectis.
2959 5387 3128 5459 igitur
3157 5401 3432 5443 memores

269 5547 393 5620 558)
422 5558 631 5620 sumant
657 5566 862 5604 ausam.
894 5549 1057 5607 Forte
1080 5550 1346 5616 haustum,
1378 5549 1453 5604 ait
1476 5548 1747 5603 Baluzius.
1857 5559 2034 5619 potum
2060 5562 2180 5618 quae
2203 5545 2464 5620 sequitur,
2496 5546 2599 5620 nisi
2620 5544 2794 5620 fallor,
2818 5544 3006 5601 vitiosa
3028 5550 3130 5607 est,
3158 5556 3256 5620 nec
3280 5540 3433 5620 valde

173 5612 307 5700 )iihi
339 5612 467 5700 vero
492 5619 651 5689 longe
683 5620 839 5702 aliter
866 5622 1109 5686 videtur;
1144 5636 1267 5675 nam
1298 5612 1349 5674 in
1378 5634 1511 5674 voce
1537 5637 1748 5682 assunt,
1857 5612 2143 5674 admodum
2197 5612 2390 5697 dubito.
2433 5616 2563 5742 quin
2605 5616 2730 5696 .ejus
2780 5616 2899 5672 loco
2951 5612 3313 5686 reponendum
3362 5612 3433 5676 sit

176 5688 313 5742 mhll
333 5690 489 5742 video
516 5688 660 5742 quod
694 5705 943 5742 cumnam
970 5692 1253 5742 disnlicere
1274 5690 1495 5742 debeat:
1529 5691 1622 5742 sed
1648 5706 1746 5742 vox
1858 5698 2181 5742 potestatem.
2209 5697 2300 5742 aut
2326 5686 2432 5741 altu
2498 5686 2690 5742 Slmllc.

176 5688 313 5744 nihil
333 5689 489 5746 video
516 5686 660 5761 quod
694 5691 943 5762 cuiquam
970 5692 1253 5763 displicere
1274 5690 1495 5757 debeat;
1529 5691 1623 5747 sed
1648 5706 1746 5748 vox
1856 5698 2181 5761 potestatem,
2209 5697 2300 5743 aut
2326 5686 2469 5742 aliud
2498 5686 2690 5742 simile.
