3902 6390
506 320 610 374 ιδδ
1475 321 1762 378 ABBONIS
1799 320 2415 377 SANCEBMANENSIS
2455 322 2756 412 nomen]
3645 305 3741 377 761

505 438 699 494 estote,
721 431 969 493 lectores,
1003 431 1242 486 Abbonis
1269 430 1320 485 in
1361 433 1554 486 vestris
1583 432 1773 496 sacris,
1802 430 2077 485 vernaculi
2109 431 2407 486 beatissimi
2447 416 2698 488 Germani
2743 435 2933 488 tutoris
2970 433 3158 490 Parisii
3201 436 3268 490 ab
3311 436 3626 492 obsessione
3655 440 3745 492 ho-

505 519 634 572 stili.
665 521 892 588 Dignum
922 531 1005 575 est
1026 516 1315 590 siquidem,
1349 529 1406 574 ut
1428 522 1519 591 qui
1552 537 1688 591 pene
1711 520 1971 576 indicibili
2001 520 2200 575 sudore
2229 523 2570 591 expleverant
2615 524 2765 594 jussa
2783 527 3090 596 prtesulutn,
3145 529 3417 599 quodlibet
3447 531 3747 586 adminicu-

503 604 612 660 lum
642 604 1074 664 mentc‘sentiam
1101 609 1454 664 orationibus.

1981 703 2274 723 #1.—

1011 806 1242 864 SERMO
1280 807 1556 864 PRIMUS.
2098 814 2147 874 Α
2174 810 2265 879 qui
2293 825 2508 881 semper
2535 820 2618 866 est
2645 812 2868 881 pavidus
2890 811 3073 883 (Prov.
3105 829 3294 879 xxvm,
3327 814 3412 886 ιι)
3443 829 3461 868 :
3503 834 3522 867 ι
3546 817 3621 872 de
3653 817 3752 872 illis

978 897 1043 952 In
1117 898 1274 975 C(ena
1355 899 1584 955 Domini.

569 986 695 1044 [hec
741 989 906 1060 igitur
940 989 1087 1056 dies,
1133 989 1325 1046 fratres
1369 991 1708 1058 eharissimi,
1751 1006 1783 1047 a
1827 991 2071 1047 ﬁdelibus

497 1078 698 1134 Christi
747 1079 907 1150 longe
959 1080 1172 1151 lateque
1214 1097 1312 1152 per
1354 1083 1538 1137 orbem
1580 1081 1788 1137 diffusis
1831 1097 2068 1152 congrua

497 1170 784 1226 devotione
822 1159 932 1226 tota
984 1171 1035 1226 in
1083 1172 1449 1228 celeberrinue
1495 1171 1850 1227 solemnitatis
1912 1172 2068 1252 laude

495 1259 836 1327 expenditur.
878 1257 1050 1314 Hodie
1075 1260 1447 1329 dignissimum
1476 1259 1681 1315 Pascha
1709 1276 1736 1314 a
1763 1260 1990 1315 Domino
2015 1268 2069 1314 et

495 1365 524 1403 a
553 1350 826 1419 discipulis
851 1350 1176 1416 celebratur,
1206 1351 1350 1406 etab
1379 1351 1495 1421 ipso
1524 1351 1578 1405 in
1617 1352 1916 1422 exemplum
1947 1351 2072 1407 imi-

492 1439 671 1492 tandae
731 1439 1081 1504 humilitatis,
1129 1440 1290 1508 pedes
1349 1455 1534 1496 eorum
1586 1439 1856 1506 lavantur,
1907 1449 2069 1510 atque

494 1538 682 1583 sancta
712 1531 965 1602 mysteria
991 1531 1232 1600 corporis
1261 1545 1325 1584 ac
1354 1531 1628 1599 sanguinis
1653 1532 1734 1586 sui
1757 1532 2064 1587 traduntur.

494 1618 664 1674 llodie
689 1620 754 1673 ad
781 1620 1107 1690 colligendos
1130 1636 1294 1675 novos
1314 1621 1541 1691 populos
1566 1630 1808 1676 sanctum
1831 1623 2066 1677 chrisma

493 1709 562 1762 ab
589 1710 856 1779 episc0pis
883 1710 1187 1775 conﬁcitur,
1223 1709 1405 1779 templi
1436 1711 1741 1779 pavimenta
1769 1722 1823 1765 et
1853 1711 2063 1777 altaria,

492 1813 646 1852 sacra
687 1815 902 1868 quoque
948 1815 1075 1854 vasa
1125 1800 1498 1870 puriﬁcantur.
1543 1799 1710 1856 Hodie
1761 1802 1846 1872 pia
1895 1812 2068 1856 mater

492 1889 731 1944 Ecclesia
769 1905 928 1958 super
963 1890 1101 1944 ﬁlios
1129 1889 1435 1959 adoptivos,
1466 1904 1602 1958 quos
1648 1891 1701 1945 in
1751 1890 1854 1946 ﬁde
1881 1892 2066 1962 genuit

490 1993 735 2047 quosque
765 1979 890 2033 olim
925 1994 1023 2048 pro
1051 1979 1368 2049 quibusdam
1399 1987 1672 2033 erratuum
1703 1995 1918 2036 suorum
1948 1982 2068 2051 pia-

490 2069 626 2124 culis
653 2071 1001 2141 corrigendos
1031 2072 1211 2126 amisit
1231 2070 1398 2142 (539).
1422 2071 1548 2125 dum
1582 2071 1774 2126 iterum
1803 2073 1868 2128 ad
1894 2088 1951 2128 se
1975 2088 2063 2128 re-

2173 900 2367 970 quippe
2401 900 2584 955 statim
2627 901 3014 972 subsequitur:
3051 922 3070 955 ι
3101 904 3200 972 Qui
3228 906 3390 960 etiam
3434 907 3644 962 mentis
3673 921 3755 962 es:

2171 989 2338 1056 dum,
2370 1001 2587 1047 corruet
2615 992 2667 1047 in
2695 993 2890 1048 malum
2926 993 3131 1066 (lbid.).
3166 1014 3186 1048 ι

2243 1079 2475 1136 Proinde
2523 1090 2749 1151 paterna
2794 1083 3156 1139 admonitione
3194 1082 3464 1154 iubemus,
3499 1103 3570 1142 ne
3603 1088 3753 1156 quis—

2171 1167 2302 1222 libet
2351 1170 2592 1225 converti
2641 1171 2707 1226 ad
2761 1169 2932 1226 Deum
2978 1171 3224 1237 differat,
3265 1188 3388 1228 cum
3425 1173 3518 1228 ille
3564 1175 3752 1228 dicat:

2177 1276 2196 1309 ι
2226 1257 2358 1314 Nolo
2393 1268 2622 1316 mortem
2668 1262 3004 1330 peccatoris,
3049 1263 3140 1317 sed
3182 1271 3243 1318 ut
3284 1275 3654 1320 convertatur
3704 1276 3758 1322 et

2170 1347 2318 1404 vivat
2342 1349 2558 1420 (Ezech.
2587 1366 2749 1416 xvttt,
2791 1349 2902 1411 23).
2937 1369 2955 1402 ι
2990 1351 3094 1405 Et:
3127 1369 3146 1403 ι
3175 1351 3232 1406 In
3269 1367 3599 1422 quacunque
3626 1355 3756 1408 hora

2169 1449 2420 1510 peccator
2448 1455 2742 1495 conversus
2769 1439 2930 1495 fuerit
2956 1449 3010 1495 et
3049 1441 3385 1512 ingemuerit,
3417 1444 3609 1496 omnia
3637 1458 3754 1511 pec-

2169 1539 2288 1585 cata
2310 1531 2427 1600 ejus
2447 1530 2697 1585 oblivioni
2725 1531 3003 1585 tradentur
3025 1530 3238 1598 (Ezech.
3261 1547 3452 1598 xum,
3482 1532 3707 1602 12-15).
3731 1552 3751 1584 ι

2169 1621 2306 1677 Iliuc
2339 1623 2501 1675 etiam
2544 1621 2658 1690 ipse
2706 1621 2759 1676 in
2805 1621 3096 1691 Evangelia
3125 1621 3242 1676 ait:
3275 1641 3295 1674 ι
3343 1622 3626 1678 Gaudium
3658 1626 3755 1678 erit

2168 1712 2224 1766 in
2253 1712 2388 1768 coelo
2432 1726 2592 1781 super
2631 1727 2738 1767 uno
2784 1722 3067 1782 peccatore
3112 1714 3480 1783 paenitentiam
3515 1724 3755 1784 agente,

2168 1818 2327 1873 quam
2358 1817 2520 1871 super
2547 1803 2835 1872 nonaginta
2857 1803 3021 1873 justis
3045 1802 3135 1871 qui
3163 1817 3268 1856 non
3299 1803 3547 1873 indigent
3577 1804 3753 1873 peni-

2169 1892 2333 1946 tentia
2366 1890 2637 1960 (Luc..xv,
2661 1892 2736 1963 7).
2769 1911 2788 1944 ι
2813 1892 2946 1947 Cum
2971 1902 3168 1958 autem,
3199 1892 3390 1948 fratres
3410 1895 3752 1959 eharissimi,

2170 1989 2248 2036 tot
2274 1988 2580 2036 sanctarum
2611 1979 3012 2050 Scripturarum
3051 1981 3318 2051 exempla,
3352 1983 3630 2052 pluraque
3652 1985 3750 2039 alia

2167 2071 2364 2126 mentis
2393 2080 2591 2126 nostra!
2634 2071 2687 2124 in
2734 2071 3006 2126 intellectu
3051 2080 3254 2125 tantam
3287 2071 3525 2127 inferant
3554 2089 3754 2128 conso-

489 2161 626 2214 verti
657 2175 754 2229 per
777 2161 1265 2216 reconciliationem
1290 2163 1569 2232 conspicit,
1596 2171 1820 2218 ovanter
1840 2179 2066 2234 congra-
2094 2149 2138 2207 Β
2165 2160 2438 2227 lationem,
2469 2169 2524 2216 et
2561 2161 2803 2216 converti
2853 2161 2920 2214 ad
2967 2161 3136 2216 Deum
3171 2161 3442 2228 nolumus,
3471 2166 3750 2233 quomodo

489 2249 712 2304 tutatur.
741 2249 796 2303 In
826 2267 929 2320 qua
955 2250 1203 2306 videlicet
1243 2252 1328 2306 die
1367 2266 1555 2306 omnes
1581 2267 1675 2307 vos
1712 2253 1778 2306 ad
1819 2256 2063 2309 eamdem

489 2341 1025 2406 reconciliationem,
1085 2351 1142 2394 ut
1207 2341 1408 2396 absolvi
1470 2343 1686 2411 possitis
1735 2358 1766 2396 a
1822 2343 2063 2410 delictis,

453 2434 888 2504 promptissima
966 2435 1239 2490 voluntate
1310 2435 1580 2491 conﬂuere
1660 2438 2061 2509 dignoscimus,

486 2540 646 2594 quam
697 2525 940 2595 largillua
993 2541 1238 2596 superna:
1282 2528 1496 2596 pietatis
1541 2529 1710 2598 gratia
1756 2537 2060 2594 annuente,

485 2615 646 2670 sicuti
694 2617 900 2672 devotis
932 2617 1270 2685 exposcimus
1317 2618 1546 2684 animis,
1591 2628 1649 2672 ut
1677 2619 1944 2675 debitores
1971 2621 2066 2674 ad-

485 2721 671 2760 sumus
707 2715 762 2761 et
804 2721 902 2777 pro
947 2707 1099 2761 vobis
1128 2707 1388 2763 rationem
1437 2709 1730 2775 reddituri,
1761 2711 1885 2764 totis
1923 2726 2061 2780 pra:-

485 2795 791 2849 cordiorum
841 2795 1049 2852 nisibus
1097 2797 1214 2867 ejus
1275 2797 1468 2853 ﬁducia
1528 2798 1686 2864 freti,
1739 2801 1829 2870 qui
1884 2801 2060 2856 dixit:

492 2903 512 2937 ι
551 2884 917 2955 Quodcunque
946 2886 1213 2942 solveritis
1256 2904 1417 2956 super
1454 2898 1655 2944 terram
1685 2891 1784 2945 erit
1830 2891 2062 2946 solutum

485 2982 540 3028 et
587 2975 642 3029 in
678 2975 816 3031 coelo
846 2974 1062 3046 (Matth.
1090 2993 1219 3032 xvut
1243 3017 1257 3044 ,
1291 2975 1408 3046 58);
1449 2997 1466 3030 ι
1495 2979 1647 3034 vobis
1687 2981 2064 3036 administrare

484 3065 754 3135 cupimus.

559 3155 668 3211 Sed
697 3173 819 3212 cum
848 3159 1138 3228 pastoralis
1179 3175 1323 3215 cura:
1363 3161 1631 3217 sarcinam
1660 3176 1759 3216 nos
1797 3161 2061 3218 scelerum

483 3245 775 3316 gravedine
838 3247 1010 3303 fessos
1064 3249 1337 3305 immerito
1392 3250 1614 3306 subesse
1662 3253 2059 3321 comperimus,

485 3351 648 3405 quam
672 3339 689 3359 ‘
716 3337 1084 3406 imprudenter
1109 3339 1436 3408 arripuimus
1459 3339 1602 3408 quod
1627 3355 1734 3394 non
1758 3339 2058 3401 debuimus.

485 3423 554 3478 ad
607 3425 710 3479 hoc
754 3441 1038 3496 assurgere
1090 3426 1471 3494 formidamus;
1525 3429 1771 3484 timentes
1813 3445 1881 3485 ne
1929 3430 2057 3485 illud

2165 2267 2231 2308 ex
2259 2251 2496 2321 peccatis
2528 2252 2736 2306 veniam
2775 2250 3100 2321 quaerimus?
3141 2251 3275 2306 llinc
3311 2253 3452 2307 enim
3482 2254 3751 2309 Dominus

2165 2358 2262 2413 per
2285 2343 2596 2414 prophetam
2619 2341 2749 2396 dicit
2775 2358 2788 2396 :
2819 2359 2838 2392 ι
2872 2341 3057 2396 Pluam
3080 2357 3240 2411 super
3263 2357 3422 2396 unam
3443 2344 3748 2411 civitatem,

2163 2447 2326 2502 super
2361 2431 2520 2486 aliam
2551 2447 2658 2485 non
2702 2430 2881 2500 pluam
2911 2429 3090 2501 (Amos
3124 2445 3197 2496 tv,
3231 2431 3336 2501 17).
3371 2430 3560 2502 Super
3583 2449 3744 2487 unam

2135 2522 2380 2592 quidem
2425 2521 2700 2576 civitatem
2742 2519 3000 2575 Dominus
3045 2519 3216 2590 pluit,
3245 2521 3368 2574 dum
3418 2536 3595 2590 super
3623 2538 3751 2592 quo-

2165 2611 2414 2666 rumdam
2464 2611 2626 2666 corda
2677 2610 2911 2664 ﬁdelium
2941 2610 3009 2664 ad
3038 2624 3098 2665 se
3143 2612 3512 2666 convertentia
3561 2613 3746 2668 saluti—

2163 2701 2337 2757 ferum
2381 2701 2554 2757 sancti
2602 2699 2835 2769 Spiritus
2869 2701 3093 2755 imbrem
3128 2699 3374 2755 infundit.
3421 2699 3537 2756 Sed
3591 2715 3749 2773 super

2166 2793 2327 2848 aliam
2355 2792 2628 2847 civitatem
2669 2791 2808 2846 idem
2852 2791 3111 2860 Dominus
3151 2806 3259 2846 non
3286 2791 3438 2862 pluit,
3469 2793 3618 2846 dum
3645 2794 3749 2862 ple-

2164 2884 2349 2954 risque
2394 2879 2576 2937 animo
2625 2881 2903 2937 obduratis
2959 2880 3185 2960 gratiam
3245 2895 3354 2935 suae
3409 2881 3746 2937 visitationis

2163 2973 2451 3029 subtrahit.
2481 2970 2574 3027 Sic
2598 2984 2834 3040 namque
2857 2971 2913 3024 in
2934 2971 3035 3025 hac
3064 2970 3302 3025 Ecclesia
3330 2970 3512 3024 timeri
3547 2981 3745 3038 potest,

2163 3072 2223 3119 ut
2248 3064 2567 3133 quibusdam
2594 3079 2693 3134 pro
2722 3065 3037 3119 meritorum
3068 3078 3285 3121 suorum
3315 3063 3589 3133 qualitate
3619 3080 3749 3120 con-

2161 3153 2386 3216 cedatur
2431 3153 2783 3210 absolutionis
2828 3154 3038 3224 gratia,
3083 3161 3140 3208 et
3186 3153 3507 3224 quibusdam
3534 3195 3553 3220 ,
3609 3156 3748 3225 quod

2161 3243 2322 3309 absit,
2355 3243 2720 3300 subtrahatur.
2746 3243 2985 3298 Audistis
3009 3244 3151 3298 enim
3177 3243 3305 3313 quid
3329 3244 3605 3299 Dominus
3628 3261 3746 3299 cum

2163 3333 2230 3387 ad
2258 3333 2656 3403 praedicandum
2688 3333 2926 3388 mitteret
2966 3333 3254 3402 discipulos
3289 3335 3622 3403 praeceperit
3648 3335 3743 3398 eis,

2163 3421 2385 3478 dicens:
2421 3440 2441 3474 ι
2491 3423 2548 3477 1η
2593 3437 2970 3493 quamcunque
2996 3421 3215 3478 domum
3259 3422 3632 3487 intraveritis,
3675 3424 3744 3478 ibi

483 3515 857 3584 pr0pheticum
897 3489 950 3570 in
991 3531 1090 3572 nos
1146 3489 1468 3588 retorqueri
1493 3519 1753 3582 videatur,
1804 3520 1947 3588 quod
1993 3520 2060 3575 de
2085 3489 2131 3551 Ο
2163 3521 2375 3568 manete
2416 3512 2566 3583 (Luc.
2599 3489 2688 3579 tl.
2719 3513 2776 3582 4)
2815 3531 2829 3567 ε
2873 3489 2898 3565 ί
2929 3531 2949 3565 ι
2995 3513 3041 3567 εἰ
3083 3521 3260 3567 autem
3286 3512 3356 3566 ibi
3395 3511 3573 3566 fuerit
3606 3514 3740 3568 ﬁlius

481 3605 727 3674 reprobis
757 3606 1062 3674 pastoribus
1089 3606 1287 3661 dicitur
1319 3625 1332 3661 :
1367 3624 1388 3659 ι
1421 3607 1815 3662 Mortiﬁcabant
1851 3609 2060 3666 animas
2157 3603 2327 3674 pacis,
2355 3603 2657 3672 reqniescet
2683 3618 2846 3672 super
2883 3617 3006 3658 eum
3047 3618 3149 3672 pax
3179 3609 3385 3667 vestra;
3415 3603 3505 3656 sin
3541 3612 3744 3668 autem,

479 3710 602 3764 qua:
634 3712 748 3768 non
767 3697 1094 3763 moriuntur,
1121 3706 1176 3753 et
1197 3698 1542 3753 viviﬁcabant
1567 3699 1774 3754 animas
1801 3713 1920 3768 quae
1953 3713 2057 3752 non
2160 3700 2458 3747 revertetur
2491 3690 2560 3745 ad
2599 3705 2696 3746 vos
2735 3690 2899 3762 (Luc.
2932 3708 2998 3756 ι,
3030 3691 3107 3761 6).
3145 3711 3164 3744 ι
3205 3691 3466 3760 Ideoque,
3507 3691 3742 3757 fratres,

459 3785 666 3838 ’vivunt
689 3767 901 3854 (Ezech.
925 3801 1044 3850 xm,
1077 3786 1188 3856 19).
1220 3805 1240 3840 ι
1269 3787 1422 3842 Unde
1448 3789 1580 3842 adeo
1610 3767 1831 3843 necesse
1859 3795 1970 3853 est,
2000 3793 2063 3842 ut
2158 3783 2308 3838 omni
2339 3782 2641 3838 constantia
2688 3791 2976 3852 procurate
3017 3798 3086 3838 ne
3129 3783 3338 3852 dispar,
3371 3783 3468 3838 sed
3523 3785 3669 3838 sicut
3693 3784 3742 3838 in

477 3874 725 3943 prOprias
765 3875 996 3944 primum
1023 3877 1291 3933 continuis
1333 3878 1545 3934 ﬂetibus
1588 3879 1908 3935 mundemus
1941 3894 2059 3934 ma-
2157 3872 2407 3928 omnibus
2435 3874 2736 3929 communis
2762 3881 2845 3928 est
2876 3873 3052 3944 gratia
3056 3873 3439 3943 Jiaptismatis,
3468 3873 3552 3927 ita
3578 3883 3746 3930 exstet

479 3965 628 4021 culas
641 3966 904 4031 criminis,
934 3967 1123 4023 deinde
1141 3985 1576 4040 unumquemque
1603 3979 1838 4026 vestrum
1867 3981 2052 4040 pasto-

478 4055 579 4108 rali
624 4055 985 4112 sollicitudine
1012 4059 1432 4125 admoneamus,
1463 4068 1521 4113 ut
1550 4061 1641 4129 qui
1675 4061 1817 4116 hanc
1850 4060 2060 4116 absolu-

480 4147 678 4206 tionem
727 4149 950 4219 adipisci
997 4150 1266 4205 desiderat
1313 4151 1579 4206 illll‘ut'SllS
1627 4152 1844 4214 redeat,
1875 4150 2057 4206 oculos

483 4239 660 4293 cordis
704 4240 770 4294 ad
815 4240 1201 4296 conscientiam
1232 4242 1504 4307 revolvat,
1534 4251 1588 4297 et
1617 4242 1662 4298 si
1703 4243 1888 4296 illicita
1915 4257 2058 4312 quaa-

479 4344 606 4398 que,
638 4345 668 4384 a
699 4331 892 4400 quibus
918 4347 1079 4388 nemo
1109 4332 1242 4387 liber
1267 4334 1370 4395 sit,
1403 4333 1652 4398 admisit,
1681 4333 1905 4388 sincerae
1933 4349 2060 4388 con-

481 4417 736 4471 fessionis
776 4419 1142 4474 recordatione
1171 4430 1224 4475 et
1251 4422 1442 4489 spiritu
1470 4421 1829 4476 contribulato
1872 4421 1924 4475 in
1965 4437 2058 4476 ara

478 4506 658 4559 cordis
694 4504 921 4560 Domino
942 4508 1174 4562 hostiam
1202 4509 1461 4574 immolet,
1489 4519 1543 4563 et
1572 4524 1692 4564 sese
1730 4510 1782 4563 in
1809 4510 2058 4564 omnibus

479 4595 748 4662 corrigere
777 4605 1003 4666 satagat.
1035 4597 1150 4652 Non
1173 4599 1316 4653 enim
1340 4601 1723 4669 cogitationum
1753 4610 2059 4655 nostrarum

479 4684 828 4751 intentiones,
853 4689 1070 4760 nisijqui
1090 4709 1106 4740 ι
1143 4692 1324 4745 omnia
1348 4703 1620 4746 scrutatur
1641 4693 1828 4756 corda,
1851 4702 1910 4747 et
1938 4693 2059 4748 uni-

476 4787 662 4828 versas
688 4775 945 4829 mentium
973 4778 1322 4846 cogitationes
1348 4780 1592 4850 intelligit
1617 4779 1668 4851 (1
1698 4779 1820 4834 Par.
1852 4797 2051 4846 xxvttt,

417 4867 420 4870 ’
475 4864 553 4935 9),
592 4885 609 4916 ι
643 4866 896 4935 quislibet
925 4878 1104 4938 potest
1137 4870 1354 4926 intueri.
1388 4871 1588 4927 Omnes
1613 4872 1831 4942 quidem
1857 4874 1923 4927 ad
1966 4889 2055 4928 ca-

475 4958 686 5026 ptanda:
713 4960 1064 5016 absolutionis
1084 4961 1330 5017 eﬂectum
1354 4965 1596 5028 veniunt,
1623 4965 1714 5020 sed
1745 4981 1849 5020 non
1873 4980 2054 5034 mquao

413 5043 418 5045 ’
476 5047 724 5114 nimitcr;
759 5047 849 5102 alii
889 5063 1122 5119 namque
1163 5050 1217 5104 in
1262 5051 1450 5106 sordes
1494 5061 1836 5122 peccatorum
1880 5053 2056 5123 illapsi

474 5138 744 5195 obstinato
789 5141 968 5196 animo
1009 5151 1387 5212 perseverant;
1436 5143 1522 5198 alii
1571 5159 1782 5214 quoque
1824 5159 1889 5200 ea
1937 5160 2057 5214 quae

474 5231 658 5302 inique
705 5232 993 5302 aliquando
1039 5243 1340 5306 gesserunt,
1385 5250 1491 5290 non
1531 5235 1703 5290 solum
1743 5245 2056 5307 perpetrare

475 5323 817 5387 erubescunt,
851 5340 1035 5378 verum
1059 5326 1222 5380 etiam
1250 5323 1462 5380 ﬂetibus
1489 5326 1841 5381 amarissimis
1864 5326 2053 5396 punire

477 5411 789 5467 sollicitant.
832 5413 906 5468 De
953 5415 1074 5470 istis
1115 5430 1246 5488 vero
1299 5415 1496 5486 legitur
1535 5433 1548 5470 :
1585 5433 1603 5467 ι
1651 5414 1846 5470 Beatus
1890 5415 2051 5470 homo

549 5537 697 5616 (5S9)
728 5541 1072 5616 corrigendos
1119 5547 1312 5616 omisit.
1346 5545 1418 5602 Ut
1451 5547 1698 5616 superius
1721 5546 1944 5611 Baluzii,
1974 5547 2055 5604 sic

480 5610 583 5664 hoc
611 5611 730 5687 loco
757 5610 971 5687 Acherii
1011 5615 1379 5687 conjecturam
1427 5610 1670 5672 refellere
1698 5632 1890 5687 cogor;
1928 5634 2051 5671 nam

482 5680 621 5735 uuod
651 5683 855 5736 monuit
883 5680 1160 5750 legendum
1183 5701 1303 5742 esse
1330 5688 1561 5752 admisit,
1587 5680 1789 5742 frustra
1805 5680 1920 5752 est;
1955 5703 2054 5742 nec

2082 4827 2134 4888 Ι)

2155 3971 2210 4018 et
2261 3964 2651 4030 absolutionis,
2703 3965 2830 4034 quia
2880 3963 3079 4030 hodie,
3125 3972 3186 4018 ut
3232 3965 3586 4034 praemissum
3634 3976 3740 4028 est,

2156 4053 2365 4109 Pascha
2413 4053 2705 4109 celebravit
2731 4069 2854 4110 cum
2898 4053 3174 4123 discipulis
3199 4092 3214 4116 ,
3254 4060 3311 4107 et
3355 4053 3412 4106 in
3441 4037 3740 4109 crastinum

2156 4142 2447 4213 gloriosam
2494 4141 2658 4198 subiit
2697 4150 2967 4196 mortem:
3001 4148 3057 4196 et
3102 4140 3168 4195 de
3211 4139 3365 4194 hoste
3410 4142 3740 4210 resurgendo

2155 4246 2187 4286 a
2249 4231 2476 4286 mortuis
2541 4245 2640 4285 nos
2695 4229 2893 4302 eripuit
2951 4227 3105 4283 Jesus
3165 4227 3416 4282 Christus
3481 4227 3735 4283 Dominus

2155 4328 2359 4377 noster.

2773 4429 3006 4486 SERMO
3044 4429 3108 4484 ll.

2155 4525 2234 4581 De
2261 4541 2406 4580 coma
2449 4523 2684 4590 Domini,
2709 4533 2756 4578 et
2799 4524 2862 4578 de
2877 4522 3083 4646 dinultis
3128 4522 3476 4577 sacramentis
3513 4523 3734 4591 ejusdem

2916 4609 3002 4646 rei.

2916 4609 3002 4646 ιει.

2226 4684 2448 4739 Fratres
2487 4684 2814 4748 cnartssuni,
2859 4683 3019 4737 hodie
3062 4698 3116 4737 in
3146 4683 3251 4737 ista
3281 4679 3371 4737 die
3416 4686 3657 4753 gaudent
3689 4691 3734 4736 et

2159 4782 2283 4829 sunt
2307 4773 2412 4828 laeti
2441 4788 2631 4828 omnes
2657 4773 2839 4828 ﬁdeles
2866 4771 3088 4836 Christi,
3117 4771 3208 4842 qui
3253 4779 3380 4826 sunt
3426 4786 3532 4840 per
3577 4781 3732 4827 totum

2158 4866 2320 4922 iStum
2367 4867 2644 4920 mundum.
2686 4865 2799 4920 Hoc
2836 4864 3041 4919 debetis
3068 4864 3207 4918 scire
3253 4878 3351 4932 pro
3383 4864 3535 4932 quali
3582 4877 3730 4918 causa

2159 4957 2356 5012 debent
2381 4957 2538 5011 hodie
2579 4955 2684 5010 laeti
2728 4969 2846 5010 esse
2891 4953 2987 5008 t0ti
3016 4951 3307 5007 Christiani
3352 4951 3647 5021 plusquam
3683 4952 3727 5004 in

2159 5051 2263 5104 alia
2291 5049 2397 5104 die.
2419 5048 2710 5118 Pmpterea
2736 5045 2940 5103 debetis
2962 5059 3060 5100 vos
3081 5057 3202 5099 esse
3227 5043 3353 5107 laeti,
3386 5044 3519 5113 quia
3550 5043 3604 5096 in
3632 5041 3722 5096 ista

2158 5140 2246 5197 die
2273 5139 2399 5195 fecit
2425 5139 2684 5194 Dominus
2725 5136 2926 5208 pascha
2971 5149 3094 5190 cum
3119 5131 3398 5202 discipulis
3441 5133 3582 5197 suis,
3603 5142 3658 5186 et
3677 5132 3724 5184 in

2159 5234 2260 5290 ista
2286 5234 2371 5289 die
2394 5232 2592 5286 lavavit
2614 5230 2869 5285 Dominus
2890 5228 3054 5298 pedes
3075 5225 3462 5296 discipulorum
3488 5239 3719 5285 suorum,

2157 5333 2213 5379 et
2249 5323 2486 5378 ostendit
2527 5320 2777 5375 omnibus
2805 5317 3111 5372 hominibus
3135 5313 3442 5385 exemplum
3470 5314 3542 5369 de
3564 5313 3722 5368 humi.

2158 5413 2330 5478 litate,
2367 5420 2428 5467 ut
2451 5425 2643 5466 omnes
2673 5409 2919 5465 homines
2939 5407 3016 5462 illi
3040 5420 3101 5462 se
3139 5405 3488 5482 humiliarent
3509 5414 3566 5459 et
3589 5403 3721 5456 lava-

2157 5545 2376 5601 dubium
2421 5543 2670 5612 cuiquam
2701 5555 2836 5613 esse
2867 5540 3041 5613 debet
3073 5536 3202 5613 quin
3236 5536 3413 5613 multo
3433 5536 3610 5606 aptius
3633 5532 3716 5613 sit,

2156 5617 2345 5670 emisit.
2394 5609 2544 5668 Infra
2585 5611 2971 5667 restituendum
3021 5611 3154 5666 mihi
3199 5609 3443 5674 videtur,
3487 5609 3716 5677 quoniam

2159 5687 2512 5740 imprudenter
2531 5683 2866 5751 arripuimus.
