3902 6396
171 348 284 408 785

1445 345 1814 401 SEltMONES
1851 345 2177 412 QUINQUE.

3341 344 3444 400 706

173 474 299 520 rent
321 463 483 534 pedes
521 477 833 532 pauperum.
869 462 934 518 Et
963 462 1016 516 in
1063 462 1162 516 ista
1204 460 1290 516 die
1327 459 1457 515 fecit
1497 460 1756 514 Dominus
1785 464 1834 520 Α
1859 475 1956 529 per
1979 477 2130 516 suam
2153 461 2480 530 passionem,
2503 470 2558 516 et
2581 460 2830 518 liberavit
2853 475 2974 516 eum
3001 462 3068 516 de
3093 474 3268 531 pretiis
3293 471 3444 520 teuc-

171 568 388 610 caenam
425 569 548 610 eum
591 553 867 622 discipulis
891 553 1036 618 suis,
1067 551 1170 608 hoc
1209 559 1292 606 est
1333 550 1676 606 manducavit
1703 557 1759 604 et

169 643 309 698 bibit
331 657 454 698 cum
496 644 610 698 suis
647 643 942 707 discipulis.
972 643 1038 698 Et
1071 643 1126 696 in
1171 643 1276 696 ista
1303 642 1390 698 die
1419 640 1756 696 consecravit

147 731 434 787 Dominus
479 733 654 801 prima
697 732 814 786 vice
862 732 930 786 de
975 746 1114 802 pane
1159 748 1314 786 suum
1343 745 1560 799 corpus,
1596 739 1650 784 et
1691 730 1756 784 de

167 823 302 876 vino
325 837 482 876 suum
529 823 864 892 sanguinem.
892 823 960 876 Et
989 823 1042 876 in
1073 823 1175 878 ista
1205 823 1291 878 die
1331 822 1565 878 cessavit
1591 819 1757 876 Vetus

171 912 613 976 Testamentum,
649 923 704 968 et
735 915 942 982 accepit
989 913 1154 968 ﬁnem
1197 913 1285 968 lex
1321 912 1652 970 Iudaeorum.
1689 913 1756 968 Et

165 1003 226 1056 in
277 1003 379 1058 ista
423 1002 510 1056 die
561 1003 750 1072 incipit
799 1002 1006 1058 Novum
1053 1003 1481 1068 Testamentum,
1531 1005 1633 1058 hoc
1673 1011 1756 1058 est

165 1091 540 1162 Evangelium.
577 1091 646 1146 Et
671 1091 832 1148 hodie
869 1092 1090 1162 incmpit
1113 1093 1301 1162 religio
1325 1091 1754 1148 Christianorum

165 1183 228 1236 in
265 1182 382 1252 ipsa
417 1195 570 1236 caena
600 1181 834 1236 Domini.
880 1181 945 1236 Et
995 1181 1156 1238 hodie
1201 1183 1254 1236 in
1289 1181 1394 1236 ista
1436 1180 1522 1235 die
1559 1180 1756 1234 debent

165 1287 361 1328 omnes
419 1272 654 1341 episc0pi
711 1286 1032 1328 consecrare
1053 1313 1067 1336 ,
1129 1272 1234 1327 hoc
1285 1279 1371 1326 est
1431 1271 1756 1326 benedicere

165 1361 432 1424 chrisma,
465 1361 606 1416 unde
635 1375 734 1416 nos
760 1360 988 1416 facimus
1033 1361 1274 1416 novellos
1297 1359 1654 1416 Christianos.
1689 1360 1756 1414 Et

166 1448 337 1510 hodie
365 1447 560 1502 debent
585 1447 754 1502 lavari
778 1448 1044 1515 ecclesiae,
1069 1457 1124 1504 et
1144 1449 1358 1516 altaria,
1383 1457 1436 1502 et
1455 1449 1544 1504 illa
1569 1463 1754 1504 saneta

163 1551 466 1614 vasa.qu:e
513 1545 640 1591 sunt
683 1537 736 1592 in
785 1537 1039 1594 ecclesia.
1093 1539 1263 1594 Hodie
1311 1539 1508 1610 gaudet
1565 1549 1756 1594 sancta

161 1635 344 1682 mater
385 1627 626 1682 Ecclesia
677 1629 952 1698 recipere,
989 1639 1045 1684 ct
1077 1629 1428 1685 reconciliare
1476 1631 1578 1686 sibi
1629 1645 1756 1685 suos

161 1719 330 1784 ﬁlios,
377 1719 480 1774 hoc
523 1729 642 1786 est,
688 1721 1062 1788 Christianos,
1105 1739 1242 1792 quos
1269 1723 1444 1780 emisit
1473 1723 1619 1778 foras
1656 1737 1756 1790 pro

162 1813 382 1868 illorum
411 1813 604 1883 culpis.
631 1813 698 1866 Et
727 1813 782 1868 in
825 1813 929 1868 ista
967 1813 1073 1878 die,
1103 1812 1321 1879 fratres,
1363 1813 1607 1868 videmus
1630 1827 1751 1877 nos,

163 1903 295 1972 quia
323 1913 609 1973 propterea
633 1903 860 1958 venistis
889 1904 956 1958 ad
982 1905 1140 1960 istam
1177 1913 1402 1960 matrem
1431 1903 1749 1971 Ecclesium,

163 2003 244 2048 ut
275 1995 494 2064 possitis
552 1993 754 2050 habere
813 1995 982 2064 ipsam
1043 1995 1534 2052 reconciliationem
1589 2010 1753 2064 quam

161 2085 476 2154 perdidistis
519 2095 742 2154 propter
769 2093 948 2140 vestra
995 2095 1240 2154 peccata,
1265 2093 1320 2140 et
1351 2099 1458 2154 qua
1490 2100 1588 2140 vos
1625 2101 1750 2156 pos-

163 2175 287 2230 sitis
311 2175 515 2230 absolvi
541 2174 610 2228 ab
633 2175 887 2230 omnibus
915 2176 1110 2230 vestris
1137 2173 1394 2245 peccatis.

239 2267 398 2334 Vere,
427 2269 628 2326 fratres
653 2269 987 2334 charissimi,
1029 2271 1134 2326 hoc
1175 2269 1384 2324 debetis
1425 2269 1570 2324 scire
1610 2269 1752 2322 unde

163 2358 270 2412 fuit
299 2358 594 2429 inemptum
619 2360 722 2415 hoc
745 2358 1074 2428 exemplum,
1099 2369 1160 2414 ut
1180 2359 1413 2428 episcopi
1439 2367 1750 2428 peccatores

164 2450 416 2506 homines
457 2448 718 2518 cjicerent
761 2451 830 2508 de
871 2450 1101 2508 ecclesia
1149 2451 1202 2506 in
1248 2450 1424 2521 capite
1458 2449 1666 2520 jejunii,
1697 2458 1753 2506 et

161 2542 364 2596 iterum
405 2551 526 2610 post
571 2541 889 2612 completam
929 2541 1144 2612 dignam
1193 2541 1568 2612 pmnitentiam
1617 2541 1752 2594 reci-

161 2641 358 2702 perent
401 2634 544 2702 ipsos
585 2642 904 2703 peccatores
949 2634 1006 2688 in
1058 2633 1308 2688 ecclesia.
1357 2631 1491 2686 Nam
1537 2632 1750 2702 quando

157 2731 352 2777 noster
395 2724 683 2790 Dominus,
729 2725 820 2794 qui
871 2733 956 2778 est
1000 2724 1144 2778 Deus
1195 2723 1574 2792 omnipotens,
1621 2721 1752 2777 fecit

153 2816 400 2885 primum
429 2815 700 2872 hominem
722 2816 915 2882 Adam,
943 2823 1113 2880 totum
1143 2815 1292 2870 illum
1319 2815 1449 2870 fecit
1475 2823 1748 2880 sanctum,

153 2916 214 2961 et
237 2904 443 2974 justum
467 2917 524 2960 et
544 2907 924 2962 immortalem.
948 2906 1224 2962 Sanctitas
1243 2917 1422 2960 autem
1449 2915 1504 2961 et
1516 2904 1748 2974 justitia,

154 3005 216 3052 et
245 2996 624 3052 immortalitas
653 2997 898 3053 fecerunt
925 2999 1098 3068 ipsum
1125 2999 1300 3052 Adam
1323 2999 1524 3053 habere
1563 2998 1749 3067 imagi-

1859 555 2104 619 brarum,
2125 565 2181 610 et
2205 556 2436 612 reddidit
2457 557 2508 610 ei
2535 555 2863 625 paradisum.

1927 645 2122 715 Igitur,
2189 645 2419 711 fratres,
2485 661 2582 700 nos
2647 646 2920 714 episcopi,
2985 661 3176 702 sumus
3244 647 3438 704 vicarii

1857 734 2068 788 Domini
2103 736 2278 790 nostri
2321 735 2446 790 .Iesu
2483 734 2684 790 Christi
2731 737 2784 790 in
2831 736 2936 791 hoc
2986 737 3224 802 mundo,
3259 746 3312 792 et
3353 754 3446 794 su—

1855 837 1976 876 mus
2031 823 2215 888 missi,
2257 833 2314 878 et
2348 823 2582 880 ordinati
2625 825 2678 879 in
2723 824 2842 880 loco
2885 826 3030 895 ejus,
3067 835 3124 880 et
3159 835 3444 895 propterea

1854 920 1979 982 post
2033 913 2306 984 apostolos
2375 914 2521 970 dedit
2577 917 2733 972 nobis
2793 916 3052 970 Dominus
3118 925 3444 984 potestatem

1855 1003 2055 1076 ligandi
2101 1007 2311 1062 animas
2365 1015 2528 1077 atque
2569 1007 2842 1072 solvendi,
2890 1017 2946 1064 et
2977 1009 3236 1077 praecepit
3289 1007 3446 1064 nobis

1855 1093 2158 1158 :edilieare,
2228 1103 2284 1148 et
2333 1093 2578 1164 plantare
2629 1095 2800 1152 bonos
2865 1095 3110 1152 homines
3165 1096 3218 1150 in
3287 1096 3446 1152 domo

1855 1183 2102 1248 Domini,
2154 1193 2209 1238 et
2255 1184 2488 1240 evellere
2542 1182 2632 1256 [de
2676 1183 2762 1254 ea]
2801 1185 2905 1240 hoc
2951 1193 3036 1240 est
3071 1185 3137 1241 de
3179 1183 3440 1240 Ecclesia.

1856 1271 1947 1326 Sic
1977 1273 2120 1328 enim
2157 1274 2286 1328 dicit
2315 1273 2572 1328 Dominus
2609 1289 2707 1343 per
2737 1272 3030 1328 Jeremiam
3070 1273 3441 1342 prophetam:

1861 1382 1879 1415 ι
1927 1365 2065 1420 Ecce
2094 1364 2354 1420 constitui
2403 1373 2455 1420 te
2493 1379 2658 1433 super
2695 1372 2914 1434 gentes,
2967 1373 3022 1418 et
3055 1378 3216 1433 super
3245 1378 3444 1434 regna,

1855 1467 1915 1510 ut
1959 1457 2187 1520 evellas.
2237 1467 2292 1512 et
2337 1457 2598 1526 dissipes;
2647 1465 2702 1510 et
2747 1455 3012 1520 aedifices,
3059 1461 3115 1510 et
3153 1454 3364 1524 plantes
3393 1455 3448 1509 i‘n

1855 1547 2014 1601 domo
2069 1545 2284 1600 Domini
2333 1545 2468 1616 (Jcr.
2516 1561 2570 1610 ι,
2630 1544 2706 1611 χ).
2767 1563 2785 1596 ι
2849 1542 3158 1606 Attendite,
3211 1541 3444 1606 fratres,

1855 1637 1921 1690 de
1959 1637 2102 1692 bono
2127 1637 2309 1691 animo
2341 1637 2444 1690 hoc
2471 1636 2614 1704 quod
2643 1651 2742 1690 nos
2769 1635 2920 1690 vobis
2957 1633 3206 1688 volumus
3244 1634 3443 1688 dicere.

1855 1725 2144 1794 Propterea
2185 1727 2334 1782 misit
2385 1727 2647 1782 Dominus
2689 1726 2862 1780 Adam
2909 1726 2963 1780 in
3013 1725 3354 1796 paradisum,
3387 1733 3448 1778 ut

1781 1807 1828 1866 Β
1857 1818 1908 1872 in
1955 1820 2071 1888 ipso
2111 1820 2362 1890 paradiso
2397 1829 2748 1874 nascerentur
2785 1833 2978 1874 omnes
3013 1817 3201 1883 electi,
3233 1826 3288 1872 et
3317 1831 3446 1886 ope-

1856 1919 2107 1965 rarentur
2155 1911 2490 1966 voluntatem
2549 1910 2642 1964 Dei
2696 1925 2866 1979 usque
2911 1908 2976 1963 ad
3023 1908 3236 1979 plenam
3287 1921 3447 1963 seue-

1853 2007 2054 2054 ctutem
2074 2040 2088 2064 ,
2118 2009 2173 2054 et
2208 2002 2274 2056 de
2313 1999 2402 2056 illo
2435 2000 2729 2054 transirent
2758 2001 2824 2054 ad
2869 1997 3145 2054 caelestem
3191 1998 3444 2066 patriam.

1855 2089 1923 2144 Et
1965 2099 2112 2144 certe
2159 2091 2238 2144 sic
2285 2089 2562 2152 facerent,
2615 2091 2660 2144 si
2703 2089 2876 2142 Adam
2927 2105 3032 2144 non
3081 2097 3374 2158 peccasset.

1923 2179 2186 2246 Fratres,
2251 2181 2392 2236 istud
2448 2180 2754 2249 exemplum
2816 2181 3030 2236 Domini
3093 2181 3264 2236 nostri
3321 2180 3446 2236 Iesu

1863 2275 2070 2331 Christi
2111 2284 2392 2340 tenemus,
2426 2290 2524 2329 nos
2563 2275 2800 2344 episcopi
2841 2275 2894 2327 in
2943 2273 3178 2328 Ecclesia
3202 2313 3216 2338 ,
3256 2289 3448 2343 pecca-

1853 2369 1998 2415 tores
2044 2375 2175 2414 vero
2223 2367 2408 2414 tenent
2459 2359 2764 2428 exemplum
2810 2359 3005 2424 Adam,
3037 2360 3184 2414 verbi
3229 2360 3436 2430 gratia,

1849 2451 1990 2505 sicut
2051 2450 2218 2504 Filius
2261 2451 2354 2505 Dei
2409 2449 2558 2504 misit
2605 2450 2776 2506 Adam
2839 2459 3084 2505 sanctum
3143 2461 3198 2505 et
3239 2451 3444 2521 justum

1851 2539 1906 2594 in
1959 2541 2297 2608 paradismn,
2350 2540 2598 2594 similiter
2647 2555 2746 2596 nos
2795 2549 2851 2595 et
2887 2555 3078 2596 omnes
3131 2542 3444 2598 sacerdotes

1850 2629 2112 2684 mittimus
2165 2630 2220 2684 in
2275 2629 2570 2686 Ecclesiam
2633 2629 2879 2684 homines
2937 2631 3332 2694 sanetilicatos,
3387 2641 3446 2690 et

1843 2721 2170 2794 justiﬁcatos
2217 2722 2270 2776 in
2313 2723 2603 2792 baptismo.
2650 2720 2762 2778 Cur
2815 2722 3080 2776 mittimus
3129 2737 3222 2776 eos
3264 2723 3444 2776 homi-

1853 2826 1952 2866 nes
1999 2811 2054 2865 in
2103 2811 2436 2876 Ecclesiam,
2483 2810 2574 2880 qui
2615 2811 2732 2880 jam
2783 2809 2910 2864 facti
2969 2818 3094 2866 sunt
3139 2811 3308 2868 sancti
3349 2825 3445 2878 per

1849 2904 2218 2975 baptismum?
2275 2903 2342 2960 Et
2393 2913 2616 2974 pr0pter
2669 2903 2842 2972 ipsam
2899 2917 3118 2956 causam
3175 2917 3276 2972 pro
3329 2919 3438 2972 qua

1850 2997 2114 3052 Dominus
2171 2996 2320 3050 misit
2375 2996 2548 3049 Adam
2595 2995 2648 3048 in
2705 2994 3051 3063 paradisum,
3095 2994 3198 3048 hoc
3249 3003 3335 3049 est
3385 3001 3446 3048 ut

153 3100 288 3155 nem
315 3095 372 3140 et
413 3086 817 3142 similitudinem
863 3087 984 3143 Dei.
1013 3087 1081 3142 Et
1123 3097 1406 3156 propterea
1435 3087 1574 3142 dixit
1605 3087 1748 3142 Deus
1787 3149 1819 3157 _
1848 3095 2166 3157 operaretur
2213 3095 2268 3142 et
2312 3085 2610 3140 custodiret
2661 3083 2810 3138 illum
2859 3084 3188 3154 paradisum.
3241 3084 3444 3138 Simili-

156 3183 452 3246 antequam
482 3186 694 3232 crearet
731 3178 902 3232 Adam
935 3195 950 3234 :
990 3197 1010 3230 ι
1059 3178 1346 3234 Faciamus
1373 3179 1646 3234 hominem
1677 3178 1744 3232 ad
1775 3149 1820 3212 (ἶ
1854 3185 1936 3230 ter
1993 3183 2047 3229 et
2108 3191 2207 3230 nos
2257 3175 2568 3229 sacerdotes
2621 3181 2906 3242 propterea
2953 3172 3217 3228 mittimus
3267 3171 3449 3242 homi:

155 3266 570 3322 similitudinem
601 3277 842 3326 nostram
873 3265 1026 3337 (Gen.
1060 3284 1097 3332 ι,
1133 3267 1246 3338 26),
1285 3288 1304 3321 ι
1337 3269 1440 3324 hoc
1467 3277 1551 3324 est
1584 3267 1748 3322 facia-

153 3370 287 3410 mus
327 3355 600 3410 hominem
643 3363 922 3418 sanctum,
958 3364 1012 3409 et
1045 3355 1250 3424 justum
1279 3365 1333 3410 et
1363 3356 1742 3410 immortalem.

151 3447 232 3500 Et
259 3446 418 3500 istam
464 3461 614 3502 suam
647 3446 933 3516 imaginem
973 3463 1072 3503 nos
1113 3448 1460 3503 commendat
1487 3449 1747 3502 Dominus

151 3535 382 3602 habere,
419 3537 636 3606 quando
670 3537 804 3592 dicit
833 3537 886 3590 in
913 3537 1206 3607 Evangelia
1235 3555 1248 3590 :
1285 3557 1302 3588 α
1340 3537 1524 3591 Estote
1551 3537 1744 3602 sancti,

155 3625 290 3697 quia
317 3634 370 3680 et
395 3643 496 3698 ego
536 3635 760 3682 sanctus
800 3642 920 3682 sum
953 3627 1099 3696 (Lev.
1131 3643 1187 3682 ιιι
1207 3667 1222 3692 ,
1258 3626 1372 3695 44).
1406 3645 1425 3677 ι
1459 3626 1526 3680 Et
1553 3626 1607 3680 in
1639 3626 1746 3679 alio

150 3719 282 3774 loco
329 3719 500 3774 dicit:
540 3736 558 3770 ι
605 3719 792 3774 Estote
837 3718 1247 3783 misericordes,
1299 3718 1441 3772 sicut
1482 3727 1538 3772 et
1585 3717 1746 3772 Pater

149 3818 342 3863 vester
365 3807 672 3864 misericors
691 3819 776 3864 est
817 3807 968 3879 (Luc.
998 3825 1072 3872 vr,
1104 3808 1218 3878 56).
1241 3807 1422 3880 ilErgo
1448 3809 1574 3878 quia
1605 3809 1746 3864 Dens

153 3909 272 3954 tam
297 3898 498 3952 bonum
541 3908 596 3952 et
637 3908 746 3952 tam
791 3907 1038 3962 sanetum
1077 3898 1206 3954 fecit
1239 3899 1432 3966 Adam,
1459 3907 1745 3968 propterea

147 3988 410 4058 legimus,
439 4007 458 4040 ι
495 3989 620 4058 quia
651 3989 798 4044 misit
845 4004 970 4044 eum
1013 3989 1068 4043 in
1099 3990 1411 4058 paradisum
1453 3999 1512 4044 ut
1555 4005 1745 4058 opera-

151 4087 338 4142 retur,
377 4089 436 4134 et
478 4081 778 4146 custodiret
819 4080 966 4135 illum
1010 4078 1173 4152 (Gen.
1205 4095 1298 4148 vn,
1327 4080 1448 4151 l5).
1485 4100 1504 4132 ι
1539 4080 1594 4134 In
1627 4081 1743 4149 ipso

149 4180 342 4234 autem
367 4173 619 4242 paradiso
661 4173 808 4228 dedit
845 4173 896 4226 ei
945 4173 1206 4228 Dominus
1247 4187 1464 4228 omnem
1493 4171 1740 4243 gloriam.

147 4261 239 4318 lbi
265 4260 482 4316 videbat
504 4262 744 4330 angelos,
772 4269 828 4316 et
847 4261 1170 4332 loquebatur
1200 4277 1324 4317 cum
1351 4262 1493 4326 illis;
1523 4270 1578 4318 et
1601 4277 1740 4316 nun-

149 4368 326 4424 quam
345 4362 650 4412 moreretur
685 4354 732 4408 si
767 4369 876 4408 non
901 4362 1205 4424 peccasset.
1236 4354 1316 4410 lbi
1359 4354 1611 4409 audiebat
1631 4352 1741 4408 Do-

146 4443 366 4500 minum
389 4457 570 4497 secum
611 4443 950 4514 loquentem,
974 4455 1030 4499 et
1059 4443 1222 4499 talem
1248 4443 1608 4499 obedientiam
1637 4443 1736 4498 sibi

147 4533 643 4598 commendantem,
695 4546 756 4589 ut
799 4549 1074 4605 nunquam
1124 4535 1432 4590 comederet
1476 4533 1544 4589 de
1589 4533 1735 4606 ligno

145 4627 398 4683 scientiae
419 4626 544 4682 boni
567 4637 622 4682 et
647 4627 794 4682 mali.
827 4628 884 4682 In
915 4629 1028 4698 ipsa
1053 4643 1184 4684 vero
1209 4629 1341 4684 hora
1365 4643 1470 4697 qua
1493 4632 1736 4698 peccavit

143 4715 350 4780 Adam,
376 4714 534 4782 ejecit
573 4720 696 4771 eum
735 4717 1013 4784 Dominus,
1058 4718 1152 4788 qui
1196 4727 1277 4772 est
1303 4717 1598 4789 Episcopus
1622 4720 1737 4790 epi-

145 4821 464 4876 scoporum,
493 4807 644 4862 foras
681 4809 748 4862 de
790 4809 1074 4877 paradiso;
1099 4818 1154 4864 et
1195 4809 1332 4864 dixit
1361 4809 1434 4863 illi
1465 4826 1478 4863 :
1513 4827 1531 4860 ε
1561 4809 1614 4864 In
1645 4825 1734 4864 su-

145 4899 288 4952 dore
315 4897 492 4954 vultus
527 4899 604 4954 tui
633 4900 866 4955 vesceris
899 4915 1040 4968 pane
1063 4910 1156 4956 tuo
1186 4898 1339 4972 (Gen.
1365 4916 1446 4966 ιιι,
1477 4901 1582 4970 19).
1617 4920 1634 4951 ι
1665 4901 1735 4956 Et

143 4994 439 5056 postquam
469 4985 572 5040 fuit
589 4985 760 5041 Adam
783 4987 986 5057 ejectus
1009 4989 1074 5044 de
1100 4989 1376 5056 paradiso,
1410 4989 1540 5058 quid
1579 4989 1741 5044 fecit?

145 5076 316 5133 Certe
337 5076 552 5150 longam
575 5079 948 5146 paenitentiam
969 5077 1096 5133 fecit
1121 5093 1218 5148 per
1238 5087 1522 5134 sexcentos
1545 5093 1737 5144 annos,

147 5177 302 5223 eteo
327 5169 578 5238 amplius.
607 5169 688 5224 Ad
713 5169 958 5223 ultimum
999 5183 1128 5224 vero
1161 5177 1282 5237 post
1325 5186 1477 5224 suam
1507 5180 1737 5225 mortem

147 5257 356 5313 missus
385 5267 470 5313 est
499 5258 552 5312 in
598 5274 872 5314 carcerem
915 5258 1254 5324 infernalem,
1293 5261 1384 5314 ubi
1415 5260 1570 5330 longo
1598 5269 1737 5314 tem-

145 5361 290 5418 pore
317 5347 524 5418 planxit
546 5357 602 5404 et
628 5349 814 5414 doluit,
841 5349 968 5418 quia
1010 5357 1231 5419 propter
1269 5365 1426 5404 suum
1457 5357 1736 5418 peccatum

145 5437 466 5511 perdiderat
505 5439 836 5509 paradisum,
865 5447 921 5494 et
966 5445 1074 5492 tam
1108 5439 1298 5509 grandi
1350 5447 1590 5508 tempore
1636 5439 1738 5494 fuit

147 5532 229 5586 ibi
257 5529 444 5586 dolens
469 5539 524 5586 et
552 5530 816 5602 paenitens
833 5569 848 5596 ,
885 5529 1057 5586 donec
1085 5529 1346 5586 Dominus
1373 5538 1556 5584 noster
1579 5528 1737 5585 Jesus

147 5620 426 5690 Christus,
465 5621 558 5692 qui
583 5629 668 5677 est
709 5619 946 5692 pontifex
975 5620 1320 5690 pontiﬁcum,
1353 5618 1584 5676 absolvit
1609 5633 1732 5676 eum

1765 4494 1818 4554 D

1851 3279 1948 3320 nes
1976 3263 2280 3332 baptizatos
2317 3265 2370 3318 in
2411 3263 2707 3319 Ecclesiam
2727 3302 2744 3328 ,
2771 3271 2830 3316 ut
2867 3262 3015 3316 omni
3051 3272 3292 3332 tempore
3321 3275 3447 3331 ope-

1849 3363 2043 3408 rentur
2086 3355 2140 3408 in
2177 3369 2241 3408 ea
2287 3354 2622 3408 voluntatem
2673 3353 2802 3416 Dei,
2846 3359 2902 3406 et
2944 3349 3250 3406 custodiant
3297 3349 3444 3406 illam

1849 3444 2176 3508 Ecclesium,
2208 3443 2312 3498 hoc
2338 3453 2424 3500 est
2468 3443 2956 3499 Christianitatem.
3007 3441 3150 3495 Deus
3199 3441 3447 3509 omnipo-

1836 3545 1968 3590 tens
2001 3536 2220 3590 donavit
2275 3535 2448 3590 Adam
2499 3534 2668 3602 legem
2715 3547 2878 3602 quam
2925 3533 3112 3588 debuit
3152 3533 3444 3588 observare

1849 3642 1944 3696 per
1997 3625 2382 3682 obedientiam.
2440 3623 2664 3691 Qualem
2721 3622 2938 3694 legem?
2997 3622 3068 3678 Ut
3122 3636 3230 3676 non
3285 3637 3441 3676 man—

1847 3721 2071 3776 ducaret
2112 3717 2180 3774 de
2225 3718 2420 3772 arbore
2457 3715 2696 3772 scientia:
2725 3715 2851 3770 boni
2883 3723 2940 3768 et
2985 3712 3133 3768 mali.
3182 3710 3444 3776 Similiter

1845 3821 1902 3868 et
1941 3811 2199 3868 Dominus
2235 3824 2334 3879 per
2379 3824 2479 3864 nos
2524 3807 2690 3862 donat
2740 3806 2914 3870 vobis,
2939 3806 3110 3875 legem
3151 3820 3314 3874 quam
3347 3805 3446 3860 tle--

1851 3903 1996 3958 betis
2037 3915 2255 3956 servare
2285 3902 2339 3954 in
2385 3899 2648 3954 Ecclesia.
2694 3897 2916 3964 Qualem
2957 3897 3126 3967 legem
3155 3895 3307 3950 vobis
3349 3897 3441 3952 do-

1823 4003 1938 4048 .nat
1981 3995 2240 4048 Dominus
2278 4009 2375 4062 per
2415 4007 2551 4056 nos,
2587 3991 2640 4046 id
2679 3998 2795 4056 est,
2829 4005 2926 4058 per
2969 3997 3209 4042 nostram
3251 3988 3439 4052 admo-

1845 4083 2139 4138 nitionem?
2195 4101 2215 4134 ι
2259 4081 2376 4136 Non
2432 4079 2678 4144 occides;
2731 4092 2838 4132 non
2893 4074 3281 4139 maecliaberis;
3331 4091 3440 4140 non

1842 4171 2204 4236 adulterahis;
2251 4185 2360 4224 non
2413 4168 2616 4224 furtum
2659 4165 2855 4232 facies;
2905 4181 3012 4220 non
3061 4163 3256 4218 falsum
3289 4164 3438 4220 testi-

1843 4259 2084 4318 monium
2129 4260 2309 4325 dices;
2357 4273 2464 4312 non
2527 4255 2868 4328 perjurabis;
2915 4253 3104 4324 diliges
3151 4252 3437 4306 Dominum

1844 4353 2012 4408 Deum
2060 4361 2212 4406 tuum
2256 4365 2322 4406 ex
2376 4357 2488 4404 toto
2539 4346 2702 4403 corde
2756 4356 2884 4410 tuo;
2925 4354 2982 4400 et
3031 4345 3220 4416 diliges
3253 4345 3434 4415 proxi-

1845 4458 1996 4498 mum
2065 4450 2218 4496 tuum
2280 4439 2421 4496 sicut
2483 4437 2826 4506 temetipsum
2877 4434 3073 4504 (Exod.
3112 4434 3357 4504 xx,15).
3411 4451 3434 4484 ι

1843 4530 2099 4594 Fratres,
2150 4529 2252 4583 ista
2299 4526 2478 4582 omnia
2516 4533 2786 4596 praecepta
2835 4523 2987 4579 vobis
3039 4522 3206 4577 donat
3245 4522 3433 4578 Domi-

1843 4637 1944 4675 nus
1990 4635 2088 4690 per
2138 4634 2270 4684 nos,
2299 4627 2359 4672 ut
2402 4615 2720 4672 custodiatis
2763 4613 2854 4669 illa
2893 4623 2950 4670 et
2995 4614 3296 4676 operemini
3341 4613 3437 4668 illa

1841 4725 1938 4780 per
1977 4709 2358 4766 obedientiam.

1914 4799 2020 4856 Sed
2070 4799 2199 4869 quid
2245 4797 2373 4853 fecit
2423 4797 2683 4852 Dominus
2725 4795 2792 4851 de
2831 4783 3002 4850 Adam
3051 4810 3148 4864 pro
3191 4808 3256 4848 eo
3285 4791 3437 4861 quod

1841 4906 1948 4948 non
1980 4890 2270 4946 custodivit
2297 4889 2696 4946 obedientiam?
2743 4887 2900 4942 Certe
2942 4887 3100 4958 ejecit
3126 4901 3248 4938 eum
3281 4883 3440 4952 foras.

1839 4983 1906 5036 de
1939 4982 2191 5052 paradiso
2231 4981 2562 5050 plorantem,
2599 4988 2653 5034 ct
2701 4980 2971 5048 lugentem
3019 4987 3074 5033 et
3119 4977 3282 5030 nimis
3303 4991 3428 5031 con-

1839 5077 2168 5128 tristantem.
2202 5071 2463 5126 Similiter
2499 5079 2553 5126 et
2587 5086 2686 5126 nos
2719 5069 2956 5140 episcopi
2981 5076 3264 5138 propterea
3300 5066 3428 5134 quia

1839 5180 1936 5220 vos
1981 5179 2088 5218 non
2131 5163 2440 5218 custodistis
2478 5162 2836 5216 obedientiam
2865 5167 3254 5230 praeceptorum
3292 5158 3422 5223 Dei,

1840 5273 1960 5326 quae
2001 5271 2101 5312 nos
2144 5269 2306 5324 supra
2364 5255 2783 5317 nominavnnus,
2838 5259 3122 5320 propterea
3168 5248 3430 5316 eiecimus

1839 5362 1935 5402 vus
1955 5345 2102 5401 foras
2143 5347 2207 5400 de
2233 5345 2491 5408 ecclesia,
2531 5353 2586 5398 et
2620 5342 2964 5398 cantavimus
3009 5349 3130 5412 pust
3173 5357 3269 5396 vos
3321 5341 3426 5398 hoc

1839 5436 1985 5506 quod
2031 5434 2290 5491 Dominus
2327 5443 2447 5504 post
2495 5433 2666 5488 Adam
2711 5433 2983 5496 cantavit,
3015 5433 3228 5500 quando
3256 5446 3426 5500 expu~

1841 5525 1902 5580 lit
1941 5541 2063 5582 eum
2114 5525 2180 5580 de
2209 5525 2460 5595 paradiso
2492 5542 2504 5578 :
2545 5541 2563 5576 ‹
2601 5523 2654 5578 In
2685 5523 2880 5578 sudore
2918 5522 3096 5578 vultus
3129 5521 3202 5576 tui
3239 5536 3421 5576 vesce-

1839 5616 1914 5670 ris
1967 5630 2105 5686 pane
2158 5625 2244 5670 tuo
2303 5611 2454 5685 (Gen.
2506 5629 2601 5678 ιιι,
2654 5611 2764 5681 19),
2827 5631 2844 5664 ι
2905 5619 2958 5666 et
3016 5609 3244 5680 reliqua.
3312 5607 3422 5684 Sed
