3902 6398
546 355 649 415 707

1527 353 1818 412 ABBONIS
1857 347 2482 409 SANGERMANENSIS
2521 348 2822 408 MONACHI
3635 352 3705 411 τω

542 471 673 543 quid
701 468 831 525 fecit
861 468 1031 524 Adam
1065 477 1344 539 postquam
1378 467 1480 524 fuit
1510 470 1717 540 ejectus
1747 470 1815 524 de
1842 467 2126 538 paradiso?
2156 475 2198 526 Α
2231 479 2326 518 nes
2377 477 2474 532 per
2533 472 2711 518 vestra
2774 463 2968 518 vitiosa
3023 459 3329 525 mendacia,
3375 467 3426 514 et
3469 475 3549 530 per
3584 474 3709 519 γεω-ι

543 563 706 618 Certe
748 559 968 615 multam
1004 569 1058 616 et
1101 561 1320 631 dignam
1357 562 1729 631 pmnitentiam
1763 560 1889 616 fecit
1923 561 2126 627 Adam,

541 663 607 710 ut
651 653 845 726 dignus
890 661 1034 708 esset
1075 654 1215 722 quod
1262 652 1403 709 Deus
1445 654 1710 724 reciperet
1757 669 1880 710 eum
1931 654 1982 708 in
2037 670 2132 724 pa—

476 745 480 748 ’
542 744 802 800 radisum.
861 743 930 798 Et
983 758 1080 799 vos
1125 743 1374 798 similiter
1431 744 1635 800 fecistis
1687 745 1899 816 dignam
1958 745 2130 815 poeni-

542 834 765 888 tentiam
803 833 858 888 in
901 833 1004 889 ista
1045 833 1500 902 Quadragesima,
1549 850 1658 905 quo
1697 852 1794 891 vos
1837 836 1957 891 sitis
1984 836 2129 908 digni

543 924 750 980 intrare
803 925 856 979 in
901 925 1216 992 ecclesiam,
1254 935 1306 982 et
1355 929 1759 983 communicare
1812 927 2021 997 corpori
2078 935 2134 982 et

542 1015 789 1088 sanguini
839 1013 1067 1070 Domini.
1113 1017 1177 1070 Et
1219 1025 1504 1086 propterea
1555 1031 1652 1070 vos
1699 1017 1995 1086 gaudenter
2042 1031 2130 1070 re-

543 1099 678 1167 cipit
723 1108 912 1154 sancta
956 1108 1130 1156 mater
1173 1101 1412 1156 Ecclesia
1465 1102 1606 1157 inter
1657 1100 1796 1156 filios
1843 1117 2003 1166 suos,
2037 1102 2130 1171 qui

542 1197 671 1243 sunt
715 1189 810 1244 lilii
861 1190 956 1245 Dei
993 1190 1265 1260 adoptivi,
1310 1191 1414 1247 hoc
1460 1199 1544 1247 est
1593 1191 1772 1248 electi.
1815 1189 1929 1246 Hoc
1955 1200 2130 1246 tamen

543 1280 754 1336 debetis
811 1282 982 1348 scire,
1027 1282 1153 1353 quia
1199 1283 1340 1338 sicut
1380 1284 1572 1339 beatus
1609 1283 1927 1339 Ambrosius
1960 1283 2127 1348 dixit,

544 1368 728 1425 nullus
777 1371 1063 1440 episcopus
1105 1379 1286 1441 potest
1329 1371 1608 1428 absolvere
1632 1373 1990 1442 poenitentes,
2026 1373 2130 1428 nisi

543 1458 664 1529 ipsa
701 1460 1018 1529 pmnitentia
1055 1474 1244 1516 eorum
1291 1461 1453 1516 fuerit
1481 1461 1639 1530 digna
1669 1460 1738 1515 de
1772 1461 2127 1516 absolutione.

544 1546 873 1604 Pte'nitentia
903 1549 970 1605 de
1019 1564 1176 1620 paena
1205 1551 1416 1621 accepit
1458 1565 1685 1615 nomen,
1713 1558 1773 1605 ut
1809 1551 1971 1605 homo
2007 1565 2133 1614 pec-

545 1646 702 1694 cator
731 1639 929 1694 habeat
955 1653 1169 1710 pinnam
1206 1641 1259 1695 in
1289 1656 1550 1712 corpore,
1575 1642 1868 1712 jejuuando
1903 1651 1956 1696 et
1993 1640 2129 1695 allii-

547 1729 722 1800 gendo
767 1744 984 1786 carnem
1023 1747 1174 1788 suam
1203 1747 1298 1802 per
1329 1733 1710 1789 abstinentiam
1735 1772 1750 1799 ,
1791 1741 1848 1787 et
1873 1747 1970 1802 per
1995 1733 2131 1802 vigio

2231 555 2656 626 iugcniosissima
2695 554 3023 624 iuramenta.
3060 551 3199 608 Vere
3227 551 3340 607 illos
3386 552 3504 608 tales
3536 555 3710 612 homines

2229 647 2343 716 qui'
2372 647 2475 702 hoc
2527 646 2732 701 faciunt
2775 645 3051 700 maledicit
3099 643 3275 699 omnis
3325 643 3566 708 Ecclesia,
3602 660 3712 701 orant

2230 751 2354 790 cum
2390 735 2658 805 Propheta
2689 753 2703 790 :
2742 754 2760 787 ‹
2799 735 3081 806 Disperdat
3111 733 3363 788 Dominus
3387 734 3600 788 universa
3620 734 3714 790 labia

2229 823 2411 879 dolosa
2448 823 2621 892 (Paul.
2672 839 2749 891 xt,
2793 825 2872 893 4).
2924 845 2943 877 ι
2978 824 3044 878 Et
3075 838 3091 878 :
3128 842 3148 875 ι
3179 823 3279 890 Qui
3309 824 3567 891 loquuntur
3587 839 3712 893 pacem

2229 931 2352 970 cum
2373 917 2620 985 proximo
2648 931 2768 982 suo,
2794 916 2931 970 mala
2953 925 3133 970 autem
3160 917 3213 969 in
3229 916 3466 971 cordibus
3485 930 3646 972 eorum.
3667 918 3714 972 Da

2229 1009 2357 1074 illis,
2373 1011 2531 1074 Deus,
2546 1010 2838 1064 secundum
2863 1009 3100 1080 ipsorum
3123 1023 3284 1078 opera
3315 1007 3712 1080 (Psal.xxvu,3).i

2233 1101 2308 1155 De
2359 1100 2567 1155 ventris
2610 1100 2845 1171 ingluvie
2891 1099 3146 1153 admonet
3188 1113 3284 1152 vos
3335 1097 3564 1153 Dominus
3582 1106 3716 1167 tempe-

2230 1204 2352 1244 rare
2396 1189 2581 1245 dicens
2613 1206 2627 1244 :
2667 1208 2685 1242 ι
2721 1188 3000 1244 Attendite
3054 1202 3124 1243 ne
3172 1195 3460 1257 graventur
3497 1187 3625 1241 corda
3659 1203 3716 1242 ve-

2229 1289 2341 1336 stra
2387 1280 2444 1334 in
2485 1279 2704 1350 crapula
2741 1287 2798 1334 et
2839 1279 3103 1334 ebrietate
3146 1275 3298 1349 (Luc.
3332 1290 3440 1340 ut,
3467 1274 3563 1344 54).
3589 1274 3716 1333 tCra-

2227 1371 2352 1442 pula
2378 1379 2433 1428 et
2454 1372 2688 1426 ebrietas
2707 1379 2790 1426 est
2811 1369 3033 1424 nimium
3061 1369 3387 1422 manducare
3408 1374 3458 1420 et
3481 1366 3654 1420 nimium
3669 1366 3717 1418 bi-

2230 1465 2378 1519 bere.
2413 1461 2558 1518 Satis
2586 1462 2739 1517 scitis
2769 1475 2862 1515 vos
2895 1460 3021 1529 quia
3054 1467 3275 1528 propter
3296 1456 3559 1528 ingluviem
3581 1456 3717 1510 ventris

2230 1553 2502 1609 cruciatur
2513 1553 2662 1607 dives
2676 1552 2729 1606 in
2746 1550 2976 1605 inferno.
2990 1547 3068 1603 Illi
3086 1548 3335 1603 homines
3350 1545 3435 1616 qui
3447 1559 3718 1614 setttperrnan-

2231 1643 2433 1698 ducant
2461 1650 2518 1698 et
2553 1641 2744 1696 bibunt
2774 1655 2945 1710 usque
2977 1639 3044 1692 ad
3068 1637 3434 1701 saturitatem,
3458 1643 3507 1690 et
3530 1648 3657 1703 usque
3679 1632 3718 1686 nl

2231 1734 2577 1798 ebrietatem,
2617 1731 2691 1786 illi
2731 1732 2798 1787 de
2837 1745 2936 1786 suo
2973 1737 3164 1784 ventre
3206 1726 3410 1782 faciunt
3436 1740 3568 1781 suum
3595 1723 3717 1778 Deum.

547 1819 649 1876 lias
687 1818 744 1876 in
768 1821 1122 1877 orationibus.
1165 1822 1320 1879 Unde
1367 1823 1444 1877 ait
1485 1823 1675 1877 beatus
1715 1822 2073 1892 Hieronymus
2112 1840 2125 1875 :
2162 1812 2203 1870 Β
2241 1821 2395 1878 Unde
2443 1823 2519 1875 ait
2561 1820 2855 1891 Apostolus
2890 1834 2904 1874 :
2947 1838 2966 1872 ι
3007 1819 3252 1885 Quorum
3307 1817 3444 1872 Deus
3487 1822 3717 1869 venterest.

555 1907 849 1965 rGrandia
889 1909 1093 1981 jejunia
1121 1911 1396 1981 expellunt
1423 1909 1588 1966 fortia
1629 1911 1759 1964 vitia
1788 1911 1854 1965 de
1879 1910 2127 1976 homine;

549 2007 608 2054 et
646 1999 804 2069 longa
845 2001 1084 2072 parcitas
1129 2001 1233 2056 cibi
1273 2010 1328 2055 et
1353 2009 1512 2070 potus
1541 2001 1742 2056 occidit
1770 1999 2064 2054 luxuriam.
2103 2016 2122 2050 ι

549 2087 620 2144 Et
651 2099 935 2160 propterea
961 2091 1116 2146 vobis
1160 2090 1390 2145 dicimus
1436 2091 1576 2156 hoc,
1628 2097 1687 2144 ut
1729 2089 1775 2145 si
1824 2103 1931 2144 non
1969 2089 2136 2143 habe-

549 2181 623 2237 tis
651 2182 828 2238 adhuc
867 2181 1011 2237 illam
1055 2182 1429 2252 pteniteutiam
1461 2183 1658 2237 factam
1678 2222 1694 2248 ,
1724 2196 1844 2253 quae
1885 2181 1996 2237 Deo
2025 2181 2138 2252 pla-

549 2279 708 2336 ceat,
739 2284 807 2326 ex
833 2279 1016 2326 vestra
1059 2271 1335 2327 voluntate
1363 2272 1605 2341 perlicite
1646 2272 1792 2327 illam
1825 2286 1841 2326 :
1876 2279 1932 2327 et
1955 2272 1999 2326 si
2027 2288 2136 2325 non

549 2360 774 2432 potestis
811 2360 1090 2430 jejunare,
1135 2361 1222 2416 vel
1260 2362 1629 2434 eleemosynas
1667 2362 1879 2428 facere,
1907 2377 2028 2432 quas
2075 2362 2138 2416 li-

553 2451 751 2507 berent
780 2461 992 2508 vestras
1022 2453 1233 2509 animas
1272 2453 1338 2508 de
1370 2454 1612 2518 inferno,
1662 2468 1768 2507 non
1799 2453 2009 2508 debetis
2037 2453 2140 2506 hoc

552 2545 832 2601 attendere
878 2553 938 2599 ut
985 2560 1082 2600 vos
1125 2561 1362 2616 unquam
1398 2562 1504 2600 non
1546 2546 1756 2600 faciatis
1782 2545 1902 2615 plus
1932 2547 1998 2600 de
2027 2559 2141 2615 ptr-

551 2635 782 2690 nitentia
826 2635 929 2690 nisi
976 2644 1235 2706 quantum
1267 2635 1423 2692 vobis
1467 2635 1632 2692 fuerit
1671 2634 2136 2698 commendatum,

552 2725 648 2781 sed
697 2725 763 2782 de
805 2734 986 2784 vestra
1028 2726 1304 2783 voluntate
1347 2727 1707 2799 debetis'plus
1755 2727 1965 2793 facere,
2004 2729 2145 2781 sicut

553 2813 827 2870 faciebant
874 2816 1084 2882 sancti,
1129 2817 1222 2886 qui
1274 2817 1562 2886 portabant
1611 2816 1819 2882 cilicia,
1875 2825 1931 2872 et
1972 2815 2142 2872 absti-

554 2908 758 2962 nebant
793 2922 826 2962 a
870 2923 1036 2963 carne
1077 2916 1134 2964 et
1172 2924 1203 2963 a
1234 2909 1380 2974 vino,
1419 2918 1474 2966 et
1509 2909 1825 2980 jejunabant
1870 2925 2039 2980 usque
2076 2911 2146 2967 ad

554 3010 840 3065 vesperam
891 3007 1111 3067 propter
1151 2998 1481 3054 desiderium
1525 3000 1648 3054 vita:
1688 3007 1937 3065 aeternae;
1963 3008 2018 3054 et
2047 3016 2147 3054 un—

465 3090 467 3092 ’
557 3100 722 3155 quam
774 3101 882 3140 non
935 3086 1035 3142 fuit
1082 3087 1187 3142 illis
1231 3088 1435 3144 sanctis
1485 3089 1552 3144 de
1606 3089 1977 3144 sacerdotibus
2025 3089 2147 3144 talis

557 3173 878 3244 poenitentia
925 3179 1324 3233 commendata.

631 3265 879 3331 Fratres,
927 3265 1038 3336 jam
1093 3269 1252 3324 modo
1297 3279 1381 3326 est
1425 3271 1599 3327 Adam
1653 3279 1900 3341 receptus
1930 3271 1983 3326 in
2024 3285 2140 3325 cm-

560 3351 684 3411 lesti
730 3357 1010 3426 paradiso,
1059 3370 1280 3429 propter
1327 3360 1554 3414 multum
1607 3360 1931 3416 laboriosam
1974 3361 2148 3431 poeni-

561 3447 790 3503 tentiam
828 3449 1028 3504 meruit
1071 3452 1317 3521 accipere
1359 3452 1674 3508 societatem
1717 3467 1840 3507 cum
1885 3453 1980 3507 Dei
2021 3453 2148 3506 lide-

562 3537 704 3595 libus
747 3540 1036 3610 redemptis
1075 3542 1141 3597 de
1191 3544 1453 3615 sanguine
1498 3543 1721 3600 Christi.
1767 3544 1832 3598 Et
1876 3559 2006 3608 vos,
2039 3545 2148 3599 Deo

564 3630 795 3705 gratias,
840 3633 998 3688 hodie
1037 3644 1257 3706 prepter
1306 3644 1542 3690 vestram
1592 3635 1962 3706 ptenitcntiam
2019 3635 2150 3690 estis

567 3726 772 3796 recepti
812 3726 866 3780 in
916 3727 1197 3783 ecclesiam
1242 3730 1396 3799 quasi
1449 3731 1504 3784 in
1554 3731 1880 3800 paradisum.
1931 3731 2000 3785 Et
2027 3732 2150 3801 quia

566 3833 666 3873 vos
717 3819 1045 3874 convenistis
1097 3820 1149 3874 in
1212 3822 1313 3875 ista
1368 3823 1454 3877 die
1513 3823 1581 3876 ad
1641 3823 2003 3892 recipiendam
2064 3839 2152 3879 so-

566 3907 820 3963 cietatem
871 3918 1073 3965 sanctae
1114 3910 1367 3966 Ecclesiae
1405 3920 1458 3966 et
1494 3912 1886 3968 absolutionem
1938 3913 2004 3968 de
2053 3926 2149 3967 ve-

567 3999 698 4056 stris
739 4001 1008 4072 peccatis,
1059 4011 1114 4057 et
1163 4003 1283 4057 ideo
1331 4003 1553 4059 venistis
1605 4020 1725 4058 cum
1769 4011 1895 4060 toto
1940 4004 2151 4060 deside-

570 4090 689 4156 rio,
732 4105 840 4162 quo
883 4107 978 4147 vos
1025 4092 1241 4161 possitis
1290 4093 1532 4162 recipere
1584 4094 1713 4162 tam}
1739 4109 1989 4164 magnum
2025 4109 2154 4164 gau-

2233 1921 2288 1968 et
2335 1911 2504 1984 gloria
2557 1925 2745 1967 eorum
2807 1912 2861 1965 in
2905 1909 3222 1964 confusione
3267 1903 3432 1978 (Phil.
3477 1919 3554 1968 tu,
3595 1903 3716 1973 l9):l

2232 2004 2339 2060 hoc
2389 2011 2472 2058 est
2527 2003 2582 2058 in
2631 2002 2959 2058 verecundia
3015 2001 3258 2070 ipsorum
3312 1999 3416 2054 erit
3460 1996 3540 2066 qui
3580 2003 3718 2050 terrena

2233 2093 2468 2164 sapiunt.
2512 2093 2582 2148 Et
2621 2093 2818 2147 iterum
2864 2092 2996 2147 dicit
3036 2089 3332 2160 Apostolus
3373 2105 3440 2142 τι
3465 2087 3596 2148 Esca,
3621 2103 3634 2136 ι
3660 2084 3720 2138 hoc

2235 2198 2319 2244 est
2346 2189 2520 2254 cibus,
2550 2206 2568 2242 ι
2599 2187 2772 2242 ventri
2811 2195 2896 2241 est
2920 2187 3086 2251 Deus,
3115 2193 3172 2239 et
3213 2191 3402 2238 venter
3449 2180 3570 2235 escis
3587 2176 3624 2247 (ι
3645 2175 3719 2229 Cor.

2235 2291 2326 2343 vr,
2370 2277 2486 2347 15),
2545 2294 2564 2327 ι
2615 2275 2719 2330 hoc
2763 2283 2848 2329 est
2899 2273 3057 2329 cibis.
3109 2272 3255 2327 Deus
3296 2279 3469 2325 autem
3520 2267 3630 2322 hunc
3648 2278 3722 2316 ren-

2239 2376 2421 2433 trem,
2481 2375 2536 2422 et
2587 2367 2736 2430 hzec,
2788 2365 2843 2420 id
2895 2373 3019 2430 est,
3078 2377 3279 2427 escas,
3332 2363 3553 2417 destruet
3588 2357 3627 2411 in
3660 2356 3721 2407 line

2239 2459 2446 2514 mundi.
2491 2457 2605 2513 Hoc
2652 2457 2817 2512 etiam
2859 2471 2958 2513 nos
2994 2462 3307 2512 commonet
3354 2461 3409 2508 ut
3450 2443 3721 2522 fugiamusle'

2242 2565 2390 2611 tores
2438 2555 2694 2620 luxuriae,
2747 2563 2802 2609 et
2828 2568 2990 2609 omne
3037 2568 3208 2624 genus
3255 2547 3608 2606 fornicationis.
3632 2541 3722 2598 Unde

2241 2645 2375 2700 dicit
2403 2643 2735 2714 Apostolus:
2774 2661 2793 2695 ι
2831 2642 3018 2712 Neque
3058 2640 3450 2706 fornicatores,
3474 2649 3614 2705 neque
3633 2630 3723 2688 adul-

2244 2735 2346 2791 teri
2395 2751 2619 2805 regnum
2651 2734 2747 2789 Dei
2782 2733 3133 2804 possidebunt
3195 2729 3249 2801 (Ι
3290 2730 3409 2785 Cor.
3455 2744 3522 2791 vr,
3560 2727 3654 2795 9).:
3687 2725 3723 2778 Et

2245 2827 2432 2882 beatus
2475 2825 2836 2896 Hieronymus
2861 2823 2981 2878 ait:
3018 2840 3038 2874 ι
3072 2821 3177 2890 Qui
3199 2831 3382 2876 autem
3402 2818 3662 2880 luxuriatur,
3678 2814 3722 2866 ri-

2246 2932 2380 2971 vens
2420 2924 2664 2970 mortuus
2712 2922 2818 2970 est.
2857 2931 2878 2967 ι
2910 2912 3181 2968 Praeterea
3226 2910 3446 2983 grandis
3465 2908 3636 2964 bonitas
3653 2914 3721 2967 est.

2247 3015 2308 3060 ut
2346 3005 2684 3061 dimittamus
2721 3003 3041 3068 avaritiam,
3079 3002 3161 3068 de,
3185 3017 3297 3072 qua
3334 3001 3460 3056 dicit
3488 2995 3720 3069 Apostolus:

2253 3116 2273 3150 ‹
2317 3097 2559 3164 Avaritia
2609 3104 2693 3152 est
2743 3094 3008 3164 idolorum
3059 3093 3298 3150 servitus
3341 3088 3721 3164 (ΕρΙιεε.ν,5);ι

2167 3183 2213 3244 C
2246 3190 2347 3244 hoc
2385 3197 2507 3254 est,
2569 3187 2658 3242 ille
2702 3187 2864 3242 homo
2919 3187 3011 3256 qui
3073 3200 3274 3240 avarus
3323 3192 3441 3249 est,
3488 3181 3562 3236 ille
3608 3180 3726 3233 adorat
3818 3180 3819 3256 ἦ

2244 3277 2416 3342 idola,
2456 3286 2511 3333 et
2553 3277 2720 3332 servit
2761 3275 3007 3332 diabolis.
3040 3274 3108 3331 Et
3145 3276 3347 3329 iterum
3390 3273 3460 3328 ait
3493 3267 3725 3365 Apostolus:

2245 3367 2323 3422 Illi
2360 3367 2634 3432 homines,
2691 3385 2710 3418 ι
2747 3366 2839 3437 qui
2867 3366 3056 3420 volunt
3101 3379 3221 3421 esse
3273 3364 3488 3425 divites,
3531 3361 3725 3416 caduntin

2249 3457 2602 3512 tentationem
2633 3465 2689 3511 et
2735 3456 2788 3511 in
2838 3455 3088 3525 laqueum
3111 3453 3313 3510 diaboli
3345 3452 3395 3525 (I
3424 3447 3725 3516 Tim.vt,9):v

2249 3552 2350 3605 hoc
2385 3557 2468 3605 est
2508 3549 2561 3602 in
2599 3556 2845 3604 catenam
2881 3545 3111 3613 diaboli,
3161 3554 3218 3601 et
3254 3546 3448 3602 cadunt
3479 3561 3498 3594 σ
3527 3542 3575 3596 in
3595 3535 3728 3592 deside-

2249 3644 2328 3697 ria
2367 3643 2534 3697 multa
2562 3651 2619 3696 et
2659 3641 2848 3696 nociva
2868 3679 2884 3706 ,
2929 3655 3050 3709 quae
3079 3647 3334 3709 mergunt
3363 3635 3578 3692 homines
3599 3632 3638 3684 in
3657 3640 3728 3696 per

2249 3734 2526 3790 ditionem.
2573 3731 2762 3803 (Ibid.)
2799 3751 2818 3785 ι
2871 3729 3024 3787 Unde
3070 3730 3146 3783 ait
3196 3727 3430 3784 Iacobus
3462 3714 3725 3794 apostolusad
3818 3761 3819 3784 ι

2754 3842 2772 3875 ι
2824 3823 3029 3879 Vestrae
3079 3819 3286 3874 divitia:
3330 3815 3606 3889 putrefacta:
3633 3813 3727 3865 sunt;
3818 3829 3819 3889 ξ

2250 3827 2397 3896 ipsos
2445 3824 2642 3880 divites
2686 3841 2700 3877 :

2249 3916 2571 3972 vestimenta
2620 3921 2801 3970 vestra
2853 3913 3012 3967 tinea:
3057 3910 3381 3974 comedunt;
3424 3918 3586 3962 aurum
3621 3907 3729 3991 etat-

2251 4017 2474 4079 gentum
2504 4014 2745 4061 vestrum
2804 4001 3152 4074 aaruginavit;
3204 4008 3265 4056 et
3311 4013 3484 4068 aerugo
3508 4006 3650 4051 eorum
3669 3993 3731 4041 ent
3818 4011 3819 4022 ι

2250 4098 2406 4153 vobis
2451 4097 2504 4150 in
2553 4094 2953 4158 testimonium;
2985 4100 3040 4147 et
3083 4091 3210 4161 ipsa
3231 4104 3415 4160 aerugo
3442 4080 3730 4142 devorabitrt-

569 4180 718 4256 dium
756 4181 822 4236 de
849 4181 1090 4237 Paschali
1118 4183 1475 4246 solemnitate,
1509 4193 1564 4238 et
1611 4199 1718 4252 quo
1760 4185 1978 4254 possitis
2008 4199 2156 4239 com-
2252 4199 2396 4247 stras
2440 4177 2632 4243 carnes
2683 4187 2826 4242 sicut
2853 4185 2992 4256 ignis
3017 4183 3158 4255 (Jac.
3190 4197 3248 4248 ν,
3277 4181 3358 4252 ε).
3405 4199 3423 4233 ι
3455 4173 3610 4233 Omnis
3630 4170 3729 4224 homo
3818 4205 3819 4240 γ

569 4255 850 4328 ωυήἱεδτθ
906 4273 974 4328 de
1024 4288 1252 4344 corpore
1307 4282 1362 4328 et
1415 4275 1674 4346 sanguine
1718 4275 1966 4339 Domini,
2026 4290 2152 4345 pro-
2252 4279 2344 4350 qui
2388 4279 2603 4334 divitias
2647 4278 2844 4342 habet,
2885 4255 2950 4330 et
2997 4273 3326 4328 vestimenta
3367 4269 3490 4326 satis
3529 4264 3672 4322 habet,
3699 4261 3731 4306 tl

571 4372 760 4432 pterea
793 4378 899 4418 non
940 4364 1100 4419 debet
1144 4381 1427 4421 remanere
1464 4367 1516 4420 in
1559 4367 1712 4421 vobis
1745 4366 2030 4436 superbia,
2061 4381 2158 4435 per
2254 4385 2446 4425 aurum
2503 4367 2588 4424 vel
2647 4375 2928 4438 argentum
2983 4363 3258 4434 possidet,
3308 4369 3363 4417 et
3412 4358 3541 4414 videt
3577 4357 3730 4438 anteit
3818 4365 3819 4418 ς

571 4468 736 4522 quam
785 4453 980 4508 cecidit
1025 4453 1242 4511 Lucifer
1284 4457 1504 4528 angelus
1550 4457 1615 4511 de
1643 4435 1849 4512 caelesti
1897 4455 2065 4528 gloria
2101 4455 2154 4509 in
2183 4525 2220 4532 _
2255 4474 2519 4532 pauperes
2560 4458 2698 4513 mori
2716 4435 2807 4512 vde
2848 4454 3028 4521 fame,
3070 4461 3164 4508 aut
3197 4454 3266 4508 de
3297 4452 3516 4522 frigore,
3551 4435 3731 4499 homicida
3818 4475 3819 4532 ἢ

574 4543 868 4600 infernum.
900 4546 975 4603 De
1003 4547 1114 4616 ipsa
1143 4525 1392 4618 superbia
1419 4549 1593 4619 inquit
1624 4525 1925 4618 scriptum;
1956 4566 1974 4600 t
2012 4547 2154 4602 Deus
2183 4525 2231 4582 D
2257 4525 2378 4609 est:
2408 4553 2484 4607 De
2532 4549 2800 4606 discordia
2847 4562 2979 4604 vero
3026 4548 3320 4602 admonere
3349 4557 3440 4599 vos
3484 4538 3680 4595 debemus
3698 4531 3731 4577 οι

575 4635 824 4703 Superbis
875 4637 1182 4692 hominibus
1228 4639 1462 4706 resistit,
1515 4637 1805 4694 humilibus
1847 4646 2024 4693 autem
2056 4639 2156 4692 do-
2255 4658 2364 4698 non
2410 4643 2479 4697 sit
2529 4655 2764 4710 unquam
2810 4639 2864 4694 in
2917 4638 3070 4694 vobis
3115 4637 3419 4700 discordia,
3452 4631 3562 4702 quia
3585 4627 3730 4680 nones!
3818 4633 3819 4710 ξ

576 4693 675 4784 1ιεί
707 4745 860 4784 suam
907 4731 1134 4801 gratiam
1175 4730 1318 4803 (Jac.
1371 4693 1460 4798 tv;
1487 4733 1565 4804 6).
1624 4753 1643 4787 ι
1693 4732 1749 4788 Si
1798 4733 1888 4789 ille
1938 4731 2158 4803 angelus
2395 4693 3052 4801 cmlovullapestilentia,
3083 4741 3202 4797 quae
3231 4727 3311 4780 sic
3354 4693 3572 4778 devastat
3603 4722 3728 4804 R9")

576 4819 792 4876 Lucifer
832 4834 928 4889 per
964 4823 1268 4890 superbiam
1316 4823 1549 4893 perdidit
1593 4833 1849 4879 mtcrnam
1897 4823 2155 4894 gloriam,

577 4924 678 4965 nos
728 4911 820 4980 qui
871 4909 1116 4966 homines
1168 4927 1354 4967 sumus
1407 4927 1512 4967 non
1569 4913 1867 4983 poterimus
1919 4927 2155 4981 unquam

577 4999 778 5056 habere
827 5000 970 5056 illam
1029 5002 1288 5074 gloriam,
1348 5004 1394 5059 si
1447 5019 1554 5059 non
1617 5020 1716 5074 per
1770 5003 2151 5060 humilitatem.

577 5090 748 5148 Debet
795 5109 1009 5150 cessare
1051 5097 1106 5151 in
1161 5097 1313 5152 vobis
1354 5099 1529 5154 omnis
1575 5098 1887 5164 iracundia,
1939 5099 2006 5154 de
2051 5113 2157 5168 qua

577 5183 710 5240 dicit
735 5182 971 5242 Joannes
1002 5187 1274 5258 apostolus
1305 5203 1321 5242 :
1357 5210 1375 5241 ι
1418 5188 1606 5244 Omnis
1656 5190 1748 5259 qui
1797 5190 1911 5244 odit
1934 5189 2158 5243 fratrem

576 5287 772 5341 suum,
817 5274 1083 5332 homicida
1129 5287 1212 5333 est
1256 5277 1308 5348 (Ι
1361 5278 1522 5334 Joan.
1572 5295 1652 5345 tu,
1710 5281 1820 5353 l5).
1881 5299 1899 5334 ι
1950 5279 2018 5335 Et
2065 5281 2163 5335 Do-

581 5367 760 5420 minus
812 5368 946 5422 dicit
994 5369 1046 5422 in
1095 5368 1385 5441 Evangelia
1434 5387 1448 5425 :
1509 5388 1528 5424 ι
1575 5371 1634 5426 Si
1686 5387 1793 5427 non
1846 5369 2162 5426 dimiseritis

581 5466 803 5528 peccata
855 5459 1192 5524 hominibus,
1241 5476 1343 5517 nec
1392 5460 1553 5518 Pater
1595 5470 1775 5516 vester
1821 5459 2057 5516 ctelestis
2082 5459 2164 5513 di-

584 5548 761 5603 mittet
789 5550 938 5606 vobis
981 5559 1204 5621 peccata
1255 5563 1434 5608 vestra
1482 5551 1696 5622 (Matth.
1728 5566 1805 5616 vr,
1839 5550 1950 5621 M).
2000 5568 2019 5601 ι
2057 5551 2159 5604 De-

585 5641 724 5697 betis
751 5643 918 5698 etiam
945 5643 1245 5712 dimittere,
1275 5652 1334 5700 ut
1368 5660 1470 5700 non
1503 5643 1782 5714 dcoipiatis
1830 5641 1963 5699 alios
1990 5641 2162 5698 horni-

2257 4834 2314 4879 et
2362 4823 2610 4878 civitates
2646 4798 2728 4876 et—
2748 4820 2935 4886 villas,
2974 4829 3030 4874 et
3071 4818 3215 4889 ipsos
3251 4816 3512 4883 homines,
3551 4798 3731 4879 quomodo
3818 4798 3819 4834 ἰ

2259 4912 2528 4968 discordia
2584 4910 2742 4976 facit,
2810 4918 2946 4965 teste
3012 4907 3291 4964 Salvatore
3360 4907 3412 4961 in
3472 4893 3728 4988 Evangelia“:

2263 5023 2283 5057 ι
2320 5002 2491 5060 Omne
2536 5016 2758 5074 regnum
2802 5001 2856 5055 in
2903 5014 2963 5056 se
3008 4999 3182 5069 ipsum
3213 4998 3464 5060 divisum,
3497 5012 3514 5044 ‹
3540 4990 3582 5045 id
3602 4979 3730 5079 esl'dl'
3818 5033 3819 5046 χ

2262 5097 2552 5161 scordans,
2588 5113 2608 5147 ‹
2636 5093 2967 5149 desolabitur
3009 5090 3161 5162 (Luc.
3193 5105 3269 5156 xl,
3304 5087 3390 5160 l7)
3423 5105 3436 5142 :
3477 5104 3493 5138 ι
3523 5081 3677 5147 hocest
3699 5084 3729 5121 ιιι

2263 5188 2541 5242 desertum
2580 5185 2775 5239 veniet.

2337 5274 2416 5330 De
2444 5273 2563 5330 istis
2584 5273 2832 5329 omnibus
2852 5270 3087 5341 peccatis
3107 5265 3422 5340 supradictis
3442 5257 3610 5351 debetis
3623 5252 3729 5351 υιξσω

2269 5365 2546 5436 deprecari
2592 5372 2652 5419 ut
2696 5364 2856 5419 donet
2892 5377 2988 5417 vos
3035 5361 3212 5417 facere
3259 5358 3414 5414 talem
3463 5347 3728 5436 peuitenlift“

2267 5428 2522 5512 et-talem
2570 5454 3028 5536 emendationem,
3059 5466 3177 5520 quae
3219 5451 3330 5505 Deo
3370 5428 3728 5536 placetithth

2266 5547 2513 5619 proﬁciat
2533 5547 2600 5601 ad
2620 5533 2784 5600 vitam
2810 5556 3070 5600 aeternam
3089 5582 3104 5607 ,
3131 5543 3243 5612 ipso
3270 5538 3532 5608 adiuvante
3553 5527 3622 5598 qui
3642 5527 3728 5576 tumc

2268 5642 2398 5695 vivit
2435 5647 2487 5694 ct
2515 5647 2702 5711 regnat
2750 5638 2802 5695 in
2834 5635 3026 5693 saecula
3058 5634 3390 5690 seculorum.
3427 5629 3587 5685 A1300-
