3902 6420
186 469 290 524 769

792 567 1020 628 SERMO
1059 566 1144 622 lll.

266 711 330 767 In
357 718 506 782 porta
547 703 778 760 ecclesia!
805 700 874 753 ad
903 698 1199 782 prendente:
1234 691 1463 746 nondum
1486 687 1699 756 adeptos

744 768 1234 824 reconciliationem.

266 915 437 971 Vobis
463 925 698 983 quoque,
747 907 960 969 fratres,
981 917 1116 972 quos
1145 912 1286 954 nunc
1322 903 1495 950 mater
1531 886 1770 945 Ecclesia

189 1023 305 1063 non
346 979 558 1073 recipit,
594 979 723 1070 quia
759 1011 864 1051 non
906 1003 989 1048 est
1027 991 1201 1044 adhuc
1237 995 1448 1053 tempus
1494 979 1772 1049 completa:

187 1096 526 1171 pmnitentite
551 1100 744 1148 vestra:
776 1107 788 1142 :
824 1085 1007 1148 Vobis,
1031 1084 1272 1151 inquam,
1303 1072 1554 1131 convenit
1577 1070 1774 1124 exhor—

191 1158 331 1242 tatio
355 1197 516 1254 atque
545 1177 863 1240 consolatio,
886 1173 1092 1228 scilicet
1133 1177 1194 1223 ut
1235 1181 1342 1220 non
1374 1158 1772 1217 contristemini

193 1284 266 1338 de
295 1283 416 1345 hoc,
448 1279 590 1349 quod
625 1290 732 1329 non
761 1270 919 1327 modo
944 1283 1038 1322 vos
1069 1263 1261 1332 recipit
1304 1266 1478 1313 mater
1506 1253 1771 1309 Ecclesia.

191 1375 318 1430 Non
357 1372 500 1428 enim
538 1368 818 1428 audemus,
864 1376 965 1416 nec
995 1358 1250 1413 debemus
1280 1350 1527 1418 decipere
1567 1344 1777 1398 animas

196 1475 428 1528 vestras,
456 1473 574 1528 qua:
619 1455 770 1510 nobis
793 1449 1096 1507 commissa:
1143 1451 1270 1498 sunt
1307 1439 1373 1493 ad
1420 1437 1584 1489 vitam
1612 1440 1772 1484 :eter-

197 1568 328 1608 nam
357 1549 669 1620 perducere.
707 1540 894 1595 Nullus
919 1547 1004 1592 est
1026 1541 1172 1589 certe
1221 1529 1506 1600 episcopus
1529 1521 1620 1592 qui
1653 1533 1777 1587 pos-

198 1643 268 1697 sit
300 1608 687 1695 absolutionem
716 1629 868 1692 dare,
899 1625 1002 1681 nisi
1037 1633 1160 1693 post
1175 1615 1550 1690 paenitentiam
1577 1608 1778 1664 factam

199 1731 493 1800 et_d'tgnam
517 1719 968 1779 satisfactionem.
997 1711 1074 1767 Ac
1098 1716 1381 1781 propterea
1412 1701 1659 1755 volumus
1685 1711 1782 1750 vos

201 1816 520 1880 confortari,
551 1822 604 1869 et
628 1806 891 1866 consolari
915 1813 971 1859 et
997 1797 1291 1862 exhortari,
1316 1802 1374 1849 ut
1408 1807 1511 1846 non
1537 1785 1782 1844 habeatis

1451 442 1814 503 SERMONES
1853 437 2178 508 QUINQUE.

1786 561 1831 616 Α
1860 549 1992 603 vivit
2015 555 2070 601 et
2098 553 2280 616 regnat
2338 544 2477 598 Deus
2502 555 2598 612 per
2642 538 2824 594 omnia
2854 534 3047 594 sarcula
3095 546 3436 590 memorum.

3331 421 3434 477 770

1870 640 2059 694 Amen.

2469 716 2700 774 SERMO
2751 714 2841 771 IV.

2416 827 2472 869 IN
2509 826 2668 867 C(ENA
2707 823 2912 863 DOIINI.

2255 902 2334 958 Ad
2367 903 2663 972 panitentes
2693 897 3071 952 reconciliatos.

1942 993 2130 1057 llodie,
2156 992 2370 1056 fratres,
2404 1001 2489 1045 est
2515 1003 2668 1044 cceua
2711 986 2941 1050 Doiuini,
2966 987 3018 1040 in
3049 999 3157 1054 qua
3189 981 3451 1038 Dominus

1873 1095 2058 1142 noster
2096 1100 2218 1139 cum
2279 1080 2559 1150 discipulis
2610 1079 2721 1133 suis
2786 1078 3167 1140 manducavit,
3221 1085 3274 1130 et
3322 1076 3452 1129 lavit

1873 1178 2037 1246 pedes
2065 1189 2270 1238 eorum,
2303 1173 2438 1227 dans
2465 1169 2619 1224 nobis
2640 1168 2941 1237 exemplum
2965 1183 3072 1236 quo
3102 1167 3353 1222 similiter
3373 1164 3454 1219 fa-

1876 1266 2084 1319 ciamus
2135 1276 2231 1316 nos
2279 1260 2484 1315 nostris
2507 1257 2720 1312 famulis
2775 1265 2829 1310 et
2883 1256 3228 1324 pauperibus.
3281 1254 3454 1308 Hodie

1877 1362 2228 1411 consecratur
2254 1348 2674 1412 chrisma,unde
2703 1362 2890 1407 omnes
2918 1346 3050 1398 fiunt
3071 1343 3455 1399 Christiani.ln

1876 1445 1978 1499 hac
2007 1444 2094 1497 die
2123 1442 2446 1512 pmnitentes
2475 1437 2790 1493 societatem
2812 1434 3068 1488 Ecclesia:
3098 1433 3381 1502 recipiunt,
3401 1438 3459 1486 et

1879 1531 2052 1589 sancti
2079 1530 2251 1600 angeli
2284 1528 2518 1599 gaudent
2552 1526 2618 1580 de
2663 1521 3103 1578 reconciliatione
3136 1535 3321 1573 eorum
3353 1520 3458 1573 ho-

1880 1624 2105 1684 minum,
2139 1619 2229 1690 qui
2278 1617 2547 1673 veraciter
2574 1614 2946 1684 pceuituerunt
2996 1624 3052 1664 se
3097 1621 3374 1677 peccasse,
3404 1615 3462 1660 et

1881 1714 2281 1768 tribulationem
2317 1709 2369 1763 in
2406 1709 2518 1763 suis
2549 1706 2865 1776 corporibus
2899 1702 3208 1774 jejunando,
3245 1710 3301 1755 et
3327 1699 3465 1770 Vigi-

1882 1805 2061 1870 lando,
2091 1811 2143 1858 et
2175 1800 2410 1856 oratoria
2441 1797 2844 1862 circumeundo,
2885 1795 3150 1864 patienter
3188 1793 3462 1848 sustinue-

208 1911 506 1972 tristitiam,
557 1904 649 1960 sed
694 1916 817 1956 cum
867 1893 1012 1950 omni
1044 1907 1172 1946 cum
1203 1889 1498 1942 Observare
1540 1887 1777 1972 munt“
1812 1907 1855 1965 Β
1884 1903 2028 1958 runt,
2055 1901 2112 1948 ut
2142 1893 2309 1946 Deum
2331 1889 2432 1944 sibi
2459 1886 2774 1957 placabilem
2814 1885 3140 1940 obtinerent.
3172 1880 3340 1936 Vobis
3365 1880 3464 1934 ita-

203 1999 603 2074 peenitentiam.
635 1993 769 2048 Nam
797 1995 977 2044 vestra
1012 1979 1347 2054 paenitentia,
1384 1976 1427 2030 si
1459 1975 1595 2028 bene
1619 1967 1784 2023 fuerit

208 2061 376 2152 facta.
423 2100 506 2145 est
557 2099 808 2157 magnum
855 2079 1106 2151 gaudium
1161 2071 1472 2142 angelorum
1526 2066 1579 2120 in
1621 2061 1785 2117 conlo.

205 2185 344 2252 Quia
371 2182 510 2236 sicut
533 2155 669 2248 ipse
697 2174 945 2248 Salvator
976 2169 1072 2232 ait,
1102 2184 1120 2217 ‹
1163 2163 1423 2220 Gaudium
1455 2169 1539 2214 est
1576 2155 1784 2226 angelis

205 2273 308 2328 Dei
330 2273 382 2325 in
413 2246 734 2335 coelo—super
753 2246 872 2317 uno
887 2267 1167 2329 peccatore
1188 2250 1555 2323 paenitentiam
1577 2254 1789 2316 agente,

207 2379 372 2434 quam
403 2374 566 2429 super
595 2355 884 2426 nonaginta
909 2364 1101 2406 novem
1118 2345 1282 2415 justis
1305 2343 1396 2413 qui
1423 2356 1525 2394 non
1552 2338 1792 2408 indigent

206 2428 531 2528 paenitentia
557 2448 712 2519 (Luc.
764 2461 854 2511 xv,
883 2444 960 2514 7).
998 2461 1016 2493 ι
1065 2441 1205 2510 Ergo
1234 2451 1358 2492 cum
1402 2432 1545 2486 onmi
1576 2428 1794 2484 humili—

217 2559 335 2605 tate
361 2555 413 2601 et
447 2543 682 2615 puritate
711 2538 909 2599 cordis,
942 2535 1059 2590 sine
1089 2532 1171 2586 ira
1207 2537 1264 2583 et
1288 2527 1406 2582 sine
1436 2523 1616 2592 aliquo
1640 2534 1795 2574 scan-

215 2636 346 2692 dan
371 2613 729 2706 ptenitemini,
753 2637 808 2683 et
835 2619 1196 2695 deprecamiui
1220 2618 1367 2687 pium
1399 2613 1568 2666 Deum
1597 2617 1658 2665 ut
1684 2623 1797 2663 res-

205 2699 390 2800 piciat
417 2741 530 2792 vos,
568 2731 728 2793 atque
758 2719 1042 2790 dignanter
1086 2709 1310 2781 recipiat
1343 2713 1577 2762 vestram
1619 2699 1798 2756 humi-

211 2820 448 2874 litatem.

290 2931 574 2986 Providete
619 2927 809 2989 etiam,
840 2929 902 2976 ut
943 2914 1256 2990 paenitendo
1295 2919 1350 2966 et
1374 2904 1666 2978 jejunando
1691 2916 1798 2956 non

213 3023 426 3078 cadatis
455 3022 508 3075 in
540 3017 752 3088 aliquod
774 3010 1056 3070 criminale
1089 3012 1389 3077 peccatum,
1417 3000 1544 3070 quia
1589 2997 1678 3051 ille
1698 2995 1798 3049 ho-

219 3129 334 3177 mo,
355 3112 444 3181 qui
469 3110 676 3179 jejunat
704 3116 760 3162 et
783 3111 992 3174 peccat,
1036 3097 1227 3155 similis
1251 3103 1334 3150 est
1357 3091 1567 3148 diabolo
1589 3100 1803 3156 semper

211 3176 484 3274 jejunanti
524 3176 588 3254 iet
630 3210 844 3266 semper
875 3189 1140 3264 peccanti.
1189 3185 1303 3240 Hoc
1333 3195 1549 3252 quoque
1592 3176 1800 3232 debetis

1887 2001 2011 2058 que,
2035 1985 2250 2046 fratres,
2280 1997 2417 2053 quos
2441 1981 2602 2035 hodie
2637 1977 2829 2046 recipit
2868 1984 3052 2030 sancta
3083 1971 3343 2037 Ecclcsia,
3365 1985 3466 2025 vo-

1891 2077 1976 2132 bis
2006 2077 2147 2141 dico,
2175 2073 2429 2130 convenit
2454 2069 2749 2125 admonitio
2770 2078 2826 2122 et
2850 2064 3172 2121 exhortatio.
3201 2063 3292 2117 llla
3321 2061 3467 2117 scili-

1889 2177 1975 2223 cet
2004 2167 2154 2220 vobis
2201 2163 2453 2218 convenit
2499 2158 2886 2221 commonitio,
2929 2163 2991 2208 ut
3029 2152 3176 2208 onmi
3229 2160 3469 2220 tempore

1891 2253 2248 2312 recordemini
2279 2250 2466 2320 quales
2498 2248 2666 2303 eratis
2700 2255 2828 2300 ante
2856 2243 3247 2299 confessionem
3275 2247 3328 2292 et
3353 2251 3470 2308 pte-

1891 2347 2173 2403 nitentiam
2205 2384 2220 2408 ,
2267 2350 2323 2396 et
2364 2338 2782 2410 indulgentiam,
2827 2349 2945 2404 qua:
2999 2347 3139 2386 nunc
3194 2329 3471 2384 consecuti

1892 2439 2044 2502 estis,
2077 2435 2229 2490 vobis
2264 2434 2374 2488 Deo
2412 2433 2704 2502 inspirante
2737 2446 2750 2482 :
2794 2427 2908 2497 ipse
2941 2425 3083 2479 enim
3116 2423 3255 2476 Deus
3281 2421 3418 2476 dixit
3449 2437 3465 2474 :

1899 2544 1918 2578 ι
1958 2527 2086 2581 Sine
2109 2540 2195 2579 me
2221 2521 2353 2578 nihil
2387 2519 2613 2592 potestis
2635 2517 2813 2573 facere
2836 2516 3016 2585 (Joan.
3042 2529 3132 2576 xv,
3155 2513 3232 2582 5).
3267 2530 3287 2564 ι

1961 2617 2127 2688 Igitur
2142 2623 2266 2669 ante
2279 2611 2665 2669 confessionem
2680 2616 2733 2662 et
2745 2603 3110 2676 paenitentiam
3127 2608 3470 2672 peccatorum

1893 2715 2192 2764 vestrorum
2222 2703 2386 2758 eratis
2414 2700 2505 2754 filii
2551 2697 2767 2763 diaboli,
2795 2705 2850 2752 et
2888 2695 3027 2750 servi
3067 2691 3295 2762 peccati,
3344 2691 3472 2760 quia

1902 2816 1921 2850 ι
1966 2797 2065 2866 Qui
2093 2794 2221 2850 facit
2241 2799 2548 2864 peccatum,
2571 2802 2760 2843 servus
2805 2793 2889 2840 est
2911 2783 3114 2854 peccati
3145 2781 3325 2854 (Joan.
3351 2795 3473 2842 vm,

1897 2888 2011 2960 5i).
2041 2907 2060 2941 ι
2093 2885 2242 2941 Nunc
2274 2898 2401 2938 vero
2429 2881 2552 2952 quia
2575 2877 2789 2948 fugistis
2827 2874 3093 2930 diabolum
3113 2913 3129 2938 ,
3165 2879 3220 2927 et
3254 2871 3478 2926 venistis

1900 2979 1967 3034 ad
2013 2977 2158 3048 pium
2187 2974 2457 3030 Christum
2485 2985 2580 3040 per
2614 2966 3002 3038 paenitentiam,
3025 2963 3238 3018 liberati
3285 2961 3418 3016 estis
3443 2975 3478 3015 a

1900 3076 2140 3140 peccato,
2169 3076 2222 3122 et
2243 3065 2382 3120 servi
2402 3061 2528 3120 facti
2556 3060 2686 3116 estis
2699 3059 2827 3113 Deo.
2844 3057 2982 3126 Ergo
2999 3069 3219 3110 necesse
3233 3063 3314 3108 est
3325 3053 3480 3108 vobis

1902 3178 2022 3217 cum
2053 3159 2196 3214 omni
2223 3154 2599 3216 sollicitudine,
2627 3157 2681 3205 et
2705 3151 2849 3207 omni
2880 3163 3010 3203 cura
3040 3155 3099 3202 ut
3130 3147 3384 3202 laboretis
3421 3144 3476 3198 in

217 3234 482 3274 ICJIIIIIIIIII
533 3234 588 3254 υι
631 3234 833 3266 own-llus
875 3234 1140 3264 γννν-ιυυνυ-
1190 3234 1300 3240 ---ν
1339 3234 1402 3252 Ἰν
1462 3234 1477 3250 ³

217 3296 512 3348 observare
547 3288 602 3342 in
652 3295 831 3341 vestra
861 3278 1202 3352 paenitentia,
1236 3283 1298 3329 ut
1328 3272 1454 3327 illud
1483 3267 1696 3323 faciatis
1719 3265 1801 3333 je-
1828 3245 1872 3306 C
1905 3250 2153 3305 omnibus
2180 3246 2430 3316 operibus
2464 3242 2640 3307 bonis,
2663 3240 2911 3296 videlicet
2938 3247 2993 3293 et
3018 3254 3122 3293 non
3148 3234 3482 3290 manducetis

1947 3341 1956 3352 '
2023 3340 2033 3350 ο
2214 3345 2224 3352 ι
2310 3351 2319 3352 κ
2407 3333 2477 3352 tu
2506 3332 2603 3352 ΑΛ-
2636 3344 2802 3352 -------
2838 3330 2899 3352 ,Δ
2942 3329 3254 3352 ..1...2ΑιιιιΑηα
3311 3340 3482 3352 "An..-

211 3383 449 3452 junium,
471 3377 620 3450 quod
665 3376 740 3432 sit
786 3371 1181 3428 sanctificatum
1226 3379 1293 3418 ex
1349 3361 1555 3418 duabus
1600 3357 1800 3420 causis,

223 3475 331 3529 hoc
380 3443 600 3533 esu-de
649 3463 984 3520 orationibus
1026 3466 1188 3526 atque
1239 3447 1616 3520 eleemosynis.
1651 3443 1805 3500 Unde

223 3566 536 3618 commonet
588 3571 687 3610 nos
727 3551 988 3622 propheta
1046 3563 1060 3600 :
1118 3539 1497 3598 «Sanctiﬁcate
1541 3533 1805 3606 jejunium

226 3650 394 3723 (Joel.
443 3663 486 3712 ι,
526 3645 638 3714 Η).
683 3662 702 3696 δ
729 3639 1001 3698 Coucedat
1028 3634 1380 3702 Omnipotens
1410 3627 1564 3682 nobis
1583 3634 1637 3680 et
1655 3623 1808 3680 vobis

229 3712 540 3806 huiusmodi
571 3712 835 3805 jejunium
867 3727 1015 3783 omni
1067 3735 1307 3793 tempore
1353 3718 1637 3790 perficere,
1666 3712 1808 3783 quod

231 3805 390 3884 nobis
420 3826 626 3896 aperiat
667 3821 998 3892 paradisum.
1027 3817 1103 3871 De
1134 3812 1406 3869 ebrietate
1432 3821 1561 3862 vero
1604 3805 1811 3874 castigo

231 3939 352 3988 vos,
380 3922 596 3984 fratres,
629 3915 797 3972 nostri
825 3911 1092 3972 concives,
1136 3915 1194 3960 ut
1221 3901 1504 3959 declinetis
1543 3898 1610 3952 ab
1642 3911 1728 3961 ea,
1758 3903 1812 3949 et

235 4033 342 4074 non
368 4013 594 4070 teneatis
620 4026 740 4066 eam
785 4009 838 4062 in
865 4021 985 4061 usu.
1027 4001 1166 4070 Quia
1209 3997 1447 4054 ebrietas
1497 3993 1698 4047 nullum
1728 3988 1810 4042 vi-

237 4107 373 4162 tium
414 4109 655 4163 excusat,
679 4097 771 4154 sed
799 4095 978 4152 omnia
1008 4097 1227 4164 peccata
1253 4093 1495 4158 generat,
1518 4091 1573 4138 et
1593 4089 1676 4136 est
1701 4095 1815 4134 ma-

237 4209 405 4268 gnum
441 4203 498 4248 et
550 4187 834 4246 criminale
881 4191 1181 4254 peccatum.
1237 4175 1371 4231 Nam
1425 4175 1528 4228 ieta
1555 4171 1811 4232 ebrietas,

237 4261 402 4356 quam
431 4281 626 4337 tenetis
651 4294 682 4334 a
726 4290 886 4332 mane
927 4286 1097 4342 usque
1126 4269 1192 4325 ad
1233 4275 1445 4322 noctem
1471 4261 1812 4334 profundam,

239 4354 328 4430 est
367 4369 595 4442 perditio
622 4367 922 4421 animarum
980 4370 1305 4416 vestrarum.
1350 4354 1488 4409 Vere
1537 4363 1814 4418 nunquam

241 4461 512 4520 habebitis
561 4460 725 4514 vitam
771 4463 1053 4516 aeternam,
1106 4449 1209 4505 nisi
1233 4462 1328 4518 per
1377 4442 1814 4499 abstinentiama

241 4552 460 4622 crapula
487 4558 545 4604 et
576 4549 860 4611 ebrietate,
886 4546 988 4600 hoe
1025 4551 1129 4606 est,
1156 4527 1202 4593 a'
1219 4537 1382 4593 nimia
1403 4532 1730 4589 comestione
1763 4536 1819 4583 et

242 4621 538 4716 potatione.
564 4639 672 4694 Vos
715 4637 879 4692 etiam
915 4649 1020 4689 non
1071 4627 1374 4687 observatis
1405 4621 1689 4692 jejunium,
1724 4633 1819 4688 per

244 4710 392 4804 quod
414 4731 622 4787 debetis
643 4729 862 4783 vincere
887 4721 1178 4784 diabolum,
1211 4718 1304 4774 sed
1337 4710 1632 4782 infringitis
1659 4721 1821 4762 omne

249 4890 502 4977 etoritate
518 4914 747 4984 iussum.
782 4912 848 4968 Et
870 4925 976 4966 non
1003 4905 1251 4978 cogitatis
1270 4901 1410 4972 quod
1439 4898 1526 4952 ille
1555 4895 1716 4950 homo
1731 4890 1824 4962 qui

252 5007 496 5078 infringit
519 4983 680 5060 unum
709 5003 850 5058 diem
872 5000 925 5055 in
940 4992 1378 5065 Quadragesima,
1395 4997 1561 5043 totam
1584 4983 1826 5052 Quadra-

253 5071 512 5171 gesimam
562 5093 825 5163 infringit.
871 5089 938 5144 Et
984 5093 1268 5158 propterea
1306 5078 1626 5150 praecipiunt
1649 5071 1825 5128 sancti

255 5160 510 5251 canones,
541 5195 604 5240 ut
627 5183 718 5253 qui
736 5160 994 5248 infringit
1036 5189 1201 5229 unum
1225 5172 1364 5227 diem
1392 5169 1442 5223 in
1472 5160 1846 5244 Quadragesi-f

258 5292 368 5343 ma,
398 5241 749 5346 quadraginta
771 5269 886 5322 dies
906 5241 1002 5337 pro
1025 5278 1131 5318 uno
1159 5261 1246 5315 die
1283 5257 1456 5313 solvat
1476 5252 1686 5308 auctori
1718 5241 1844 5304 Deo

259 5339 379 5424 suo.
406 5339 630 5433 ῥωβιθῖ
683 5358 972 5430 ingluviem
1017 5362 1072 5409 et
1102 5349 1438 5422 gulositatem
1483 5343 1585 5397 fuit
1626 5339 1831 5409 ejectus

259 5456 430 5512 Adam
452 5454 517 5507 de
543 5450 816 5521 paradiso.
846 5446 912 5500 Et
961 5459 1060 5498 nos
1108 5442 1152 5496 si
1195 5437 1441 5493 volumus
1482 5440 1722 5488 nostram
1747 5446 1835 5484 re-

262 5547 442 5616 cipere
477 5539 865 5601 htereditatem,
897 5536 948 5589 id
991 5542 1094 5598 est,
1134 5527 1469 5600 paradisum,
1501 5535 1724 5578 necesse
1751 5527 1834 5573 est

265 5608 333 5691 ut
354 5647 448 5704 per
476 5631 638 5685 aliam
671 5627 840 5691 viam,
869 5625 973 5678 hoc
1006 5630 1108 5685 est,
1131 5633 1227 5688 per
1265 5613 1528 5684 jejunium
1574 5618 1629 5664 et
1664 5608 1835 5662 absti-

267 5701 505 5784 nentiam
533 5725 870 5776 revertamur
898 5714 965 5769 ad
994 5710 1320 5784 paradisum.
1347 5702 1500 5770 Quod
1531 5701 1646 5770 ipse
1698 5713 1836 5768 pra:-

269 5826 413 5874 stare
447 5813 728 5885 dignetur,
754 5809 845 5879 qui
887 5808 938 5861 in
986 5804 1226 5861 trinitate
1268 5809 1323 5856 et
1349 5797 1553 5852 unitate
1596 5791 1836 5866 perfecta

1906 3340 2150 3401 nimium,
2177 3345 2232 3390 et
2261 3351 2369 3390 non
2407 3332 2606 3388 bibatis
2636 3344 2806 3400 usque
2835 3330 2900 3384 ad
2938 3329 3282 3393 ebrietatem,
3311 3340 3486 3396 neque

1905 3438 2030 3484 ante
2058 3430 2266 3492 horam,
2312 3438 2486 3495 neque
2513 3430 2635 3493 post
2675 3412 2978 3486 horam;'et
3011 3415 3275 3473 studeatis
3299 3416 3484 3469 vivere

1906 3522 1972 3576 de
1994 3517 2418 3586 vestrajustitia,
2463 3529 2569 3569 non
2599 3514 2665 3568 de
2699 3513 2911 3582 rapina,
2951 3509 3206 3580 quoniam
3236 3507 3376 3561 sicut
3409 3505 3488 3560 ait

1907 3609 2216 3680 Apostolus,
2250 3627 2268 3660 ι
2304 3609 2570 3676 Raptores
2597 3619 2818 3675 regnum
2850 3603 2946 3657 Dei
2993 3616 3097 3655 non
3138 3598 3489 3669 possidebunt

1909 3702 1961 3773 (I
1977 3701 2098 3756 Cor.
2117 3700 2315 3769 vr,lO).
2341 3719 2359 3751 ι
2385 3697 2649 3752 Memores
2669 3694 2830 3748 etiam
2853 3705 2974 3746 esse
2999 3690 3210 3745 debetis
3231 3686 3488 3743 terribilis

1909 3791 2211 3857 sententiae,
2239 3804 2400 3860 quam
2424 3787 2559 3841 dixit
2584 3783 2870 3856 Apostolus
2896 3800 2910 3836 :
2942 3800 2960 3834 ι
2991 3779 3092 3848 Qui
3119 3781 3174 3835 in
3193 3795 3299 3835 uno
3322 3777 3491 3833 offen-

1912 3887 1991 3942 dit
2011 3885 2248 3941 omuium
2271 3897 2394 3936 reus
2414 3889 2497 3936 est
2517 3877 2658 3950 (Jac.
2684 3895 2743 3940 ιι,
2769 3875 2888 3948 10);
2921 3893 2938 3927 ι
2963 3876 3068 3931 hoc
3093 3882 3176 3929 est
3202 3873 3291 3942 qui
3315 3887 3482 3927 unum

1914 3985 2193 4048 peccatum
2249 3972 2400 4037 facit,
2432 3969 2654 4026 offendit
2698 3939 2891 4030 Deum,
2929 3965 3019 4036 qui
3042 3939 3235 4018 omnia
3273 3939 3521 4032 peccata

1914 4065 2190 4139 prohibuit
2214 4063 2369 4117 nobis
2420 4060 2620 4115 facere.
2668 4057 2959 4129 Propterea
3000 4054 3155 4108 vobis
3196 4053 3318 4107 dico
3345 4051 3492 4114 talia,

1915 4167 1994 4222 ut,
2019 4157 2064 4211 si
2093 4170 2197 4209 non
2227 4153 2402 4208 facitis
2438 4157 2658 4221 peccata
2703 4163 2823 4218 quae
2859 4143 3219 4216 pmnituistis,
3249 4157 3348 4196 nec
3386 4141 3495 4195 alia

1916 4244 2286 4302 committatis.
2337 4241 2470 4296 Nam
2514 4239 2650 4294 nihil
2696 4238 2915 4307 adjuvat
2952 4234 3240 4305 ptenitere,
3290 4232 3335 4286 si
3368 4239 3496 4302 post

1916 4339 2290 4411 ptenitentiam
2335 4334 2626 4390 revertitur
2658 4332 2818 4386 homo
2861 4327 2925 4382 ad
2960 4334 3262 4398 peccatum.
3309 4323 3376 4378 Et
3407 4323 3498 4377 ille

1921 4431 2042 4487 talis
2070 4432 2230 4484 homo
2258 4425 2349 4497 qui
2393 4425 2496 4478 hoc
2537 4423 2687 4485 facit,
2712 4419 2903 4474 similis
2940 4427 3022 4472 est
3043 4417 3162 4472 cani
3203 4413 3498 4471 revertenti

1922 4523 1990 4578 ad
2015 4520 2275 4576 vomitum
2299 4533 2474 4572 suum.
2499 4514 2564 4569 Et
2592 4513 2658 4567 de
2695 4510 2889 4565 talibus
2921 4506 3230 4563 hominibus
3253 4513 3502 4574 repeten-

1925 4612 2068 4667 tibus
2110 4616 2333 4680 peccata
2375 4620 2470 4660 sua
2495 4618 2614 4674 quae
2653 4601 2766 4672 jam
2807 4599 3071 4662 fecerunt,
3098 4597 3229 4651 dicit
3270 4594 3505 4665 Spiritus

1925 4709 2145 4758 sanctus
2174 4714 2269 4769 per
2305 4697 2621 4766 prophetam
2649 4691 2836 4754 David,
2874 4707 2892 4740 ‹
2926 4687 3058 4756 Quia
3091 4684 3505 4756 iustificationes

1927 4790 2138 4848 Domini
2172 4804 2279 4843 non
2327 4784 2700 4855 exquisierunt
2742 4779 2922 4852 (Psal.
2965 4775 3363 4844 cxvnt,l55),
3401 4792 3420 4824 ι
3446 4772 3501 4827 id

1927 4891 2030 4946 est,
2065 4895 2169 4936 non
2197 4883 2604 4949 permanserunt
2650 4873 2704 4927 in
2734 4867 3182 4941 promissionibus
3204 4866 3336 4929 suis,
3369 4877 3507 4932 quas

1930 4971 2295 5043 promiserunt
2331 4965 2385 5019 in
2416 4964 2682 5034 baptismo
2719 4960 2851 5015 etin
2888 4956 3228 5013 confessione
3251 4952 3508 5021 iniquita-

1931 5072 2045 5117 tum
2080 5072 2296 5114 suarum
2329 5052 2541 5120 :Quam
2582 5066 2679 5121 per
2713 5048 2895 5104 omnia
2936 5055 3173 5112 tempora
3212 5042 3386 5095 vitare
3409 5039 3508 5092 tri-

1929 5149 2060 5204 buat
2095 5145 2248 5199 vobis
2275 5143 2435 5208 Deus,
2467 5140 2560 5212 qui
2589 5153 2682 5194 vos
2704 5136 2864 5192 hodie
2886 5133 3076 5203 recipit
3111 5130 3164 5184 in
3199 5128 3510 5184 societatem

1929 5236 2104 5310 plebis
2130 5248 2263 5290 suae.

2552 5312 2781 5373 SERMO
2820 5311 2885 5366 V.

2060 5413 2138 5468 De
2165 5410 2502 5481 fundamento
2531 5417 2578 5461 et
2602 5407 2914 5460 incremento
2945 5398 3382 5456 Christianitatis.

2005 5506 2255 5569 Pensate,
2309 5501 2508 5556 fratres
2552 5495 2890 5557 charissimi,
2921 5500 2975 5547 et
3000 5479 3338 5546 considerate
3401 5496 3514 5545 toto

1937 5599 2099 5658 corde
2128 5605 2330 5658 vestro,
2356 5600 2413 5649 et
2463 5599 2573 5644 tota
2599 5587 2781 5641 anima
2824 5593 3024 5648 vestra,
3052 5597 3213 5652 quam
3259 5595 3514 5652 magnmn

1936 5704 2133 5746 nomen
2159 5687 2230 5741 sit
2257 5680 2656 5740 Christianitas.
2677 5686 2733 5731 et
2759 5675 3027 5745 quomodo
3046 5672 3216 5728 crevit
3239 5680 3294 5727 et
3323 5669 3517 5725 diffusa

1939 5789 2024 5840 est
2070 5794 2166 5850 per
2205 5789 2394 5832 omnes
2447 5779 2633 5842 gentes
2661 5775 2828 5824 totum
2886 5765 3188 5820 habitantes
3234 5760 3512 5816 mundum.
