3902 6392
115 461 230 516 775

1392 455 1756 513 SERMONES
1795 453 2118 524 QUINQUE.

3275 457 3378 514 774

115 569 406 642 religionis
426 543 764 640 potissimum
791 567 1006 622 llliciuae
1047 565 1164 621 ﬁxit
1188 565 1356 636 (5&0).
1391 569 1575 638 Itaque
1596 581 1699 620 non
1729 571 1777 627 Α
1805 566 1966 620 corda
1988 578 2041 620 et
2067 569 2260 624 animte
2305 569 2540 625 ﬁdelium
2566 569 2902 626 credentium
2935 567 3302 630 indesinenter
3321 573 3378 627 in

107 661 434 732 voluptates
456 653 655 720 c'arnis,
673 673 772 713 nec
795 657 1020 722 deliciae,
1044 671 1222 726 neque
1245 655 1402 724 hujus
1423 655 1704 711 saeculidi-

111 753 292 816 vitiat,
324 767 422 808 nec
455 752 687 807 honores
708 751 1085 821 plantaverunt
1121 749 1585 804 Christianitatem
1607 761 1706 818 per

109 841 341 905 orbem,
395 841 490 896 sed
543 841 725 895 tristes
767 849 969 894 mortes
1012 839 1376 908 apostolorum
1407 851 1704 905 eorumque

107 931 392 987 doctrinis
435 931 919 1000 obtemperantium
951 947 963 982 :
999 930 1233 1001 primum
1261 939 1437 984 tamen
1460 930 1696 984 salutife-

111 1037 264 1085 ram,
299 1031 353 1075 et
382 1021 580 1075 Christi
621 1035 834 1090 semper
885 1019 1290 1089 multiplicantis
1322 1021 1592 1090 genimina
1623 1029 1702 1074 to-

115 1111 233 1164 tius
257 1118 620 1164 sacrosanctae
662 1109 937 1179 religionis
958 1124 986 1162 a
1016 1124 1114 1164 suo
1139 1111 1356 1164 nomine
1379 1111 1576 1179 ubique
1603 1125 1692 1165 re-

107 1215 356 1271 gnorum
391 1199 501 1252 sole
525 1199 722 1253 clarius
744 1199 1062 1269 eiliilgentis.
1081 1187 1106 1204 ’

191 1287 506 1341 Beatissimi
533 1301 746 1356 quoque
774 1288 1043 1357 principes
1085 1288 1470 1358 apostolorum,
1509 1288 1701 1344 Petrus

105 1389 176 1432 et
201 1378 425 1441 Paulus,
457 1377 776 1446 incipientes
806 1393 835 1431 a
865 1377 1046 1432 iudica
1078 1377 1354 1434 Christum
1375 1381 1695 1448 praedicare,

107 1468 592 1522 Christianiialcm
629 1482 841 1536 quoque
889 1467 1132 1536 plantare
1172 1483 1293 1522 cum
1325 1471 1508 1523 multis
1531 1470 1700 1524 tribu-

111 1560 424 1614 lationibus
465 1573 562 1628 per
609 1559 850 1613 diversas
879 1560 1059 1623 urbes,
1100 1574 1392 1628 earumque
1431 1561 1694 1630 regiones,

109 1653 356 1705 Romam
381 1650 595 1703 tandem
624 1657 1001 1718 pervenerunt,
1027 1650 1115 1703 ubi
1141 1659 1194 1704 et
1214 1661 1372 1718 caput
1393 1652 1540 1706 orbis
1559 1663 1694 1716 erat,

111 1751 174 1794 et
207 1740 468 1810 primates
512 1739 692 1791 mumli
722 1739 1030 1800 manebant,
1085 1753 1148 1793 ac
1189 1742 1412 1808 proinde
1457 1743 1695 1796 omnium

111 1839 422 1886 conventus
491 1831 768 1884 natiOnum
844 1831 967 1886 illnc
1014 1830 1330 1888 conﬂuebat.
1380 1835 1694 1900 Attendite,

1805 659 1914 712 Deo
1945 659 2310 715 ﬁrmarentur.
2343 659 2414 716 Se
2451 675 2686 733 quoque,
2734 677 2940 732 suaque
2986 664 3192 728 omnia,
3225 663 3380 719 villas

1802 749 2008 804 scilicet
2027 759 2080 804 et
2107 750 2264 806 ﬁscos
2291 759 2398 806 tam
2427 751 2510 808 his
2535 753 2769 820 sedibus,
2819 769 2983 824 quam
3033 755 3388 810 monasteriis

1803 841 2160 904 tradiderunt,
2193 843 2436 912 satisque
2463 841 2776 912 adjecerunt
2804 845 3002 900 ibidem
3029 845 3114 899 die
3136 860 3200 899 ac
3225 853 3382 901 nocte

1801 929 2015 984 Christo
2048 931 2404 988 servientibus
2435 940 2540 986 tam
2578 935 2850 989 canonicis
2880 949 3042 1003 quam
3074 935 3374 988 monachis.

1803 1021 2076 1090 Siquidem
2101 1039 2198 1091 pro
2219 1033 2368 1077 certo
2389 1025 2630 1079 sciebant
2666 1026 2766 1096 ipsi
2807 1027 3068 1096 primates
3093 1026 3240 1081 nullo
3266 1042 3382 1080 tne-

1800 1112 1905 1167 lius
1943 1113 2048 1167 alio
2075 1116 2234 1168 modo
2263 1115 2376 1169 dies
2409 1125 2682 1178 constare,
2730 1132 2793 1170 ac
2846 1117 2950 1170 line
2989 1125 3144 1170 tenus
3193 1115 3378 1170 mundi

1799 1217 2146 1273 perseverare
2175 1205 2470 1259 stabilitam
2507 1207 2720 1262 ccelitns
2757 1207 3241 1262 Christianitatem.

1871 1293 2011 1363 Ergo
2041 1295 2179 1347 hanc
2203 1295 2511 1364 religionem
2543 1305 2650 1349 tam
2701 1297 2810 1349 Deo
2861 1297 3110 1360 charum,
3154 1305 3376 1364 tamque

1800 1381 2048 1434 humanis
2089 1383 2369 1436 animabus
2399 1385 2691 1448 salubrem,
2743 1385 2876 1454 proh
2922 1385 3111 1438 dolor!
3141 1385 3381 1452 quotidie

1799 1471 2062 1540 dissipant
2089 1472 2163 1525 illi
2193 1473 2284 1541 qui
2313 1489 2456 1530 nunc
2479 1482 2604 1529 sunt
2634 1475 2908 1544 principes
2960 1475 3144 1528 mundi
3169 1491 3182 1540 ;
3217 1491 3379 1546 reges

1799 1561 2066 1628 videlicet,
2092 1565 2337 1628 comites,
2371 1566 2740 1630 vicecomites,
2769 1566 3038 1624 consules.
3075 1582 3382 1635 proconsu-

1797 1649 1896 1716 les,
1927 1667 2221 1722 eorumque
2245 1654 2450 1718 vicarii,
2477 1656 2618 1709 vassi
2645 1656 2920 1720 dominici,
2953 1655 3145 1708 horum
3173 1654 3380 1710 satelli-

1801 1749 1902 1805 tes,
1925 1755 2218 1810 omncsque
2233 1742 2356 1795 mali
2376 1741 2603 1809 judices.
2623 1742 2890 1798 Aufernnt
2911 1757 3146 1812 namque
3163 1757 3384 1814 perver-

1801 1847 1858 1886 sa
1889 1831 2180 1887 calliditate
2203 1833 2477 1886 urbalibus
2507 1835 2774 1899 ecclesiis,
2800 1849 3010 1888 necnon
3035 1834 3378 1898 monasticis,

113 1923 346 1985 fratres,
375 1921 600 1976 Romam
623 1921 714 1976 ubi
740 1921 1072 1976 consistebat
1093 1921 1234 1978 Nero
1261 1925 1553 1992 imperator
1575 1928 1694 1981 dun-

1805 1935 1910 1985 rt-s,
1941 1931 1994 1975 et
2015 1922 2192 1988 villas,
2233 1923 2428 1991 quibus
2485 1924 2680 1978 debent
2735 1924 2994 1994 episcopi,
3045 1926 3300 1979 monachi
3325 1933 3382 1980 et

113 2023 278 2068 taxat
305 2013 623 2068 subterioris
663 2015 846 2068 mundi
879 2013 896 2078 (
926 2013 1062 2068 alter
1099 2016 1242 2070 enim
1269 2027 1349 2070 est
1377 2019 1623 2086 superior
1643 2029 1698 2072 et

115 2103 431 2174 sidereus),
465 2117 668 2157 necnon
699 2113 753 2158 et
783 2103 967 2158 Simon
1023 2104 1204 2175 Magos
1247 2106 1467 2160 intinitze
1495 2109 1696 2177 peritus

113 2195 344 2248 malitia:
367 2213 378 2247 :
405 2193 532 2248 illuc
563 2203 929 2248 convenerunt
969 2195 1194 2262 apostoli
1230 2197 1500 2266 principes
1530 2215 1556 2251 a
1589 2199 1697 2253 Deo

113 2285 402 2342 constituti
457 2301 622 2356 super
671 2301 884 2340 omnem
935 2295 1159 2352 terram,
1203 2298 1468 2356 quatenus
1492 2291 1699 2344 scilicet

113 2381 338 2437 diabolo
373 2389 428 2434 et
463 2381 717 2436 membris
771 2381 914 2451 ejus,
958 2381 1156 2436 Neroni
1199 2392 1249 2437 el
1277 2381 1482 2438 Simoni
1513 2384 1694 2438 anfer-

117 2481 248 2526 rent
298 2471 656 2540 principatum
707 2471 912 2535 mundi,
942 2485 1002 2524 ac
1033 2471 1141 2542 regi
1193 2487 1444 2540 superno,
1474 2472 1698 2541 cuijure

113 2565 373 2629 debetur,
395 2563 744 2617 restituerent
770 2579 782 2616 :
811 2563 952 2632 quod
979 2563 1194 2633 quidem
1220 2563 1311 2627 ita,
1335 2566 1539 2634 gratias
1567 2565 1695 2632 Deo,

115 2655 324 2709 factum
352 2661 451 2708 est.
483 2653 758 2723 Siquidem
810 2661 1010 2707 tantam
1043 2663 1258 2723 tamque
1280 2657 1567 2724 spatiosum
1600 2657 1703 2712 ibi-

111 2744 244 2799 dem
296 2743 544 2798 caelestes
591 2743 748 2812 legati
785 2743 1164 2812 plantaverunt
1210 2743 1696 2812 Christianitatcm,

111 2847 180 2890 ut
216 2837 402 2890 eadem
429 2845 597 2890 totum
625 2849 761 2904 pene
791 2834 1021 2903 repleret
1065 2835 1341 2900 mundum,
1375 2837 1502 2905 quin
1531 2837 1694 2890 etiam

109 2941 280 2980 omne
303 2925 355 2978 in
384 2939 448 2980 eo
471 2923 750 2979 collideret
771 2922 990 2977 idolum.
1015 2922 1126 2978 Hoc
1150 2933 1324 2978 tamen
1349 2940 1482 2993 opus
1506 2926 1700 2979 divinae

117 3013 395 3082 religionis
422 3013 565 3067 omni
589 3012 746 3066 laude
765 3011 1136 3080 dignissimum
1161 3013 1357 3080 pollere
1380 3023 1432 3066 ct
1455 3029 1698 3068 crescere

116 3105 355 3168 intuens,
381 3117 444 3155 ac
469 3101 714 3156 indolens
755 3101 923 3155 hostis
945 3103 1198 3170 antiquus
1223 3118 1504 3170 possessor
1533 3104 1698 3158 Nero-

115 3193 226 3256 nis,
255 3191 498 3262 Magique
549 3189 805 3255 Simonis,
842 3193 1012 3244 suasit
1042 3194 1120 3245 eis
1150 3195 1238 3262 qui
1284 3203 1440 3247 erant
1481 3195 1694 3249 titiones

1800 2013 2046 2069 canonici
2084 2015 2286 2069 vivere.
2329 2015 2568 2069 Diversis
2605 2015 2761 2084 plane
2801 2016 2942 2070 dolis
2995 2025 3050 2070 et
3099 2015 3382 2072 fraudibus

1799 2103 2036 2170 praedicti
2099 2103 2374 2169 invaseres
2453 2105 2696 2159 ecclesia:
2775 2105 3060 2160 destruunt
3129 2107 3378 2176 prmsidia

1797 2193 2243 2260 Christianitatis,
2274 2195 2376 2250 hoc
2406 2205 2507 2260 est,
2536 2198 2694 2250 sedes
2722 2199 3058 2268 episcopales
3080 2207 3135 2252 et
3185 2213 3376 2252 mona-

1797 2285 1985 2348 steria,
2023 2285 2217 2354 praedis
2252 2285 2476 2348 scilicet,
2533 2287 2755 2354 rapinis,
2786 2289 3045 2356 precariis
3097 2288 3377 2352 falsidicis,

1799 2377 2306 2432 manuiirmitatibus
2355 2378 2573 2447 iniquis.
2619 2377 2890 2434 Habentes
2940 2381 3086 2435 enim
3130 2395 3246 2443 eas,
3299 2380 3380 2434 in-

1798 2471 2057 2539 scriptum
2099 2479 2450 2525 contemnunt
2499 2471 2726 2526 reddere
2777 2487 3022 2527 censum.
3061 2471 3152 2526 Sic
3199 2483 3378 2526 autem

1799 2575 1886 2614 res
1911 2559 2113 2614 Christi
2146 2561 2482 2614 transferunt
2522 2561 2623 2616 sibi
2655 2561 2708 2614 in
2741 2562 3002 2632 praedium
3039 2569 3094 2614 et
3123 2561 3376 2615 allodium

1799 2665 2138 2718 possessores
2163 2649 2409 2721 sacrilegi
2459 2667 2472 2702 :
2515 2653 2786 2705 interdum
2821 2667 2946 2706 vero
2973 2653 3238 2706 violenter
3259 2663 3382 2704 eas-

1799 2737 1920 2792 dem
1945 2755 2034 2794 res
2057 2739 2298 2794 ecclesiae
2325 2739 2604 2808 diripiunt,
2630 2741 2840 2808 sibique
2867 2739 3052 2795 illicite
3078 2741 3376 2809 possident.

1798 2827 2154 2896 Quamobrem
2189 2829 2354 2884 multa
2387 2827 2502 2898 jam
2549 2831 2751 2885 scimus
2780 2841 2834 2886 et
2873 2831 3118 2885 videmus
3161 2847 3380 2886 monas-

1805 2924 1937 2977 teria
1970 2939 1996 2975 a
2027 2923 2238 2978 clericis
2287 2923 2540 2978 derelicta
2582 2934 2801 2993 prepter
2855 2939 2943 2978 res
2994 2927 3192 2993 quippe
3237 2925 3380 2979 unde

1797 3013 1976 3068 vivere
1995 3015 2250 3067 deberent
2283 3014 2386 3066 illis
2409 3013 2635 3068 ablatas.
2655 3016 2792 3084 Epgo
2806 3015 3061 3084 quidnam
3087 3023 3210 3067 sunt
3234 3014 3378 3068 aliud

1800 3103 1933 3156 tales
1997 3103 2264 3172 sacrilegi,
2315 3105 2612 3172 praedones,
2671 3103 2890 3158 violenti
2942 3111 3207 3170 raptores,
3273 3103 3374 3156 nisi

1801 3193 2015 3246 titiones
2063 3191 2280 3254 inferni,
2325 3202 2380 3246 et
2418 3209 2554 3247 esccc
2609 3193 2804 3246 dialmli
2858 3203 2912 3246 et
2977 3193 3380 3261 explantatorcs

115 3282 304 3344 Erebi,
327 3281 570 3335 occidere
596 3279 795 3351 legatos
821 3281 1044 3344 Christi,
1068 3284 1156 3350 qui
1180 3294 1334 3337 erant
1358 3287 1578 3338 arbores
1605 3301 1696 3353 pa-
1725 3268 1766 3325 (ἶ
1799 3283 2059 3352 paradisi,
2092 3283 2180 3351 qui
2230 3295 2308 3336 est
2361 3284 2601 3337 Ecclesia
2635 3284 2874 3338 Christi?
2907 3283 3135 3337 Prorsus
3175 3284 3374 3337 nttlluui

115 3371 318 3436 radisi;
345 3387 441 3440 pro
465 3385 530 3426 eo
551 3372 688 3438 quod
723 3371 820 3440 ipsi
847 3373 1024 3426 verbis
1052 3381 1214 3442 atque
1247 3377 1516 3430 miraculis
1539 3379 1696 3431 Chri-

112 3471 286 3524 stum,
313 3460 532 3528 ejusque
555 3459 754 3514 cultum
803 3462 927 3516 totis
971 3463 1177 3517 viribus
1203 3466 1516 3534 Satagebant
1547 3468 1696 3535 plan-

113 3560 274 3604 tare-:
297 3559 516 3603 econtra
561 3565 688 3604 vero
713 3549 896 3604 Simon
928 3560 982 3605 et
1007 3551 1144 3606 Nero
1181 3555 1492 3624 explantare
1522 3567 1696 3610 certa-

115 3643 214 3693 tim
241 3639 634 3694 contendebant
661 3649 919 3707 quantum
961 3641 1232 3696 valebant.
1266 3643 1411 3697 Talis
1441 3645 1692 3699 nimirum

113 3731 271 3783 labor
300 3723 596 3782 tedilicandi
653 3729 872 3790 bonum,
922 3729 1154 3798 illudque
1189 3732 1446 3786 evellendi
1475 3734 1695 3788 ardebat

117 3822 262 3874 inter
287 3818 518 3874 athletas
543 3819 635 3873 Dei
677 3829 734 3872 et
761 3820 988 3888 stipulas
1031 3823 1203 3876 aveni.
1237 3823 1433 3878 Verum
1489 3841 1555 3877 ne
1577 3825 1697 3878 diu-

115 3911 430 3966 turnitatem
457 3919 730 3979 pateretur
751 3911 1053 3979 lmjusmodi
1093 3923 1388 3978 certamen,
1430 3925 1694 3983 quatenus

113 4003 260 4057 Nero
285 4001 558 4056 Simonem
585 4002 794 4072 Magum
819 4003 1066 4056 crederet
1093 4019 1212 4058 esse
1237 4005 1426 4066 Deum,
1462 4007 1696 4058 immun-

113 4093 205 4148 dis
231 4093 506 4161 spiritibus
531 4108 588 4148 se
613 4093 932 4148 vehentibus
957 4095 1122 4163 erupit
1145 4095 1285 4148 idem
1309 4095 1522 4162 volare;
1548 4097 1692 4150 Pau-

113 4184 204 4237 lus
228 4197 408 4250 orare,
429 4184 620 4239 Petrus
647 4182 862 4239 Satanaa
883 4183 1168 4253 imperare,
1185 4184 1396 4255 Magum
1425 4187 1692 4240 volantem

111 4275 486 4346 pracipitare;
517 4277 670 4346 cujus
719 4277 902 4346 itaque
941 4277 1134 4346 perditi
1180 4276 1248 4332 ob
1272 4277 1528 4332 ultionem
1549 4280 1694 4334 cives

113 4365 214 4419 Dei
272 4364 414 4420 Nero
461 4365 692 4420 reddidit
740 4367 921 4432 astris,
969 4367 1187 4422 Petrum
1220 4367 1470 4423 videlicet
1510 4385 1688 4434 cruce,

113 4457 346 4512 Paulum
371 4471 502 4512 vero
523 4459 717 4527 capitis
741 4461 1050 4516 amissione.

191 4545 282 4601 Sic
307 4546 471 4616 igitur
497 4549 745 4617 pretiosis
773 4551 1034 4605 mortibus
1057 4552 1444 4621 apostolorum,
1476 4563 1692 4609 sancto-

113 4653 348 4709 rumque
402 4647 736 4706 cunelorum,
781 4643 1047 4713 praecipue
1113 4653 1431 4716 martyrum,
1457 4647 1686 4704 diversis

117 4732 520 4788 interitionibus
547 4732 785 4802 plantata
815 4743 898 4789 est
929 4734 1312 4792 Cbristianitas
1341 4748 1394 4793 et
1421 4741 1686 4808 stabilita,

115 4831 178 4880 et
205 4823 551 4879 fundamento
577 4823 692 4895 ejus
719 4824 932 4882 Christo
949 4842 1045 4896 per
1063 4827 1247 4883 orbem
1273 4830 1685 4886 incrementata.

115 4912 407 4965 Beatorum
433 4928 646 4982 quoque
673 4914 1038 4969 confessorum
1071 4918 1215 4972 sanis
1253 4927 1362 4972 tam
1407 4921 1687 4990 exemplis,

117 5019 280 5074 quam
310 5004 643 5075 dOgmatibus
689 5015 772 5060 est
816 5006 1068 5077 deinceps
1121 5009 1438 5064 illuminata.
1490 5011 1690 5068 Deinde

117 5099 540 5156 Christianitatis
570 5102 896 5155 monasteria
921 5110 975 5155 et
1005 5101 1240 5158 claustra
1290 5103 1362 5170 pii
1393 5119 1567 5172 reges,
1599 5119 1692 5161 eo-

117 5208 350 5262 rumque
381 5192 610 5262 religiosi
649 5207 897 5261 proceres
929 5193 1124 5263 ubique
1148 5191 1528 5258 fundaverunt,
1552 5195 1691 5250 suis-

119 5295 228 5350 que
257 5281 416 5335 rebus
440 5295 560 5335 cum
597 5281 751 5336 donis
771 5282 1092 5337 ditaverunt.
1123 5281 1263 5348 Quin
1295 5282 1455 5336 etiam
1487 5281 1688 5350 princi-

120 5385 235 5442 pes,
260 5370 348 5440 qui
377 5379 530 5424 erant
557 5371 738 5442 inclyti
761 5369 969 5426 urbium
997 5385 1356 5441 possessores,
1373 5371 1693 5425 dimiserunt

123 5475 240 5524 eas,
263 5459 570 5528 Christique
599 5461 750 5517 aulas
769 5462 822 5515 in
843 5461 1042 5516 eisdem
1066 5461 1288 5515 urbibus
1314 5459 1688 5526 condiderunt,

124 5561 423 5608 statuentes
477 5551 674 5609 ibidem
729 5553 1101 5622 episcoporum
1141 5551 1448 5618 cathedras,
1495 5549 1690 5621 quibus

199 5745 344 5820 (διο)
367 5745 586 5820 Illicinaz
612 5747 748 5820 fixit.
775 5747 911 5820 Num
955 5749 1132 5820 aliqua
1158 5749 1226 5820 sit
1247 5746 1406 5820 hujus
1455 5747 1688 5820 nominis

131 5818 256 5874 urbs
285 5826 375 5872 aut
405 5819 550 5890 regio
577 5819 666 5874 alii
715 5819 964 5888 viderint,
1017 5818 1266 5890 equidem
1297 5818 1499 5874 nullam
1536 5818 1684 5886 novi,

1798 3375 1960 3428 alium
1994 3375 2474 3430 comeduntcibum
2507 3377 2702 3429 diaboli
2753 3377 2804 3428 in
2857 3377 3088 3438 inferno,
3123 3379 3226 3430 nisi
3259 3380 3374 3431 ani-

1797 3483 1911 3520 mas
1937 3483 2144 3530 eorum,
2170 3467 2259 3535 qui
2298 3483 2386 3521 res
2415 3469 2762 3520 ecclesiarum
2785 3467 2874 3520 Dei
2906 3469 3185 3530 devorant,
3215 3470 3378 3537 depo-

1793 3557 2061 3627 pulantes,
2120 3556 2204 3609 vel
2255 3556 2451 3624 injuste
2523 3558 2878 3624 possidentes.
2915 3557 3076 3611 Certe
3158 3561 3372 3612 animas

1793 3663 1976 3701 eorum
2051 3647 2298 3701 omnibus
2361 3647 2510 3701 horis
2565 3657 2686 3717 post
2747 3649 3038 3701 terminum
3090 3651 3375 3716 praesentis

1793 3741 1918 3792 vita:
1941 3739 2198 3792 devorant
2229 3738 2517 3801 dmmones,
2550 3749 2604 3792 et
2641 3737 2979 3793 devorabunt
3009 3741 3060 3792 in
3087 3749 3370 3794 mlernum.

1801 3831 1894 3884 Va:
1923 3830 2095 3894 vobis,
2123 3829 2425 3898 pranlones,
2453 3838 2696 3898 raptores
2717 3829 3066 3884 ecclesiarum
3091 3839 3144 3884 et
3174 3845 3374 3899 paupe-

1796 3938 1912 3976 rum
1945 3937 2131 3976 earum
2163 3923 2176 3974 ι
2207 3921 2413 3976 Revera
2443 3922 2680 3990 quotidie
2710 3921 2934 3975 veniunt
2980 3921 3052 3975 illi
3107 3937 3374 3990 pauperes

1793 4015 1858 4068 ad
1889 4013 2120 4066 tumulos
2139 4021 2468 4075 sanctorum,
2495 4013 2793 4067 clamantes
2815 4027 2872 4065 se
2899 4013 3071 4066 occidi
3099 4029 3126 4066 a
3153 4011 3372 4079 pl“me-

1795 4104 1950 4158 nibus
1978 4103 2120 4158 fante
2145 4113 2200 4158 et
2233 4103 2493 4157 nuditate.
2541 4101 2646 4158 Sed
2681 4103 2809 4172 quid
2838 4103 2942 4156 erit
2991 4103 3096 4156 illis
3137 4101 3260 4154 talia
3295 4100 3374 4153 fa-

1794 4195 2062 4249 cientibus
2111 4194 2249 4248 mala
2289 4194 2551 4256 ecclesiis,
2595 4209 2890 4263 earumque
2946 4193 3209 4247 ministris
3251 4191 3370 4254 Dei,

1793 4295 1956 4356 atque
1979 4285 2324 4340 vernaculis?
2351 4282 2488 4339 Vera
2535 4293 2588 4339 et
2637 4295 2894 4354 perpetua
2941 4299 3122 4356 paena.
3171 4283 3374 4337 Deinde

1794 4377 2048 4445 quidnam
2097 4373 2371 4443 proveniet
2412 4373 2675 4428 ministris
2723 4374 2838 4438 Dei,
2882 4386 3178 4441 eorumque
3232 4385 3372 4440 pau-

1796 4467 2024 4536 peribus
2054 4465 2270 4520 famulis
2295 4463 2599 4532 hujusmodi
2631 4464 2770 4518 mala
2811 4465 3092 4518 innumera
3119 4460 3372 4532 patientis

1795 4557 1929 4612 bus?
1957 4556 2094 4612 Vere
2127 4563 2328 4609 aeterna
2355 4553 2523 4607 eloria
2569 4555 2612 4609 si
2639 4563 2816 4612 tamen
2849 4554 3115 4623 patienter
3139 4551 3374 4606 tolerant

1796 4647 2044 4702 adversa.

1859 4737 2022 4807 Ergo,
2067 4737 2282 4798 fratres,
2337 4734 2430 4804 qui
2471 4734 2584 4790 veri
2643 4735 2776 4790 estis
2833 4733 3156 4798 Christiani,
3205 4731 3372 4787 nolite

1789 4829 2311 4902 pseudochristianos
2343 4826 2536 4881 timere
2569 4828 2805 4897 graviter
2847 4841 2946 4880 vos
2991 4824 3232 4894 quotidie
3263 4838 3368 4891 op-

1789 4921 2103 4990 primentes.
2130 4917 2329 4986 Nempe
2357 4917 2402 4972 si
2431 4917 2504 4970 illi
2550 4931 2648 4972 vos
2675 4916 2979 4980 devastant,
3009 4916 3150 4970 Deus
3179 4921 3234 4966 et
3265 4913 3371 4966 Do-

1793 5011 1968 5064 minus
1991 5017 2176 5064 noster
2199 5007 2354 5062 Jesus
2383 5007 2652 5070 Christus,
2695 5003 2848 5072 cujus
2899 5017 3092 5057 nomen
3131 5001 3368 5064 habetis,

1791 5098 1906 5168 ipse
1929 5113 2024 5153 vos
2047 5099 2296 5162 honorat,
2313 5097 2529 5165 suisque
2559 5083 2908 5149 faculiatibus
2933 5090 3177 5161 quotidie
3208 5091 3366 5152 ditat,

1793 5199 1850 5243 ut
1871 5203 1977 5243 non
2008 5197 2116 5242 tam
2146 5187 2212 5243 ab
2243 5187 2486 5241 hostibus
2528 5183 2832 5240 eﬂiciamini
2887 5195 3170 5252 pauperes,
3205 5195 3368 5248 quam

1795 5278 1862 5332 ab
1897 5277 2013 5348 ipso
2061 5277 2172 5334 Deo
2219 5277 2433 5332 divites.
2470 5275 2560 5330 Sic
2591 5287 2782 5344 nempe
2812 5288 2909 5327 nos
2933 5273 3182 5326 hortatur
3217 5269 3370 5324 Scri-

1795 5377 1950 5436 ptura
2001 5385 2014 5420 :
2075 5385 2096 5417 ‹
2156 5364 2490 5420 Timentibus
2549 5365 2718 5418 Deum
2780 5376 3052 5431 nunquam
3117 5359 3370 5414 deﬁcient

1793 5455 1934 5512 bona
1961 5453 2186 5527 (Psalm.
2233 5471 2423 5519 xum,
2455 5454 2564 5524 Η).
2614 5471 2632 5503 ι
2685 5452 2753 5506 Et
2781 5467 2969 5506 rursus
3010 5450 3185 5520 inquit
3241 5449 3371 5505 Pro-

1793 5545 2008 5616 pheta:
2059 5562 2078 5596 ι
2129 5543 2411 5613 Nunquam
2459 5541 2566 5596 vidi
2613 5541 2820 5612 justum
2869 5540 3208 5606 derelictum,
3267 5553 3366 5594 nec

1795 5753 1851 5801 et
1879 5745 2125 5815 suspicor
2175 5755 2280 5795 non
2311 5736 2736 5815 emendatiorem
2755 5737 2839 5815 hic
2867 5751 2985 5815 esse
3025 5749 3186 5804 quam
3216 5733 3269 5815 in
3303 5733 3367 5788 iis

1797 5831 1916 5887 qua:
1945 5808 2264 5885 sequuntur,
2297 5809 2542 5864 codicem
2581 5823 2688 5878 quo
2713 5808 2978 5864 Acherius
3002 5812 3334 5884 ususdespi

3235 5874 3348 5884 ...ο-σ-
