  <div class='ocr_page' id='page_1' title='image "/cluster/home/n/w/nwhite01/storage/ocr_20150623/132/hvd.32044015471733/393.png"; bbox 0 0 3902 6402; ppageno 0'>
   <div class='ocr_carea' id='block_1_1' title="bbox 474 440 578 496">
    <p class='ocr_par' dir='ltr' id='par_1_1' title="bbox 474 440 578 496">
     <span class='ocr_line' id='line_1_1' title="bbox 474 440 578 496; baseline 0.019 -2"><span class='ocrx_word' id='word_1_1' title='bbox 474 440 578 496; x_wconf 78' lang='grc' dir='ltr'><strong>7ῖ5</strong></span> 
     </span>
    </p>
   </div>
   <div class='ocr_carea' id='block_1_2' title="bbox 1061 422 3120 492">
    <p class='ocr_par' dir='ltr' id='par_1_2' title="bbox 1061 422 3120 492">
     <span class='ocr_line' id='line_1_2' title="bbox 1061 422 3120 492; baseline -0.006 -3"><span class='ocrx_word' id='word_1_2' title='bbox 1061 432 1348 489; x_wconf 75' lang='lat' dir='ltr'><strong>ABBONIS</strong></span> <span class='ocrx_word' id='word_1_3' title='bbox 1388 427 2006 487; x_wconf 73' lang='lat' dir='ltr'><strong>SANGERMANENSIS</strong></span> <span class='ocrx_word' id='word_1_4' title='bbox 2043 426 2348 484; x_wconf 77' lang='lat' dir='ltr'><strong>MONACHI</strong></span> <span class='ocrx_word' id='word_1_5' title='bbox 2391 424 2757 482; x_wconf 72' lang='lat' dir='ltr'><strong>SERMONES</strong></span> <span class='ocrx_word' id='word_1_6' title='bbox 2795 422 3120 492; x_wconf 81' lang='lat' dir='ltr'><strong>QUINQUE.</strong></span> 
     </span>
    </p>
   </div>
   <div class='ocr_carea' id='block_1_3' title="bbox 3619 420 3724 477">
    <p class='ocr_par' dir='ltr' id='par_1_3' title="bbox 3619 420 3724 477">
     <span class='ocr_line' id='line_1_3' title="bbox 3619 420 3724 477; baseline 0 0"><span class='ocrx_word' id='word_1_7' title='bbox 3619 420 3724 477; x_wconf 71' lang='lat'><strong>776</strong></span> 
     </span>
    </p>
   </div>
   <div class='ocr_carea' id='block_1_4' title="bbox 471 533 3729 619">
    <p class='ocr_par' dir='ltr' id='par_1_4' title="bbox 471 533 3729 619">
     <span class='ocr_line' id='line_1_4' title="bbox 471 533 3729 619; baseline -0.005 -14"><span class='ocrx_word' id='word_1_8' title='bbox 471 565 652 606; x_wconf 84' lang='lat' dir='ltr'><strong>semen</strong></span> <span class='ocrx_word' id='word_1_9' title='bbox 681 548 800 619; x_wconf 84' lang='lat' dir='ltr'><strong>ejus</strong></span> <span class='ocrx_word' id='word_1_10' title='bbox 837 559 1083 618; x_wconf 72' lang='lat' dir='ltr'><strong>qutereus</strong></span> <span class='ocrx_word' id='word_1_11' title='bbox 1129 559 1320 614; x_wconf 90' lang='lat' dir='ltr'><strong>panem</strong></span> <span class='ocrx_word' id='word_1_12' title='bbox 1348 541 1572 614; x_wconf 72' lang='lat' dir='ltr'><strong>(Psalm.</strong></span> <span class='ocrx_word' id='word_1_13' title='bbox 1631 558 1816 607; x_wconf 75' lang='lat' dir='ltr'><strong>xxxvi,</strong></span> <span class='ocrx_word' id='word_1_14' title='bbox 1862 541 1975 610; x_wconf 74' lang='grc'><strong>25).</strong></span> <span class='ocrx_word' id='word_1_15' title='bbox 2016 558 2035 592; x_wconf 75' lang='grc' dir='ltr'><strong><em>ι</em></strong></span> <span class='ocrx_word' id='word_1_16' title='bbox 2069 546 2116 602; x_wconf 76' lang='grc' dir='ltr'><strong>Α</strong></span> <span class='ocrx_word' id='word_1_17' title='bbox 2143 553 2250 608; x_wconf 85' lang='lat' dir='ltr'><strong>qua</strong></span> <span class='ocrx_word' id='word_1_18' title='bbox 2277 538 2506 607; x_wconf 87' lang='lat' dir='ltr'><strong>species,</strong></span> <span class='ocrx_word' id='word_1_19' title='bbox 2533 545 2588 593; x_wconf 90' lang='lat' dir='ltr'><strong>et</strong></span> <span class='ocrx_word' id='word_1_20' title='bbox 2607 535 2784 591; x_wconf 89' lang='lat' dir='ltr'><strong>adhuc</strong></span> <span class='ocrx_word' id='word_1_21' title='bbox 2805 535 3008 590; x_wconf 89' lang='lat' dir='ltr'><strong>terreni</strong></span> <span class='ocrx_word' id='word_1_22' title='bbox 3038 533 3176 590; x_wconf 90' lang='lat' dir='ltr'><strong>mole</strong></span> <span class='ocrx_word' id='word_1_23' title='bbox 3197 535 3445 605; x_wconf 85' lang='lat' dir='ltr'><strong>corporis</strong></span> <span class='ocrx_word' id='word_1_24' title='bbox 3459 547 3729 589; x_wconf 76' lang='lat' dir='ltr'><strong>vexamur</strong></span> 
     </span>
    </p>
   </div>
   <div class='ocr_carea' id='block_1_5' title="bbox 471 624 3727 708">
    <p class='ocr_par' dir='ltr' id='par_1_5' title="bbox 471 624 3727 708">
     <span class='ocr_line' id='line_1_5' title="bbox 471 624 3727 708; baseline -0.005 -14"><span class='ocrx_word' id='word_1_25' title='bbox 471 639 572 694; x_wconf 85' lang='lat' dir='ltr'><strong>Et:</strong></span> <span class='ocrx_word' id='word_1_26' title='bbox 594 659 613 691; x_wconf 72' lang='grc' dir='ltr'><strong><em>ι</em></strong></span> <span class='ocrx_word' id='word_1_27' title='bbox 639 637 805 708; x_wconf 89' lang='lat' dir='ltr'><strong>Spera</strong></span> <span class='ocrx_word' id='word_1_28' title='bbox 837 636 889 691; x_wconf 91' lang='lat' dir='ltr'><strong>in</strong></span> <span class='ocrx_word' id='word_1_29' title='bbox 921 636 1166 700; x_wconf 90' lang='lat' dir='ltr'><strong>Domino,</strong></span> <span class='ocrx_word' id='word_1_30' title='bbox 1192 643 1248 689; x_wconf 90' lang='lat' dir='ltr'><strong>et</strong></span> <span class='ocrx_word' id='word_1_31' title='bbox 1277 633 1360 688; x_wconf 86' lang='lat' dir='ltr'><strong>fac</strong></span> <span class='ocrx_word' id='word_1_32' title='bbox 1379 634 1698 699; x_wconf 71' lang='lat' dir='ltr'><strong>bonitatem,</strong></span> <span class='ocrx_word' id='word_1_33' title='bbox 1725 642 1778 689; x_wconf 91' lang='lat' dir='ltr'><strong>et</strong></span> <span class='ocrx_word' id='word_1_34' title='bbox 1807 631 2045 702; x_wconf 88' lang='lat' dir='ltr'><strong>pasceris</strong></span> <span class='ocrx_word' id='word_1_35' title='bbox 2143 637 2198 682; x_wconf 92' lang='lat' dir='ltr'><strong>et</strong></span> <span class='ocrx_word' id='word_1_36' title='bbox 2243 642 2552 698; x_wconf 87' lang='lat' dir='ltr'><strong>gravamur,</strong></span> <span class='ocrx_word' id='word_1_37' title='bbox 2599 626 2704 681; x_wconf 87' lang='lat' dir='ltr'><strong>illis</strong></span> <span class='ocrx_word' id='word_1_38' title='bbox 2748 625 3019 681; x_wconf 84' lang='lat' dir='ltr'><strong>sociemur</strong></span> <span class='ocrx_word' id='word_1_39' title='bbox 3056 625 3320 679; x_wconf 85' lang='lat' dir='ltr'><strong>charitate</strong></span> <span class='ocrx_word' id='word_1_40' title='bbox 3370 624 3727 690; x_wconf 82' lang='lat' dir='ltr'><strong>indesinenti,</strong></span> 
     </span>
    </p>
   </div>
   <div class='ocr_carea' id='block_1_6' title="bbox 470 722 2043 799">
    <p class='ocr_par' dir='ltr' id='par_1_6' title="bbox 470 722 2043 799">
     <span class='ocr_line' id='line_1_6' title="bbox 470 722 2043 799; baseline -0.006 -15"><span class='ocrx_word' id='word_1_41' title='bbox 470 730 524 786; x_wconf 91' lang='lat' dir='ltr'><strong>in</strong></span> <span class='ocrx_word' id='word_1_42' title='bbox 537 728 865 798; x_wconf 89' lang='lat' dir='ltr'><strong>divitiisejus</strong></span> <span class='ocrx_word' id='word_1_43' title='bbox 887 725 1059 799; x_wconf 74' lang='grc' dir='ltr'><strong>(Ρεαι.</strong></span> <span class='ocrx_word' id='word_1_44' title='bbox 1085 742 1273 792; x_wconf 76' lang='lat' dir='ltr'><strong>xxxvr,</strong></span> <span class='ocrx_word' id='word_1_45' title='bbox 1301 726 1378 796; x_wconf 77' lang='lat'><strong>3).</strong></span> <span class='ocrx_word' id='word_1_46' title='bbox 1397 724 1601 780; x_wconf 89' lang='lat' dir='ltr'><strong>Scitote</strong></span> <span class='ocrx_word' id='word_1_47' title='bbox 1627 724 1809 795; x_wconf 90' lang='lat' dir='ltr'><strong>igitur,</strong></span> <span class='ocrx_word' id='word_1_48' title='bbox 1831 722 2043 786; x_wconf 89' lang='lat' dir='ltr'><strong>fratres,</strong></span> 
     </span>
    </p>
   </div>
   <div class='ocr_carea' id='block_1_7' title="bbox 468 811 2047 890">
    <p class='ocr_par' dir='ltr' id='par_1_7' title="bbox 468 811 2047 890">
     <span class='ocr_line' id='line_1_7' title="bbox 468 811 2047 890; baseline -0.004 -17"><span class='ocrx_word' id='word_1_49' title='bbox 468 819 594 890; x_wconf 83' lang='lat' dir='ltr'><strong>quia</strong></span> <span class='ocrx_word' id='word_1_50' title='bbox 646 818 847 873; x_wconf 90' lang='lat' dir='ltr'><strong>nullam</strong></span> <span class='ocrx_word' id='word_1_51' title='bbox 905 831 1020 873; x_wconf 89' lang='lat' dir='ltr'><strong>rem</strong></span> <span class='ocrx_word' id='word_1_52' title='bbox 1075 816 1152 870; x_wconf 88' lang='lat' dir='ltr'><strong>ita</strong></span> <span class='ocrx_word' id='word_1_53' title='bbox 1201 831 1262 871; x_wconf 88' lang='lat' dir='ltr'><strong>se</strong></span> <span class='ocrx_word' id='word_1_54' title='bbox 1307 829 1582 884; x_wconf 83' lang='lat' dir='ltr'><strong>nunquam</strong></span> <span class='ocrx_word' id='word_1_55' title='bbox 1633 813 1857 884; x_wconf 78' lang='lat' dir='ltr'><strong>diligere</strong></span> <span class='ocrx_word' id='word_1_56' title='bbox 1905 811 2047 867; x_wconf 89' lang='lat' dir='ltr'><strong>Deus</strong></span> 
     </span>
    </p>
   </div>
   <div class='ocr_carea' id='block_1_8' title="bbox 467 904 2044 983">
    <p class='ocr_par' dir='ltr' id='par_1_8' title="bbox 467 904 2044 983">
     <span class='ocr_line' id='line_1_8' title="bbox 467 904 2044 983; baseline -0.004 -18"><span class='ocrx_word' id='word_1_57' title='bbox 467 909 720 976; x_wconf 76' lang='lat' dir='ltr'><strong>ostendit,</strong></span> <span class='ocrx_word' id='word_1_58' title='bbox 765 913 1034 983; x_wconf 88' lang='lat' dir='ltr'><strong>quomodo</strong></span> <span class='ocrx_word' id='word_1_59' title='bbox 1072 907 1558 963; x_wconf 90' lang='lat' dir='ltr'><strong>Christianitatem.</strong></span> <span class='ocrx_word' id='word_1_60' title='bbox 1618 905 1831 959; x_wconf 81' lang='lat' dir='ltr'><strong>Etenim</strong></span> <span class='ocrx_word' id='word_1_61' title='bbox 1875 904 2044 974; x_wconf 84' lang='lat' dir='ltr'><strong>ipsam</strong></span> 
     </span>
    </p>
   </div>
   <div class='ocr_carea' id='block_1_9' title="bbox 469 997 2047 1075">
    <p class='ocr_par' dir='ltr' id='par_1_9' title="bbox 469 997 2047 1075">
     <span class='ocr_line' id='line_1_9' title="bbox 469 997 2047 1075; baseline -0.006 -15"><span class='ocrx_word' id='word_1_62' title='bbox 469 1006 706 1075; x_wconf 77' lang='lat' dir='ltr'><strong>appellat</strong></span> <span class='ocrx_word' id='word_1_63' title='bbox 733 1005 788 1060; x_wconf 90' lang='lat' dir='ltr'><strong>in</strong></span> <span class='ocrx_word' id='word_1_64' title='bbox 843 1003 1142 1074; x_wconf 79' lang='lat' dir='ltr'><strong>Scripturis</strong></span> <span class='ocrx_word' id='word_1_65' title='bbox 1186 1017 1338 1058; x_wconf 90' lang='lat' dir='ltr'><strong>suam</strong></span> <span class='ocrx_word' id='word_1_66' title='bbox 1380 1001 1676 1064; x_wconf 88' lang='lat' dir='ltr'><strong>civitatem,</strong></span> <span class='ocrx_word' id='word_1_67' title='bbox 1711 999 1764 1053; x_wconf 91' lang='lat' dir='ltr'><strong>in</strong></span> <span class='ocrx_word' id='word_1_68' title='bbox 1810 1014 1918 1067; x_wconf 90' lang='lat' dir='ltr'><strong>qua</strong></span> <span class='ocrx_word' id='word_1_69' title='bbox 1945 997 2047 1052; x_wconf 89' lang='lat' dir='ltr'><strong>sibi</strong></span> 
     </span>
    </p>
   </div>
   <div class='ocr_carea' id='block_1_10' title="bbox 467 1083 2049 1166">
    <p class='ocr_par' dir='ltr' id='par_1_10' title="bbox 467 1083 2049 1166">
     <span class='ocr_line' id='line_1_10' title="bbox 467 1083 2049 1166; baseline -0.006 -14"><span class='ocrx_word' id='word_1_70' title='bbox 467 1095 766 1166; x_wconf 89' lang='lat' dir='ltr'><strong>complaeet</strong></span> <span class='ocrx_word' id='word_1_71' title='bbox 791 1097 1046 1150; x_wconf 86' lang='lat' dir='ltr'><strong>continuo</strong></span> <span class='ocrx_word' id='word_1_72' title='bbox 1069 1094 1332 1148; x_wconf 78' lang='lat' dir='ltr'><strong>habitare.</strong></span> <span class='ocrx_word' id='word_1_73' title='bbox 1383 1092 1457 1146; x_wconf 91' lang='lat' dir='ltr'><strong>De</strong></span> <span class='ocrx_word' id='word_1_74' title='bbox 1485 1083 1843 1161; x_wconf 40' lang='lat' dir='ltr'><strong>qua-civitate</strong></span> <span class='ocrx_word' id='word_1_75' title='bbox 1866 1089 1946 1144; x_wconf 92' lang='lat' dir='ltr'><strong>sic</strong></span> <span class='ocrx_word' id='word_1_76' title='bbox 1974 1089 2049 1142; x_wconf 87' lang='lat' dir='ltr'><strong>ait</strong></span> 
     </span>
    </p>
   </div>
   <div class='ocr_carea' id='block_1_11' title="bbox 467 1179 2048 1256">
    <p class='ocr_par' dir='ltr' id='par_1_11' title="bbox 467 1179 2048 1256">
     <span class='ocr_line' id='line_1_11' title="bbox 467 1179 2048 1256; baseline -0.006 -15"><span class='ocrx_word' id='word_1_77' title='bbox 467 1186 733 1256; x_wconf 83' lang='lat' dir='ltr'><strong>Propheta</strong></span> <span class='ocrx_word' id='word_1_78' title='bbox 771 1201 786 1240; x_wconf 87' lang='lat'><strong>:</strong></span> <span class='ocrx_word' id='word_1_79' title='bbox 818 1203 836 1237; x_wconf 73' lang='grc' dir='ltr'>ι</span> <span class='ocrx_word' id='word_1_80' title='bbox 866 1185 1112 1241; x_wconf 85' lang='lat' dir='ltr'><strong>Gloriosa</strong></span> <span class='ocrx_word' id='word_1_81' title='bbox 1148 1185 1289 1239; x_wconf 78' lang='lat' dir='ltr'><strong>dicta</strong></span> <span class='ocrx_word' id='word_1_82' title='bbox 1329 1191 1459 1238; x_wconf 84' lang='lat' dir='ltr'><strong>sunt</strong></span> <span class='ocrx_word' id='word_1_83' title='bbox 1519 1182 1585 1236; x_wconf 91' lang='lat' dir='ltr'><strong>de</strong></span> <span class='ocrx_word' id='word_1_84' title='bbox 1628 1190 1698 1246; x_wconf 90' lang='lat' dir='ltr'><strong>te,</strong></span> <span class='ocrx_word' id='word_1_85' title='bbox 1741 1180 1931 1235; x_wconf 82' lang='lat' dir='ltr'><strong>civitas</strong></span> <span class='ocrx_word' id='word_1_86' title='bbox 1953 1179 2048 1234; x_wconf 90' lang='lat' dir='ltr'><strong>Dei</strong></span> 
     </span>
    </p>
   </div>
   <div class='ocr_carea' id='block_1_12' title="bbox 467 1271 2050 1348">
    <p class='ocr_par' dir='ltr' id='par_1_12' title="bbox 467 1271 2050 1348">
     <span class='ocr_line' id='line_1_12' title="bbox 467 1271 2050 1348; baseline -0.003 -18"><span class='ocrx_word' id='word_1_87' title='bbox 467 1276 696 1343; x_wconf 79' lang='lat' dir='ltr'><strong>(Psalm.</strong></span> <span class='ocrx_word' id='word_1_88' title='bbox 747 1293 969 1342; x_wconf 77' lang='lat' dir='ltr'><strong>Lxxxvt,</strong></span> <span class='ocrx_word' id='word_1_89' title='bbox 1017 1278 1092 1348; x_wconf 81' lang='grc'><strong>5).</strong></span> <span class='ocrx_word' id='word_1_90' title='bbox 1132 1297 1150 1329; x_wconf 72' lang='grc' dir='ltr'><strong><em>ι</em></strong></span> <span class='ocrx_word' id='word_1_91' title='bbox 1181 1275 1344 1331; x_wconf 87' lang='lat' dir='ltr'><strong>Plane</strong></span> <span class='ocrx_word' id='word_1_92' title='bbox 1381 1276 1494 1330; x_wconf 78' lang='lat' dir='ltr'><strong>hzec</strong></span> <span class='ocrx_word' id='word_1_93' title='bbox 1515 1274 1704 1328; x_wconf 91' lang='lat' dir='ltr'><strong>eadem</strong></span> <span class='ocrx_word' id='word_1_94' title='bbox 1739 1273 1952 1336; x_wconf 86' lang='lat' dir='ltr'><strong>civitas,</strong></span> <span class='ocrx_word' id='word_1_95' title='bbox 1997 1271 2050 1325; x_wconf 88' lang='lat' dir='ltr'><strong>id</strong></span> 
     </span>
    </p>
   </div>
   <div class='ocr_carea' id='block_1_13' title="bbox 465 1361 2046 1436">
    <p class='ocr_par' dir='ltr' id='par_1_13' title="bbox 465 1361 2046 1436">
     <span class='ocr_line' id='line_1_13' title="bbox 465 1361 2046 1436; baseline -0.004 -16"><span class='ocrx_word' id='word_1_96' title='bbox 465 1377 549 1421; x_wconf 91' lang='lat' dir='ltr'><strong>est</strong></span> <span class='ocrx_word' id='word_1_97' title='bbox 571 1367 974 1430; x_wconf 88' lang='lat' dir='ltr'><strong>Christianitas,</strong></span> <span class='ocrx_word' id='word_1_98' title='bbox 999 1377 1223 1421; x_wconf 85' lang='lat' dir='ltr'><strong>vocatur</strong></span> <span class='ocrx_word' id='word_1_99' title='bbox 1241 1381 1434 1436; x_wconf 90' lang='lat' dir='ltr'><strong>sponsa</strong></span> <span class='ocrx_word' id='word_1_100' title='bbox 1462 1364 1621 1434; x_wconf 83' lang='lat' dir='ltr'><strong>Agni,</strong></span> <span class='ocrx_word' id='word_1_101' title='bbox 1645 1364 1747 1417; x_wconf 92' lang='lat' dir='ltr'><strong>hoc</strong></span> <span class='ocrx_word' id='word_1_102' title='bbox 1791 1372 1876 1418; x_wconf 91' lang='lat' dir='ltr'><strong>est</strong></span> <span class='ocrx_word' id='word_1_103' title='bbox 1922 1361 2046 1416; x_wconf 85' lang='lat' dir='ltr'><strong>Filii</strong></span> 
     </span>
    </p>
   </div>
   <div class='ocr_carea' id='block_1_14' title="bbox 469 1452 2051 1526">
    <p class='ocr_par' dir='ltr' id='par_1_14' title="bbox 469 1452 2051 1526">
     <span class='ocr_line' id='line_1_14' title="bbox 469 1452 2051 1526; baseline -0.004 -14"><span class='ocrx_word' id='word_1_104' title='bbox 469 1458 586 1512; x_wconf 77' lang='lat' dir='ltr'><strong>Dei.</strong></span> <span class='ocrx_word' id='word_1_105' title='bbox 641 1457 793 1513; x_wconf 87' lang='lat' dir='ltr'><strong>Unde</strong></span> <span class='ocrx_word' id='word_1_106' title='bbox 845 1458 1090 1526; x_wconf 85' lang='lat' dir='ltr'><strong>profecto</strong></span> <span class='ocrx_word' id='word_1_107' title='bbox 1135 1456 1500 1512; x_wconf 87' lang='lat' dir='ltr'><strong>testimonium</strong></span> <span class='ocrx_word' id='word_1_108' title='bbox 1552 1453 1801 1524; x_wconf 87' lang='lat' dir='ltr'><strong>perhibet</strong></span> <span class='ocrx_word' id='word_1_109' title='bbox 1858 1452 2051 1506; x_wconf 89' lang='lat' dir='ltr'><strong>beatus</strong></span> 
     </span>
    </p>
   </div>
   <div class='ocr_carea' id='block_1_15' title="bbox 441 1543 2052 1620">
    <p class='ocr_par' dir='ltr' id='par_1_15' title="bbox 441 1543 2052 1620">
     <span class='ocr_line' id='line_1_15' title="bbox 441 1543 2052 1620; baseline -0.006 -14"><span class='ocrx_word' id='word_1_110' title='bbox 441 1549 704 1606; x_wconf 73' lang='lat' dir='ltr'><strong>Joannes</strong></span> <span class='ocrx_word' id='word_1_111' title='bbox 729 1549 782 1603; x_wconf 89' lang='lat' dir='ltr'><strong>in</strong></span> <span class='ocrx_word' id='word_1_112' title='bbox 810 1549 1153 1620; x_wconf 85' lang='lat' dir='ltr'><strong>Apocalypsi,</strong></span> <span class='ocrx_word' id='word_1_113' title='bbox 1177 1549 1364 1603; x_wconf 90' lang='lat' dir='ltr'><strong>dicens</strong></span> <span class='ocrx_word' id='word_1_114' title='bbox 1387 1561 1401 1600; x_wconf 91' lang='lat'><strong>:</strong></span> <span class='ocrx_word' id='word_1_115' title='bbox 1424 1566 1442 1599; x_wconf 78' lang='grc' dir='ltr'>ι</span> <span class='ocrx_word' id='word_1_116' title='bbox 1476 1545 1712 1600; x_wconf 91' lang='lat' dir='ltr'><strong>Locutus</strong></span> <span class='ocrx_word' id='word_1_117' title='bbox 1749 1551 1832 1598; x_wconf 91' lang='lat' dir='ltr'><strong>est</strong></span> <span class='ocrx_word' id='word_1_118' title='bbox 1862 1543 1930 1597; x_wconf 91' lang='lat' dir='ltr'><strong>ad</strong></span> <span class='ocrx_word' id='word_1_119' title='bbox 1966 1557 2052 1596; x_wconf 91' lang='lat' dir='ltr'><strong>me</strong></span> 
     </span>
    </p>
   </div>
   <div class='ocr_carea' id='block_1_16' title="bbox 470 1630 2050 1708">
    <p class='ocr_par' dir='ltr' id='par_1_16' title="bbox 470 1630 2050 1708">
     <span class='ocr_line' id='line_1_16' title="bbox 470 1630 2050 1708; baseline -0.006 -14"><span class='ocrx_word' id='word_1_120' title='bbox 470 1654 610 1694; x_wconf 85' lang='lat' dir='ltr'><strong>unus</strong></span> <span class='ocrx_word' id='word_1_121' title='bbox 645 1653 711 1694; x_wconf 85' lang='lat' dir='ltr'><strong>ex</strong></span> <span class='ocrx_word' id='word_1_122' title='bbox 741 1647 944 1708; x_wconf 89' lang='lat' dir='ltr'><strong>septem</strong></span> <span class='ocrx_word' id='word_1_123' title='bbox 966 1637 1168 1708; x_wconf 79' lang='lat' dir='ltr'><strong>angelis</strong></span> <span class='ocrx_word' id='word_1_124' title='bbox 1193 1636 1378 1691; x_wconf 88' lang='lat' dir='ltr'><strong>dicens</strong></span> <span class='ocrx_word' id='word_1_125' title='bbox 1415 1652 1428 1689; x_wconf 93' lang='lat'><strong>:</strong></span> <span class='ocrx_word' id='word_1_126' title='bbox 1464 1633 1618 1696; x_wconf 88' lang='lat' dir='ltr'><strong>Veni,</strong></span> <span class='ocrx_word' id='word_1_127' title='bbox 1639 1634 1918 1688; x_wconf 87' lang='lat' dir='ltr'><strong>ostendam</strong></span> <span class='ocrx_word' id='word_1_128' title='bbox 1954 1630 2050 1685; x_wconf 91' lang='lat' dir='ltr'><strong>tibi</strong></span> 
     </span>
    </p>
   </div>
   <div class='ocr_carea' id='block_1_17' title="bbox 471 1718 2053 1798">
    <p class='ocr_par' dir='ltr' id='par_1_17' title="bbox 471 1718 2053 1798">
     <span class='ocr_line' id='line_1_17' title="bbox 471 1718 2053 1798; baseline -0.007 -15"><span class='ocrx_word' id='word_1_129' title='bbox 471 1744 666 1784; x_wconf 89' lang='lat' dir='ltr'><strong>novam</strong></span> <span class='ocrx_word' id='word_1_130' title='bbox 681 1736 904 1798; x_wconf 89' lang='lat' dir='ltr'><strong>nuptam</strong></span> <span class='ocrx_word' id='word_1_131' title='bbox 921 1741 1172 1794; x_wconf 85' lang='lat' dir='ltr'><strong>sponsam</strong></span> <span class='ocrx_word' id='word_1_132' title='bbox 1187 1725 1320 1792; x_wconf 81' lang='lat' dir='ltr'><strong>Agni</strong></span> <span class='ocrx_word' id='word_1_133' title='bbox 1347 1723 1528 1794; x_wconf 67' lang='lat' dir='ltr'><strong>(Apoc.</strong></span> <span class='ocrx_word' id='word_1_134' title='bbox 1555 1737 1668 1787; x_wconf 62' lang='grc' dir='ltr'><strong>ιιι,</strong></span> <span class='ocrx_word' id='word_1_135' title='bbox 1705 1721 1782 1790; x_wconf 83' lang='grc'><strong>9).</strong></span> <span class='ocrx_word' id='word_1_136' title='bbox 1807 1718 2053 1776; x_wconf 87' lang='lat' dir='ltr'><strong>Gaudeat</strong></span> 
     </span>
    </p>
   </div>
   <div class='ocr_carea' id='block_1_18' title="bbox 469 1808 2050 1888">
    <p class='ocr_par' dir='ltr' id='par_1_18' title="bbox 469 1808 2050 1888">
     <span class='ocr_line' id='line_1_18' title="bbox 469 1808 2050 1888; baseline -0.008 -14"><span class='ocrx_word' id='word_1_137' title='bbox 469 1833 598 1888; x_wconf 84' lang='lat' dir='ltr'><strong>ergo</strong></span> <span class='ocrx_word' id='word_1_138' title='bbox 622 1818 798 1872; x_wconf 88' lang='lat' dir='ltr'><strong>oumis</strong></span> <span class='ocrx_word' id='word_1_139' title='bbox 823 1815 973 1886; x_wconf 88' lang='lat' dir='ltr'><strong>plebs</strong></span> <span class='ocrx_word' id='word_1_140' title='bbox 997 1815 1324 1876; x_wconf 88' lang='lat' dir='ltr'><strong>Christiana,</strong></span> <span class='ocrx_word' id='word_1_141' title='bbox 1351 1814 1476 1882; x_wconf 90' lang='lat' dir='ltr'><strong>quia</strong></span> <span class='ocrx_word' id='word_1_142' title='bbox 1506 1821 1697 1867; x_wconf 84' lang='lat' dir='ltr'><strong>vocata</strong></span> <span class='ocrx_word' id='word_1_143' title='bbox 1720 1820 1804 1866; x_wconf 87' lang='lat' dir='ltr'><strong>est</strong></span> <span class='ocrx_word' id='word_1_144' title='bbox 1830 1819 1886 1865; x_wconf 92' lang='lat' dir='ltr'><strong>et</strong></span> <span class='ocrx_word' id='word_1_145' title='bbox 1907 1808 2050 1864; x_wconf 90' lang='lat' dir='ltr'><strong>facta</strong></span> 
     </span>
    </p>
   </div>
   <div class='ocr_carea' id='block_1_19' title="bbox 2145 712 3471 787">
    <p class='ocr_par' dir='ltr' id='par_1_19' title="bbox 2145 712 3471 787">
     <span class='ocr_line' id='line_1_19' title="bbox 2145 712 3471 787; baseline -0.007 -13"><span class='ocrx_word' id='word_1_146' title='bbox 2145 717 2596 787; x_wconf 87' lang='lat' dir='ltr'><strong>contemplatione</strong></span> <span class='ocrx_word' id='word_1_147' title='bbox 2617 715 2864 786; x_wconf 87' lang='lat' dir='ltr'><strong>perenni,</strong></span> <span class='ocrx_word' id='word_1_148' title='bbox 2896 713 3078 770; x_wconf 67' lang='lat' dir='ltr'><strong>laetitia</strong></span> <span class='ocrx_word' id='word_1_149' title='bbox 3103 712 3471 768; x_wconf 86' lang='lat' dir='ltr'><strong>inenarrabili</strong></span> 
     </span>
    </p>
   </div>
   <div class='ocr_carea' id='block_1_20' title="bbox 2215 803 3735 876">
    <p class='ocr_par' dir='ltr' id='par_1_20' title="bbox 2215 803 3735 876">
     <span class='ocr_line' id='line_1_20' title="bbox 2215 803 3735 876; baseline -0.002 -15"><span class='ocrx_word' id='word_1_150' title='bbox 2215 807 2329 874; x_wconf 86' lang='lat' dir='ltr'><strong>Qua</strong></span> <span class='ocrx_word' id='word_1_151' title='bbox 2359 810 2425 864; x_wconf 93' lang='lat' dir='ltr'><strong>de</strong></span> <span class='ocrx_word' id='word_1_152' title='bbox 2453 823 2531 873; x_wconf 92' lang='lat' dir='ltr'><strong>re,</strong></span> <span class='ocrx_word' id='word_1_153' title='bbox 2555 807 2771 872; x_wconf 84' lang='lat' dir='ltr'><strong>fratres,</strong></span> <span class='ocrx_word' id='word_1_154' title='bbox 2803 807 2941 862; x_wconf 87' lang='lat' dir='ltr'><strong>sicut</strong></span> <span class='ocrx_word' id='word_1_155' title='bbox 2967 817 3246 876; x_wconf 88' lang='lat' dir='ltr'><strong>portamus</strong></span> <span class='ocrx_word' id='word_1_156' title='bbox 3275 820 3473 861; x_wconf 91' lang='lat' dir='ltr'><strong>nomen</strong></span> <span class='ocrx_word' id='word_1_157' title='bbox 3499 803 3735 870; x_wconf 86' lang='lat' dir='ltr'><strong>Christi,</strong></span> 
     </span>
    </p>
   </div>
   <div class='ocr_carea' id='block_1_21' title="bbox 2145 897 3737 968">
    <p class='ocr_par' dir='ltr' id='par_1_21' title="bbox 2145 897 3737 968">
     <span class='ocr_line' id='line_1_21' title="bbox 2145 897 3737 968; baseline -0.003 -15"><span class='ocrx_word' id='word_1_158' title='bbox 2145 915 2448 968; x_wconf 88' lang='lat' dir='ltr'><strong>nomenque</strong></span> <span class='ocrx_word' id='word_1_159' title='bbox 2484 899 2682 955; x_wconf 87' lang='lat' dir='ltr'><strong>civium</strong></span> <span class='ocrx_word' id='word_1_160' title='bbox 2728 898 2840 966; x_wconf 88' lang='lat' dir='ltr'><strong>jam</strong></span> <span class='ocrx_word' id='word_1_161' title='bbox 2893 898 3213 959; x_wconf 66' lang='lat' dir='ltr'><strong>caelestium,</strong></span> <span class='ocrx_word' id='word_1_162' title='bbox 3269 897 3344 952; x_wconf 87' lang='lat' dir='ltr'><strong>ita</strong></span> <span class='ocrx_word' id='word_1_163' title='bbox 3387 912 3646 961; x_wconf 79' lang='lat' dir='ltr'><strong>oremus,</strong></span> <span class='ocrx_word' id='word_1_164' title='bbox 3678 908 3737 949; x_wconf 89' lang='lat' dir='ltr'><strong>ut</strong></span> 
     </span>
    </p>
   </div>
   <div class='ocr_carea' id='block_1_22' title="bbox 2155 989 3739 1058">
    <p class='ocr_par' dir='ltr' id='par_1_22' title="bbox 2155 989 3739 1058">
     <span class='ocr_line' id='line_1_22' title="bbox 2155 989 3739 1058; baseline -0.001 -14"><span class='ocrx_word' id='word_1_165' title='bbox 2155 999 2426 1044; x_wconf 90' lang='lat' dir='ltr'><strong>sectemur</strong></span> <span class='ocrx_word' id='word_1_166' title='bbox 2486 998 2542 1043; x_wconf 89' lang='lat' dir='ltr'><strong>et</strong></span> <span class='ocrx_word' id='word_1_167' title='bbox 2593 989 2870 1044; x_wconf 89' lang='lat' dir='ltr'><strong>imitemur</strong></span> <span class='ocrx_word' id='word_1_168' title='bbox 2919 1003 3076 1043; x_wconf 88' lang='lat' dir='ltr'><strong>sacra</strong></span> <span class='ocrx_word' id='word_1_169' title='bbox 3146 1003 3334 1044; x_wconf 89' lang='lat' dir='ltr'><strong>eorum</strong></span> <span class='ocrx_word' id='word_1_170' title='bbox 3387 989 3630 1058; x_wconf 77' lang='lat' dir='ltr'><strong>vestigia</strong></span> <span class='ocrx_word' id='word_1_171' title='bbox 3684 997 3739 1042; x_wconf 88' lang='lat' dir='ltr'><strong>et</strong></span> 
     </span>
    </p>
   </div>
   <div class='ocr_carea' id='block_1_23' title="bbox 2151 1080 3738 1150">
    <p class='ocr_par' dir='ltr' id='par_1_23' title="bbox 2151 1080 3738 1150">
     <span class='ocr_line' id='line_1_23' title="bbox 2151 1080 3738 1150; baseline 0 -15"><span class='ocrx_word' id='word_1_172' title='bbox 2151 1080 2417 1150; x_wconf 85' lang='lat' dir='ltr'><strong>exempla,</strong></span> <span class='ocrx_word' id='word_1_173' title='bbox 2471 1090 2740 1149; x_wconf 89' lang='lat' dir='ltr'><strong>quatenus</strong></span> <span class='ocrx_word' id='word_1_174' title='bbox 2791 1087 2846 1134; x_wconf 90' lang='lat' dir='ltr'><strong>et</strong></span> <span class='ocrx_word' id='word_1_175' title='bbox 2897 1080 3114 1136; x_wconf 90' lang='lat' dir='ltr'><strong>nomine</strong></span> <span class='ocrx_word' id='word_1_176' title='bbox 3160 1089 3216 1134; x_wconf 91' lang='lat' dir='ltr'><strong>et</strong></span> <span class='ocrx_word' id='word_1_177' title='bbox 3269 1081 3385 1134; x_wconf 86' lang='lat' dir='ltr'><strong>vita</strong></span> <span class='ocrx_word' id='word_1_178' title='bbox 3445 1081 3738 1150; x_wconf 76' lang='lat' dir='ltr'><strong>dignemur</strong></span> 
     </span>
    </p>
   </div>
   <div class='ocr_carea' id='block_1_24' title="bbox 2147 1169 3738 1240">
    <p class='ocr_par' dir='ltr' id='par_1_24' title="bbox 2147 1169 3738 1240">
     <span class='ocr_line' id='line_1_24' title="bbox 2147 1169 3738 1240; baseline -0.001 -15"><span class='ocrx_word' id='word_1_179' title='bbox 2147 1186 2333 1226; x_wconf 89' lang='lat' dir='ltr'><strong>eorum</strong></span> <span class='ocrx_word' id='word_1_180' title='bbox 2370 1170 2615 1239; x_wconf 89' lang='lat' dir='ltr'><strong>collegio.</strong></span> <span class='ocrx_word' id='word_1_181' title='bbox 2665 1169 2953 1224; x_wconf 83' lang='lat' dir='ltr'><strong>Enimvero</strong></span> <span class='ocrx_word' id='word_1_182' title='bbox 3008 1184 3222 1224; x_wconf 88' lang='lat' dir='ltr'><strong>onmem</strong></span> <span class='ocrx_word' id='word_1_183' title='bbox 3280 1178 3492 1225; x_wconf 87' lang='lat' dir='ltr'><strong>terram</strong></span> <span class='ocrx_word' id='word_1_184' title='bbox 3533 1171 3593 1224; x_wconf 86' lang='lat' dir='ltr'><strong>in</strong></span> <span class='ocrx_word' id='word_1_185' title='bbox 3633 1185 3738 1240; x_wconf 79' lang='lat' dir='ltr'><strong>qua</strong></span> 
     </span>
    </p>
   </div>
   <div class='ocr_carea' id='block_1_25' title="bbox 2147 1259 3739 1329">
    <p class='ocr_par' dir='ltr' id='par_1_25' title="bbox 2147 1259 3739 1329">
     <span class='ocr_line' id='line_1_25' title="bbox 2147 1259 3739 1329; baseline -0.001 -15"><span class='ocrx_word' id='word_1_186' title='bbox 2147 1261 2314 1314; x_wconf 81' lang='lat' dir='ltr'><strong>exivit</strong></span> <span class='ocrx_word' id='word_1_187' title='bbox 2345 1275 2509 1314; x_wconf 90' lang='lat' dir='ltr'><strong>sonus</strong></span> <span class='ocrx_word' id='word_1_188' title='bbox 2535 1274 2962 1324; x_wconf 87' lang='lat' dir='ltr'><strong>eorum;omnes</strong></span> <span class='ocrx_word' id='word_1_189' title='bbox 2979 1275 3193 1329; x_wconf 91' lang='lat' dir='ltr'><strong>quoque</strong></span> <span class='ocrx_word' id='word_1_190' title='bbox 3242 1267 3429 1329; x_wconf 87' lang='lat' dir='ltr'><strong>partes</strong></span> <span class='ocrx_word' id='word_1_191' title='bbox 3477 1259 3641 1315; x_wconf 87' lang='lat' dir='ltr'><strong>orbis</strong></span> <span class='ocrx_word' id='word_1_192' title='bbox 3673 1259 3739 1313; x_wconf 77' lang='lat' dir='ltr'><strong>ad</strong></span> 
     </span>
    </p>
   </div>
   <div class='ocr_carea' id='block_1_26' title="bbox 2147 1350 3741 1421">
    <p class='ocr_par' dir='ltr' id='par_1_26' title="bbox 2147 1350 3741 1421">
     <span class='ocr_line' id='line_1_26' title="bbox 2147 1350 3741 1421; baseline 0 -17"><span class='ocrx_word' id='word_1_193' title='bbox 2147 1367 2282 1420; x_wconf 89' lang='lat' dir='ltr'><strong>quas</strong></span> <span class='ocrx_word' id='word_1_194' title='bbox 2311 1360 2674 1420; x_wconf 89' lang='lat' dir='ltr'><strong>pervenerunt</strong></span> <span class='ocrx_word' id='word_1_195' title='bbox 2701 1351 2863 1405; x_wconf 88' lang='lat' dir='ltr'><strong>verba</strong></span> <span class='ocrx_word' id='word_1_196' title='bbox 2889 1365 3078 1405; x_wconf 89' lang='lat' dir='ltr'><strong>eorum</strong></span> <span class='ocrx_word' id='word_1_197' title='bbox 3108 1350 3334 1421; x_wconf 85' lang='lat' dir='ltr'><strong>(Psalm.</strong></span> <span class='ocrx_word' id='word_1_198' title='bbox 3367 1352 3553 1420; x_wconf 85' lang='lat' dir='ltr'><strong>xvnt),</strong></span> <span class='ocrx_word' id='word_1_199' title='bbox 3591 1367 3741 1405; x_wconf 84' lang='lat' dir='ltr'><strong>com-</strong></span> 
     </span>
    </p>
   </div>
   <div class='ocr_carea' id='block_1_27' title="bbox 2147 1439 3742 1513">
    <p class='ocr_par' dir='ltr' id='par_1_27' title="bbox 2147 1439 3742 1513">
     <span class='ocr_line' id='line_1_27' title="bbox 2147 1439 3742 1513; baseline -0.001 -18"><span class='ocrx_word' id='word_1_200' title='bbox 2147 1442 2436 1513; x_wconf 90' lang='lat' dir='ltr'><strong>prehendit</strong></span> <span class='ocrx_word' id='word_1_201' title='bbox 2482 1448 2538 1494; x_wconf 90' lang='lat' dir='ltr'><strong>et</strong></span> <span class='ocrx_word' id='word_1_202' title='bbox 2592 1440 2968 1510; x_wconf 88' lang='lat' dir='ltr'><strong>complectitur</strong></span> <span class='ocrx_word' id='word_1_203' title='bbox 3016 1449 3197 1495; x_wconf 89' lang='lat' dir='ltr'><strong>nostra</strong></span> <span class='ocrx_word' id='word_1_204' title='bbox 3246 1439 3594 1505; x_wconf 79' lang='lat' dir='ltr'><strong>fraternitas,</strong></span> <span class='ocrx_word' id='word_1_205' title='bbox 3623 1455 3742 1509; x_wconf 72' lang='lat' dir='ltr'><strong>qua</strong></span> 
     </span>
    </p>
   </div>
   <div class='ocr_carea' id='block_1_28' title="bbox 2149 1529 3745 1586">
    <p class='ocr_par' dir='ltr' id='par_1_28' title="bbox 2149 1529 3745 1586">
     <span class='ocr_line' id='line_1_28' title="bbox 2149 1529 3745 1586; baseline 0.001 -2"><span class='ocrx_word' id='word_1_206' title='bbox 2149 1539 2235 1584; x_wconf 89' lang='lat' dir='ltr'><strong>est</strong></span> <span class='ocrx_word' id='word_1_207' title='bbox 2281 1529 2374 1584; x_wconf 86' lang='lat' dir='ltr'><strong>Dei</strong></span> <span class='ocrx_word' id='word_1_208' title='bbox 2427 1529 2622 1584; x_wconf 88' lang='lat' dir='ltr'><strong>civitas</strong></span> <span class='ocrx_word' id='word_1_209' title='bbox 2671 1539 2727 1584; x_wconf 91' lang='lat' dir='ltr'><strong>et</strong></span> <span class='ocrx_word' id='word_1_210' title='bbox 2779 1529 3162 1586; x_wconf 89' lang='lat' dir='ltr'><strong>Christianitas</strong></span> <span class='ocrx_word' id='word_1_211' title='bbox 3195 1529 3477 1586; x_wconf 86' lang='lat' dir='ltr'><strong>Christum</strong></span> <span class='ocrx_word' id='word_1_212' title='bbox 3524 1532 3745 1586; x_wconf 80' lang='lat' dir='ltr'><strong>habens</strong></span> 
     </span>
    </p>
   </div>
   <div class='ocr_carea' id='block_1_29' title="bbox 2152 1619 3746 1690">
    <p class='ocr_par' dir='ltr' id='par_1_29' title="bbox 2152 1619 3746 1690">
     <span class='ocr_line' id='line_1_29' title="bbox 2152 1619 3746 1690; baseline 0.001 -16"><span class='ocrx_word' id='word_1_213' title='bbox 2152 1619 2582 1674; x_wconf 81' lang='lat' dir='ltr'><strong>fundamentum.</strong></span> <span class='ocrx_word' id='word_1_214' title='bbox 2608 1619 2726 1674; x_wconf 85' lang='lat' dir='ltr'><strong>Tali</strong></span> <span class='ocrx_word' id='word_1_215' title='bbox 2762 1621 2961 1690; x_wconf 90' lang='lat' dir='ltr'><strong>quippe</strong></span> <span class='ocrx_word' id='word_1_216' title='bbox 3006 1621 3164 1676; x_wconf 86' lang='lat' dir='ltr'><strong>modo</strong></span> <span class='ocrx_word' id='word_1_217' title='bbox 3211 1621 3500 1676; x_wconf 84' lang='lat' dir='ltr'><strong>existimus</strong></span> <span class='ocrx_word' id='word_1_218' title='bbox 3543 1636 3746 1676; x_wconf 82' lang='lat' dir='ltr'><strong>omnes</strong></span> 
     </span>
    </p>
   </div>
   <div class='ocr_carea' id='block_1_30' title="bbox 2149 1710 3742 1781">
    <p class='ocr_par' dir='ltr' id='par_1_30' title="bbox 2149 1710 3742 1781">
     <span class='ocr_line' id='line_1_30' title="bbox 2149 1710 3742 1781; baseline -0.001 -15"><span class='ocrx_word' id='word_1_219' title='bbox 2149 1711 2443 1766; x_wconf 85' lang='lat' dir='ltr'><strong>Christiani</strong></span> <span class='ocrx_word' id='word_1_220' title='bbox 2521 1710 2748 1776; x_wconf 87' lang='lat' dir='ltr'><strong>fratres;</strong></span> <span class='ocrx_word' id='word_1_221' title='bbox 2817 1712 3016 1781; x_wconf 89' lang='lat' dir='ltr'><strong>ubique</strong></span> <span class='ocrx_word' id='word_1_222' title='bbox 3093 1726 3380 1781; x_wconf 88' lang='lat' dir='ltr'><strong>regnorum</strong></span> <span class='ocrx_word' id='word_1_223' title='bbox 3451 1711 3742 1780; x_wconf 81' lang='lat' dir='ltr'><strong>degentes,</strong></span> 
     </span>
    </p>
   </div>
   <div class='ocr_carea' id='block_1_31' title="bbox 2151 1801 3744 1870">
    <p class='ocr_par' dir='ltr' id='par_1_31' title="bbox 2151 1801 3744 1870">
     <span class='ocr_line' id='line_1_31' title="bbox 2151 1801 3744 1870; baseline -0.001 -13"><span class='ocrx_word' id='word_1_224' title='bbox 2151 1801 2389 1857; x_wconf 65' lang='lat' dir='ltr'><strong>caelestis</strong></span> <span class='ocrx_word' id='word_1_225' title='bbox 2440 1817 2654 1870; x_wconf 89' lang='lat' dir='ltr'><strong>quoque</strong></span> <span class='ocrx_word' id='word_1_226' title='bbox 2709 1801 3005 1856; x_wconf 81' lang='lat' dir='ltr'><strong>Jerusalem</strong></span> <span class='ocrx_word' id='word_1_227' title='bbox 3069 1816 3255 1855; x_wconf 91' lang='lat' dir='ltr'><strong>sumus</strong></span> <span class='ocrx_word' id='word_1_228' title='bbox 3321 1801 3632 1865; x_wconf 86' lang='lat' dir='ltr'><strong>concives;</strong></span> <span class='ocrx_word' id='word_1_229' title='bbox 3714 1815 3744 1855; x_wconf 89' lang='lat' dir='ltr'><strong>e</strong></span> 
     </span>
    </p>
   </div>
   <div class='ocr_carea' id='block_1_32' title="bbox 467 1887 3743 1977">
    <p class='ocr_par' dir='ltr' id='par_1_32' title="bbox 467 1887 3743 1977">
     <span class='ocr_line' id='line_1_32' title="bbox 467 1887 3743 1977; baseline -0.005 -16"><span class='ocrx_word' id='word_1_230' title='bbox 467 1887 551 1962; x_wconf 89' lang='lat' dir='ltr'><strong>est</strong></span> <span class='ocrx_word' id='word_1_231' title='bbox 579 1921 777 1977; x_wconf 91' lang='lat' dir='ltr'><strong>sponsa</strong></span> <span class='ocrx_word' id='word_1_232' title='bbox 800 1905 957 1975; x_wconf 83' lang='lat' dir='ltr'><strong>Agni,</strong></span> <span class='ocrx_word' id='word_1_233' title='bbox 987 1905 1094 1959; x_wconf 85' lang='lat' dir='ltr'><strong>hoc</strong></span> <span class='ocrx_word' id='word_1_234' title='bbox 1128 1913 1216 1958; x_wconf 85' lang='lat' dir='ltr'><strong>est</strong></span> <span class='ocrx_word' id='word_1_235' title='bbox 1249 1903 1350 1957; x_wconf 84' lang='lat' dir='ltr'><strong>Fili</strong></span> <span class='ocrx_word' id='word_1_236' title='bbox 1392 1903 1506 1958; x_wconf 82' lang='lat' dir='ltr'><strong>Dei.</strong></span> <span class='ocrx_word' id='word_1_237' title='bbox 1565 1900 1810 1956; x_wconf 67' lang='lat' dir='ltr'><strong>lecstis</strong></span> <span class='ocrx_word' id='word_1_238' title='bbox 1853 1899 2050 1953; x_wconf 77' lang='lat' dir='ltr'><strong>nihilo-</strong></span> <span class='ocrx_word' id='word_1_239' title='bbox 2080 1887 2126 1946; x_wconf 85' lang='grc' dir='ltr'><strong><em>Β</em></strong></span> <span class='ocrx_word' id='word_1_240' title='bbox 2152 1892 2350 1961; x_wconf 90' lang='lat' dir='ltr'><strong>quibus</strong></span> <span class='ocrx_word' id='word_1_241' title='bbox 2399 1893 2657 1946; x_wconf 89' lang='lat' dir='ltr'><strong>nimirum</strong></span> <span class='ocrx_word' id='word_1_242' title='bbox 2706 1891 2819 1961; x_wconf 80' lang='lat' dir='ltr'><strong>jam</strong></span> <span class='ocrx_word' id='word_1_243' title='bbox 2875 1891 3092 1961; x_wconf 87' lang='lat' dir='ltr'><strong>plurimi</strong></span> <span class='ocrx_word' id='word_1_244' title='bbox 3163 1891 3531 1960; x_wconf 89' lang='lat' dir='ltr'><strong>spiritualiter</strong></span> <span class='ocrx_word' id='word_1_245' title='bbox 3598 1889 3743 1944; x_wconf 79' lang='lat' dir='ltr'><strong>ultr:</strong></span> 
     </span>
    </p>
   </div>
   <div class='ocr_carea' id='block_1_33' title="bbox 470 1991 2050 2064">
    <p class='ocr_par' dir='ltr' id='par_1_33' title="bbox 470 1991 2050 2064">
     <span class='ocr_line' id='line_1_33' title="bbox 470 1991 2050 2064; baseline -0.004 -12"><span class='ocrx_word' id='word_1_246' title='bbox 470 1999 650 2052; x_wconf 86' lang='lat' dir='ltr'><strong>minus</strong></span> <span class='ocrx_word' id='word_1_247' title='bbox 675 1995 976 2051; x_wconf 82' lang='lat' dir='ltr'><strong>Jerusalem</strong></span> <span class='ocrx_word' id='word_1_248' title='bbox 1003 2003 1342 2064; x_wconf 86' lang='lat' dir='ltr'><strong>nuncupatur</strong></span> <span class='ocrx_word' id='word_1_249' title='bbox 1363 1993 1767 2055; x_wconf 90' lang='lat' dir='ltr'><strong>Christianitas,</strong></span> <span class='ocrx_word' id='word_1_250' title='bbox 1787 1991 2050 2060; x_wconf 82' lang='lat' dir='ltr'><strong>probante</strong></span> 
     </span>
    </p>
   </div>
   <div class='ocr_carea' id='block_1_34' title="bbox 469 2082 2046 2155">
    <p class='ocr_par' dir='ltr' id='par_1_34' title="bbox 469 2082 2046 2155">
     <span class='ocr_line' id='line_1_34' title="bbox 469 2082 2046 2155; baseline -0.006 -11"><span class='ocrx_word' id='word_1_251' title='bbox 469 2088 661 2144; x_wconf 91' lang='lat' dir='ltr'><strong>eodem</strong></span> <span class='ocrx_word' id='word_1_252' title='bbox 691 2086 898 2142; x_wconf 82' lang='lat' dir='ltr'><strong>Joanne</strong></span> <span class='ocrx_word' id='word_1_253' title='bbox 926 2086 978 2140; x_wconf 91' lang='lat' dir='ltr'><strong>in</strong></span> <span class='ocrx_word' id='word_1_254' title='bbox 1006 2086 1196 2140; x_wconf 90' lang='lat' dir='ltr'><strong>eadem</strong></span> <span class='ocrx_word' id='word_1_255' title='bbox 1222 2084 1543 2155; x_wconf 82' lang='lat' dir='ltr'><strong>Apocalypsi</strong></span> <span class='ocrx_word' id='word_1_256' title='bbox 1570 2101 1584 2138; x_wconf 91' lang='lat'><strong>:</strong></span> <span class='ocrx_word' id='word_1_257' title='bbox 1619 2102 1637 2136; x_wconf 75' lang='grc' dir='ltr'>ι</span> <span class='ocrx_word' id='word_1_258' title='bbox 1676 2082 1817 2146; x_wconf 88' lang='lat' dir='ltr'><strong>Vidi,</strong></span> <span class='ocrx_word' id='word_1_259' title='bbox 1851 2082 2046 2152; x_wconf 79' lang='lat' dir='ltr'><strong>inquit,</strong></span> 
     </span>
    </p>
   </div>
   <div class='ocr_carea' id='block_1_35' title="bbox 467 2175 2050 2240">
    <p class='ocr_par' dir='ltr' id='par_1_35' title="bbox 467 2175 2050 2240">
     <span class='ocr_line' id='line_1_35' title="bbox 467 2175 2050 2240; baseline -0.005 -4"><span class='ocrx_word' id='word_1_260' title='bbox 467 2179 762 2236; x_wconf 86' lang='lat' dir='ltr'><strong>Jerusalem</strong></span> <span class='ocrx_word' id='word_1_261' title='bbox 819 2178 1236 2233; x_wconf 88' lang='lat' dir='ltr'><strong>descendentem</strong></span> <span class='ocrx_word' id='word_1_262' title='bbox 1282 2178 1348 2231; x_wconf 91' lang='lat' dir='ltr'><strong>de</strong></span> <span class='ocrx_word' id='word_1_263' title='bbox 1403 2175 1560 2240; x_wconf 77' lang='lat' dir='ltr'><strong>ctelo,</strong></span> <span class='ocrx_word' id='word_1_264' title='bbox 1618 2183 1865 2231; x_wconf 88' lang='lat' dir='ltr'><strong>ornatam</strong></span> <span class='ocrx_word' id='word_1_265' title='bbox 1917 2189 2050 2228; x_wconf 90' lang='lat' dir='ltr'><strong>auro</strong></span> 
     </span>
    </p>
   </div>
   <div class='ocr_carea' id='block_1_36' title="bbox 470 2262 2045 2336">
    <p class='ocr_par' dir='ltr' id='par_1_36' title="bbox 470 2262 2045 2336">
     <span class='ocr_line' id='line_1_36' title="bbox 470 2262 2045 2336; baseline -0.004 -14"><span class='ocrx_word' id='word_1_266' title='bbox 470 2269 691 2334; x_wconf 83' lang='lat' dir='ltr'><strong>mundo,</strong></span> <span class='ocrx_word' id='word_1_267' title='bbox 723 2278 779 2322; x_wconf 90' lang='lat' dir='ltr'><strong>et</strong></span> <span class='ocrx_word' id='word_1_268' title='bbox 805 2265 1073 2336; x_wconf 84' lang='lat' dir='ltr'><strong>lapidibus</strong></span> <span class='ocrx_word' id='word_1_269' title='bbox 1093 2266 1344 2336; x_wconf 87' lang='lat' dir='ltr'><strong>pretiosis</strong></span> <span class='ocrx_word' id='word_1_270' title='bbox 1365 2266 1626 2318; x_wconf 80' lang='lat' dir='ltr'><strong>intextam</strong></span> <span class='ocrx_word' id='word_1_271' title='bbox 1658 2262 1846 2334; x_wconf 84' lang='lat' dir='ltr'><strong>(Ibid.,</strong></span> <span class='ocrx_word' id='word_1_272' title='bbox 1881 2262 1991 2332; x_wconf 81' lang='grc'><strong>10).</strong></span> <span class='ocrx_word' id='word_1_273' title='bbox 2024 2281 2045 2316; x_wconf 70' lang='grc' dir='ltr'>ι</span> 
     </span>
    </p>
   </div>
   <div class='ocr_carea' id='block_1_37' title="bbox 539 2354 2054 2427">
    <p class='ocr_par' dir='ltr' id='par_1_37' title="bbox 539 2354 2054 2427">
     <span class='ocr_line' id='line_1_37' title="bbox 539 2354 2054 2427; baseline -0.007 -11"><span class='ocrx_word' id='word_1_274' title='bbox 539 2361 774 2415; x_wconf 60' lang='grc' dir='ltr'><strong>[ἀείδων</strong></span> <span class='ocrx_word' id='word_1_275' title='bbox 813 2359 993 2427; x_wconf 91' lang='lat' dir='ltr'><strong>itaque</strong></span> <span class='ocrx_word' id='word_1_276' title='bbox 1031 2357 1208 2412; x_wconf 89' lang='lat' dir='ltr'><strong>oumis</strong></span> <span class='ocrx_word' id='word_1_277' title='bbox 1251 2356 1636 2412; x_wconf 87' lang='lat' dir='ltr'><strong>Christianitas</strong></span> <span class='ocrx_word' id='word_1_278' title='bbox 1687 2369 1784 2424; x_wconf 89' lang='lat' dir='ltr'><strong>per</strong></span> <span class='ocrx_word' id='word_1_279' title='bbox 1837 2354 2054 2407; x_wconf 87' lang='lat' dir='ltr'><strong>univer-</strong></span> 
     </span>
    </p>
   </div>
   <div class='ocr_carea' id='block_1_38' title="bbox 468 2440 2050 2515">
    <p class='ocr_par' dir='ltr' id='par_1_38' title="bbox 468 2440 2050 2515">
     <span class='ocr_line' id='line_1_38' title="bbox 468 2440 2050 2515; baseline -0.007 -10"><span class='ocrx_word' id='word_1_280' title='bbox 468 2465 588 2505; x_wconf 86' lang='lat' dir='ltr'><strong>sum</strong></span> <span class='ocrx_word' id='word_1_281' title='bbox 633 2449 820 2504; x_wconf 79' lang='lat' dir='ltr'><strong>orbem</strong></span> <span class='ocrx_word' id='word_1_282' title='bbox 869 2447 1110 2511; x_wconf 87' lang='lat' dir='ltr'><strong>dilatata,</strong></span> <span class='ocrx_word' id='word_1_283' title='bbox 1152 2460 1252 2515; x_wconf 90' lang='lat' dir='ltr'><strong>pro</strong></span> <span class='ocrx_word' id='word_1_284' title='bbox 1307 2459 1371 2500; x_wconf 91' lang='lat' dir='ltr'><strong>eo</strong></span> <span class='ocrx_word' id='word_1_285' title='bbox 1423 2445 1566 2515; x_wconf 93' lang='lat' dir='ltr'><strong>quod</strong></span> <span class='ocrx_word' id='word_1_286' title='bbox 1614 2443 1813 2498; x_wconf 88' lang='lat' dir='ltr'><strong>meruit</strong></span> <span class='ocrx_word' id='word_1_287' title='bbox 1865 2440 2050 2497; x_wconf 89' lang='lat' dir='ltr'><strong>vocari</strong></span> 
     </span>
    </p>
   </div>
   <div class='ocr_carea' id='block_1_39' title="bbox 469 2532 2051 2610">
    <p class='ocr_par' dir='ltr' id='par_1_39' title="bbox 469 2532 2051 2610">
     <span class='ocr_line' id='line_1_39' title="bbox 469 2532 2051 2610; baseline -0.006 -15"><span class='ocrx_word' id='word_1_288' title='bbox 469 2555 666 2610; x_wconf 88' lang='lat' dir='ltr'><strong>sponsa</strong></span> <span class='ocrx_word' id='word_1_289' title='bbox 705 2536 918 2593; x_wconf 84' lang='lat' dir='ltr'><strong>Christi</strong></span> <span class='ocrx_word' id='word_1_290' title='bbox 969 2546 1028 2592; x_wconf 90' lang='lat' dir='ltr'><strong>et</strong></span> <span class='ocrx_word' id='word_1_291' title='bbox 1073 2536 1270 2590; x_wconf 82' lang='lat' dir='ltr'><strong>civitas</strong></span> <span class='ocrx_word' id='word_1_292' title='bbox 1295 2535 1411 2600; x_wconf 86' lang='lat' dir='ltr'><strong>Dei,</strong></span> <span class='ocrx_word' id='word_1_293' title='bbox 1455 2549 1616 2604; x_wconf 90' lang='lat' dir='ltr'><strong>quam</strong></span> <span class='ocrx_word' id='word_1_294' title='bbox 1667 2534 1735 2588; x_wconf 91' lang='lat' dir='ltr'><strong>de</strong></span> <span class='ocrx_word' id='word_1_295' title='bbox 1779 2532 1919 2587; x_wconf 69' lang='lat' dir='ltr'><strong>cwlo</strong></span> <span class='ocrx_word' id='word_1_296' title='bbox 1957 2533 2051 2586; x_wconf 86' lang='lat' dir='ltr'><strong>de-</strong></span> 
     </span>
    </p>
   </div>
   <div class='ocr_carea' id='block_1_40' title="bbox 469 2620 2053 2695">
    <p class='ocr_par' dir='ltr' id='par_1_40' title="bbox 469 2620 2053 2695">
     <span class='ocr_line' id='line_1_40' title="bbox 469 2620 2053 2695; baseline -0.006 -12"><span class='ocrx_word' id='word_1_297' title='bbox 469 2627 815 2684; x_wconf 89' lang='lat' dir='ltr'><strong>scendentem</strong></span> <span class='ocrx_word' id='word_1_298' title='bbox 843 2625 1039 2680; x_wconf 88' lang='lat' dir='ltr'><strong>asserit</strong></span> <span class='ocrx_word' id='word_1_299' title='bbox 1069 2623 1419 2695; x_wconf 81' lang='lat' dir='ltr'><strong>Apocalypsis</strong></span> <span class='ocrx_word' id='word_1_300' title='bbox 1449 2621 1810 2692; x_wconf 77' lang='lat' dir='ltr'><strong>evangelisue.</strong></span> <span class='ocrx_word' id='word_1_301' title='bbox 1848 2620 2053 2675; x_wconf 80' lang='lat' dir='ltr'><strong>Revera</strong></span> 
     </span>
    </p>
   </div>
   <div class='ocr_carea' id='block_1_41' title="bbox 470 2713 2055 2786">
    <p class='ocr_par' dir='ltr' id='par_1_41' title="bbox 470 2713 2055 2786">
     <span class='ocr_line' id='line_1_41' title="bbox 470 2713 2055 2786; baseline -0.006 -16"><span class='ocrx_word' id='word_1_302' title='bbox 470 2715 733 2786; x_wconf 88' lang='lat' dir='ltr'><strong>quidquid</strong></span> <span class='ocrx_word' id='word_1_303' title='bbox 808 2714 875 2770; x_wconf 90' lang='lat' dir='ltr'><strong>de</strong></span> <span class='ocrx_word' id='word_1_304' title='bbox 952 2721 1095 2768; x_wconf 88' lang='lat' dir='ltr'><strong>terra</strong></span> <span class='ocrx_word' id='word_1_305' title='bbox 1161 2713 1342 2781; x_wconf 64' lang='lat' dir='ltr'><strong>capit,</strong></span> <span class='ocrx_word' id='word_1_306' title='bbox 1401 2720 1674 2766; x_wconf 84' lang='lat' dir='ltr'><strong>terrenum</strong></span> <span class='ocrx_word' id='word_1_307' title='bbox 1729 2719 1846 2775; x_wconf 88' lang='lat' dir='ltr'><strong>est;</strong></span> <span class='ocrx_word' id='word_1_308' title='bbox 1895 2724 2055 2765; x_wconf 89' lang='lat' dir='ltr'><strong>omne</strong></span> 
     </span>
    </p>
   </div>
   <div class='ocr_carea' id='block_1_42' title="bbox 471 2799 2055 2869">
    <p class='ocr_par' dir='ltr' id='par_1_42' title="bbox 471 2799 2055 2869">
     <span class='ocr_line' id='line_1_42' title="bbox 471 2799 2055 2869; baseline -0.004 -10"><span class='ocrx_word' id='word_1_309' title='bbox 471 2814 651 2860; x_wconf 89' lang='lat' dir='ltr'><strong>autem</strong></span> <span class='ocrx_word' id='word_1_310' title='bbox 709 2812 982 2859; x_wconf 89' lang='lat' dir='ltr'><strong>terrenum</strong></span> <span class='ocrx_word' id='word_1_311' title='bbox 1033 2803 1406 2857; x_wconf 90' lang='lat' dir='ltr'><strong>transitorium</strong></span> <span class='ocrx_word' id='word_1_312' title='bbox 1448 2809 1564 2867; x_wconf 88' lang='lat' dir='ltr'><strong>est,</strong></span> <span class='ocrx_word' id='word_1_313' title='bbox 1611 2800 1666 2856; x_wconf 87' lang='lat' dir='ltr'><strong>id</strong></span> <span class='ocrx_word' id='word_1_314' title='bbox 1718 2815 1847 2854; x_wconf 90' lang='lat' dir='ltr'><strong>vero</strong></span> <span class='ocrx_word' id='word_1_315' title='bbox 1912 2799 2055 2869; x_wconf 90' lang='lat' dir='ltr'><strong>quod</strong></span> 
     </span>
    </p>
   </div>
   <div class='ocr_carea' id='block_1_43' title="bbox 473 2889 2055 2962">
    <p class='ocr_par' dir='ltr' id='par_1_43' title="bbox 473 2889 2055 2962">
     <span class='ocr_line' id='line_1_43' title="bbox 473 2889 2055 2962; baseline -0.003 -15"><span class='ocrx_word' id='word_1_316' title='bbox 473 2893 846 2948; x_wconf 86' lang='lat' dir='ltr'><strong>transitorium</strong></span> <span class='ocrx_word' id='word_1_317' title='bbox 915 2901 1000 2948; x_wconf 87' lang='lat' dir='ltr'><strong>est</strong></span> <span class='ocrx_word' id='word_1_318' title='bbox 1067 2891 1172 2947; x_wconf 89' lang='lat' dir='ltr'><strong>vile</strong></span> <span class='ocrx_word' id='word_1_319' title='bbox 1248 2901 1351 2946; x_wconf 88' lang='lat' dir='ltr'><strong>est.</strong></span> <span class='ocrx_word' id='word_1_320' title='bbox 1426 2890 1597 2962; x_wconf 81' lang='lat' dir='ltr'><strong>Igitur</strong></span> <span class='ocrx_word' id='word_1_321' title='bbox 1669 2889 2055 2945; x_wconf 87' lang='lat' dir='ltr'><strong>Christianitas</strong></span> 
     </span>
    </p>
   </div>
   <div class='ocr_carea' id='block_1_44' title="bbox 473 2981 2056 3053">
    <p class='ocr_par' dir='ltr' id='par_1_44' title="bbox 473 2981 2056 3053">
     <span class='ocr_line' id='line_1_44' title="bbox 473 2981 2056 3053; baseline -0.001 -16"><span class='ocrx_word' id='word_1_322' title='bbox 473 2998 592 3053; x_wconf 76' lang='lat' dir='ltr'><strong>qua:</strong></span> <span class='ocrx_word' id='word_1_323' title='bbox 645 2992 728 3038; x_wconf 83' lang='lat' dir='ltr'><strong>est</strong></span> <span class='ocrx_word' id='word_1_324' title='bbox 778 2982 877 3038; x_wconf 85' lang='lat' dir='ltr'><strong>Dei</strong></span> <span class='ocrx_word' id='word_1_325' title='bbox 947 2983 1163 3048; x_wconf 86' lang='lat' dir='ltr'><strong>civitas,</strong></span> <span class='ocrx_word' id='word_1_326' title='bbox 1229 2997 1348 3052; x_wconf 77' lang='lat' dir='ltr'><strong>quae</strong></span> <span class='ocrx_word' id='word_1_327' title='bbox 1415 2991 1497 3038; x_wconf 89' lang='lat' dir='ltr'><strong>est</strong></span> <span class='ocrx_word' id='word_1_328' title='bbox 1551 2983 1708 3037; x_wconf 83' lang='lat' dir='ltr'><strong>sedes</strong></span> <span class='ocrx_word' id='word_1_329' title='bbox 1755 2981 1871 3047; x_wconf 89' lang='lat' dir='ltr'><strong>Dei,</strong></span> <span class='ocrx_word' id='word_1_330' title='bbox 1917 2983 2056 3036; x_wconf 90' lang='lat' dir='ltr'><strong>unde</strong></span> 
     </span>
    </p>
   </div>
   <div class='ocr_carea' id='block_1_45' title="bbox 474 3073 2055 3146">
    <p class='ocr_par' dir='ltr' id='par_1_45' title="bbox 474 3073 2055 3146">
     <span class='ocr_line' id='line_1_45' title="bbox 474 3073 2055 3146; baseline -0.003 -18"><span class='ocrx_word' id='word_1_331' title='bbox 474 3076 690 3146; x_wconf 84' lang='lat' dir='ltr'><strong>legitur,</strong></span> <span class='ocrx_word' id='word_1_332' title='bbox 730 3075 911 3129; x_wconf 69' lang='lat' dir='ltr'><strong>«Deus</strong></span> <span class='ocrx_word' id='word_1_333' title='bbox 957 3073 1108 3128; x_wconf 88' lang='lat' dir='ltr'><strong>sedet</strong></span> <span class='ocrx_word' id='word_1_334' title='bbox 1154 3088 1316 3143; x_wconf 88' lang='lat' dir='ltr'><strong>super</strong></span> <span class='ocrx_word' id='word_1_335' title='bbox 1361 3073 1545 3128; x_wconf 88' lang='lat' dir='ltr'><strong>sedem</strong></span> <span class='ocrx_word' id='word_1_336' title='bbox 1605 3080 1850 3126; x_wconf 85' lang='lat' dir='ltr'><strong>sanctam</strong></span> <span class='ocrx_word' id='word_1_337' title='bbox 1901 3087 2055 3125; x_wconf 86' lang='lat' dir='ltr'><strong>suam</strong></span> 
     </span>
    </p>
   </div>
   <div class='ocr_carea' id='block_1_46' title="bbox 475 3160 2056 3236">
    <p class='ocr_par' dir='ltr' id='par_1_46' title="bbox 475 3160 2056 3236">
     <span class='ocr_line' id='line_1_46' title="bbox 475 3160 2056 3236; baseline -0.002 -17"><span class='ocrx_word' id='word_1_338' title='bbox 475 3164 705 3236; x_wconf 72' lang='lat' dir='ltr'><strong>(Psalm.</strong></span> <span class='ocrx_word' id='word_1_339' title='bbox 736 3180 881 3229; x_wconf 78' lang='lat' dir='ltr'><strong>xLVI,</strong></span> <span class='ocrx_word' id='word_1_340' title='bbox 907 3164 985 3232; x_wconf 86' lang='lat'><strong>9),</strong></span> <span class='ocrx_word' id='word_1_341' title='bbox 1016 3183 1035 3216; x_wconf 70' lang='grc' dir='ltr'><strong><em>ι</em></strong></span> <span class='ocrx_word' id='word_1_342' title='bbox 1067 3178 1172 3218; x_wconf 82' lang='grc' dir='ltr'><strong>ηοη</strong></span> <span class='ocrx_word' id='word_1_343' title='bbox 1202 3164 1366 3231; x_wconf 69' lang='lat' dir='ltr'><strong>erepit</strong></span> <span class='ocrx_word' id='word_1_344' title='bbox 1394 3163 1461 3217; x_wconf 91' lang='lat' dir='ltr'><strong>de</strong></span> <span class='ocrx_word' id='word_1_345' title='bbox 1500 3171 1665 3226; x_wconf 89' lang='lat' dir='ltr'><strong>terra,</strong></span> <span class='ocrx_word' id='word_1_346' title='bbox 1690 3161 1788 3216; x_wconf 87' lang='lat' dir='ltr'><strong>sed</strong></span> <span class='ocrx_word' id='word_1_347' title='bbox 1813 3161 1880 3216; x_wconf 91' lang='lat' dir='ltr'><strong>de</strong></span> <span class='ocrx_word' id='word_1_348' title='bbox 1918 3160 2056 3216; x_wconf 73' lang='lat' dir='ltr'><strong>cado</strong></span> 
     </span>
    </p>
   </div>
   <div class='ocr_carea' id='block_1_47' title="bbox 2151 1983 3745 2053">
    <p class='ocr_par' dir='ltr' id='par_1_47' title="bbox 2151 1983 3745 2053">
     <span class='ocr_line' id='line_1_47' title="bbox 2151 1983 3745 2053; baseline 0 -15"><span class='ocrx_word' id='word_1_349' title='bbox 2151 1983 2329 2038; x_wconf 87' lang='lat' dir='ltr'><strong>sidera</strong></span> <span class='ocrx_word' id='word_1_350' title='bbox 2384 1983 2663 2053; x_wconf 87' lang='lat' dir='ltr'><strong>possident</strong></span> <span class='ocrx_word' id='word_1_351' title='bbox 2717 1983 2870 2038; x_wconf 89' lang='lat' dir='ltr'><strong>aulas</strong></span> <span class='ocrx_word' id='word_1_352' title='bbox 2921 1983 3135 2038; x_wconf 89' lang='lat' dir='ltr'><strong>diverso</strong></span> <span class='ocrx_word' id='word_1_353' title='bbox 3186 1984 3505 2038; x_wconf 90' lang='lat' dir='ltr'><strong>meritorum</strong></span> <span class='ocrx_word' id='word_1_354' title='bbox 3563 1984 3745 2038; x_wconf 81' lang='lat' dir='ltr'><strong>nitore</strong></span> 
     </span>
    </p>
   </div>
   <div class='ocr_carea' id='block_1_48' title="bbox 2151 2073 3744 2144">
    <p class='ocr_par' dir='ltr' id='par_1_48' title="bbox 2151 2073 3744 2144">
     <span class='ocr_line' id='line_1_48' title="bbox 2151 2073 3744 2144; baseline 0 -15"><span class='ocrx_word' id='word_1_355' title='bbox 2151 2088 2430 2138; x_wconf 89' lang='lat' dir='ltr'><strong>coruscas,</strong></span> <span class='ocrx_word' id='word_1_356' title='bbox 2448 2073 2639 2144; x_wconf 89' lang='lat' dir='ltr'><strong>reliqui</strong></span> <span class='ocrx_word' id='word_1_357' title='bbox 2656 2088 2786 2127; x_wconf 90' lang='lat' dir='ltr'><strong>vero</strong></span> <span class='ocrx_word' id='word_1_358' title='bbox 2810 2074 2986 2128; x_wconf 88' lang='lat' dir='ltr'><strong>adhuc</strong></span> <span class='ocrx_word' id='word_1_359' title='bbox 3006 2073 3146 2127; x_wconf 86' lang='lat' dir='ltr'><strong>lutea</strong></span> <span class='ocrx_word' id='word_1_360' title='bbox 3164 2075 3216 2128; x_wconf 90' lang='lat' dir='ltr'><strong>in</strong></span> <span class='ocrx_word' id='word_1_361' title='bbox 3243 2090 3403 2128; x_wconf 90' lang='lat' dir='ltr'><strong>carne</strong></span> <span class='ocrx_word' id='word_1_362' title='bbox 3428 2085 3744 2140; x_wconf 84' lang='lat' dir='ltr'><strong>manentes,</strong></span> 
     </span>
    </p>
   </div>
   <div class='ocr_carea' id='block_1_49' title="bbox 2153 2165 3739 2233">
    <p class='ocr_par' dir='ltr' id='par_1_49' title="bbox 2153 2165 3739 2233">
     <span class='ocr_line' id='line_1_49' title="bbox 2153 2165 3739 2233; baseline 0 -13"><span class='ocrx_word' id='word_1_363' title='bbox 2153 2173 2331 2221; x_wconf 91' lang='lat' dir='ltr'><strong>terrea</strong></span> <span class='ocrx_word' id='word_1_364' title='bbox 2379 2179 2595 2233; x_wconf 88' lang='lat' dir='ltr'><strong>quoque</strong></span> <span class='ocrx_word' id='word_1_365' title='bbox 2656 2165 2965 2218; x_wconf 89' lang='lat' dir='ltr'><strong>inhabitant</strong></span> <span class='ocrx_word' id='word_1_366' title='bbox 3001 2165 3272 2220; x_wconf 78' lang='lat' dir='ltr'><strong>eteuobia.</strong></span> <span class='ocrx_word' id='word_1_367' title='bbox 3306 2165 3500 2220; x_wconf 83' lang='lat' dir='ltr'><strong>Omnia</strong></span> <span class='ocrx_word' id='word_1_368' title='bbox 3552 2177 3739 2220; x_wconf 82' lang='lat' dir='ltr'><strong>autem</strong></span> 
     </span>
    </p>
   </div>
   <div class='ocr_carea' id='block_1_50' title="bbox 2152 2253 3744 2325">
    <p class='ocr_par' dir='ltr' id='par_1_50' title="bbox 2152 2253 3744 2325">
     <span class='ocr_line' id='line_1_50' title="bbox 2152 2253 3744 2325; baseline 0.001 -15"><span class='ocrx_word' id='word_1_369' title='bbox 2152 2255 2268 2310; x_wconf 76' lang='lat' dir='ltr'><strong>haec</strong></span> <span class='ocrx_word' id='word_1_370' title='bbox 2301 2255 2517 2325; x_wconf 89' lang='lat' dir='ltr'><strong>agmina</strong></span> <span class='ocrx_word' id='word_1_371' title='bbox 2566 2262 2674 2307; x_wconf 91' lang='lat' dir='ltr'><strong>tam</strong></span> <span class='ocrx_word' id='word_1_372' title='bbox 2727 2254 2781 2308; x_wconf 93' lang='lat' dir='ltr'><strong>in</strong></span> <span class='ocrx_word' id='word_1_373' title='bbox 2830 2255 3039 2323; x_wconf 86' lang='lat' dir='ltr'><strong>superis</strong></span> <span class='ocrx_word' id='word_1_374' title='bbox 3074 2253 3427 2319; x_wconf 78' lang='lat' dir='ltr'><strong>exsultantia,</strong></span> <span class='ocrx_word' id='word_1_375' title='bbox 3463 2271 3645 2324; x_wconf 79' lang='lat' dir='ltr'><strong>quam</strong></span> <span class='ocrx_word' id='word_1_376' title='bbox 3691 2257 3744 2311; x_wconf 77' lang='lat' dir='ltr'><strong>in</strong></span> 
     </span>
    </p>
   </div>
   <div class='ocr_carea' id='block_1_51' title="bbox 2153 2343 3746 2416">
    <p class='ocr_par' dir='ltr' id='par_1_51' title="bbox 2153 2343 3746 2416">
     <span class='ocr_line' id='line_1_51' title="bbox 2153 2343 3746 2416; baseline 0 -16"><span class='ocrx_word' id='word_1_377' title='bbox 2153 2346 2276 2400; x_wconf 86' lang='lat' dir='ltr'><strong>imis</strong></span> <span class='ocrx_word' id='word_1_378' title='bbox 2301 2343 2733 2416; x_wconf 89' lang='lat' dir='ltr'><strong>peregrinantia,</strong></span> <span class='ocrx_word' id='word_1_379' title='bbox 2781 2353 2907 2398; x_wconf 90' lang='lat' dir='ltr'><strong>sunt</strong></span> <span class='ocrx_word' id='word_1_380' title='bbox 2944 2343 3136 2398; x_wconf 90' lang='lat' dir='ltr'><strong>civitas</strong></span> <span class='ocrx_word' id='word_1_381' title='bbox 3166 2345 3282 2409; x_wconf 91' lang='lat' dir='ltr'><strong>Dei,</strong></span> <span class='ocrx_word' id='word_1_382' title='bbox 3311 2361 3473 2414; x_wconf 90' lang='lat' dir='ltr'><strong>quam</strong></span> <span class='ocrx_word' id='word_1_383' title='bbox 3496 2344 3746 2400; x_wconf 81' lang='lat' dir='ltr'><strong>Joannes</strong></span> 
     </span>
    </p>
   </div>
   <div class='ocr_carea' id='block_1_52' title="bbox 2152 2435 3744 2507">
    <p class='ocr_par' dir='ltr' id='par_1_52' title="bbox 2152 2435 3744 2507">
     <span class='ocr_line' id='line_1_52' title="bbox 2152 2435 3744 2507; baseline 0 -15"><span class='ocrx_word' id='word_1_384' title='bbox 2152 2438 2287 2492; x_wconf 87' lang='lat' dir='ltr'><strong>vidit</strong></span> <span class='ocrx_word' id='word_1_385' title='bbox 2345 2435 2674 2507; x_wconf 79' lang='lat' dir='ltr'><strong>evangelista</strong></span> <span class='ocrx_word' id='word_1_386' title='bbox 2723 2436 3135 2491; x_wconf 84' lang='lat' dir='ltr'><strong>descendentem</strong></span> <span class='ocrx_word' id='word_1_387' title='bbox 3183 2437 3248 2492; x_wconf 90' lang='lat' dir='ltr'><strong>de</strong></span> <span class='ocrx_word' id='word_1_388' title='bbox 3293 2437 3433 2492; x_wconf 66' lang='lat' dir='ltr'><strong>caelo</strong></span> <span class='ocrx_word' id='word_1_389' title='bbox 3480 2449 3744 2493; x_wconf 69' lang='lat' dir='ltr'><strong>ornatam</strong></span> 
     </span>
    </p>
   </div>
   <div class='ocr_carea' id='block_1_53' title="bbox 2155 2525 3744 2595">
    <p class='ocr_par' dir='ltr' id='par_1_53' title="bbox 2155 2525 3744 2595">
     <span class='ocr_line' id='line_1_53' title="bbox 2155 2525 3744 2595; baseline -0.001 -13"><span class='ocrx_word' id='word_1_390' title='bbox 2155 2537 2216 2582; x_wconf 88' lang='lat' dir='ltr'><strong>et</strong></span> <span class='ocrx_word' id='word_1_391' title='bbox 2243 2527 2392 2582; x_wconf 90' lang='lat' dir='ltr'><strong>omni</strong></span> <span class='ocrx_word' id='word_1_392' title='bbox 2419 2526 2614 2581; x_wconf 91' lang='lat' dir='ltr'><strong>decore</strong></span> <span class='ocrx_word' id='word_1_393' title='bbox 2640 2527 3016 2595; x_wconf 83' lang='lat' dir='ltr'><strong>compositam.</strong></span> <span class='ocrx_word' id='word_1_394' title='bbox 3042 2526 3146 2582; x_wconf 83' lang='lat' dir='ltr'><strong>Pro</strong></span> <span class='ocrx_word' id='word_1_395' title='bbox 3176 2525 3480 2595; x_wconf 73' lang='lat' dir='ltr'><strong>huiusmodi</strong></span> <span class='ocrx_word' id='word_1_396' title='bbox 3513 2530 3744 2581; x_wconf 82' lang='lat' dir='ltr'><strong>omnino</strong></span> 
     </span>
    </p>
   </div>
   <div class='ocr_carea' id='block_1_54' title="bbox 2153 2617 3742 2689">
    <p class='ocr_par' dir='ltr' id='par_1_54' title="bbox 2153 2617 3742 2689">
     <span class='ocr_line' id='line_1_54' title="bbox 2153 2617 3742 2689; baseline 0.001 -16"><span class='ocrx_word' id='word_1_397' title='bbox 2153 2619 2390 2674; x_wconf 91' lang='lat' dir='ltr'><strong>civitatis</strong></span> <span class='ocrx_word' id='word_1_398' title='bbox 2426 2617 2787 2688; x_wconf 88' lang='lat' dir='ltr'><strong>prosperitate</strong></span> <span class='ocrx_word' id='word_1_399' title='bbox 2842 2633 3062 2672; x_wconf 89' lang='lat' dir='ltr'><strong>oramus</strong></span> <span class='ocrx_word' id='word_1_400' title='bbox 3112 2620 3350 2688; x_wconf 89' lang='lat' dir='ltr'><strong>quotidie</strong></span> <span class='ocrx_word' id='word_1_401' title='bbox 3391 2620 3742 2689; x_wconf 84' lang='lat' dir='ltr'><strong>psallentes:</strong></span> 
     </span>
    </p>
   </div>
   <div class='ocr_carea' id='block_1_55' title="bbox 2160 2706 3746 2777">
    <p class='ocr_par' dir='ltr' id='par_1_55' title="bbox 2160 2706 3746 2777">
     <span class='ocr_line' id='line_1_55' title="bbox 2160 2706 3746 2777; baseline 0.001 -16"><span class='ocrx_word' id='word_1_402' title='bbox 2160 2727 2179 2761; x_wconf 74' lang='grc' dir='ltr'>ι</span> <span class='ocrx_word' id='word_1_403' title='bbox 2215 2708 2434 2763; x_wconf 90' lang='lat' dir='ltr'><strong>Salvum</strong></span> <span class='ocrx_word' id='word_1_404' title='bbox 2464 2707 2549 2761; x_wconf 85' lang='lat' dir='ltr'><strong>fac</strong></span> <span class='ocrx_word' id='word_1_405' title='bbox 2574 2706 2831 2777; x_wconf 89' lang='lat' dir='ltr'><strong>populum</strong></span> <span class='ocrx_word' id='word_1_406' title='bbox 2863 2715 3036 2770; x_wconf 93' lang='lat' dir='ltr'><strong>tuum,</strong></span> <span class='ocrx_word' id='word_1_407' title='bbox 3067 2707 3314 2772; x_wconf 89' lang='lat' dir='ltr'><strong>Domine,</strong></span> <span class='ocrx_word' id='word_1_408' title='bbox 3346 2727 3364 2760; x_wconf 73' lang='grc' dir='ltr'><strong><em>ι</em></strong></span> <span class='ocrx_word' id='word_1_409' title='bbox 3398 2709 3451 2761; x_wconf 89' lang='lat' dir='ltr'><strong>id</strong></span> <span class='ocrx_word' id='word_1_410' title='bbox 3474 2718 3598 2774; x_wconf 90' lang='lat' dir='ltr'><strong>est,</strong></span> <span class='ocrx_word' id='word_1_411' title='bbox 3629 2709 3746 2762; x_wconf 55' lang='lat' dir='ltr'><strong>uni-</strong></span> 
     </span>
    </p>
   </div>
   <div class='ocr_carea' id='block_1_56' title="bbox 2154 2797 3742 2863">
    <p class='ocr_par' dir='ltr' id='par_1_56' title="bbox 2154 2797 3742 2863">
     <span class='ocr_line' id='line_1_56' title="bbox 2154 2797 3742 2863; baseline -0.001 -10"><span class='ocrx_word' id='word_1_412' title='bbox 2154 2814 2366 2854; x_wconf 88' lang='lat' dir='ltr'><strong>versam</strong></span> <span class='ocrx_word' id='word_1_413' title='bbox 2381 2797 2868 2862; x_wconf 84' lang='lat' dir='ltr'><strong>Christianitatem,</strong></span> <span class='ocrx_word' id='word_1_414' title='bbox 2887 2815 2905 2848; x_wconf 73' lang='grc' dir='ltr'>ι</span> <span class='ocrx_word' id='word_1_415' title='bbox 2928 2797 3218 2860; x_wconf 87' lang='lat' dir='ltr'><strong>etbenedic</strong></span> <span class='ocrx_word' id='word_1_416' title='bbox 3234 2800 3540 2853; x_wconf 71' lang='lat' dir='ltr'><strong>hmreditati</strong></span> <span class='ocrx_word' id='word_1_417' title='bbox 3573 2808 3702 2863; x_wconf 57' lang='lat' dir='ltr'><strong>tum;</strong></span> <span class='ocrx_word' id='word_1_418' title='bbox 3723 2819 3742 2852; x_wconf 76' lang='grc' dir='ltr'><strong><em>ι</em></strong></span> 
     </span>
    </p>
   </div>
   <div class='ocr_carea' id='block_1_57' title="bbox 2155 2887 3747 2959">
    <p class='ocr_par' dir='ltr' id='par_1_57' title="bbox 2155 2887 3747 2959">
     <span class='ocr_line' id='line_1_57' title="bbox 2155 2887 3747 2959; baseline 0.001 -15"><span class='ocrx_word' id='word_1_419' title='bbox 2155 2889 2359 2944; x_wconf 87' lang='lat' dir='ltr'><strong>scilicet</strong></span> <span class='ocrx_word' id='word_1_420' title='bbox 2384 2888 2556 2943; x_wconf 85' lang='lat' dir='ltr'><strong>eidem</strong></span> <span class='ocrx_word' id='word_1_421' title='bbox 2582 2887 2993 2953; x_wconf 85' lang='lat' dir='ltr'><strong>Christianitati,</strong></span> <span class='ocrx_word' id='word_1_422' title='bbox 3016 2909 3034 2939; x_wconf 68' lang='grc' dir='ltr'><strong>ε</strong></span> <span class='ocrx_word' id='word_1_423' title='bbox 3054 2898 3108 2944; x_wconf 93' lang='lat' dir='ltr'><strong>et</strong></span> <span class='ocrx_word' id='word_1_424' title='bbox 3136 2904 3257 2959; x_wconf 87' lang='lat' dir='ltr'><strong>rege</strong></span> <span class='ocrx_word' id='word_1_425' title='bbox 3281 2905 3398 2955; x_wconf 86' lang='lat' dir='ltr'><strong>eos,</strong></span> <span class='ocrx_word' id='word_1_426' title='bbox 3422 2910 3440 2942; x_wconf 77' lang='grc' dir='ltr'><strong><em>ι</em></strong></span> <span class='ocrx_word' id='word_1_427' title='bbox 3470 2890 3747 2945; x_wconf 72' lang='lat' dir='ltr'><strong>Christia-</strong></span> 
     </span>
    </p>
   </div>
   <div class='ocr_carea' id='block_1_58' title="bbox 2156 2978 3736 3053">
    <p class='ocr_par' dir='ltr' id='par_1_58' title="bbox 2156 2978 3736 3053">
     <span class='ocr_line' id='line_1_58' title="bbox 2156 2978 3736 3053; baseline 0.001 -18"><span class='ocrx_word' id='word_1_428' title='bbox 2156 2995 2276 3044; x_wconf 86' lang='lat' dir='ltr'><strong>nos,</strong></span> <span class='ocrx_word' id='word_1_429' title='bbox 2319 2997 2337 3030; x_wconf 75' lang='grc' dir='ltr'>ι</span> <span class='ocrx_word' id='word_1_430' title='bbox 2361 2989 2414 3032; x_wconf 92' lang='lat' dir='ltr'><strong>et</strong></span> <span class='ocrx_word' id='word_1_431' title='bbox 2437 2978 2614 3033; x_wconf 84' lang='lat' dir='ltr'><strong>exalta</strong></span> <span class='ocrx_word' id='word_1_432' title='bbox 2641 2994 2735 3034; x_wconf 89' lang='lat' dir='ltr'><strong>eos</strong></span> <span class='ocrx_word' id='word_1_433' title='bbox 2759 2979 2811 3032; x_wconf 80' lang='lat' dir='ltr'><strong>in</strong></span> <span class='ocrx_word' id='word_1_434' title='bbox 2850 2987 3111 3034; x_wconf 69' lang='lat' dir='ltr'><strong>aeternum</strong></span> <span class='ocrx_word' id='word_1_435' title='bbox 3138 2979 3358 3051; x_wconf 71' lang='lat' dir='ltr'><strong>(Psalm.</strong></span> <span class='ocrx_word' id='word_1_436' title='bbox 3395 2997 3582 3045; x_wconf 75' lang='lat' dir='ltr'><strong>xxvu,</strong></span> <span class='ocrx_word' id='word_1_437' title='bbox 3616 2983 3694 3053; x_wconf 89' lang='lat'><strong>9).</strong></span> <span class='ocrx_word' id='word_1_438' title='bbox 3717 3003 3736 3036; x_wconf 71' lang='grc' dir='ltr'><strong><em>ι</em></strong></span> 
     </span>
    </p>
   </div>
   <div class='ocr_carea' id='block_1_59' title="bbox 2156 3069 3748 3138">
    <p class='ocr_par' dir='ltr' id='par_1_59' title="bbox 2156 3069 3748 3138">
     <span class='ocr_line' id='line_1_59' title="bbox 2156 3069 3748 3138; baseline 0.001 -13"><span class='ocrx_word' id='word_1_439' title='bbox 2156 3070 2284 3126; x_wconf 71' lang='grc' dir='ltr'><strong>11ωο</strong></span> <span class='ocrx_word' id='word_1_440' title='bbox 2337 3069 2523 3138; x_wconf 82' lang='lat' dir='ltr'><strong>procul</strong></span> <span class='ocrx_word' id='word_1_441' title='bbox 2573 3069 2739 3124; x_wconf 91' lang='lat' dir='ltr'><strong>dubio</strong></span> <span class='ocrx_word' id='word_1_442' title='bbox 2792 3069 3176 3124; x_wconf 89' lang='lat' dir='ltr'><strong>Christianitas</strong></span> <span class='ocrx_word' id='word_1_443' title='bbox 3219 3079 3323 3134; x_wconf 89' lang='lat' dir='ltr'><strong>est,</strong></span> <span class='ocrx_word' id='word_1_444' title='bbox 3359 3070 3622 3125; x_wconf 82' lang='lat' dir='ltr'><strong>Ecclesia</strong></span> <span class='ocrx_word' id='word_1_445' title='bbox 3662 3073 3748 3126; x_wconf 76' lang='lat' dir='ltr'><strong>Dei</strong></span> 
     </span>
    </p>
   </div>
   <div class='ocr_carea' id='block_1_60' title="bbox 2157 3161 3745 3228">
    <p class='ocr_par' dir='ltr' id='par_1_60' title="bbox 2157 3161 3745 3228">
     <span class='ocr_line' id='line_1_60' title="bbox 2157 3161 3745 3228; baseline -0.001 -11"><span class='ocrx_word' id='word_1_446' title='bbox 2157 3171 2344 3218; x_wconf 88' lang='lat' dir='ltr'><strong>sancta</strong></span> <span class='ocrx_word' id='word_1_447' title='bbox 2371 3161 2672 3226; x_wconf 82' lang='lat' dir='ltr'><strong>Catholica,</strong></span> <span class='ocrx_word' id='word_1_448' title='bbox 2712 3161 2764 3215; x_wconf 91' lang='lat' dir='ltr'><strong>id</strong></span> <span class='ocrx_word' id='word_1_449' title='bbox 2792 3170 2875 3216; x_wconf 88' lang='lat' dir='ltr'><strong>est</strong></span> <span class='ocrx_word' id='word_1_450' title='bbox 2914 3161 3234 3216; x_wconf 88' lang='lat' dir='ltr'><strong>universalis</strong></span> <span class='ocrx_word' id='word_1_451' title='bbox 3261 3170 3317 3216; x_wconf 92' lang='lat' dir='ltr'><strong>et</strong></span> <span class='ocrx_word' id='word_1_452' title='bbox 3339 3171 3511 3228; x_wconf 82' lang='lat' dir='ltr'><strong>recta,</strong></span> <span class='ocrx_word' id='word_1_453' title='bbox 3550 3163 3612 3216; x_wconf 92' lang='lat' dir='ltr'><strong>in</strong></span> <span class='ocrx_word' id='word_1_454' title='bbox 3641 3172 3745 3217; x_wconf 88' lang='lat' dir='ltr'><strong>toto</strong></span> 
     </span>
    </p>
   </div>
   <div class='ocr_carea' id='block_1_61' title="bbox 475 3234 3751 3324">
    <p class='ocr_par' dir='ltr' id='par_1_61' title="bbox 475 3234 3751 3324">
     <span class='ocr_line' id='line_1_61' title="bbox 475 3234 3751 3324; baseline -0.001 -12"><span class='ocrx_word' id='word_1_455' title='bbox 475 3234 754 3312; x_wconf 86' lang='lat' dir='ltr'><strong>descendit</strong></span> <span class='ocrx_word' id='word_1_456' title='bbox 803 3257 857 3309; x_wconf 90' lang='lat' dir='ltr'><strong>in</strong></span> <span class='ocrx_word' id='word_1_457' title='bbox 917 3270 1016 3309; x_wconf 92' lang='lat' dir='ltr'><strong>suo</strong></span> <span class='ocrx_word' id='word_1_458' title='bbox 1075 3253 1465 3324; x_wconf 87' lang='lat' dir='ltr'><strong>gloriosissimo</strong></span> <span class='ocrx_word' id='word_1_459' title='bbox 1519 3261 1739 3306; x_wconf 90' lang='lat' dir='ltr'><strong>auctore</strong></span> <span class='ocrx_word' id='word_1_460' title='bbox 1792 3251 2007 3307; x_wconf 86' lang='lat' dir='ltr'><strong>Christo</strong></span> <span class='ocrx_word' id='word_1_461' title='bbox 2037 3271 2050 3306; x_wconf 88' lang='lat'><strong>:</strong></span> <span class='ocrx_word' id='word_1_462' title='bbox 2082 3234 2126 3295; x_wconf 67' lang='grc' dir='ltr'><strong>(ἶ</strong></span> <span class='ocrx_word' id='word_1_463' title='bbox 2156 3256 2289 3312; x_wconf 88' lang='lat' dir='ltr'><strong>orbe</strong></span> <span class='ocrx_word' id='word_1_464' title='bbox 2317 3263 2586 3310; x_wconf 88' lang='lat' dir='ltr'><strong>terrarum</strong></span> <span class='ocrx_word' id='word_1_465' title='bbox 2622 3254 2835 3310; x_wconf 73' lang='lat' dir='ltr'><strong>diffusa.</strong></span> <span class='ocrx_word' id='word_1_466' title='bbox 2867 3254 2991 3310; x_wconf 61' lang='lat' dir='ltr'><strong>llaec</strong></span> <span class='ocrx_word' id='word_1_467' title='bbox 3018 3257 3315 3310; x_wconf 87' lang='lat' dir='ltr'><strong>estdomus</strong></span> <span class='ocrx_word' id='word_1_468' title='bbox 3359 3255 3474 3321; x_wconf 87' lang='lat' dir='ltr'><strong>Dei,</strong></span> <span class='ocrx_word' id='word_1_469' title='bbox 3510 3265 3578 3310; x_wconf 89' lang='lat' dir='ltr'><strong>et</strong></span> <span class='ocrx_word' id='word_1_470' title='bbox 3621 3265 3751 3309; x_wconf 84' lang='lat' dir='ltr'><strong>tem-</strong></span> 
     </span>
    </p>
   </div>
   <div class='ocr_carea' id='block_1_62' title="bbox 476 3347 2055 3420">
    <p class='ocr_par' dir='ltr' id='par_1_62' title="bbox 476 3347 2055 3420">
     <span class='ocr_line' id='line_1_62' title="bbox 476 3347 2055 3420; baseline -0.001 -18"><span class='ocrx_word' id='word_1_471' title='bbox 476 3357 806 3420; x_wconf 89' lang='lat' dir='ltr'><strong>quapropter</strong></span> <span class='ocrx_word' id='word_1_472' title='bbox 835 3347 1202 3403; x_wconf 77' lang='lat' dir='ltr'><strong>Christianum</strong></span> <span class='ocrx_word' id='word_1_473' title='bbox 1256 3362 1451 3402; x_wconf 90' lang='lat' dir='ltr'><strong>nomen</strong></span> <span class='ocrx_word' id='word_1_474' title='bbox 1502 3361 1607 3401; x_wconf 92' lang='lat' dir='ltr'><strong>non</strong></span> <span class='ocrx_word' id='word_1_475' title='bbox 1637 3354 1721 3401; x_wconf 89' lang='lat' dir='ltr'><strong>est</strong></span> <span class='ocrx_word' id='word_1_476' title='bbox 1758 3355 2055 3412; x_wconf 90' lang='lat' dir='ltr'><strong>terrenum,</strong></span> 
     </span>
    </p>
   </div>
   <div class='ocr_carea' id='block_1_63' title="bbox 477 3439 2056 3511">
    <p class='ocr_par' dir='ltr' id='par_1_63' title="bbox 477 3439 2056 3511">
     <span class='ocr_line' id='line_1_63' title="bbox 477 3439 2056 3511; baseline -0.001 -15"><span class='ocrx_word' id='word_1_477' title='bbox 477 3440 744 3496; x_wconf 90' lang='lat' dir='ltr'><strong>catholica</strong></span> <span class='ocrx_word' id='word_1_478' title='bbox 775 3439 963 3511; x_wconf 85' lang='lat' dir='ltr'><strong>religio</strong></span> <span class='ocrx_word' id='word_1_479' title='bbox 989 3455 1096 3495; x_wconf 94' lang='lat' dir='ltr'><strong>non</strong></span> <span class='ocrx_word' id='word_1_480' title='bbox 1133 3447 1218 3495; x_wconf 91' lang='lat' dir='ltr'><strong>est</strong></span> <span class='ocrx_word' id='word_1_481' title='bbox 1264 3439 1600 3504; x_wconf 81' lang='lat' dir='ltr'><strong>transitoria,</strong></span> <span class='ocrx_word' id='word_1_482' title='bbox 1631 3439 1724 3494; x_wconf 89' lang='lat' dir='ltr'><strong>sed</strong></span> <span class='ocrx_word' id='word_1_483' title='bbox 1755 3449 2014 3509; x_wconf 87' lang='lat' dir='ltr'><strong>perpetua</strong></span> <span class='ocrx_word' id='word_1_484' title='bbox 2041 3454 2056 3494; x_wconf 92' lang='lat'><strong>:</strong></span> 
     </span>
    </p>
   </div>
   <div class='ocr_carea' id='block_1_64' title="bbox 483 3532 2058 3601">
    <p class='ocr_par' dir='ltr' id='par_1_64' title="bbox 483 3532 2058 3601">
     <span class='ocr_line' id='line_1_64' title="bbox 483 3532 2058 3601; baseline -0.003 -11"><span class='ocrx_word' id='word_1_485' title='bbox 483 3551 586 3592; x_wconf 78' lang='lat' dir='ltr'><strong>nec</strong></span> <span class='ocrx_word' id='word_1_486' title='bbox 600 3534 718 3590; x_wconf 88' lang='lat' dir='ltr'><strong>vilis</strong></span> <span class='ocrx_word' id='word_1_487' title='bbox 729 3542 832 3599; x_wconf 90' lang='lat' dir='ltr'><strong>est,</strong></span> <span class='ocrx_word' id='word_1_488' title='bbox 849 3534 945 3590; x_wconf 92' lang='lat' dir='ltr'><strong>sed</strong></span> <span class='ocrx_word' id='word_1_489' title='bbox 960 3533 1274 3588; x_wconf 86' lang='lat' dir='ltr'><strong>charissima</strong></span> <span class='ocrx_word' id='word_1_490' title='bbox 1287 3532 1504 3588; x_wconf 88' lang='lat' dir='ltr'><strong>Christo</strong></span> <span class='ocrx_word' id='word_1_491' title='bbox 1525 3541 1774 3601; x_wconf 87' lang='lat' dir='ltr'><strong>tanquam</strong></span> <span class='ocrx_word' id='word_1_492' title='bbox 1797 3547 1893 3586; x_wconf 87' lang='lat' dir='ltr'><strong>sua</strong></span> <span class='ocrx_word' id='word_1_493' title='bbox 1907 3547 2058 3597; x_wconf 91' lang='lat' dir='ltr'><strong>caro,</strong></span> 
     </span>
    </p>
   </div>
   <div class='ocr_carea' id='block_1_65' title="bbox 475 3624 2062 3699">
    <p class='ocr_par' dir='ltr' id='par_1_65' title="bbox 475 3624 2062 3699">
     <span class='ocr_line' id='line_1_65' title="bbox 475 3624 2062 3699; baseline -0.003 -15"><span class='ocrx_word' id='word_1_494' title='bbox 475 3643 734 3699; x_wconf 79' lang='lat' dir='ltr'><strong>tanquam</strong></span> <span class='ocrx_word' id='word_1_495' title='bbox 755 3643 852 3683; x_wconf 86' lang='lat' dir='ltr'><strong>sua</strong></span> <span class='ocrx_word' id='word_1_496' title='bbox 864 3628 1239 3697; x_wconf 87' lang='lat' dir='ltr'><strong>anima,quam</strong></span> <span class='ocrx_word' id='word_1_497' title='bbox 1269 3626 1430 3681; x_wconf 90' lang='lat' dir='ltr'><strong>morti</strong></span> <span class='ocrx_word' id='word_1_498' title='bbox 1455 3624 1672 3681; x_wconf 85' lang='lat' dir='ltr'><strong>tradidit</strong></span> <span class='ocrx_word' id='word_1_499' title='bbox 1691 3641 1789 3696; x_wconf 91' lang='lat' dir='ltr'><strong>pro</strong></span> <span class='ocrx_word' id='word_1_500' title='bbox 1817 3626 2062 3680; x_wconf 79' lang='lat' dir='ltr'><strong>christia-</strong></span> 
     </span>
    </p>
   </div>
   <div class='ocr_carea' id='block_1_66' title="bbox 478 3715 2062 3790">
    <p class='ocr_par' dir='ltr' id='par_1_66' title="bbox 478 3715 2062 3790">
     <span class='ocr_line' id='line_1_66' title="bbox 478 3715 2062 3790; baseline -0.004 -14"><span class='ocrx_word' id='word_1_501' title='bbox 478 3722 648 3776; x_wconf 90' lang='lat' dir='ltr'><strong>nitate</strong></span> <span class='ocrx_word' id='word_1_502' title='bbox 662 3735 782 3790; x_wconf 67' lang='lat' dir='ltr'><strong>qua:</strong></span> <span class='ocrx_word' id='word_1_503' title='bbox 797 3729 878 3774; x_wconf 91' lang='lat' dir='ltr'><strong>est</strong></span> <span class='ocrx_word' id='word_1_504' title='bbox 890 3719 1117 3773; x_wconf 88' lang='lat' dir='ltr'><strong>thronus</strong></span> <span class='ocrx_word' id='word_1_505' title='bbox 1131 3717 1268 3788; x_wconf 90' lang='lat' dir='ltr'><strong>ejus,</strong></span> <span class='ocrx_word' id='word_1_506' title='bbox 1283 3717 1516 3772; x_wconf 86' lang='lat' dir='ltr'><strong>ecclesia</strong></span> <span class='ocrx_word' id='word_1_507' title='bbox 1528 3715 1644 3784; x_wconf 89' lang='lat' dir='ltr'><strong>ejus</strong></span> <span class='ocrx_word' id='word_1_508' title='bbox 1674 3715 1928 3785; x_wconf 80' lang='lat' dir='ltr'><strong>templum</strong></span> <span class='ocrx_word' id='word_1_509' title='bbox 1943 3716 2062 3785; x_wconf 83' lang='lat' dir='ltr'><strong>ejus</strong></span> 
     </span>
    </p>
   </div>
   <div class='ocr_carea' id='block_1_67' title="bbox 479 3807 2060 3882">
    <p class='ocr_par' dir='ltr' id='par_1_67' title="bbox 479 3807 2060 3882">
     <span class='ocr_line' id='line_1_67' title="bbox 479 3807 2060 3882; baseline -0.004 -13"><span class='ocrx_word' id='word_1_510' title='bbox 479 3823 595 3869; x_wconf 84' lang='lat' dir='ltr'><strong>est:</strong></span> <span class='ocrx_word' id='word_1_511' title='bbox 618 3831 636 3866; x_wconf 77' lang='grc' dir='ltr'>ι</span> <span class='ocrx_word' id='word_1_512' title='bbox 660 3811 964 3882; x_wconf 89' lang='lat' dir='ltr'><strong>Templum,</strong></span> <span class='ocrx_word' id='word_1_513' title='bbox 992 3810 1166 3881; x_wconf 91' lang='lat' dir='ltr'><strong>inquit</strong></span> <span class='ocrx_word' id='word_1_514' title='bbox 1193 3809 1502 3880; x_wconf 81' lang='lat' dir='ltr'><strong>Apostolus,</strong></span> <span class='ocrx_word' id='word_1_515' title='bbox 1526 3817 1774 3862; x_wconf 89' lang='lat' dir='ltr'><strong>sanctum</strong></span> <span class='ocrx_word' id='word_1_516' title='bbox 1800 3816 1884 3862; x_wconf 90' lang='lat' dir='ltr'><strong>est</strong></span> <span class='ocrx_word' id='word_1_517' title='bbox 1916 3807 2060 3876; x_wconf 92' lang='lat' dir='ltr'><strong>quod</strong></span> 
     </span>
    </p>
   </div>
   <div class='ocr_carea' id='block_1_68' title="bbox 485 3897 2060 3974">
    <p class='ocr_par' dir='ltr' id='par_1_68' title="bbox 485 3897 2060 3974">
     <span class='ocr_line' id='line_1_68' title="bbox 485 3897 2060 3974; baseline -0.004 -13"><span class='ocrx_word' id='word_1_518' title='bbox 485 3905 618 3961; x_wconf 85' lang='lat' dir='ltr'><strong>estis</strong></span> <span class='ocrx_word' id='word_1_519' title='bbox 654 3919 754 3959; x_wconf 93' lang='lat' dir='ltr'><strong>vos</strong></span> <span class='ocrx_word' id='word_1_520' title='bbox 779 3902 828 3974; x_wconf 87' lang='grc'><strong>(1</strong></span> <span class='ocrx_word' id='word_1_521' title='bbox 857 3901 980 3957; x_wconf 88' lang='lat' dir='ltr'><strong>Cor.</strong></span> <span class='ocrx_word' id='word_1_522' title='bbox 1008 3917 1092 3967; x_wconf 87' lang='lat' dir='ltr'><strong>tu,</strong></span> <span class='ocrx_word' id='word_1_523' title='bbox 1125 3901 1214 3972; x_wconf 84' lang='grc'><strong>17)</strong></span> <span class='ocrx_word' id='word_1_524' title='bbox 1245 3919 1264 3954; x_wconf 68' lang='grc' dir='ltr'><strong><em>ι</em></strong></span> <span class='ocrx_word' id='word_1_525' title='bbox 1294 3900 1612 3955; x_wconf 90' lang='lat' dir='ltr'><strong>Christiani.</strong></span> <span class='ocrx_word' id='word_1_526' title='bbox 1642 3897 1852 3954; x_wconf 91' lang='lat' dir='ltr'><strong>Ostium</strong></span> <span class='ocrx_word' id='word_1_527' title='bbox 1882 3908 2060 3954; x_wconf 89' lang='lat' dir='ltr'><strong>autem</strong></span> 
     </span>
    </p>
   </div>
   <div class='ocr_carea' id='block_1_69' title="bbox 481 3990 2062 4065">
    <p class='ocr_par' dir='ltr' id='par_1_69' title="bbox 481 3990 2062 4065">
     <span class='ocr_line' id='line_1_69' title="bbox 481 3990 2062 4065; baseline -0.003 -14"><span class='ocrx_word' id='word_1_528' title='bbox 481 4006 540 4051; x_wconf 91' lang='lat' dir='ltr'><strong>et</strong></span> <span class='ocrx_word' id='word_1_529' title='bbox 563 3996 728 4064; x_wconf 85' lang='lat' dir='ltr'><strong>jauua</strong></span> <span class='ocrx_word' id='word_1_530' title='bbox 750 4004 803 4051; x_wconf 91' lang='lat' dir='ltr'><strong>et</strong></span> <span class='ocrx_word' id='word_1_531' title='bbox 817 4003 972 4065; x_wconf 90' lang='lat' dir='ltr'><strong>porta</strong></span> <span class='ocrx_word' id='word_1_532' title='bbox 994 3992 1153 4063; x_wconf 84' lang='lat' dir='ltr'><strong>hujus</strong></span> <span class='ocrx_word' id='word_1_533' title='bbox 1178 3992 1413 4048; x_wconf 89' lang='lat' dir='ltr'><strong>civitatis</strong></span> <span class='ocrx_word' id='word_1_534' title='bbox 1434 3999 1490 4046; x_wconf 91' lang='lat' dir='ltr'><strong>et</strong></span> <span class='ocrx_word' id='word_1_535' title='bbox 1518 3991 1699 4061; x_wconf 89' lang='lat' dir='ltr'><strong>templi</strong></span> <span class='ocrx_word' id='word_1_536' title='bbox 1715 3990 2062 4047; x_wconf 87' lang='lat' dir='ltr'><strong>estChristus</strong></span> 
     </span>
    </p>
   </div>
   <div class='ocr_carea' id='block_1_70' title="bbox 481 4081 2063 4152">
    <p class='ocr_par' dir='ltr' id='par_1_70' title="bbox 481 4081 2063 4152">
     <span class='ocr_line' id='line_1_70' title="bbox 481 4081 2063 4152; baseline -0.003 -11"><span class='ocrx_word' id='word_1_537' title='bbox 481 4086 743 4141; x_wconf 85' lang='lat' dir='ltr'><strong>Dominus</strong></span> <span class='ocrx_word' id='word_1_538' title='bbox 785 4094 842 4139; x_wconf 91' lang='lat' dir='ltr'><strong>et</strong></span> <span class='ocrx_word' id='word_1_539' title='bbox 880 4083 1024 4139; x_wconf 85' lang='lat' dir='ltr'><strong>Deus</strong></span> <span class='ocrx_word' id='word_1_540' title='bbox 1070 4092 1275 4139; x_wconf 87' lang='lat' dir='ltr'><strong>noster.</strong></span> <span class='ocrx_word' id='word_1_541' title='bbox 1310 4081 1448 4137; x_wconf 86' lang='lat' dir='ltr'><strong>lluic</strong></span> <span class='ocrx_word' id='word_1_542' title='bbox 1491 4081 1657 4137; x_wconf 89' lang='lat' dir='ltr'><strong>etiam</strong></span> <span class='ocrx_word' id='word_1_543' title='bbox 1709 4091 1840 4152; x_wconf 89' lang='lat' dir='ltr'><strong>puto</strong></span> <span class='ocrx_word' id='word_1_544' title='bbox 1896 4081 2063 4138; x_wconf 85' lang='lat' dir='ltr'><strong>Jaeob</strong></span> 
     </span>
    </p>
   </div>
   <div class='ocr_carea' id='block_1_71' title="bbox 481 4173 2060 4248">
    <p class='ocr_par' dir='ltr' id='par_1_71' title="bbox 481 4173 2060 4248">
     <span class='ocr_line' id='line_1_71' title="bbox 481 4173 2060 4248; baseline -0.003 -15"><span class='ocrx_word' id='word_1_545' title='bbox 481 4177 849 4248; x_wconf 83' lang='lat' dir='ltr'><strong>patriarcham</strong></span> <span class='ocrx_word' id='word_1_546' title='bbox 875 4174 1080 4231; x_wconf 80' lang='lat' dir='ltr'><strong>dixisse</strong></span> <span class='ocrx_word' id='word_1_547' title='bbox 1105 4189 1122 4230; x_wconf 83' lang='lat'><strong>:</strong></span> <span class='ocrx_word' id='word_1_548' title='bbox 1151 4194 1170 4227; x_wconf 76' lang='grc' dir='ltr'>ι</span> <span class='ocrx_word' id='word_1_549' title='bbox 1205 4173 1342 4230; x_wconf 88' lang='lat' dir='ltr'><strong>Vere</strong></span> <span class='ocrx_word' id='word_1_550' title='bbox 1371 4174 1520 4230; x_wconf 88' lang='lat' dir='ltr'><strong>locus</strong></span> <span class='ocrx_word' id='word_1_551' title='bbox 1560 4175 1664 4230; x_wconf 89' lang='lat' dir='ltr'><strong>iste</strong></span> <span class='ocrx_word' id='word_1_552' title='bbox 1716 4184 1937 4231; x_wconf 90' lang='lat' dir='ltr'><strong>sanctus</strong></span> <span class='ocrx_word' id='word_1_553' title='bbox 1957 4185 2060 4241; x_wconf 90' lang='lat' dir='ltr'><strong>est,</strong></span> 
     </span>
    </p>
   </div>
   <div class='ocr_carea' id='block_1_72' title="bbox 479 4262 2056 4338">
    <p class='ocr_par' dir='ltr' id='par_1_72' title="bbox 479 4262 2056 4338">
     <span class='ocr_line' id='line_1_72' title="bbox 479 4262 2056 4338; baseline -0.003 -14"><span class='ocrx_word' id='word_1_554' title='bbox 479 4275 536 4324; x_wconf 91' lang='lat' dir='ltr'><strong>et</strong></span> <span class='ocrx_word' id='word_1_555' title='bbox 555 4266 687 4322; x_wconf 89' lang='lat' dir='ltr'><strong>nihil</strong></span> <span class='ocrx_word' id='word_1_556' title='bbox 710 4265 851 4320; x_wconf 90' lang='lat' dir='ltr'><strong>aliud</strong></span> <span class='ocrx_word' id='word_1_557' title='bbox 878 4273 981 4328; x_wconf 87' lang='lat' dir='ltr'><strong>est,</strong></span> <span class='ocrx_word' id='word_1_558' title='bbox 1011 4265 1115 4320; x_wconf 89' lang='lat' dir='ltr'><strong>nisi</strong></span> <span class='ocrx_word' id='word_1_559' title='bbox 1144 4265 1338 4320; x_wconf 88' lang='lat' dir='ltr'><strong>domus</strong></span> <span class='ocrx_word' id='word_1_560' title='bbox 1353 4263 1450 4319; x_wconf 91' lang='lat' dir='ltr'><strong>Dei</strong></span> <span class='ocrx_word' id='word_1_561' title='bbox 1492 4262 1649 4332; x_wconf 81' lang='lat' dir='ltr'><strong>(Gen.</strong></span> <span class='ocrx_word' id='word_1_562' title='bbox 1672 4281 1864 4333; x_wconf 83' lang='lat' dir='ltr'><strong>xxvut,</strong></span> <span class='ocrx_word' id='word_1_563' title='bbox 1899 4267 2013 4338; x_wconf 83' lang='grc'><strong>16),</strong></span> <span class='ocrx_word' id='word_1_564' title='bbox 2036 4287 2056 4319; x_wconf 70' lang='grc' dir='ltr'><strong><em>ο</em></strong></span> 
     </span>
    </p>
   </div>
   <div class='ocr_carea' id='block_1_73' title="bbox 482 4349 2065 4429">
    <p class='ocr_par' dir='ltr' id='par_1_73' title="bbox 482 4349 2065 4429">
     <span class='ocr_line' id='line_1_73' title="bbox 482 4349 2065 4429; baseline 0.002 -17"><span class='ocrx_word' id='word_1_565' title='bbox 482 4374 605 4429; x_wconf 68' lang='lat' dir='ltr'><strong>qua:</strong></span> <span class='ocrx_word' id='word_1_566' title='bbox 651 4365 737 4413; x_wconf 90' lang='lat' dir='ltr'><strong>est</strong></span> <span class='ocrx_word' id='word_1_567' title='bbox 784 4349 1192 4422; x_wconf 85' lang='lat' dir='ltr'><strong>Christianitas,</strong></span> <span class='ocrx_word' id='word_1_568' title='bbox 1239 4368 1295 4411; x_wconf 92' lang='lat' dir='ltr'><strong>et</strong></span> <span class='ocrx_word' id='word_1_569' title='bbox 1337 4375 1356 4408; x_wconf 74' lang='grc' dir='ltr'>ι</span> <span class='ocrx_word' id='word_1_570' title='bbox 1392 4365 1546 4426; x_wconf 90' lang='lat' dir='ltr'><strong>porta</strong></span> <span class='ocrx_word' id='word_1_571' title='bbox 1597 4358 1738 4424; x_wconf 84' lang='lat' dir='ltr'><strong>coeli,</strong></span> <span class='ocrx_word' id='word_1_572' title='bbox 1781 4377 1800 4410; x_wconf 75' lang='grc' dir='ltr'><strong><em>ι</em></strong></span> <span class='ocrx_word' id='word_1_573' title='bbox 1833 4374 1953 4429; x_wconf 78' lang='lat' dir='ltr'><strong>quae</strong></span> <span class='ocrx_word' id='word_1_574' title='bbox 1981 4369 2065 4415; x_wconf 89' lang='lat' dir='ltr'><strong>est</strong></span> 
     </span>
    </p>
   </div>
   <div class='ocr_carea' id='block_1_74' title="bbox 483 4447 2060 4520">
    <p class='ocr_par' dir='ltr' id='par_1_74' title="bbox 483 4447 2060 4520">
     <span class='ocr_line' id='line_1_74' title="bbox 483 4447 2060 4520; baseline -0.001 -14"><span class='ocrx_word' id='word_1_575' title='bbox 483 4450 752 4506; x_wconf 88' lang='lat' dir='ltr'><strong>Christus.</strong></span> <span class='ocrx_word' id='word_1_576' title='bbox 780 4447 872 4504; x_wconf 91' lang='lat' dir='ltr'><strong>Sic</strong></span> <span class='ocrx_word' id='word_1_577' title='bbox 916 4448 1033 4518; x_wconf 91' lang='lat' dir='ltr'><strong>ipsc</strong></span> <span class='ocrx_word' id='word_1_578' title='bbox 1079 4447 1427 4518; x_wconf 86' lang='lat' dir='ltr'><strong>approbans:</strong></span> <span class='ocrx_word' id='word_1_579' title='bbox 1465 4467 1484 4500; x_wconf 72' lang='grc' dir='ltr'>ι</span> <span class='ocrx_word' id='word_1_580' title='bbox 1519 4447 1651 4520; x_wconf 87' lang='lat' dir='ltr'><strong>Ego,</strong></span> <span class='ocrx_word' id='word_1_581' title='bbox 1701 4451 1896 4520; x_wconf 88' lang='lat' dir='ltr'><strong>inquit,</strong></span> <span class='ocrx_word' id='word_1_582' title='bbox 1941 4466 2060 4506; x_wconf 93' lang='lat' dir='ltr'><strong>sum</strong></span> 
     </span>
    </p>
   </div>
   <div class='ocr_carea' id='block_1_75' title="bbox 484 4535 2055 4612">
    <p class='ocr_par' dir='ltr' id='par_1_75' title="bbox 484 4535 2055 4612">
     <span class='ocr_line' id='line_1_75' title="bbox 484 4535 2055 4612; baseline -0.002 -17"><span class='ocrx_word' id='word_1_583' title='bbox 484 4539 704 4595; x_wconf 86' lang='lat' dir='ltr'><strong>ostium.</strong></span> <span class='ocrx_word' id='word_1_584' title='bbox 730 4535 834 4592; x_wconf 83' lang='lat' dir='ltr'><strong>Per</strong></span> <span class='ocrx_word' id='word_1_585' title='bbox 861 4551 946 4593; x_wconf 86' lang='lat' dir='ltr'><strong>me</strong></span> <span class='ocrx_word' id='word_1_586' title='bbox 979 4537 1028 4593; x_wconf 92' lang='lat' dir='ltr'><strong>si</strong></span> <span class='ocrx_word' id='word_1_587' title='bbox 1060 4537 1184 4608; x_wconf 83' lang='lat' dir='ltr'><strong>quis</strong></span> <span class='ocrx_word' id='word_1_588' title='bbox 1211 4536 1504 4604; x_wconf 89' lang='lat' dir='ltr'><strong>introierit,</strong></span> <span class='ocrx_word' id='word_1_589' title='bbox 1531 4538 1829 4595; x_wconf 90' lang='lat' dir='ltr'><strong>salvabitur</strong></span> <span class='ocrx_word' id='word_1_590' title='bbox 1873 4538 2055 4612; x_wconf 84' lang='lat' dir='ltr'><strong>(Joan.</strong></span> 
     </span>
    </p>
   </div>
   <div class='ocr_carea' id='block_1_76' title="bbox 487 4627 683 4700">
    <p class='ocr_par' dir='ltr' id='par_1_76' title="bbox 487 4627 683 4700">
     <span class='ocr_line' id='line_1_76' title="bbox 487 4627 683 4700; baseline -0.015 -16"><span class='ocrx_word' id='word_1_591' title='bbox 487 4644 544 4696; x_wconf 77' lang='grc' dir='ltr'><strong>ι,</strong></span> <span class='ocrx_word' id='word_1_592' title='bbox 560 4627 636 4700; x_wconf 83' lang='lat'><strong>9).</strong></span> <span class='ocrx_word' id='word_1_593' title='bbox 662 4645 683 4681; x_wconf 72' lang='grc' dir='ltr'><strong><em>ι</em></strong></span> 
     </span>
    </p>
   </div>
   <div class='ocr_carea' id='block_1_77' title="bbox 558 4716 2066 4792">
    <p class='ocr_par' dir='ltr' id='par_1_77' title="bbox 558 4716 2066 4792">
     <span class='ocr_line' id='line_1_77' title="bbox 558 4716 2066 4792; baseline 0.002 -17"><span class='ocrx_word' id='word_1_594' title='bbox 558 4721 725 4792; x_wconf 83' lang='lat' dir='ltr'><strong>Ergo,</strong></span> <span class='ocrx_word' id='word_1_595' title='bbox 774 4716 992 4787; x_wconf 79' lang='lat' dir='ltr'><strong>fratres,</strong></span> <span class='ocrx_word' id='word_1_596' title='bbox 1040 4731 1313 4780; x_wconf 84' lang='lat' dir='ltr'><strong>certemus</strong></span> <span class='ocrx_word' id='word_1_597' title='bbox 1363 4724 1572 4780; x_wconf 88' lang='lat' dir='ltr'><strong>cunctis</strong></span> <span class='ocrx_word' id='word_1_598' title='bbox 1628 4723 1854 4789; x_wconf 90' lang='lat' dir='ltr'><strong>nisibus,</strong></span> <span class='ocrx_word' id='word_1_599' title='bbox 1906 4721 2066 4778; x_wconf 90' lang='lat' dir='ltr'><strong>celsis</strong></span> 
     </span>
    </p>
   </div>
   <div class='ocr_carea' id='block_1_78' title="bbox 485 4811 2065 4884">
    <p class='ocr_par' dir='ltr' id='par_1_78' title="bbox 485 4811 2065 4884">
     <span class='ocr_line' id='line_1_78' title="bbox 485 4811 2065 4884; baseline 0.002 -19"><span class='ocrx_word' id='word_1_600' title='bbox 485 4826 701 4882; x_wconf 87' lang='lat' dir='ltr'><strong>quoque</strong></span> <span class='ocrx_word' id='word_1_601' title='bbox 733 4811 1036 4878; x_wconf 84' lang='lat' dir='ltr'><strong>desideriis,</strong></span> <span class='ocrx_word' id='word_1_602' title='bbox 1089 4814 1320 4884; x_wconf 90' lang='lat' dir='ltr'><strong>denique</strong></span> <span class='ocrx_word' id='word_1_603' title='bbox 1367 4815 1573 4871; x_wconf 88' lang='lat' dir='ltr'><strong>orando</strong></span> <span class='ocrx_word' id='word_1_604' title='bbox 1621 4815 1738 4870; x_wconf 90' lang='lat' dir='ltr'><strong>sine</strong></span> <span class='ocrx_word' id='word_1_605' title='bbox 1792 4814 2065 4868; x_wconf 90' lang='lat' dir='ltr'><strong>intermis-</strong></span> 
     </span>
    </p>
   </div>
   <div class='ocr_carea' id='block_1_79' title="bbox 484 4902 2064 4975">
    <p class='ocr_par' dir='ltr' id='par_1_79' title="bbox 484 4902 2064 4975">
     <span class='ocr_line' id='line_1_79' title="bbox 484 4902 2064 4975; baseline -0.001 -18"><span class='ocrx_word' id='word_1_606' title='bbox 484 4902 661 4969; x_wconf 81' lang='lat' dir='ltr'><strong>sione,</strong></span> <span class='ocrx_word' id='word_1_607' title='bbox 740 4903 818 4957; x_wconf 91' lang='lat' dir='ltr'><strong>uti</strong></span> <span class='ocrx_word' id='word_1_608' title='bbox 892 4902 1151 4958; x_wconf 90' lang='lat' dir='ltr'><strong>docemur</strong></span> <span class='ocrx_word' id='word_1_609' title='bbox 1201 4905 1495 4975; x_wconf 88' lang='lat' dir='ltr'><strong>apostolica</strong></span> <span class='ocrx_word' id='word_1_610' title='bbox 1575 4919 1728 4968; x_wconf 89' lang='lat' dir='ltr'><strong>voce,</strong></span> <span class='ocrx_word' id='word_1_611' title='bbox 1797 4910 2064 4974; x_wconf 83' lang='lat' dir='ltr'><strong>quatenus</strong></span> 
     </span>
    </p>
   </div>
   <div class='ocr_carea' id='block_1_80' title="bbox 487 4991 2062 5064">
    <p class='ocr_par' dir='ltr' id='par_1_80' title="bbox 487 4991 2062 5064">
     <span class='ocr_line' id='line_1_80' title="bbox 487 4991 2062 5064; baseline -0.003 -15"><span class='ocrx_word' id='word_1_612' title='bbox 487 4993 750 5064; x_wconf 88' lang='lat' dir='ltr'><strong>immensa</strong></span> <span class='ocrx_word' id='word_1_613' title='bbox 804 4992 928 5064; x_wconf 14' lang='lat' dir='ltr'><strong>Dei,</strong></span> <span class='ocrx_word' id='word_1_614' title='bbox 973 4993 1320 5049; x_wconf 88' lang='lat' dir='ltr'><strong>miseratione</strong></span> <span class='ocrx_word' id='word_1_615' title='bbox 1381 4995 1527 5064; x_wconf 82' lang='lat' dir='ltr'><strong>digni</strong></span> <span class='ocrx_word' id='word_1_616' title='bbox 1583 5007 1891 5048; x_wconf 89' lang='lat' dir='ltr'><strong>mereamur</strong></span> <span class='ocrx_word' id='word_1_617' title='bbox 1948 4991 2062 5064; x_wconf 77' lang='lat' dir='ltr'><strong>fieri</strong></span> 
     </span>
    </p>
   </div>
   <div class='ocr_carea' id='block_1_81' title="bbox 486 5063 2066 5134">
    <p class='ocr_par' dir='ltr' id='par_1_81' title="bbox 486 5063 2066 5134">
     <span class='ocr_line' id='line_1_81' title="bbox 486 5063 2066 5134; baseline -0.003 -15"><span class='ocrx_word' id='word_1_618' title='bbox 486 5063 660 5134; x_wconf 86' lang='lat' dir='ltr'><strong>magis</strong></span> <span class='ocrx_word' id='word_1_619' title='bbox 693 5078 758 5119; x_wconf 91' lang='lat' dir='ltr'><strong>ac</strong></span> <span class='ocrx_word' id='word_1_620' title='bbox 787 5063 964 5134; x_wconf 85' lang='lat' dir='ltr'><strong>magis</strong></span> <span class='ocrx_word' id='word_1_621' title='bbox 996 5064 1200 5119; x_wconf 88' lang='lat' dir='ltr'><strong>intrare</strong></span> <span class='ocrx_word' id='word_1_622' title='bbox 1222 5078 1319 5134; x_wconf 89' lang='lat' dir='ltr'><strong>per</strong></span> <span class='ocrx_word' id='word_1_623' title='bbox 1345 5063 1473 5119; x_wconf 81' lang='lat' dir='ltr'><strong>illud</strong></span> <span class='ocrx_word' id='word_1_624' title='bbox 1495 5065 1718 5128; x_wconf 86' lang='lat' dir='ltr'><strong>ostium,</strong></span> <span class='ocrx_word' id='word_1_625' title='bbox 1742 5078 1807 5118; x_wconf 91' lang='lat' dir='ltr'><strong>ac</strong></span> <span class='ocrx_word' id='word_1_626' title='bbox 1827 5063 2066 5131; x_wconf 87' lang='lat' dir='ltr'><strong>quotidie</strong></span> 
     </span>
    </p>
   </div>
   <div class='ocr_carea' id='block_1_82' title="bbox 489 5152 2069 5225">
    <p class='ocr_par' dir='ltr' id='par_1_82' title="bbox 489 5152 2069 5225">
     <span class='ocr_line' id='line_1_82' title="bbox 489 5152 2069 5225; baseline -0.003 -15"><span class='ocrx_word' id='word_1_627' title='bbox 489 5155 666 5212; x_wconf 88' lang='lat' dir='ltr'><strong>idonei</strong></span> <span class='ocrx_word' id='word_1_628' title='bbox 721 5163 1107 5225; x_wconf 89' lang='lat' dir='ltr'><strong>cooperatores</strong></span> <span class='ocrx_word' id='word_1_629' title='bbox 1161 5155 1399 5212; x_wconf 81' lang='lat' dir='ltr'><strong>existere</strong></span> <span class='ocrx_word' id='word_1_630' title='bbox 1451 5155 1688 5210; x_wconf 89' lang='lat' dir='ltr'><strong>civitatis</strong></span> <span class='ocrx_word' id='word_1_631' title='bbox 1735 5152 1962 5217; x_wconf 86' lang='lat' dir='ltr'><strong>Christi,</strong></span> <span class='ocrx_word' id='word_1_632' title='bbox 2013 5159 2069 5207; x_wconf 91' lang='lat' dir='ltr'><strong>et</strong></span> 
     </span>
    </p>
   </div>
   <div class='ocr_carea' id='block_1_83' title="bbox 488 5244 2067 5317">
    <p class='ocr_par' dir='ltr' id='par_1_83' title="bbox 488 5244 2067 5317">
     <span class='ocr_line' id='line_1_83' title="bbox 488 5244 2067 5317; baseline -0.004 -14"><span class='ocrx_word' id='word_1_633' title='bbox 488 5261 739 5304; x_wconf 87' lang='lat' dir='ltr'><strong>crescere</strong></span> <span class='ocrx_word' id='word_1_634' title='bbox 775 5247 828 5301; x_wconf 91' lang='lat' dir='ltr'><strong>in</strong></span> <span class='ocrx_word' id='word_1_635' title='bbox 855 5247 956 5302; x_wconf 87' lang='lat' dir='ltr'><strong>ista</strong></span> <span class='ocrx_word' id='word_1_636' title='bbox 982 5245 1122 5301; x_wconf 92' lang='lat' dir='ltr'><strong>valle</strong></span> <span class='ocrx_word' id='word_1_637' title='bbox 1164 5245 1526 5317; x_wconf 85' lang='lat' dir='ltr'><strong>lacrymarum</strong></span> <span class='ocrx_word' id='word_1_638' title='bbox 1563 5247 1629 5301; x_wconf 92' lang='lat' dir='ltr'><strong>de</strong></span> <span class='ocrx_word' id='word_1_639' title='bbox 1650 5245 1847 5300; x_wconf 89' lang='lat' dir='ltr'><strong>virtute</strong></span> <span class='ocrx_word' id='word_1_640' title='bbox 1873 5245 1925 5298; x_wconf 91' lang='lat' dir='ltr'><strong>in</strong></span> <span class='ocrx_word' id='word_1_641' title='bbox 1959 5244 2067 5298; x_wconf 89' lang='lat' dir='ltr'><strong>vir—</strong></span> 
     </span>
    </p>
   </div>
   <div class='ocr_carea' id='block_1_84' title="bbox 492 5335 2070 5403">
    <p class='ocr_par' dir='ltr' id='par_1_84' title="bbox 492 5335 2070 5403">
     <span class='ocr_line' id='line_1_84' title="bbox 492 5335 2070 5403; baseline -0.002 -11"><span class='ocrx_word' id='word_1_642' title='bbox 492 5347 686 5403; x_wconf 87' lang='lat' dir='ltr'><strong>tutem,</strong></span> <span class='ocrx_word' id='word_1_643' title='bbox 735 5341 906 5394; x_wconf 90' lang='lat' dir='ltr'><strong>donec</strong></span> <span class='ocrx_word' id='word_1_644' title='bbox 950 5337 1231 5393; x_wconf 88' lang='lat' dir='ltr'><strong>videamus</strong></span> <span class='ocrx_word' id='word_1_645' title='bbox 1273 5338 1441 5393; x_wconf 91' lang='lat' dir='ltr'><strong>Deum</strong></span> <span class='ocrx_word' id='word_1_646' title='bbox 1487 5339 1710 5392; x_wconf 90' lang='lat' dir='ltr'><strong>deorum</strong></span> <span class='ocrx_word' id='word_1_647' title='bbox 1747 5338 1799 5391; x_wconf 94' lang='lat' dir='ltr'><strong>in</strong></span> <span class='ocrx_word' id='word_1_648' title='bbox 1861 5335 2070 5391; x_wconf 61' lang='lat' dir='ltr'><strong>caelesti</strong></span> 
     </span>
    </p>
   </div>
   <div class='ocr_carea' id='block_1_85' title="bbox 496 5426 2068 5500">
    <p class='ocr_par' dir='ltr' id='par_1_85' title="bbox 496 5426 2068 5500">
     <span class='ocr_line' id='line_1_85' title="bbox 496 5426 2068 5500; baseline -0.001 -18"><span class='ocrx_word' id='word_1_649' title='bbox 496 5427 647 5482; x_wconf 85' lang='lat' dir='ltr'><strong>Sion.</strong></span> <span class='ocrx_word' id='word_1_650' title='bbox 678 5426 796 5482; x_wconf 83' lang='lat' dir='ltr'><strong>Jam</strong></span> <span class='ocrx_word' id='word_1_651' title='bbox 826 5428 1091 5498; x_wconf 90' lang='lat' dir='ltr'><strong>siquidem</strong></span> <span class='ocrx_word' id='word_1_652' title='bbox 1119 5429 1173 5484; x_wconf 93' lang='lat' dir='ltr'><strong>in</strong></span> <span class='ocrx_word' id='word_1_653' title='bbox 1199 5427 1287 5483; x_wconf 91' lang='lat' dir='ltr'><strong>illa</strong></span> <span class='ocrx_word' id='word_1_654' title='bbox 1305 5427 1711 5500; x_wconf 88' lang='lat' dir='ltr'><strong>congratulatur</strong></span> <span class='ocrx_word' id='word_1_655' title='bbox 1736 5444 1834 5483; x_wconf 91' lang='lat' dir='ltr'><strong>suo</strong></span> <span class='ocrx_word' id='word_1_656' title='bbox 1863 5427 2068 5483; x_wconf 91' lang='lat' dir='ltr'><strong>auctori</strong></span> 
     </span>
    </p>
   </div>
   <div class='ocr_carea' id='block_1_86' title="bbox 496 5516 2072 5590">
    <p class='ocr_par' dir='ltr' id='par_1_86' title="bbox 496 5516 2072 5590">
     <span class='ocr_line' id='line_1_86' title="bbox 496 5516 2072 5590; baseline 0 -18"><span class='ocrx_word' id='word_1_657' title='bbox 496 5516 733 5581; x_wconf 88' lang='lat' dir='ltr'><strong>Christo,</strong></span> <span class='ocrx_word' id='word_1_658' title='bbox 765 5533 969 5588; x_wconf 88' lang='lat' dir='ltr'><strong>suoque</strong></span> <span class='ocrx_word' id='word_1_659' title='bbox 997 5519 1298 5590; x_wconf 89' lang='lat' dir='ltr'><strong>congaudet</strong></span> <span class='ocrx_word' id='word_1_660' title='bbox 1319 5519 1668 5575; x_wconf 88' lang='lat' dir='ltr'><strong>fundamento</strong></span> <span class='ocrx_word' id='word_1_661' title='bbox 1694 5518 1930 5574; x_wconf 79' lang='lat' dir='ltr'><strong>maxima</strong></span> <span class='ocrx_word' id='word_1_662' title='bbox 1945 5534 2072 5587; x_wconf 91' lang='lat' dir='ltr'><strong>pars</strong></span> 
     </span>
    </p>
   </div>
   <div class='ocr_carea' id='block_1_87' title="bbox 497 5606 2071 5680">
    <p class='ocr_par' dir='ltr' id='par_1_87' title="bbox 497 5606 2071 5680">
     <span class='ocr_line' id='line_1_87' title="bbox 497 5606 2071 5680; baseline 0.002 -18"><span class='ocrx_word' id='word_1_663' title='bbox 497 5606 942 5674; x_wconf 87' lang='lat' dir='ltr'><strong>Christianitatis,</strong></span> <span class='ocrx_word' id='word_1_664' title='bbox 998 5610 1195 5664; x_wconf 90' lang='lat' dir='ltr'><strong>summi</strong></span> <span class='ocrx_word' id='word_1_665' title='bbox 1249 5610 1457 5666; x_wconf 89' lang='lat' dir='ltr'><strong>scilicet</strong></span> <span class='ocrx_word' id='word_1_666' title='bbox 1503 5609 1753 5680; x_wconf 88' lang='lat' dir='ltr'><strong>apostoli,</strong></span> <span class='ocrx_word' id='word_1_667' title='bbox 1791 5609 2071 5678; x_wconf 86' lang='lat' dir='ltr'><strong>sanctique</strong></span> 
     </span>
    </p>
   </div>
   <div class='ocr_carea' id='block_1_88' title="bbox 498 5701 2068 5774">
    <p class='ocr_par' dir='ltr' id='par_1_88' title="bbox 498 5701 2068 5774">
     <span class='ocr_line' id='line_1_88' title="bbox 498 5701 2068 5774; baseline -0.003 -13"><span class='ocrx_word' id='word_1_668' title='bbox 498 5713 787 5774; x_wconf 85' lang='lat' dir='ltr'><strong>martyres,</strong></span> <span class='ocrx_word' id='word_1_669' title='bbox 818 5703 1109 5758; x_wconf 87' lang='lat' dir='ltr'><strong>venerandi</strong></span> <span class='ocrx_word' id='word_1_670' title='bbox 1141 5703 1501 5768; x_wconf 78' lang='lat' dir='ltr'><strong>conl‘essores,</strong></span> <span class='ocrx_word' id='word_1_671' title='bbox 1546 5711 1772 5758; x_wconf 70' lang='lat' dir='ltr'><strong>sacratze</strong></span> <span class='ocrx_word' id='word_1_672' title='bbox 1801 5701 2068 5772; x_wconf 87' lang='lat' dir='ltr'><strong>virgines;</strong></span> 
     </span>
    </p>
   </div>
   <div class='ocr_carea' id='block_1_89' title="bbox 499 5792 2068 5864">
    <p class='ocr_par' dir='ltr' id='par_1_89' title="bbox 499 5792 2068 5864">
     <span class='ocr_line' id='line_1_89' title="bbox 499 5792 2068 5864; baseline 0 -16"><span class='ocrx_word' id='word_1_673' title='bbox 499 5807 710 5864; x_wconf 85' lang='lat' dir='ltr'><strong>semper</strong></span> <span class='ocrx_word' id='word_1_674' title='bbox 737 5803 978 5859; x_wconf 83' lang='lat' dir='ltr'><strong>orantes,</strong></span> <span class='ocrx_word' id='word_1_675' title='bbox 1013 5793 1104 5863; x_wconf 90' lang='lat' dir='ltr'><strong>qui</strong></span> <span class='ocrx_word' id='word_1_676' title='bbox 1125 5809 1311 5849; x_wconf 87' lang='lat' dir='ltr'><strong>sumus</strong></span> <span class='ocrx_word' id='word_1_677' title='bbox 1339 5793 1579 5864; x_wconf 82' lang='lat' dir='ltr'><strong>ejusdem</strong></span> <span class='ocrx_word' id='word_1_678' title='bbox 1635 5792 1908 5864; x_wconf 84' lang='lat' dir='ltr'><strong>religionis</strong></span> <span class='ocrx_word' id='word_1_679' title='bbox 1942 5793 2068 5849; x_wconf 48' lang='lat' dir='ltr'><strong>reli.</strong></span> 
     </span>
    </p>
   </div>
   <div class='ocr_carea' id='block_1_90' title="bbox 2155 3345 3454 3417">
    <p class='ocr_par' dir='ltr' id='par_1_90' title="bbox 2155 3345 3454 3417">
     <span class='ocr_line' id='line_1_90' title="bbox 2155 3345 3454 3417; baseline 0.001 -18"><span class='ocrx_word' id='word_1_680' title='bbox 2155 3346 2301 3417; x_wconf 90' lang='lat' dir='ltr'><strong>plum</strong></span> <span class='ocrx_word' id='word_1_681' title='bbox 2330 3346 2565 3411; x_wconf 91' lang='lat' dir='ltr'><strong>Domini,</strong></span> <span class='ocrx_word' id='word_1_682' title='bbox 2595 3355 2649 3401; x_wconf 90' lang='lat' dir='ltr'><strong>et</strong></span> <span class='ocrx_word' id='word_1_683' title='bbox 2669 3346 2970 3402; x_wconf 86' lang='lat' dir='ltr'><strong>sacrarium</strong></span> <span class='ocrx_word' id='word_1_684' title='bbox 3003 3345 3236 3416; x_wconf 85' lang='lat' dir='ltr'><strong>Spiritus</strong></span> <span class='ocrx_word' id='word_1_685' title='bbox 3265 3347 3454 3402; x_wconf 89' lang='lat' dir='ltr'><strong>sancti.</strong></span> 
     </span>
    </p>
   </div>
   <div class='ocr_carea' id='block_1_91' title="bbox 2224 3439 3749 3510">
    <p class='ocr_par' dir='ltr' id='par_1_91' title="bbox 2224 3439 3749 3510">
     <span class='ocr_line' id='line_1_91' title="bbox 2224 3439 3749 3510; baseline 0.001 -15"><span class='ocrx_word' id='word_1_686' title='bbox 2224 3439 2394 3495; x_wconf 85' lang='lat' dir='ltr'><strong>Porro</strong></span> <span class='ocrx_word' id='word_1_687' title='bbox 2413 3441 2528 3496; x_wconf 66' lang='lat' dir='ltr'><strong>haec</strong></span> <span class='ocrx_word' id='word_1_688' title='bbox 2540 3450 2622 3496; x_wconf 88' lang='lat' dir='ltr'><strong>est</strong></span> <span class='ocrx_word' id='word_1_689' title='bbox 2639 3440 2727 3495; x_wconf 91' lang='lat' dir='ltr'><strong>illa</strong></span> <span class='ocrx_word' id='word_1_690' title='bbox 2742 3441 2921 3505; x_wconf 91' lang='lat' dir='ltr'><strong>vinea,</strong></span> <span class='ocrx_word' id='word_1_691' title='bbox 2945 3442 2996 3494; x_wconf 91' lang='lat' dir='ltr'><strong>in</strong></span> <span class='ocrx_word' id='word_1_692' title='bbox 3022 3456 3184 3510; x_wconf 90' lang='lat' dir='ltr'><strong>quam</strong></span> <span class='ocrx_word' id='word_1_693' title='bbox 3205 3440 3501 3495; x_wconf 75' lang='lat' dir='ltr'><strong>introduxit</strong></span> <span class='ocrx_word' id='word_1_694' title='bbox 3517 3455 3636 3496; x_wconf 86' lang='lat' dir='ltr'><strong>nos</strong></span> <span class='ocrx_word' id='word_1_695' title='bbox 3649 3441 3749 3496; x_wconf 87' lang='lat' dir='ltr'><strong>Do-</strong></span> 
     </span>
    </p>
   </div>
   <div class='ocr_carea' id='block_1_92' title="bbox 2159 3528 3745 3600">
    <p class='ocr_par' dir='ltr' id='par_1_92' title="bbox 2159 3528 3745 3600">
     <span class='ocr_line' id='line_1_92' title="bbox 2159 3528 3745 3600; baseline 0 -17"><span class='ocrx_word' id='word_1_696' title='bbox 2159 3529 2336 3583; x_wconf 89' lang='lat' dir='ltr'><strong>minus</strong></span> <span class='ocrx_word' id='word_1_697' title='bbox 2392 3544 2544 3584; x_wconf 90' lang='lat' dir='ltr'><strong>suam</strong></span> <span class='ocrx_word' id='word_1_698' title='bbox 2595 3529 2810 3599; x_wconf 92' lang='lat' dir='ltr'><strong>operari</strong></span> <span class='ocrx_word' id='word_1_699' title='bbox 2851 3529 3201 3585; x_wconf 87' lang='lat' dir='ltr'><strong>voluntatem.</strong></span> <span class='ocrx_word' id='word_1_700' title='bbox 3241 3528 3519 3600; x_wconf 80' lang='lat' dir='ltr'><strong>Operariis</strong></span> <span class='ocrx_word' id='word_1_701' title='bbox 3563 3539 3745 3584; x_wconf 81' lang='lat' dir='ltr'><strong>autem</strong></span> 
     </span>
    </p>
   </div>
   <div class='ocr_carea' id='block_1_93' title="bbox 2161 3621 3750 3691">
    <p class='ocr_par' dir='ltr' id='par_1_93' title="bbox 2161 3621 3750 3691">
     <span class='ocr_line' id='line_1_93' title="bbox 2161 3621 3750 3691; baseline 0 -17"><span class='ocrx_word' id='word_1_702' title='bbox 2161 3635 2326 3675; x_wconf 89' lang='lat' dir='ltr'><strong>unum</strong></span> <span class='ocrx_word' id='word_1_703' title='bbox 2354 3621 2602 3689; x_wconf 89' lang='lat' dir='ltr'><strong>promisit</strong></span> <span class='ocrx_word' id='word_1_704' title='bbox 2630 3621 2930 3686; x_wconf 87' lang='lat' dir='ltr'><strong>denarium,</strong></span> <span class='ocrx_word' id='word_1_705' title='bbox 2970 3630 3154 3691; x_wconf 90' lang='lat' dir='ltr'><strong>utpote</strong></span> <span class='ocrx_word' id='word_1_706' title='bbox 3186 3635 3345 3676; x_wconf 91' lang='lat' dir='ltr'><strong>unam</strong></span> <span class='ocrx_word' id='word_1_707' title='bbox 3376 3621 3551 3674; x_wconf 83' lang='lat' dir='ltr'><strong>vitam</strong></span> <span class='ocrx_word' id='word_1_708' title='bbox 3590 3632 3750 3676; x_wconf 63' lang='lat' dir='ltr'><strong>ater-</strong></span> 
     </span>
    </p>
   </div>
   <div class='ocr_carea' id='block_1_94' title="bbox 2159 3711 3747 3784">
    <p class='ocr_par' dir='ltr' id='par_1_94' title="bbox 2159 3711 3747 3784">
     <span class='ocr_line' id='line_1_94' title="bbox 2159 3711 3747 3784; baseline -0.001 -16"><span class='ocrx_word' id='word_1_709' title='bbox 2159 3729 2307 3768; x_wconf 91' lang='lat' dir='ltr'><strong>nam.</strong></span> <span class='ocrx_word' id='word_1_710' title='bbox 2345 3713 2452 3768; x_wconf 82' lang='lat' dir='ltr'><strong>Ista</strong></span> <span class='ocrx_word' id='word_1_711' title='bbox 2478 3714 2674 3784; x_wconf 90' lang='lat' dir='ltr'><strong>quippe</strong></span> <span class='ocrx_word' id='word_1_712' title='bbox 2703 3725 2788 3769; x_wconf 90' lang='lat' dir='ltr'><strong>est</strong></span> <span class='ocrx_word' id='word_1_713' title='bbox 2823 3713 2909 3768; x_wconf 89' lang='lat' dir='ltr'><strong>illa</strong></span> <span class='ocrx_word' id='word_1_714' title='bbox 2938 3713 3153 3778; x_wconf 89' lang='lat' dir='ltr'><strong>domus,</strong></span> <span class='ocrx_word' id='word_1_715' title='bbox 3200 3721 3254 3767; x_wconf 91' lang='lat' dir='ltr'><strong>et</strong></span> <span class='ocrx_word' id='word_1_716' title='bbox 3287 3711 3471 3767; x_wconf 85' lang='lat' dir='ltr'><strong>civitas</strong></span> <span class='ocrx_word' id='word_1_717' title='bbox 3509 3711 3640 3776; x_wconf 88' lang='lat' dir='ltr'><strong>Dei,</strong></span> <span class='ocrx_word' id='word_1_718' title='bbox 3685 3713 3747 3766; x_wconf 86' lang='lat' dir='ltr'><strong>de</strong></span> 
     </span>
    </p>
   </div>
   <div class='ocr_carea' id='block_1_95' title="bbox 2159 3802 3746 3873">
    <p class='ocr_par' dir='ltr' id='par_1_95' title="bbox 2159 3802 3746 3873">
     <span class='ocr_line' id='line_1_95' title="bbox 2159 3802 3746 3873; baseline 0.001 -16"><span class='ocrx_word' id='word_1_719' title='bbox 2159 3818 2265 3872; x_wconf 91' lang='lat' dir='ltr'><strong>qua</strong></span> <span class='ocrx_word' id='word_1_720' title='bbox 2297 3818 2392 3873; x_wconf 91' lang='lat' dir='ltr'><strong>per</strong></span> <span class='ocrx_word' id='word_1_721' title='bbox 2407 3802 2731 3873; x_wconf 90' lang='lat' dir='ltr'><strong>Prophetam</strong></span> <span class='ocrx_word' id='word_1_722' title='bbox 2747 3805 3058 3860; x_wconf 88' lang='lat' dir='ltr'><strong>enituerunt</strong></span> <span class='ocrx_word' id='word_1_723' title='bbox 3085 3803 3321 3872; x_wconf 87' lang='lat' dir='ltr'><strong>Spiritus</strong></span> <span class='ocrx_word' id='word_1_724' title='bbox 3345 3803 3520 3858; x_wconf 86' lang='lat' dir='ltr'><strong>sancti</strong></span> <span class='ocrx_word' id='word_1_725' title='bbox 3548 3803 3746 3859; x_wconf 66' lang='lat' dir='ltr'><strong>bacci-</strong></span> 
     </span>
    </p>
   </div>
   <div class='ocr_carea' id='block_1_96' title="bbox 2162 3892 3750 3959">
    <p class='ocr_par' dir='ltr' id='par_1_96' title="bbox 2162 3892 3750 3959">
     <span class='ocr_line' id='line_1_96' title="bbox 2162 3892 3750 3959; baseline 0.001 -12"><span class='ocrx_word' id='word_1_726' title='bbox 2162 3908 2232 3948; x_wconf 88' lang='lat' dir='ltr'><strong>ne</strong></span> <span class='ocrx_word' id='word_1_727' title='bbox 2261 3892 2422 3947; x_wconf 89' lang='lat' dir='ltr'><strong>verba</strong></span> <span class='ocrx_word' id='word_1_728' title='bbox 2466 3911 2480 3947; x_wconf 88' lang='lat'><strong>:</strong></span> <span class='ocrx_word' id='word_1_729' title='bbox 2537 3912 2556 3944; x_wconf 75' lang='lat' dir='ltr'><strong>r</strong></span> <span class='ocrx_word' id='word_1_730' title='bbox 2606 3892 2720 3948; x_wconf 81' lang='lat' dir='ltr'><strong>Nisi</strong></span> <span class='ocrx_word' id='word_1_731' title='bbox 2756 3893 3013 3949; x_wconf 88' lang='lat' dir='ltr'><strong>Dominus</strong></span> <span class='ocrx_word' id='word_1_732' title='bbox 3038 3893 3384 3948; x_wconf 62' lang='lat' dir='ltr'><strong>aedificaverit</strong></span> <span class='ocrx_word' id='word_1_733' title='bbox 3412 3894 3670 3959; x_wconf 79' lang='lat' dir='ltr'><strong>domum,</strong></span> <span class='ocrx_word' id='word_1_734' title='bbox 3697 3901 3750 3948; x_wconf 86' lang='lat' dir='ltr'><strong>et</strong></span> 
     </span>
    </p>
   </div>
   <div class='ocr_carea' id='block_1_97' title="bbox 2162 3982 3745 4050">
    <p class='ocr_par' dir='ltr' id='par_1_97' title="bbox 2162 3982 3745 4050">
     <span class='ocr_line' id='line_1_97' title="bbox 2162 3982 3745 4050; baseline 0.001 -12"><span class='ocrx_word' id='word_1_735' title='bbox 2162 3983 2481 4038; x_wconf 90' lang='lat' dir='ltr'><strong>custodierit</strong></span> <span class='ocrx_word' id='word_1_736' title='bbox 2519 3983 2819 4050; x_wconf 91' lang='lat' dir='ltr'><strong>civitatem,</strong></span> <span class='ocrx_word' id='word_1_737' title='bbox 2855 4003 2874 4037; x_wconf 70' lang='grc' dir='ltr'><strong>ι</strong></span> <span class='ocrx_word' id='word_1_738' title='bbox 2928 3983 2981 4037; x_wconf 89' lang='lat' dir='ltr'><strong>id</strong></span> <span class='ocrx_word' id='word_1_739' title='bbox 3004 3992 3087 4038; x_wconf 89' lang='lat' dir='ltr'><strong>est</strong></span> <span class='ocrx_word' id='word_1_740' title='bbox 3114 3982 3614 4047; x_wconf 85' lang='lat' dir='ltr'><strong>Christianitatem,</strong></span> <span class='ocrx_word' id='word_1_741' title='bbox 3647 4004 3667 4037; x_wconf 72' lang='grc' dir='ltr'>ς</span> <span class='ocrx_word' id='word_1_742' title='bbox 3695 3986 3745 4039; x_wconf 81' lang='lat' dir='ltr'><strong>in</strong></span> 
     </span>
    </p>
   </div>
   <div class='ocr_carea' id='block_1_98' title="bbox 2162 4075 3751 4149">
    <p class='ocr_par' dir='ltr' id='par_1_98' title="bbox 2162 4075 3751 4149">
     <span class='ocr_line' id='line_1_98' title="bbox 2162 4075 3751 4149; baseline 0.001 -19"><span class='ocrx_word' id='word_1_743' title='bbox 2162 4090 2359 4130; x_wconf 88' lang='lat' dir='ltr'><strong>vanum</strong></span> <span class='ocrx_word' id='word_1_744' title='bbox 2399 4075 2652 4130; x_wconf 90' lang='lat' dir='ltr'><strong>laborant</strong></span> <span class='ocrx_word' id='word_1_745' title='bbox 2680 4084 2736 4132; x_wconf 90' lang='lat' dir='ltr'><strong>et</strong></span> <span class='ocrx_word' id='word_1_746' title='bbox 2762 4075 2985 4147; x_wconf 86' lang='lat' dir='ltr'><strong>vigilant</strong></span> <span class='ocrx_word' id='word_1_747' title='bbox 3009 4075 3240 4146; x_wconf 76' lang='lat' dir='ltr'><strong>(Psalm.</strong></span> <span class='ocrx_word' id='word_1_748' title='bbox 3265 4091 3442 4141; x_wconf 80' lang='lat' dir='ltr'><strong>cxxvt,</strong></span> <span class='ocrx_word' id='word_1_749' title='bbox 3479 4077 3568 4148; x_wconf 76' lang='grc'><strong>1),</strong></span> <span class='ocrx_word' id='word_1_750' title='bbox 3609 4097 3631 4132; x_wconf 76' lang='grc' dir='ltr'><strong><em>ι</em></strong></span> <span class='ocrx_word' id='word_1_751' title='bbox 3666 4081 3751 4149; x_wconf 84' lang='lat' dir='ltr'><strong>qui</strong></span> 
     </span>
    </p>
   </div>
   <div class='ocr_carea' id='block_1_99' title="bbox 2160 4165 3752 4242">
    <p class='ocr_par' dir='ltr' id='par_1_99' title="bbox 2160 4165 3752 4242">
     <span class='ocr_line' id='line_1_99' title="bbox 2160 4165 3752 4242; baseline 0.004 -24"><span class='ocrx_word' id='word_1_752' title='bbox 2160 4165 2348 4221; x_wconf 90' lang='lat' dir='ltr'><strong>volunt</strong></span> <span class='ocrx_word' id='word_1_753' title='bbox 2375 4167 2645 4222; x_wconf 65' lang='lat' dir='ltr'><strong>aedificare</strong></span> <span class='ocrx_word' id='word_1_754' title='bbox 2672 4175 2729 4222; x_wconf 89' lang='lat' dir='ltr'><strong>et</strong></span> <span class='ocrx_word' id='word_1_755' title='bbox 2766 4166 3041 4223; x_wconf 82' lang='lat' dir='ltr'><strong>custodire</strong></span> <span class='ocrx_word' id='word_1_756' title='bbox 3067 4167 3236 4222; x_wconf 90' lang='lat' dir='ltr'><strong>illam.</strong></span> <span class='ocrx_word' id='word_1_757' title='bbox 3309 4168 3384 4223; x_wconf 89' lang='lat' dir='ltr'><strong>De</strong></span> <span class='ocrx_word' id='word_1_758' title='bbox 3433 4184 3551 4238; x_wconf 79' lang='lat' dir='ltr'><strong>qua</strong></span> <span class='ocrx_word' id='word_1_759' title='bbox 3597 4187 3752 4242; x_wconf 69' lang='grc' dir='ltr'><strong>μενοι-ο</strong></span> 
     </span>
    </p>
   </div>
   <div class='ocr_carea' id='block_1_100' title="bbox 2162 4255 3753 4328">
    <p class='ocr_par' dir='ltr' id='par_1_100' title="bbox 2162 4255 3753 4328">
     <span class='ocr_line' id='line_1_100' title="bbox 2162 4255 3753 4328; baseline 0.002 -16"><span class='ocrx_word' id='word_1_760' title='bbox 2162 4271 2254 4312; x_wconf 88' lang='lat' dir='ltr'><strong>sus</strong></span> <span class='ocrx_word' id='word_1_761' title='bbox 2295 4257 2534 4322; x_wconf 90' lang='lat' dir='ltr'><strong>civitate,</strong></span> <span class='ocrx_word' id='word_1_762' title='bbox 2566 4257 2792 4316; x_wconf 84' lang='lat' dir='ltr'><strong>hocest</strong></span> <span class='ocrx_word' id='word_1_763' title='bbox 2839 4257 2907 4312; x_wconf 91' lang='lat' dir='ltr'><strong>de</strong></span> <span class='ocrx_word' id='word_1_764' title='bbox 2951 4255 3382 4324; x_wconf 89' lang='lat' dir='ltr'><strong>Christianitate,</strong></span> <span class='ocrx_word' id='word_1_765' title='bbox 3434 4259 3753 4328; x_wconf 59' lang='lat' dir='ltr'><strong>praelibatus</strong></span> 
     </span>
    </p>
   </div>
   <div class='ocr_carea' id='block_1_101' title="bbox 2165 4345 3752 4417">
    <p class='ocr_par' dir='ltr' id='par_1_101' title="bbox 2165 4345 3752 4417">
     <span class='ocr_line' id='line_1_101' title="bbox 2165 4345 3752 4417; baseline 0.002 -16"><span class='ocrx_word' id='word_1_766' title='bbox 2165 4354 2397 4401; x_wconf 90' lang='lat' dir='ltr'><strong>testatur</strong></span> <span class='ocrx_word' id='word_1_767' title='bbox 2423 4346 2765 4417; x_wconf 88' lang='lat' dir='ltr'><strong>Evangelista</strong></span> <span class='ocrx_word' id='word_1_768' title='bbox 2792 4364 2806 4400; x_wconf 91' lang='lat'><strong>:</strong></span> <span class='ocrx_word' id='word_1_769' title='bbox 2854 4364 2873 4398; x_wconf 76' lang='grc' dir='ltr'>ι</span> <span class='ocrx_word' id='word_1_770' title='bbox 2902 4345 3022 4402; x_wconf 91' lang='lat' dir='ltr'><strong>Vidi</strong></span> <span class='ocrx_word' id='word_1_771' title='bbox 3061 4347 3338 4417; x_wconf 85' lang='lat' dir='ltr'><strong>civitatem</strong></span> <span class='ocrx_word' id='word_1_772' title='bbox 3387 4358 3643 4404; x_wconf 81' lang='lat' dir='ltr'><strong>sanctam</strong></span> <span class='ocrx_word' id='word_1_773' title='bbox 3670 4350 3752 4406; x_wconf 71' lang='lat' dir='ltr'><strong>Je-</strong></span> 
     </span>
    </p>
   </div>
   <div class='ocr_carea' id='block_1_102' title="bbox 2163 4436 3749 4508">
    <p class='ocr_par' dir='ltr' id='par_1_102' title="bbox 2163 4436 3749 4508">
     <span class='ocr_line' id='line_1_102' title="bbox 2163 4436 3749 4508; baseline 0.004 -18"><span class='ocrx_word' id='word_1_774' title='bbox 2163 4436 2397 4492; x_wconf 90' lang='lat' dir='ltr'><strong>rusalem</strong></span> <span class='ocrx_word' id='word_1_775' title='bbox 2442 4451 2634 4492; x_wconf 90' lang='lat' dir='ltr'><strong>novam</strong></span> <span class='ocrx_word' id='word_1_776' title='bbox 2683 4453 2713 4492; x_wconf 91' lang='lat' dir='ltr'><strong>a</strong></span> <span class='ocrx_word' id='word_1_777' title='bbox 2759 4439 2870 4494; x_wconf 93' lang='lat' dir='ltr'><strong>Deo</strong></span> <span class='ocrx_word' id='word_1_778' title='bbox 2913 4446 3182 4508; x_wconf 85' lang='lat' dir='ltr'><strong>paratam.</strong></span> <span class='ocrx_word' id='word_1_779' title='bbox 3234 4439 3300 4493; x_wconf 85' lang='lat' dir='ltr'><strong>Et</strong></span> <span class='ocrx_word' id='word_1_780' title='bbox 3340 4440 3527 4495; x_wconf 84' lang='lat' dir='ltr'><strong>audivi</strong></span> <span class='ocrx_word' id='word_1_781' title='bbox 3571 4456 3749 4497; x_wconf 74' lang='lat' dir='ltr'><strong>vocet:</strong></span> 
     </span>
    </p>
   </div>
   <div class='ocr_carea' id='block_1_103' title="bbox 2164 4528 3750 4587">
    <p class='ocr_par' dir='ltr' id='par_1_103' title="bbox 2164 4528 3750 4587">
     <span class='ocr_line' id='line_1_103' title="bbox 2164 4528 3750 4587; baseline 0.001 -4"><span class='ocrx_word' id='word_1_782' title='bbox 2164 4528 2231 4584; x_wconf 92' lang='lat' dir='ltr'><strong>de</strong></span> <span class='ocrx_word' id='word_1_783' title='bbox 2279 4529 2477 4584; x_wconf 90' lang='lat' dir='ltr'><strong>throno</strong></span> <span class='ocrx_word' id='word_1_784' title='bbox 2511 4529 2820 4584; x_wconf 84' lang='lat' dir='ltr'><strong>dicentem:</strong></span> <span class='ocrx_word' id='word_1_785' title='bbox 2858 4529 2998 4584; x_wconf 87' lang='lat' dir='ltr'><strong>Ecce</strong></span> <span class='ocrx_word' id='word_1_786' title='bbox 3050 4530 3452 4585; x_wconf 88' lang='lat' dir='ltr'><strong>tabernaculum</strong></span> <span class='ocrx_word' id='word_1_787' title='bbox 3493 4531 3600 4586; x_wconf 88' lang='lat' dir='ltr'><strong>Dei</strong></span> <span class='ocrx_word' id='word_1_788' title='bbox 3638 4547 3750 4587; x_wconf 82' lang='lat' dir='ltr'><strong>cum</strong></span> 
     </span>
    </p>
   </div>
   <div class='ocr_carea' id='block_1_104' title="bbox 2173 4617 3668 4689">
    <p class='ocr_par' dir='ltr' id='par_1_104' title="bbox 2173 4617 3668 4689">
     <span class='ocr_line' id='line_1_104' title="bbox 2173 4617 3668 4689; baseline 0.001 -17"><span class='ocrx_word' id='word_1_789' title='bbox 2173 4617 2502 4680; x_wconf 86' lang='lat' dir='ltr'><strong>hominibus,</strong></span> <span class='ocrx_word' id='word_1_790' title='bbox 2531 4626 2586 4670; x_wconf 91' lang='lat' dir='ltr'><strong>et</strong></span> <span class='ocrx_word' id='word_1_791' title='bbox 2610 4617 2872 4672; x_wconf 88' lang='lat' dir='ltr'><strong>habitabit</strong></span> <span class='ocrx_word' id='word_1_792' title='bbox 2900 4633 3023 4672; x_wconf 91' lang='lat' dir='ltr'><strong>cum</strong></span> <span class='ocrx_word' id='word_1_793' title='bbox 3059 4618 3138 4672; x_wconf 91' lang='lat' dir='ltr'><strong>eis</strong></span> <span class='ocrx_word' id='word_1_794' title='bbox 3166 4618 3348 4689; x_wconf 76' lang='lat' dir='ltr'><strong>(Apoc.</strong></span> <span class='ocrx_word' id='word_1_795' title='bbox 3380 4635 3495 4683; x_wconf 76' lang='lat' dir='ltr'><strong>xxi,</strong></span> <span class='ocrx_word' id='word_1_796' title='bbox 3526 4620 3612 4689; x_wconf 74' lang='grc'><strong>2).</strong></span> <span class='ocrx_word' id='word_1_797' title='bbox 3649 4639 3668 4672; x_wconf 78' lang='grc' dir='ltr'><strong><em>ι</em></strong></span> 
     </span>
    </p>
   </div>
   <div class='ocr_carea' id='block_1_105' title="bbox 2240 4705 3751 4780">
    <p class='ocr_par' dir='ltr' id='par_1_105' title="bbox 2240 4705 3751 4780">
     <span class='ocr_line' id='line_1_105' title="bbox 2240 4705 3751 4780; baseline 0.003 -19"><span class='ocrx_word' id='word_1_798' title='bbox 2240 4706 2400 4761; x_wconf 82' lang='lat' dir='ltr'><strong>istam</strong></span> <span class='ocrx_word' id='word_1_799' title='bbox 2431 4705 2674 4777; x_wconf 85' lang='lat' dir='ltr'><strong>profecto</strong></span> <span class='ocrx_word' id='word_1_800' title='bbox 2703 4707 2976 4762; x_wconf 89' lang='lat' dir='ltr'><strong>civitatem</strong></span> <span class='ocrx_word' id='word_1_801' title='bbox 3022 4708 3114 4762; x_wconf 92' lang='lat' dir='ltr'><strong>Dei</strong></span> <span class='ocrx_word' id='word_1_802' title='bbox 3150 4707 3388 4777; x_wconf 89' lang='lat' dir='ltr'><strong>quotidie</strong></span> <span class='ocrx_word' id='word_1_803' title='bbox 3419 4720 3644 4765; x_wconf 86' lang='lat' dir='ltr'><strong>certant</strong></span> <span class='ocrx_word' id='word_1_804' title='bbox 3664 4726 3751 4780; x_wconf 86' lang='lat' dir='ltr'><strong>pe-</strong></span> 
     </span>
    </p>
   </div>
   <div class='ocr_carea' id='block_1_106' title="bbox 2171 4797 3752 4868">
    <p class='ocr_par' dir='ltr' id='par_1_106' title="bbox 2171 4797 3752 4868">
     <span class='ocr_line' id='line_1_106' title="bbox 2171 4797 3752 4868; baseline 0.002 -16"><span class='ocrx_word' id='word_1_805' title='bbox 2171 4797 2314 4853; x_wconf 90' lang='lat' dir='ltr'><strong>nitus</strong></span> <span class='ocrx_word' id='word_1_806' title='bbox 2341 4798 2617 4854; x_wconf 86' lang='lat' dir='ltr'><strong>destruere</strong></span> <span class='ocrx_word' id='word_1_807' title='bbox 2646 4797 2804 4868; x_wconf 88' lang='lat' dir='ltr'><strong>hujus</strong></span> <span class='ocrx_word' id='word_1_808' title='bbox 2841 4797 3021 4854; x_wconf 65' lang='lat' dir='ltr'><strong>sazculi</strong></span> <span class='ocrx_word' id='word_1_809' title='bbox 3051 4806 3322 4852; x_wconf 89' lang='lat' dir='ltr'><strong>amatores</strong></span> <span class='ocrx_word' id='word_1_810' title='bbox 3360 4797 3558 4867; x_wconf 87' lang='lat' dir='ltr'><strong>injusti</strong></span> <span class='ocrx_word' id='word_1_811' title='bbox 3592 4810 3648 4854; x_wconf 87' lang='lat' dir='ltr'><strong>et</strong></span> <span class='ocrx_word' id='word_1_812' title='bbox 3669 4817 3752 4855; x_wconf 80' lang='lat' dir='ltr'><strong>sa-</strong></span> 
     </span>
    </p>
   </div>
   <div class='ocr_carea' id='block_1_107' title="bbox 2171 4886 3751 4962">
    <p class='ocr_par' dir='ltr' id='par_1_107' title="bbox 2171 4886 3751 4962">
     <span class='ocr_line' id='line_1_107' title="bbox 2171 4886 3751 4962; baseline 0.001 -20"><span class='ocrx_word' id='word_1_813' title='bbox 2171 4887 2375 4957; x_wconf 88' lang='lat' dir='ltr'><strong>crilegi,</strong></span> <span class='ocrx_word' id='word_1_814' title='bbox 2421 4888 2730 4958; x_wconf 73' lang='lat' dir='ltr'><strong>prtedando,</strong></span> <span class='ocrx_word' id='word_1_815' title='bbox 2773 4887 3129 4956; x_wconf 88' lang='lat' dir='ltr'><strong>omnibusque</strong></span> <span class='ocrx_word' id='word_1_816' title='bbox 3175 4886 3405 4958; x_wconf 82' lang='lat' dir='ltr'><strong>ﬂagellis</strong></span> <span class='ocrx_word' id='word_1_817' title='bbox 3450 4888 3751 4962; x_wconf 78' lang='lat' dir='ltr'><strong>alliigendo.</strong></span> 
     </span>
    </p>
   </div>
   <div class='ocr_carea' id='block_1_108' title="bbox 2169 4976 3754 5048">
    <p class='ocr_par' dir='ltr' id='par_1_108' title="bbox 2169 4976 3754 5048">
     <span class='ocr_line' id='line_1_108' title="bbox 2169 4976 3754 5048; baseline 0.001 -16"><span class='ocrx_word' id='word_1_818' title='bbox 2169 4976 2432 5044; x_wconf 86' lang='lat' dir='ltr'><strong>Quidnam</strong></span> <span class='ocrx_word' id='word_1_819' title='bbox 2460 4987 2582 5031; x_wconf 88' lang='lat' dir='ltr'><strong>sunt</strong></span> <span class='ocrx_word' id='word_1_820' title='bbox 2613 4977 2700 5032; x_wconf 91' lang='lat' dir='ltr'><strong>isti</strong></span> <span class='ocrx_word' id='word_1_821' title='bbox 2741 4991 2962 5048; x_wconf 89' lang='lat' dir='ltr'><strong>rapaces</strong></span> <span class='ocrx_word' id='word_1_822' title='bbox 2992 4976 3135 5047; x_wconf 87' lang='lat' dir='ltr'><strong>lupi,</strong></span> <span class='ocrx_word' id='word_1_823' title='bbox 3172 4977 3264 5046; x_wconf 92' lang='lat' dir='ltr'><strong>qui</strong></span> <span class='ocrx_word' id='word_1_824' title='bbox 3308 4978 3428 5032; x_wconf 88' lang='lat' dir='ltr'><strong>sine</strong></span> <span class='ocrx_word' id='word_1_825' title='bbox 3455 4981 3754 5035; x_wconf 82' lang='lat' dir='ltr'><strong>cessatione</strong></span> 
     </span>
    </p>
   </div>
   <div class='ocr_carea' id='block_1_109' title="bbox 2170 5066 3754 5138">
    <p class='ocr_par' dir='ltr' id='par_1_109' title="bbox 2170 5066 3754 5138">
     <span class='ocr_line' id='line_1_109' title="bbox 2170 5066 3754 5138; baseline 0.001 -18"><span class='ocrx_word' id='word_1_826' title='bbox 2170 5075 2555 5138; x_wconf 88' lang='lat' dir='ltr'><strong>persequentes</strong></span> <span class='ocrx_word' id='word_1_827' title='bbox 2607 5066 2872 5122; x_wconf 88' lang='lat' dir='ltr'><strong>devorant</strong></span> <span class='ocrx_word' id='word_1_828' title='bbox 2920 5074 2975 5120; x_wconf 92' lang='lat' dir='ltr'><strong>et</strong></span> <span class='ocrx_word' id='word_1_829' title='bbox 3023 5068 3330 5137; x_wconf 87' lang='lat' dir='ltr'><strong>depannant</strong></span> <span class='ocrx_word' id='word_1_830' title='bbox 3374 5067 3754 5125; x_wconf 81' lang='lat' dir='ltr'><strong>Christianita-</strong></span> 
     </span>
    </p>
   </div>
   <div class='ocr_carea' id='block_1_110' title="bbox 2171 5153 3751 5226">
    <p class='ocr_par' dir='ltr' id='par_1_110' title="bbox 2171 5153 3751 5226">
     <span class='ocr_line' id='line_1_110' title="bbox 2171 5153 3751 5226; baseline 0.001 -16"><span class='ocrx_word' id='word_1_831' title='bbox 2171 5156 2324 5211; x_wconf 89' lang='lat' dir='ltr'><strong>tem?</strong></span> <span class='ocrx_word' id='word_1_832' title='bbox 2359 5153 2417 5210; x_wconf 85' lang='lat' dir='ltr'><strong>In</strong></span> <span class='ocrx_word' id='word_1_833' title='bbox 2444 5156 2672 5211; x_wconf 86' lang='lat' dir='ltr'><strong>orientis</strong></span> <span class='ocrx_word' id='word_1_834' title='bbox 2697 5157 2878 5212; x_wconf 91' lang='lat' dir='ltr'><strong>mundi</strong></span> <span class='ocrx_word' id='word_1_835' title='bbox 2903 5157 3168 5226; x_wconf 87' lang='lat' dir='ltr'><strong>partibus,</strong></span> <span class='ocrx_word' id='word_1_836' title='bbox 3196 5167 3250 5212; x_wconf 90' lang='lat' dir='ltr'><strong>et</strong></span> <span class='ocrx_word' id='word_1_837' title='bbox 3275 5158 3619 5216; x_wconf 86' lang='lat' dir='ltr'><strong>australibus</strong></span> <span class='ocrx_word' id='word_1_838' title='bbox 3639 5161 3751 5215; x_wconf 78' lang='lat' dir='ltr'><strong>ldu-</strong></span> 
     </span>
    </p>
   </div>
   <div class='ocr_carea' id='block_1_111' title="bbox 2172 5246 3749 5315">
    <p class='ocr_par' dir='ltr' id='par_1_111' title="bbox 2172 5246 3749 5315">
     <span class='ocr_line' id='line_1_111' title="bbox 2172 5246 3749 5315; baseline 0.003 -13"><span class='ocrx_word' id='word_1_839' title='bbox 2172 5247 2292 5302; x_wconf 71' lang='grc' dir='ltr'><strong>ιηπί</strong></span> <span class='ocrx_word' id='word_1_840' title='bbox 2321 5254 2375 5302; x_wconf 91' lang='lat' dir='ltr'><strong>et</strong></span> <span class='ocrx_word' id='word_1_841' title='bbox 2403 5246 2702 5311; x_wconf 65' lang='lat' dir='ltr'><strong>lsmaelitaz,</strong></span> <span class='ocrx_word' id='word_1_842' title='bbox 2731 5247 2998 5313; x_wconf 64' lang='lat' dir='ltr'><strong>Moabitae,</strong></span> <span class='ocrx_word' id='word_1_843' title='bbox 3038 5257 3094 5302; x_wconf 89' lang='lat' dir='ltr'><strong>et</strong></span> <span class='ocrx_word' id='word_1_844' title='bbox 3121 5248 3378 5315; x_wconf 85' lang='lat' dir='ltr'><strong>Agareni,</strong></span> <span class='ocrx_word' id='word_1_845' title='bbox 3405 5250 3667 5306; x_wconf 80' lang='lat' dir='ltr'><strong>Ammoni</strong></span> <span class='ocrx_word' id='word_1_846' title='bbox 3691 5266 3749 5312; x_wconf 68' lang='grc' dir='ltr'><strong>τ.</strong></span> 
     </span>
    </p>
   </div>
   <div class='ocr_carea' id='block_1_112' title="bbox 2171 5336 3750 5410">
    <p class='ocr_par' dir='ltr' id='par_1_112' title="bbox 2171 5336 3750 5410">
     <span class='ocr_line' id='line_1_112' title="bbox 2171 5336 3750 5410; baseline 0.004 -19"><span class='ocrx_word' id='word_1_847' title='bbox 2171 5346 2228 5392; x_wconf 79' lang='lat' dir='ltr'><strong>et</strong></span> <span class='ocrx_word' id='word_1_848' title='bbox 2269 5336 2614 5402; x_wconf 69' lang='lat' dir='ltr'><strong>Amalecitae,</strong></span> <span class='ocrx_word' id='word_1_849' title='bbox 2667 5337 2933 5408; x_wconf 91' lang='lat' dir='ltr'><strong>simulque</strong></span> <span class='ocrx_word' id='word_1_850' title='bbox 2978 5339 3084 5393; x_wconf 91' lang='lat' dir='ltr'><strong>illis</strong></span> <span class='ocrx_word' id='word_1_851' title='bbox 3133 5337 3342 5408; x_wconf 85' lang='lat' dir='ltr'><strong>pejores</strong></span> <span class='ocrx_word' id='word_1_852' title='bbox 3398 5343 3750 5410; x_wconf 82' lang='lat' dir='ltr'><strong>pseudochri-</strong></span> 
     </span>
    </p>
   </div>
   <div class='ocr_carea' id='block_1_113' title="bbox 2173 5428 3750 5500">
    <p class='ocr_par' dir='ltr' id='par_1_113' title="bbox 2173 5428 3750 5500">
     <span class='ocr_line' id='line_1_113' title="bbox 2173 5428 3750 5500; baseline 0.003 -19"><span class='ocrx_word' id='word_1_853' title='bbox 2173 5428 2356 5483; x_wconf 90' lang='lat' dir='ltr'><strong>stiani.</strong></span> <span class='ocrx_word' id='word_1_854' title='bbox 2395 5429 2452 5483; x_wconf 88' lang='lat' dir='ltr'><strong>In</strong></span> <span class='ocrx_word' id='word_1_855' title='bbox 2513 5429 2732 5484; x_wconf 90' lang='lat' dir='ltr'><strong>climate</strong></span> <span class='ocrx_word' id='word_1_856' title='bbox 2779 5445 2907 5485; x_wconf 88' lang='lat' dir='ltr'><strong>vero</strong></span> <span class='ocrx_word' id='word_1_857' title='bbox 2957 5430 3362 5500; x_wconf 86' lang='lat' dir='ltr'><strong>septentrionali</strong></span> <span class='ocrx_word' id='word_1_858' title='bbox 3405 5441 3463 5486; x_wconf 89' lang='lat' dir='ltr'><strong>et</strong></span> <span class='ocrx_word' id='word_1_859' title='bbox 3506 5434 3750 5488; x_wconf 85' lang='lat' dir='ltr'><strong>occiden-</strong></span> 
     </span>
    </p>
   </div>
   <div class='ocr_carea' id='block_1_114' title="bbox 2170 5516 3750 5588">
    <p class='ocr_par' dir='ltr' id='par_1_114' title="bbox 2170 5516 3750 5588">
     <span class='ocr_line' id='line_1_114' title="bbox 2170 5516 3750 5588; baseline 0.003 -18"><span class='ocrx_word' id='word_1_860' title='bbox 2170 5517 2263 5570; x_wconf 88' lang='lat' dir='ltr'><strong>tali</strong></span> <span class='ocrx_word' id='word_1_861' title='bbox 2291 5531 2426 5585; x_wconf 84' lang='lat' dir='ltr'><strong>gens</strong></span> <span class='ocrx_word' id='word_1_862' title='bbox 2455 5516 2838 5583; x_wconf 83' lang='lat' dir='ltr'><strong>Normanuica,</strong></span> <span class='ocrx_word' id='word_1_863' title='bbox 2863 5519 3171 5588; x_wconf 88' lang='lat' dir='ltr'><strong>pariterque</strong></span> <span class='ocrx_word' id='word_1_864' title='bbox 3199 5519 3427 5584; x_wconf 86' lang='lat' dir='ltr'><strong>Daniea,</strong></span> <span class='ocrx_word' id='word_1_865' title='bbox 3457 5521 3556 5576; x_wconf 81' lang='lat' dir='ltr'><strong>sed</strong></span> <span class='ocrx_word' id='word_1_866' title='bbox 3584 5532 3640 5578; x_wconf 92' lang='lat' dir='ltr'><strong>et</strong></span> <span class='ocrx_word' id='word_1_867' title='bbox 3661 5537 3750 5575; x_wconf 81' lang='lat' dir='ltr'><strong>tm-</strong></span> 
     </span>
    </p>
   </div>
   <div class='ocr_carea' id='block_1_115' title="bbox 2171 5607 3746 5680">
    <p class='ocr_par' dir='ltr' id='par_1_115' title="bbox 2171 5607 3746 5680">
     <span class='ocr_line' id='line_1_115' title="bbox 2171 5607 3746 5680; baseline 0.002 -18"><span class='ocrx_word' id='word_1_868' title='bbox 2171 5609 2411 5679; x_wconf 90' lang='lat' dir='ltr'><strong>piissima</strong></span> <span class='ocrx_word' id='word_1_869' title='bbox 2457 5607 2794 5680; x_wconf 88' lang='lat' dir='ltr'><strong>Tungrorum</strong></span> <span class='ocrx_word' id='word_1_870' title='bbox 2833 5610 3017 5676; x_wconf 90' lang='lat' dir='ltr'><strong>natio;</strong></span> <span class='ocrx_word' id='word_1_871' title='bbox 3049 5625 3257 5664; x_wconf 83' lang='lat' dir='ltr'><strong>necnon</strong></span> <span class='ocrx_word' id='word_1_872' title='bbox 3300 5613 3640 5668; x_wconf 83' lang='lat' dir='ltr'><strong>crudeliores</strong></span> <span class='ocrx_word' id='word_1_873' title='bbox 3673 5613 3746 5666; x_wconf 84' lang='lat' dir='ltr'><strong>his</strong></span> 
     </span>
    </p>
   </div>
   <div class='ocr_carea' id='block_1_116' title="bbox 2170 5700 3745 5772">
    <p class='ocr_par' dir='ltr' id='par_1_116' title="bbox 2170 5700 3745 5772">
     <span class='ocr_line' id='line_1_116' title="bbox 2170 5700 3745 5772; baseline 0.001 -16"><span class='ocrx_word' id='word_1_874' title='bbox 2170 5700 2420 5756; x_wconf 90' lang='lat' dir='ltr'><strong>omnibus</strong></span> <span class='ocrx_word' id='word_1_875' title='bbox 2447 5702 2696 5771; x_wconf 88' lang='lat' dir='ltr'><strong>gentibus</strong></span> <span class='ocrx_word' id='word_1_876' title='bbox 2726 5703 2892 5757; x_wconf 90' lang='lat' dir='ltr'><strong>nostri</strong></span> <span class='ocrx_word' id='word_1_877' title='bbox 2924 5701 3016 5772; x_wconf 93' lang='lat' dir='ltr'><strong>qui</strong></span> <span class='ocrx_word' id='word_1_878' title='bbox 3042 5711 3167 5758; x_wconf 90' lang='lat' dir='ltr'><strong>sunt</strong></span> <span class='ocrx_word' id='word_1_879' title='bbox 3192 5702 3328 5759; x_wconf 86' lang='lat' dir='ltr'><strong>falso</strong></span> <span class='ocrx_word' id='word_1_880' title='bbox 3356 5705 3582 5761; x_wconf 88' lang='lat' dir='ltr'><strong>nomine</strong></span> <span class='ocrx_word' id='word_1_881' title='bbox 3604 5705 3745 5760; x_wconf 83' lang='lat' dir='ltr'><strong>Chri-</strong></span> 
     </span>
    </p>
   </div>
   <div class='ocr_carea' id='block_1_117' title="bbox 2174 5792 3740 5866">
    <p class='ocr_par' dir='ltr' id='par_1_117' title="bbox 2174 5792 3740 5866">
     <span class='ocr_line' id='line_1_117' title="bbox 2174 5792 3740 5866; baseline -0.003 -17"><span class='ocrx_word' id='word_1_882' title='bbox 2174 5792 2364 5858; x_wconf 88' lang='lat' dir='ltr'><strong>stiani,</strong></span> <span class='ocrx_word' id='word_1_883' title='bbox 2407 5808 2513 5847; x_wconf 77' lang='lat' dir='ltr'><strong>non</strong></span> <span class='ocrx_word' id='word_1_884' title='bbox 2552 5802 2766 5848; x_wconf 87' lang='lat' dir='ltr'><strong>cessant</strong></span> <span class='ocrx_word' id='word_1_885' title='bbox 2805 5793 3054 5849; x_wconf 85' lang='lat' dir='ltr'><strong>omnibus</strong></span> <span class='ocrx_word' id='word_1_886' title='bbox 3099 5794 3248 5850; x_wconf 91' lang='lat' dir='ltr'><strong>horis</strong></span> <span class='ocrx_word' id='word_1_887' title='bbox 3287 5793 3506 5866; x_wconf 88' lang='lat' dir='ltr'><strong>plebem</strong></span> <span class='ocrx_word' id='word_1_888' title='bbox 3555 5792 3740 5851; x_wconf 75' lang='lat' dir='ltr'><strong>Christi</strong></span> 
     </span>
    </p>
   </div>
  </div>
