3902 6402
547 513 2828 545 mm

1548 354 1708 413 AGIO
1744 353 2056 414 ARCHiEP.
2098 353 2396 414 NARBON.
2428 387 2497 400 --
2526 357 2819 418 NOTITIA.
3639 375 3709 438 τω

2830 527 3696 565 ...-.-.-.-...-,,,

1776 664 2583 782 ιιΔηοιπιε
2918 773 2927 787 κ

1142 871 1287 959 DE
1360 870 1645 962 VITA
1712 868 2322 963 HATTONIS
2388 871 2542 962 ET
2610 877 3219 971 BERHARDI

1699 1037 2328 1098 PREDECESSORUM
2361 1039 2652 1101 SUORUM

1166 1192 2148 1310 FRAGMENTUM
2231 1193 2901 1316 HISTORIC
2924 1198 3170 1319 UM.

1064 1393 1254 1467 (Apud
1292 1391 1355 1448 D.
1395 1390 1656 1460 Calmet.,
1697 1388 1935 1448 Historia
1969 1390 2369 1467 Lotbaringim,
2416 1404 2550 1453 tom.
2600 1396 2660 1467 l,
2716 1401 2865 1472 prob.
2912 1419 3039 1479 pag.
3093 1408 3265 1482 5w.)

1911 1512 2323 1529 m

609 1615 766 1670 Anno
789 1611 860 1668 ab
895 1612 1271 1670 incarnatione
1316 1613 1527 1670 Domini
1552 1615 1725 1671 nostri
1752 1612 1879 1671 Iesu
1909 1616 2112 1673 Christi
2142 1628 2189 1685 Α
2219 1628 2275 1675 et
2303 1616 2611 1691 religiosam
2653 1620 2823 1677 vitam
2873 1620 3165 1679 admodum
3201 1622 3458 1698 diligens,
3499 1633 3703 1706 quanple

538 1707 988 1779 octingentesimo
1028 1708 1380 1779 nonagesimo
1426 1708 1625 1774 tertio,
1686 1720 1949 1781 regnante
1992 1725 2125 1767 vero

539 1796 760 1853 domino
806 1796 1085 1868 Arnulpbo
1132 1796 1523 1868 gloriosissimo
1553 1813 1681 1869 rege
1723 1814 1865 1854 anno
1907 1800 2122 1870 quinto,

538 1897 737 1944 nostra:
766 1897 945 1944 autem
973 1888 1336 1943 ordinationis
1367 1889 1581 1944 decimo
1612 1890 1795 1956 tertio,
1827 1891 2124 1947 indictione

540 1995 709 2046 nona,
740 1996 841 2050 ego
897 1979 1070 2047 Davo,
1119 1981 1473 2038 Virdunensis
1522 1979 1781 2037 Ecclesia:
1818 1982 2123 2054 episcopus,

537 2074 676 2144 ctepi
708 2082 944 2128 tractare
974 2073 1026 2127 in
1057 2073 1241 2127 animo
1269 2087 1388 2129 meo
1415 2072 1595 2128 varios
1629 2073 1912 2144 praesentis
1940 2072 2120 2129 saeculi

535 2176 716 2229 casus,
757 2172 814 2217 et
851 2162 1090 2228 priorum
1136 2161 1455 2233 pontificum
1497 2162 1638 2219 facta
1689 2163 1757 2218 ad
1801 2163 2121 2219 memoriam

534 2254 800 2309 reducere
828 2262 885 2310 et
914 2267 1103 2309 eorum
1150 2268 1181 2309 a
1208 2262 1410 2309 nostra:
1454 2253 1711 2310 Ecclesiae
1749 2253 2000 2312 fidelibus
2029 2269 2119 2311 se-

537 2345 663 2401 ditio
691 2360 756 2402 ac
792 2345 1088 2401 salubriter
1110 2345 1463 2417 investigare.
1500 2346 1706 2402 idcirco
1733 2346 1934 2402 ctenim
1975 2347 2119 2403 facta

425 2444 447 2473 ο
534 2438 961 2494 ortltodoxorum
990 2436 1283 2507 prmsulum
1311 2436 1508 2494 litteris
1534 2437 1811 2504 adnotavi,
1841 2445 1901 2494 ut
1930 2451 2119 2494 eorum

536 2530 797 2586 memoria
844 2531 920 2586 'sit
964 2529 1247 2586 nobiscum
1296 2539 1501 2586 aeterna
1548 2544 1776 2600 quorum
1805 2528 2024 2586 nomina
2063 2529 2119 2586 in

534 2623 675 2680 (mlo
697 2622 974 2679 credimus
1000 2622 1331 2679 mternal’iter
1356 2634 1476 2678 esse
1499 2621 1725 2693 scripta.

605 2716 866 2772 Dominus
889 2715 1053 2786 igitur
1077 2713 1260 2780 Hatto,
1285 2722 1599 2770 antecessur
1618 2721 1823 2777 noster,
1857 2713 1959 2769 fuit
1983 2723 2120 2769 tem-

534 2806 756 2878 poribus
796 2805 1042 2862 Lotbarii
1079 2802 1461 2876 imperatoris;
1489 2813 1546 2861 ct
1582 2805 1714 2862 item
1745 2801 1990 2861 Lotbarii
2020 2804 2117 2861 lilii

2226 1710 2366 1764 rima
2418 1709 2508 1766 isti
2560 1709 2805 1768 ecclesia:
2853 1713 3110 1778 contulit,
3158 1731 3280 1785 qua!
3323 1733 3457 1774 nunc
3500 1722 3593 1777 zelo
3630 1724 3704 1792 ejus

2224 1800 2558 1855 aeternaliter
2585 1802 2952 1858 testimonium
2976 1804 3285 1875 perhibent.
3325 1806 3471 1864 Dedit
3488 1819 3535 1865 et
3552 1823 3698 1868 cetera.

2295 1891 2350 1947 ιη
2402 1893 2628 1949 basilica
2675 1894 2839 1950 etiam
2895 1897 3070 1951 sancti
3115 1896 3262 1954 Petri
3310 1907 3367 1955 et
3405 1904 3555 1958 sancti
3588 1905 3703 1961 Ἣωηί

2223 1984 2404 2055 posuit
2459 1984 2752 2042 canonicos
2799 1996 2946 2054 octo,
3003 2002 3060 2046 et
3107 1989 3261 2046 dedit
3307 1991 3414 2049 illis
3459 1998 3704 2066 resquid

2224 2075 2394 2144 ipsam
2422 2073 2710 2130 ecclesiam
2736 2076 3035 2147 pertinent,
3064 2078 3206 2134 sicut
3228 2094 3324 2137 eas
3345 2090 3464 2139 tunc
3486 2085 3530 2139 in
3554 2099 3627 2140 suo
3645 2085 3703 2140 do-

2221 2165 2429 2221 minatu
2480 2165 2744 2233 habebat;
2785 2165 3052 2223 decimam
3081 2184 3301 2241 quoque
3327 2173 3553 2239 arietum,
3578 2174 3701 2243 (ιιιίδά

2220 2266 2467 2314 nostrum
2493 2273 2631 2329 opus
2657 2272 2723 2314 ea
2750 2259 2999 2316 brasensi
3027 2270 3259 2318 centena
3302 2265 3533 2335 congruis
3558 2274 3695 2336 tempo-

2222 2347 2374 2404 ribus
2395 2348 2759 2420 accipiuutur.
2782 2350 2942 2407 Dedit
2965 2352 3129 2408 etiam
3143 2353 3215 2408 ad
3235 2353 3406 2427 ipsum
3434 2355 3576 2411 altare
3595 2371 3699 2410 unua

2219 2441 2562 2514 sacerdotale
2612 2442 2995 2498 vestimentum
3037 2458 3173 2500 auro
3200 2456 3479 2515 ornatum,
3509 2446 3700 2518 plateam

2218 2533 2447 2601 scilicet,
2474 2533 2529 2590 id
2555 2540 2731 2590 estex
2754 2533 3026 2601 dirotano,
3056 2550 3179 2592 cum
3212 2537 3397 2609 guttis,
3421 2545 3516 2592 etc.
3547 2537 3700 2593 Pallium

2220 2637 2437 2694 quoque
2471 2638 2640 2679 unum
2690 2638 2857 2696 super
2913 2624 3085 2695 ipsius
3133 2626 3310 2683 sancti
3362 2627 3550 2698 patroni
3586 2625 3701 2697 posuit

2214 2713 2453 2786 glebam,
2481 2722 2589 2770 etc.
2623 2711 2734 2771 Nos
2758 2715 2946 2782 etiam,
2981 2715 3073 2786 qui
3103 2716 3291 2772 divina
3315 2717 3615 2789 dispositione
3630 2714 3702 2783 ejus

2218 2819 2504 2861 successor
2528 2812 2584 2861 et
2614 2806 2732 2877 ipse
2772 2806 2976 2863 domini
3007 2805 3235 2869 Lodoici
3283 2808 3421 2879 regis
3458 2816 3561 2878 post
3593 2820 3701 2859 artu.

533 2900 670 2971 ejus,
700 2907 756 2956 et
800 2899 1048 2971 pervenit
1082 2913 1255 2971 usque
1299 2899 1369 2955 ad
1422 2913 1624 2954 annum
1670 2898 1909 2971 primum
1935 2896 2114 2954 Caroli
2216 2894 2398 2951 culum
2446 2904 2693 2953 nostrum
2742 2895 2904 2952 istam
2952 2896 3240 2952 ecclesiam
3279 2895 3700 2968 gubernandum-

540 2993 705 3064 rcgis.
746 2992 847 3060 Qui
891 2990 1134 3063 pontifex
1178 2990 1518 3046 venerandus
1544 2989 1714 3046 multa
1756 2989 2019 3046 memoria
2046 2988 2121 3044 di-
2150 2971 2190 3030 Β
2221 2984 2514 3057 scepimus,
2541 2994 2598 3042 et
2618 2995 2740 3058 post
2773 2995 3005 3042 mortem
3048 2984 3294 3056 ejusdem
3321 2986 3567 3042 dominum
3588 2983 3698 3038 Caro-

537 3100 640 3155 gna
683 3082 911 3138 contulit
949 3082 1234 3148 Ecclesiae;
1263 3081 1331 3137 de
1373 3082 1569 3151 quibus
1595 3095 1765 3152 pauca
1806 3079 1944 3154 stylo
1967 3095 2118 3136 com-

540 3174 796 3230 mendare
843 3172 1184 3228 commodum
1243 3171 1516 3226 duximus.
1586 3168 1835 3228 Cbtinuit
1880 3184 2115 3239 namque

536 3264 675 3335 apud
699 3277 879 3335 regem
903 3261 1218 3318 Lotharium
1250 3275 1339 3316 res
1365 3275 1465 3331 per
1495 3260 1661 3316 multa
1694 3259 1809 3316 loca
1844 3258 2112 3329 iacentes,

536 3357 590 3411 id
633 3363 718 3411 est
758 3354 811 3409 in
839 3354 1098 3410 comitatu
1144 3351 1493 3420 Virdunensi,
1537 3335 1974 3419 Albere-viilam',
2001 3362 2108 3407 ctc.

530 3448 677 3504 Idem
709 3446 869 3502 etiam
897 3442 1224 3500 venerabilis
1255 3442 1539 3513 cpiscopus
1585 3442 1744 3498 istam
1786 3456 1981 3497 novam
2011 3441 2109 3497 ba-

532 3538 742 3595 silicam
769 3536 1077 3602 inchoavit;
1110 3535 1205 3591 sed
1250 3550 1280 3590 a
1308 3549 1622 3592 successore
1664 3535 1803 3605 ejus,
1844 3533 2114 3591 avunculo

531 3626 785 3684 videlicet
805 3636 993 3682 nostro
1019 3626 1240 3682 domino
1285 3625 1559 3682 Berbardo
1607 3626 1865 3698 episcopo
1889 3625 2112 3682 honori-

535 3718 638 3773 ﬁce
666 3716 906 3789 perfecta
931 3725 1033 3773 cst.
1094 3717 1195 3785 Qui
1241 3717 1406 3773 etiam
1451 3718 1787 3789 temporibus
1820 3716 1998 3775 Caroli
2024 3730 2108 3773 re-

534 3809 713 3880 gimen
743 3808 898 3864 istius
927 3808 1183 3865 Ecclesiae
1213 3809 1473 3880 suscepit,
1515 3819 1573 3864 et
1601 3824 1772 3880 usque
1804 3811 1872 3866 ad
1897 3818 2109 3882 tempus

534 3898 791 3955 Ludovici
826 3897 1130 3955 llermanici
1178 3900 1323 3971 regis
1350 3915 1471 3957 eam
1514 3900 1745 3956 feliciter
1767 3901 2106 3970 gubernavit.

531 3990 667 4047 Nam
698 3992 780 4063 (ut
809 4006 982 4062 pauca
1033 3991 1101 4048 de
1128 3990 1380 4050 felicibus
1405 3991 1523 4064 ejus
1561 3993 1775 4050 actibus
1802 3993 1869 4048 ad
1903 4008 2107 4049 memo-

532 4080 671 4135 riam
723 4079 1083 4152 reducamus)
1130 4079 1237 4137 iste
1309 4081 1541 4155 inclytus
1589 4091 1790 4153 pastor,
1859 4083 2109 4138 dominus

529 4171 858 4236 Berltardus,
887 4171 1184 4230 avunculus
1217 4172 1469 4230 videlicet
1500 4182 1703 4241 noster,
1754 4174 1810 4229 in
1845 4173 2105 4230 ecclesia-

530 4264 681 4320 sticis
702 4263 999 4335 disciplinis
1048 4265 1187 4321 ultra
1237 4279 1398 4336 quam
1440 4265 1589 4322 credi
1624 4264 1709 4322 vel
1752 4264 1868 4320 fieri
1908 4264 2103 4335 possit,

2217 3071 2328 3133 lum
2372 3077 2598 3135 fratrem
2651 3079 2823 3161 ipsius
2889 3078 3280 3151 imperatorem
3328 3078 3641 3148 suscepimus.
3666 3081 3701 3126 et

2221 3182 2393 3238 usque
2422 3168 2491 3224 ad
2524 3179 2734 3239 tempus
2760 3168 2962 3225 domini
2986 3168 3258 3239 Arnulplii
3302 3166 3622 3240 gloriosissiuti
3646 3175 3697 3215 te-

2213 3259 2319 3331 gis,
2349 3257 2568 3330 nepotis
2597 3259 2811 3316 scilicet
2836 3273 3046 3326 eorum,
3093 3258 3207 3329 jam
3240 3258 3574 3330 pervenimus,
3596 3251 3700 3323 quid-

2211 3347 2345 3420 quid
2377 3349 2509 3405 milti
2527 3349 2831 3405 commissae
2856 3350 3102 3405 ecclesiae
3124 3350 3179 3405 in
3199 3352 3361 3407 rebus
3384 3359 3435 3406 et
3464 3345 3647 3408 familiis,
3664 3343 3699 3393 in

2212 3443 2470 3500 omnibus
2519 3442 2862 3499 ornamentis
2906 3442 3301 3500 ecclesiasticis
3340 3442 3579 3516 (Domino
3600 3436 3697 3506 adju-

2212 3536 2415 3608 vantc)
2461 3533 2663 3591 addere
2705 3534 2898 3606 potui,
2929 3533 3058 3591 huic
3085 3534 3240 3605 operi
3286 3534 3472 3590 addere
3494 3526 3700 3592 8³111)θηὶ-

2211 3641 2359 3681 mum
2393 3625 2546 3682 duxi.
2585 3625 2778 3689 Dedit,
2806 3635 2916 3681 etc.
2975 3625 3106 3681 Haec
3140 3625 3329 3681 omnia
3373 3621 3569 3680 solemni
3603 3626 3703 3673 nm

2212 3716 2539 3788 supradictae
2564 3715 2811 3772 ecclesiae
2834 3716 3086 3772 dominus
3115 3715 3345 3771 Carolus
3371 3714 3620 3783 imperator
3638 3704 3696 3757 de

2209 3807 2431 3879 legavit,
2474 3817 2638 3879 atque
2685 3807 2753 3862 ad
2785 3806 3094 3862 habendum
3140 3805 3447 3877 perenniter
3487 3792 3696 3857 concessit-

2207 3895 2763 3968 Arnulplius,quoque
2804 3894 3232 3967 gloriosissimus
3258 3908 3352 3948 rex
3385 3890 3517 3946 dedit
3548 3887 3591 3941 in
3608 3894 3693 3953 ρων

2206 3990 2385 4061 prium
2415 4004 2513 4062 per
2556 3990 2897 4047 auctoritatis
2938 4004 3051 4045 sum
3094 3998 3421 4060 praeceptum
3460 3976 3696 4053 supradicta

2209 4082 2459 4139 ecclesia:
2486 4082 2782 4148 abbatiam,
2806 4097 2927 4152 quae
2949 4089 3174 4137 vocatur
3200 4072 3696 4136 Montisfalconimu:

2207 4186 2293 4234 est
2315 4177 2368 4232 in
2398 4178 2605 4233 honore
2655 4177 2830 4233 sancti
2860 4173 3117 4232 Germani
3149 4182 3484 4236 constructa,
3516 4163 3620 4223 etin
3639 4170 3697 4213 (θ’

2209 4269 2407 4323 mitatu
2441 4267 2713 4324 Dolmensi
2741 4275 2829 4322 est
2855 4268 2980 4333 sita,
3009 4281 3133 4322 cum
3178 4265 3425 4321 omnibus
3446 4269 3494 4316 et
3515 4254 3595 4313 sibi
3612 4261 3695 4322 pet-

533 4355 963 4413 ferventissimus
1007 4357 1238 4423 exstitit,
1290 4367 1346 4412 et
1390 4355 1697 4428 episcopale
1721 4356 2108 4421 ministerium,
2138 4350 2184 4412 C
2216 4358 2533 4424 tinentibus,
2565 4366 2676 4413 etc.

542 4491 3696 4563 σιξ-,Μ

543 4549 840 4564 —_

1724 4638 1891 4682 ANNO
1937 4638 2167 4683 DOMINI
2210 4636 2611 4681 οεοεεχῑνιι.

986 5030 2199 5152 ARCHIEPISGOPUS
2281 5027 3311 5150 NABBONENSIS.

1974 5219 2394 5236 ﬁ

1531 5318 2040 5414 NOTITIA
2103 5315 2788 5410 HISTORICA.

1448 5488 1570 5563 (Ex
1617 5488 1791 5547 Gallia
1836 5487 2168 5557 Christiana,
2218 5495 2347 5543 tom.
2397 5485 2486 5556 Vl,
2541 5502 2663 5560 pag.
2717 5458 2854 5559 25.)

604 5696 733 5752 Post
756 5695 957 5764 ctedcm
980 5692 1226 5751 Arnusti.
1253 5691 1430 5749 clerus
1455 5700 1510 5748 et
1533 5691 1761 5764 populus
1788 5691 2103 5748 Narbonen-

533 5769 611 5824 sis
654 5763 1002 5836 congregati,
1032 5770 1093 5819 ut
1133 5764 1512 5833 viderentque
1555 5763 1712 5836 pacto
1732 5780 1853 5822 eam
1885 5763 2109 5821 ulcisce-

2215 5700 2424 5758 rentur,
2456 5691 2730 5762 aliumque
2758 5688 3222 5762 archiepiscopum
3252 5685 3512 5762 eligerent.

2216 5748 2422 5819 factum,
2446 5748 2743 5834 putarunt,
2794 5762 2839 5817 si
2881 5748 3117 5817 vicinum
3165 5748 3684 5821 suum'llostagmtmrl'
