3878 5516
502 374 603 445 733
646 369 654 375 ’

1658 402 1934 460 AGIONIS
1974 404 2289 461 AllCl‘llEP.
2335 405 2632 462 NARBON.

3680 412 3769 469 735

496 506 745 562 manibus
778 505 1144 579 proximorum
1180 508 1490 579 gaudebant
1536 509 1762 570 fundere
1805 529 2078 573 cruorem.
2110 525 2154 580 Α
2185 531 2339 579 nens,
2394 526 2584 588 rogare
2628 517 2815 588 jussus
2860 528 2966 585 est,
3014 528 3286 591 quatenus
3330 521 3405 577 ad
3451 521 3772 593 loquentium

496 594 708 666 Reliqui
736 612 971 666 namque
1019 613 1199 653 veram
1232 599 1679 667 przestolahantur
1719 618 1930 674 pacem,
1963 603 2080 658 nul-

494 684 707 741 latenus
744 697 1133 757 cognoscentes
1168 704 1263 742 sua
1302 691 1611 759 peccamina
1642 708 1763 745 cum
1802 693 1962 746 nullis
2000 692 2078 745 di-

494 776 617 831 vina
665 778 998 833 exercuisset
1046 779 1208 845 ultio;
1253 782 1377 851 quia
1418 783 1734 852 priusquam
1791 786 2079 840 accidisset

492 869 652 938 hujus
682 871 915 942 procella
949 873 1197 937 turbinis,
1227 873 1366 928 alter
1395 864 1619 930 alterius
1641 876 1862 933 radebat
1887 877 2075 942 vitam,

490 972 546 1017 et
572 964 722 1020 dives
746 980 917 1034 egeno
942 966 1165 1021 subdole
1196 970 1335 1036 quod
1377 970 1686 1037 possidebat
1714 970 1925 1026 anlerre
1957 989 2077 1042 grs-

489 1054 677 1109 tiebat.
716 1054 840 1110 Ideo
886 1056 1009 1110 data
1057 1065 1140 1111 est
1185 1059 1232 1111 ci
1281 1059 1394 1111 dira
1424 1073 1485 1113 ac
1523 1059 1728 1129 prolixa
1767 1060 2073 1127 tribulatio;

491 1148 857 1217 tandiuienin
901 1164 1028 1203 vero
1068 1150 1383 1219 perstiterat
1423 1151 1718 1205 sa'vissima
1765 1162 1928 1224 atque
1967 1162 2078 1206 trn-

488 1237 857 1292 culentissiina
923 1237 1393 1294 Marcomanorum
1455 1241 1752 1304 atrocitas,
1812 1251 2078 1311 quatenus

486 1328 732 1385 ecclesi:e
777 1345 898 1399 ίμκρ
932 1330 1093 1384 nobili
1135 1328 1348 1385 fuerant
1380 1334 1780 1386 constructione
1810 1334 1989 1397 editae,
2024 1335 2075 1388 in

485 1432 726 1473 erennnn
761 1419 1152 1489 redigerentur,
1184 1428 1236 1473 et
1289 1434 1495 1475 summa
1541 1420 1820 1475 cacumina
1855 1423 2075 1491 parietis

485 1510 640 1566 lucus
668 1512 1023 1566 densissimus
1043 1512 1363 1581 cooperiret.
1389 1512 1495 1567 Sed
1520 1514 1754 1568 ittaxitne
1775 1528 1902 1567 vero
1918 1514 2074 1581 juxta

486 1617 657 1668 mare,
691 1604 847 1657 tellus
876 1603 1075 1658 inculta
1107 1602 1379 1669 manebat,
1409 1619 1765 1673 accessusque
1794 1604 2071 1658 hominum

483 1695 575 1749 illo
606 1708 774 1750 ‘rarus
805 1697 997 1756 inerat,
1030 1696 1129 1751 nisi
1171 1696 1224 1749 in
1264 1696 1547 1750 tutissimis
1588 1712 1652 1751 ac
1696 1696 2071 1751 munitissimis

481 1786 742 1851 castellis,
767 1788 892 1858 quia
911 1786 1068 1842 sicuti
1097 1770 1257 1855 supra
1290 1788 1608 1852 taxavimus.
1638 1786 1828 1842 incolae
1848 1796 1901 1841 et
1919 1787 2071 1842 clade

2181 619 2305 658 cmn
2344 620 2409 659 eo
2435 605 2685 661 Tolosam
2726 621 2793 661 ne
2840 609 3044 679 pigeret
3083 612 3365 665 accedere.
3399 610 3439 665 S
3475 611 3512 665 d
3562 611 3658 666 ille
3690 626 3773 665 et-

2180 696 2380 765 templu
2398 698 2465 751 ad
2509 714 2632 753 eum
2665 715 2888 769 pergere
2930 703 3215 771 nequiens,
3246 703 3515 774 quoniam
3556 706 3628 759 ab
3657 706 3773 760 urbe

2178 784 2369 839 Tolosa
2404 785 2514 840 fere
2542 790 2818 860 sexaginta
2851 790 2941 844 mil
2969 791 3014 844 ia
3045 794 3235 847 aberat
3264 802 3321 848 et
3346 810 3451 863 pro
3475 811 3543 850 re
3580 795 3770 849 incerta

2178 868 2358 930 meare
2385 876 2449 929 ad
2474 894 2596 931 cum
2630 879 2839 946 nolens,
2863 883 2996 937 dus
3026 883 3091 937 ad
3135 900 3262 939 eum
3303 886 3512 941 direxit
3549 887 3767 957 discipu-

2177 963 2281 1031 los,
2328 966 2564 1036 rogitan.
2610 969 2686 1023 uti
2737 986 2833 1039 per
2879 970 2997 1026 illos
3052 990 3161 1028 rem
3203 975 3474 1044 panderet
3522 991 3627 1046 pro
3678 994 3769 1047 quo

2180 1066 2326 1112 tanta
2358 1068 2624 1113 terrarum
2656 1063 2829 1130 spatia
2854 1064 3006 1118 adire
3027 1066 3212 1135 jussus
3238 1064 3397 1121 foret.
3424 1068 3509 1122 llli
3535 1069 3766 1137 equidem

2177 1150 2387 1205 concite
2430 1164 2804 1222 properantes,
2838 1152 2987 1223 jussu
3035 1157 3329 1227 implevere
3358 1156 3573 1214 Patris.
3617 1160 3769 1231 [gitur

2171 1238 2285 1310 jam
2316 1239 2457 1294 fatus
2490 1243 2732 1296 marchio
2766 1259 2886 1298 cum
2931 1247 3224 1315 reperisset
3259 1249 3405 1316 quod
3446 1251 3764 1304 venerabilis

2178 1329 2389 1385 abbatis
2420 1334 2704 1400 pnesentia
2730 1336 2954 1390 omnino
2977 1336 3198 1406 placito,
3221 1340 3367 1408 quod
3395 1341 3446 1394 ei
3481 1342 3764 1397 constitue-

2178 1426 2278 1484 rat,
2313 1418 2532 1474 minime
2563 1432 2706 1487 esset
2749 1423 3020 1490 adfutura,
3048 1427 3143 1482 sed
3172 1436 3228 1481 et
3258 1430 3569 1485 monachos
3594 1432 3643 1485 ei
3677 1434 3758 1485 ad-

2177 1509 2290 1564 fore
2314 1521 2668 1581 cognosceret
2692 1512 2760 1566 ab
2788 1528 2854 1568 eo
2885 1516 3101 1580 missos,
3134 1510 3430 1585 providens
3464 1533 3542 1571 ne
3565 1520 3617 1571 ei
3645 1536 3758 1574 caa-

2173 1615 2290 1656 sam
2342 1602 2419 1654 rei
2464 1612 2674 1657 n0taret
2725 1618 2975 1660 accessus
3005 1603 3143 1674 ejus,
3176 1607 3288 1661 imo
3317 1622 3388 1661 ne
3425 1620 3580 1664 esset
3622 1610 3757 1679 agilis

2175 1689 2426 1745 Tolosam
2456 1707 2617 1747 omne
2643 1708 2780 1761 pene
2808 1696 2949 1764 quod
2980 1694 3157 1750 facere
3186 1697 3369 1763 vellet,
3405 1707 3463 1752 et
3506 1710 3569 1753 ut
3595 1710 3753 1755 tam

2172 1782 2314 1853 quod
2357 1781 2407 1835 ei
2452 1789 2507 1837 et
2552 1783 2666 1836 suis
2714 1784 2995 1840 monachis
3021 1787 3225 1841 inferre
3253 1797 3497 1858 optaret,
3528 1790 3632 1842 viri
3678 1791 3752 1843 Dei

482 1878 766 1949 ingruente
820 1888 911 1934 aut
961 1880 1080 1934 aliis
1131 1880 1443 1949 regionibus
1473 1882 1743 1935 transversi
1785 1890 1932 1945 sunt,
1978 1888 2073 1934 aut
2104 1890 2144 1948 ιι
2176 1873 2357 1928 missis
2408 1874 2695 1946 propalare
2747 1893 2853 1930 uult
2898 1878 3099 1932 omisit.
3140 1878 3249 1933 Sed
3296 1889 3522 1950 tempus
3548 1892 3603 1935 et
3631 1880 3751 1935 diem

481 1970 570 2040 qui
608 1978 982 2026 remanserant
1011 1984 1150 2040 pere
1172 1984 1363 2024 omnes
1387 1969 1675 2036 interfecti,
1703 1980 1796 2025 aut
1819 1972 2069 2026 videlicet

480 2060 729 2115 barbaris
783 2070 909 2115 sunt
955 2060 1247 2115 commisti.
1300 2059 1492 2116 Caeteri
1547 2060 1640 2133 qui
1691 2070 1973 2118 evaserant
2010 2063 2065 2119 in

479 2154 645 2208 variis
671 2153 936 2222 degebant
969 2152 1252 2223 przesidiis.
1336 2208 1339 2209 ν

552 2245 679 2300 Erat
711 2243 893 2315 igitur,
918 2259 983 2298 eo
1011 2251 1273 2313 tempore,
1297 2241 1683 2300 monasterium
1712 2243 1768 2299 in
1791 2245 2064 2315 provincia

477 2334 667 2391 Gallize
697 2336 749 2390 in
780 2333 1093 2388 Pelracorio
1119 2347 1280 2406 pago,
1306 2335 1525 2389 nomine
1556 2332 1849 2401 Palmatus,
1880 2333 1931 2387 in
1960 2348 2066 2402 quo

470 2426 672 2499 jugiter
697 2426 919 2483 deicolae
947 2425 1164 2483 Christo
1190 2427 1604 2489 famulahantur,
1640 2425 1774 2481 nihil
1804 2424 2066 2482 habentes

476 2519 755 2590 proprium
795 2528 991 2588 praeter
1036 2518 1178 2589 quod
1223 2533 1413 2573 norma
1449 2508 1621 2573 sancti
1661 2516 1934 2572 Benedicti
1974 2531 2066 2571 ee-

476 2608 658 2667 debat.
702 2611 819 2667 Alia
870 2625 1102 2682 namque
1154 2609 1382 2679 plurima
1435 2619 1589 2665 erant
1634 2608 1959 2665 monasteria
2010 2609 2061 2663 in

475 2704 663 2759 eadem
711 2702 987 2774 provincia
1030 2702 1228 2773 oppido
1271 2701 1490 2768 ditiora,
1531 2717 1650 2770 quae
1683 2701 1792 2773 jam
1832 2699 1940 2755 fata
1977 2700 2063 2755 in-

476 2801 704 2863 gruente
751 2800 919 2862 peste,
972 2791 1131 2846 famis
1178 2792 1418 2862 periculo
1468 2791 1620 2847 multi
1666 2791 2062 2846 monachorum

476 2887 647 2941 sancti
707 2884 982 2941 Benedicti
1032 2900 1275 2939 normam
1330 2885 1598 2956 negligere
1659 2890 1958 2954 eruperunt,
2007 2890 2065 2936 et

476 2977 840 3034 contrailltins
870 2978 1052 3042 ritum,
1075 2976 1352 3047 proprium
1381 2975 1489 3051 nisi
1515 2982 1642 3031 sunt
1670 2974 1900 3039 habere;
1927 2987 2063 3043 quos

476 3069 557 3125 illi
587 3069 912 3131 devitantes,
943 3067 1096 3123 nefas
1122 3076 1177 3123 et
1206 3067 1450 3123 illicitum
1474 3067 1783 3131 censebant,
1811 3065 2061 3132 dogmata

475 3157 627 3215 Pauli
663 3159 1032 3230 praedicatoris
1060 3159 1259 3230 egregii
1297 3166 1515 3228 pectore
1547 3155 1845 3211 recolentes
1882 3173 1895 3209 :
1930 3152 2060 3219 Qui:

2169 1963 2498 2019 constituere
2531 1965 2776 2032 malleus,
2816 1982 2923 2036 quo
2955 1970 3278 2024 venerabilis
3310 1970 3493 2025 abbas
3523 1971 3750 2026 Totam

2169 2069 2456 2127 peragrare
2505 2066 2710 2124 posset,
2756 2064 3024 2123 metuens,
3073 2074 3143 2114 ne
3188 2074 3289 2114 ceu
3344 2062 3657 2115 marchioni
3695 2078 3749 2117 ex

2166 2147 2412 2217 plurimis
2445 2148 2688 2217 partibus
2718 2148 2849 2203 oriri
2879 2149 3053 2205 solent
3079 2151 3339 2207 nimbosa:
3372 2152 3645 2222 procella,
3676 2157 3747 2207 sic

2168 2240 2308 2293 inter
2350 2240 2576 2293 nimium
2629 2241 2950 2296 venerabilis
2986 2242 3161 2297 Patris
3191 2243 3295 2298 iter
3334 2260 3741 2307 utut-osum,»

2166 2338 2390 2384 scantur
2417 2329 2646 2399 plurima
2696 2331 2922 2386 adversa
2947 2373 2962 2397 ,
2999 2348 3068 2388 ne
3106 2334 3433 2403 permittant
3457 2334 3744 2405 ;adimplere

2166 2422 2299 2477 utile
2335 2423 2696 2494 propositum.
2728 2424 2851 2480 Ideo
2898 2429 3256 2496 propinquum
3299 2436 3358 2482 et
3399 2435 3744 2497 opportuna

2164 2515 2367 2586 placuit
2390 2525 2631 2573 statuere
2659 2517 2942 2587 placitum,
2968 2527 3026 2572 ut
3052 2527 3386 2573 exoneratus
3427 2517 3556 2573 aliis
3586 2534 3742 2573 rem

2165 2606 2414 2675 negotiis,
2458 2606 2580 2663 cum
2622 2623 2688 2663 eo
2721 2622 2787 2663 ex
2821 2609 3077 2663 amussim
3127 2618 3364 2663 tractare
3399 2609 3667 2677 quivisset
3694 2610 3746 2662 th

2166 2704 2328 2752 tantm
2364 2697 2608 2753 utilitatis
2629 2713 2748 2768 ope.
2779 2700 2851 2753 At
2876 2699 2951 2753 illi
3005 2698 3204 2754 auditis
3244 2700 3601 2754 sermonibus
3638 2716 3745 2769 ple-

2165 2789 2290 2845 fecti
2320 2800 2464 2856 sunt;
2509 2806 2743 2862 cumque
2790 2803 3122 2847 remeassem
3165 2792 3232 2847 ad
3272 2795 3523 2862 propria,
3569 2806 3744 2849 cuncta

2164 2883 2232 2936 ad
2264 2882 2616 2937 reverendum
2645 2881 2859 2937 Patrem
2890 2882 3208 2938 retulerant.
3233 2882 3326 2937 llle
3348 2883 3608 2952 equidem
3636 2900 3744 2936 ca:-

2164 2972 2439 3029 didicisset
2484 2989 2513 3027 a
2561 2974 2836 3046 discipulis
2861 2990 2980 3045 qnze
3004 2990 3035 3029 a
3072 2974 3391 3029 marcbione
3422 2974 3639 3029 fuerant
3660 2976 3744 3028 de.

2164 3060 2297 3127 lata,
2330 3063 2785 3132 cunctipotentem
2814 3065 3102 3119 Dominum
3139 3063 3460 3129 consulens,
3492 3064 3744 3134 profectas

2162 3162 2246 3208 est
2271 3152 2544 3208 Tolosam.
2577 3153 2708 3209 Erat
2736 3163 2916 3209 autem
2954 3170 3019 3209 eo
3051 3162 3295 3224 tempore
3337 3156 3584 3209 eximius
3619 3155 3747 3208 ﬂci-

477 3268 571 3307 nos
599 3249 859 3321 separabit
904 3267 935 3303 a
974 3250 1229 3303 charitate
1254 3245 1492 3302 Christi?
1534 3244 1824 3309 tribulatio,
1860 3260 1930 3298 an
1967 3260 2063 3297 an-
2090 3242 2134 3303 C
2167 3246 2361 3301 Sacltar
2389 3245 2442 3300 in
2469 3246 2659 3301 eadem
2690 3246 2823 3301 urbe
2846 3245 3138 3317 pontiﬁcali
3167 3246 3407 3317 fungens
3436 3248 3740 3308 ministerio,

477 3350 671 3412 gustia,
698 3357 768 3393 an
793 3338 1105 3409 persecutio,
1131 3354 1201 3392 an
1229 3336 1415 3407 fames,
1441 3352 1512 3390 an
1553 3334 1785 3395 auditas,
1824 3347 1892 3385 an
1931 3329 2069 3401 peri-

481 3433 680 3500 culum,
709 3449 778 3485 an
810 3431 1059 3502 gladius?
1108 3428 1277 3499 (Rom.
1302 3444 1421 3494 vm,
1470 3425 1583 3496 35.)
1632 3424 1894 3480 Dicebant
1919 3421 2064 3478 enim

476 3538 532 3584 et
553 3527 675 3597 ipsi,
702 3527 844 3597 quod
871 3524 1015 3580 nullo
1040 3525 1198 3580 modo
1226 3524 1364 3579 foret
1386 3522 1703 3585 monachus,
1722 3522 1811 3591 qui
1839 3521 1891 3574 in
1916 3528 2063 3573 terra
2119 3534 2141 3593 ξ

477 3619 751 3691 proprium
782 3624 1076 3688 quzererct,
1109 3628 1208 3671 nec
1251 3613 1456 3670 scilicet
1499 3612 1773 3683 propriam
1820 3608 2066 3663 volunta-

480 3720 613 3778 tem,
665 3708 767 3762 nisi
828 3704 1162 3761 tantumdem
1217 3703 1434 3774 propria
1485 3700 1642 3770 culpa
1686 3708 1741 3753 et
1785 3696 2063 3769 proprium

477 3800 675 3856 locum.
705 3799 975 3868 Pauperes
1000 3794 1250 3866 equidem
1271 3792 1503 3848 erantin
1545 3791 1731 3856 rebus,
1749 3790 1842 3845 sed
1867 3788 2062 3843 divites

478 3890 535 3945 in
566 3889 669 3945 fide
695 3909 711 3944 :
743 3888 938 3958 quibus
981 3894 1213 3956 praeerat
1254 3883 1440 3947 abbas,
1467 3882 1789 3954 Adalgasius
1822 3880 2059 3943 nomine,

478 3982 785 4038 veneranda
844 3978 1072 4043 canitie,
1128 3976 1368 4031 moribus
1416 3972 1613 4044 justis,
1662 3970 1843 4026 alacer
1891 3970 2059 4031 vultu,

478 4074 726 4147 prosapia
758 4071 971 4142 quidem
1003 4066 1165 4123 nobili
1194 4065 1424 4137 genitus,
1453 4072 1507 4119 et
1550 4077 1645 4118 ore
1681 4059 2059 4129 eloquentissi-

481 4184 619 4224 mus.
652 4165 752 4234 Qui
803 4164 989 4219 videns
1031 4160 1173 4233 quod
1206 4158 1351 4213 nullo
1381 4156 1540 4212 modo
1579 4154 1791 4216 illorum
1836 4152 2062 4208 ξενίαι-

481 4263 637 4325 tium,
671 4268 887 4329 propter
920 4263 1237 4325 praesentem
1278 4264 1532 4306 necem...
1565 4246 1703 4302 foret
1747 4260 1924 4317 posse,
1952 4258 2062 4298 cm-

479 4351 557 4421 pit
605 4349 834 4403 lustrare
882 4361 975 4401 seu
1026 4345 1198 4399 bonus
1245 4349 1430 4413 pastor
1474 4338 1721 4409 regiones
1763 4350 1973 4392 omnes,
2015 4331 2059 4384 si

480 4440 621 4496 forte
649 4440 915 4494 inveniret
940 4437 1028 4491 ubi
1057 4437 1123 4489 ah
1151 4449 1247 4489 ore
1282 4430 1618 4486 saevientium
1676 4442 1801 4483 suas
1828 4438 2057 4495 pauper-

480 4532 629 4586 culus
672 4544 891 4585 servare
929 4528 1191 4599 quivisset
1231 4524 1512 4588 oviculas;
1542 4520 1795 4592 quoniam
1842 4519 2058 4588 quidem

2165 3351 2323 3406 quem
2373 3336 2689 3408 magnificus
2736 3339 2997 3403 marchio,
3047 3352 3168 3393 cum
3216 3337 3503 3409 Atlalgasii
3556 3338 3744 3393 abbatis

2165 3428 2328 3481 sciret
2344 3428 2538 3483 adesse
2555 3427 2922 3497 praesentiam,
2949 3427 3207 3482 accersiri
3229 3426 3426 3493 jussit,
3453 3427 3674 3482 abbates
3689 3429 3741 3479 de

2163 3530 2263 3572 suo
2294 3530 2432 3589 pago
2459 3518 2748 3574 convenire
2774 3517 2922 3573 fecit.
2947 3517 3098 3573 Tunc
3127 3517 3261 3572 abiit
3298 3517 3586 3588 gloriosus
3616 3535 3741 3573 mr-

2162 3610 2286 3664 chio
2312 3609 2379 3662 ad
2427 3609 2807 3678 imperatorem
2836 3609 3089 3665 Carolum
3134 3610 3205 3664 ob
3235 3610 3545 3665 utilitatem
3577 3626 3739 3665 mona-

2163 3698 2335 3765 sterii,
2379 3697 2560 3769 illique
2588 3698 2893 3754 cmuobium
2922 3700 3010 3771 pia
3038 3699 3491 3755 consideratione
3518 3716 3739 3771 parea-

2165 3798 2267 3850 tns,
2299 3802 2367 3842 ne
2405 3787 2745 3843 incommoda
2771 3789 3088 3858 parentibus
3118 3789 3232 3844 suis
3285 3798 3615 3859 paterentur
3638 3798 3743 3859 post

2161 3879 2279 3950 ejus
2323 3879 2625 3943 decessum,
2679 3877 3037 3949 subpracstitis
3085 3892 3183 3948 per
3229 3877 3496 3933 chartam
3546 3879 3742 3932 milia:

2163 3972 2569 4042 possidendum,
2598 3986 2628 4027 a
2671 3987 2779 4043 quo
2815 3986 2934 4027 mox
2983 3969 3264 4025 munitata:
3301 3971 3558 4042 percepit
3592 3970 3744 4026 conti-

2162 4072 2397 4118 tteuletn.

2305 4151 2500 4207 Charta
2536 4150 2713 4207 Caroli
2750 4148 2896 4205 Calvi
2930 4165 3026 4221 pro
3062 4149 3280 4203 abbatia
3315 4148 3604 4205 ναὸν-επεὶ

2239 4258 2259 4291 ι
2305 4241 2359 4294 lu
2389 4241 2605 4295 nomine
2651 4249 2851 4295 sancta:
2876 4250 2930 4293 et
2975 4239 3266 4293 individua:
3291 4238 3591 4296 Trinitatis
3613 4282 3629 4303 .
3658 4240 3747 4293 Ca-

2163 4331 2310 4387 rolus
2335 4370 2349 4395 ,
2380 4331 2554 4402 gratia
2596 4331 2690 4386 Dei
2720 4372 2735 4397 ,
2778 4347 2869 4386 rex
2911 4329 3247 4385 Francorum
3287 4342 3344 4385 et
3371 4329 3748 4404 Longebartb-

2163 4440 2305 4489 rum,
2329 4439 2393 4478 ac
2422 4423 2682 4492 patricius
2716 4423 3103 4477 Romanorum.

2237 4534 2255 4566 ι
2302 4513 2591 4569 Maximqu
2621 4514 2773 4585 regni
2803 4504 2973 4568 nostri
3010 4514 3063 4567 in
3110 4512 3217 4567 hoc
3255 4527 3468 4584 angere
3491 4515 3753 4569 cratim

484 4624 706 4679 minime
739 4622 811 4677 illi
842 4586 1198 4692 opportunum
1225 4627 1346 4673 erat
1374 4630 1474 4671 suo
1502 4614 1696 4682 degere
1719 4611 1855 4674 solo,
1880 4609 1930 4662 in
1954 4623 2060 4677 quo
2092 4586 2138 4644 ι)
2166 4606 2557 4660 munimentum
2584 4646 2599 4670 ,
2659 4604 2704 4659 si
2734 4603 2994 4660 beneﬁcia
3024 4611 3332 4673 Opportuna
3363 4605 3486 4659 loca
3509 4605 3753 4660 ecclesia-

482 4715 846 4771 creberrimas
896 4709 1230 4767 miserabiles
1282 4723 1352 4764 ex
1396 4706 1609 4761 dilectis
1663 4702 1775 4758 suis
1830 4700 2061 4755 alumnis

482 4813 729 4862 cerneret
755 4812 982 4873 strages.
1009 4799 1235 4856 Ventum
1270 4807 1354 4852 est
1393 4798 1555 4868 igitur
1582 4797 1647 4849 ad
1688 4810 1847 4849 aures
1875 4792 2060 4846 cxin'iii

487 4898 820 4955 marcbionis
849 4893 1190 4967 llegimundi,
1234 4892 1325 4963 qui
1358 4891 1448 4945 illo
1473 4900 1712 4959 tempore
1740 4886 2077 4941 mouarchiat-

484 4992 691 5045 Tolosm
719 4989 1035 5059 fungebatur
1065 4984 1282 5053 regendi
1315 4982 1549 5053 negotio,
1575 4980 1715 5051 quod
1740 4976 2067 5032 venerabilis

483 5081 802 5152 Adalgasius
847 5076 1034 5142 abbas,
1062 5089 1393 5146 paganorum
1422 5070 1748 5132 incursione,
1795 5067 1928 5121 foret
1960 5082 2063 5119 una

485 5188 607 5227 cunt
660 5170 945 5226 clientibus
999 5166 1220 5239 pr0prio
1263 5165 1540 5218 exsulatus
1585 5162 1719 5216 solo.
1778 5160 1869 5214 lile
1919 5159 2063 5212 enim

485 5281 667 5323 Secum
690 5266 868 5317 mente
893 5268 1229 5332 pertractans
1250 5258 1504 5313 divinitus
1524 5254 1707 5312 llante.
1731 5253 2061 5307 salutifer-um

491 5353 693 5418 reperit
730 5352 1034 5404 consilium-
1069 5349 1144 5396 uti
1178 5349 1294 5396 vim
1348 5348 1461 5394 Dei-
1514 5347 1666 5392 cuius
1710 5345 2060 5390 ('Plt-ltt-t'rinm

2169 4713 2285 4752 rum
2324 4696 2577 4752 benevola
2605 4696 2890 4751 devotione
2913 4694 3264 4750 concedimus
3288 4711 3305 4759 ;
3339 4696 3460 4750 haec
3483 4736 3499 4758 ,
3536 4697 3755 4750 Domine

2169 4797 2486 4860 protegente
2504 4828 2520 4853 ,
2572 4787 2840 4843 stabiliter
2864 4786 3160 4858 perdurare
3194 4788 3631 4841 conscribi-nus.
3655 4786 3753 4856 lgi-

2171 4888 2257 4932 tur
2283 4888 2470 4932 notum
2509 4878 2580 4932 sit
2622 4877 2874 4931 omnibus
2910 4875 3202 4946 episcopis,
3245 4875 3564 4939 abbatibus,
3590 4875 3757 4930 enni-

2172 4968 2314 5022 tibus
2341 5007 2356 5031 ,
2414 4966 2821 5021 vicecomitibus
2844 5004 2859 5031 ,
2914 4964 3130 5019 vicariis
3152 5004 3167 5028 ,
3219 4964 3562 5018 centenariis
3583 4961 3755 5030 ,1υῶ-

2169 5060 2322 5114 cibus
2348 5098 2365 5123 ,
2421 5073 2519 5113 ceu
2572 5058 2831 5114 omnibus
2868 5056 3116 5119 fidelibus
3162 5056 3530 5126 pnesentilms
3552 5057 3760 5109 scilicet

2168 5163 2221 5208 et
2243 5150 2438 5205 futuris
2465 5191 2479 5214 ,
2514 5149 2768 5219 qualiter
2808 5148 2891 5203 vir
2930 5145 3258 5202 venerabilis
3277 5160 3472 5200 comes
3500 5145 3759 5199 Baianis-

2168 5248 2289 5309 dus,
2336 5258 2403 5298 ex
2458 5242 2789 5314 monasterio
2811 5241 2954 5310 quod
2995 5242 3108 5310 ipse
3138 5254 3279 5293 novo
3306 5253 3477 5308 opere
3490 5238 3624 5310 jure
3646 5252 3761 5307 pn-

2167 5337 2424 5388 nrietario
2450 5350 2480 5387 a
2508 5331 2861 5386 [nudantento
2901 5331 2954 5382 in
3006 5330 3269 5383 honorem
3292 5328 3617 5383 Dominis:
3645 5328 3759 5381 Salo
