3878 5518
126 409 222 469 785

1064 423 1151 482 DE
1187 425 1482 483 ΔΒΒᾹἸΊΑ
1527 429 1883 486 νΑΒιιιίΝδι.
1926 465 1991 473 -
2032 435 2395 492 APPENDIX.

3253 439 3356 497 786

105 519 411 615 praedictum
441 527 828 584 monasterium
871 546 992 588 cum
1035 537 1288 592 omnibus
1321 537 1482 595 rebus
1502 549 1555 594 et
1579 555 1672 594 or-
1705 549 1746 604 Α
1779 544 1873 598 bas
1921 543 2001 598 vel
2033 559 2375 602 successores
2420 545 2536 615 ejus
2563 547 2630 602 de
2655 545 2756 602 hac
2801 545 2919 602 luce
2967 547 3034 601 ad
3063 546 3350 604 Demittunt

105 611 368 699 namentis
409 615 652 672 ecclesiae
702 635 833 686 sum,
891 627 1214 694 appenditiis
1245 629 1330 682 vel
1359 629 1676 699 adjacentiis

99 698 210 788 suis
239 738 256 764 ,
287 699 340 754 in
367 707 616 762 manibus
641 713 840 767 nostris
864 753 880 778 ,
925 715 1236 784 plenissima
1268 698 1673 788 delibet-aliene,

101 787 246 842 visus
299 799 383 844 est
430 793 744 864 delegasse;
797 811 854 856 et
901 805 1072 872 ipsum
1101 818 1346 862 sanctum
1373 809 1546 866 locum
1575 787 1676 868 sub

99 886 279 930 nostra
325 882 636 940 defensione
681 898 844 958 atque
891 891 1260 952 dominatione
1287 899 1354 953 ad
1383 903 1672 970 regendum

98 967 254 1022 nuhis
277 971 426 1026 visus
450 985 532 1030 est
557 981 859 1036 tradidisse.
897 983 1104 1042 Idcirco
1127 989 1192 1042 ad
1222 988 1337 1060 ejus
1357 967 1671 1062 petitionem

95 1059 254 1115 talem
311 1079 408 1133 pro
437 1077 636 1125 :eterna
673 1075 1026 1132 retributione
1055 1059 1373 1136 beneficium
1406 1085 1472 1138 ad
1502 1085 1672 1154 ipsum

93 1160 336 1207 sanctum
393 1157 566 1212 locum
611 1164 708 1217 visi
745 1163 945 1221 fuimus
969 1169 1298 1238 indulsisse;
1343 1175 1670 1232 utineccle-

87 1238 186 1332 siis
209 1279 223 1303 ,
253 1242 334 1296 vel
368 1242 500 1300 locis
527 1287 540 1310 ,
577 1250 662 1304 vel
705 1255 850 1323 agris
874 1295 888 1318 ,
930 1271 1024 1310 seu
1063 1258 1184 1313 aliis
1208 1263 1637 1330 possessionibus
1657 1307 1671 1332 ,

91 1325 258 1393 ipsius
304 1338 662 1424 monasterii,
723 1357 856 1410 quas
895 1345 1150 1402 moderno
1193 1357 1434 1420 tempore
1463 1370 1560 1424 per
1583 1372 1676 1411 no-

85 1425 258 1472 stram
290 1419 633 1482 donationem
676 1445 740 1484 ac
779 1423 1248 1494 conﬁrmationem
1275 1419 1416 1504 ,iseu
1449 1419 1673 1502 caetero-

86 1523 200 1603 rum
233 1509 467 1603 ﬁdelium
489 1515 635 1582 jaste
657 1523 938 1591 possidere
977 1528 1191 1584 videtur
1214 1571 1228 1596 ,
1267 1531 1320 1586 in
1342 1534 1672 1603 quibuslibet

86 1595 218 1652 locis
258 1602 518 1673 quidquid
543 1607 741 1665 ibidem
767 1627 988 1686 propter
1020 1619 1262 1675 divinum
1295 1595 1536 1680 amorem
1561 1629 1670 1682 cul-

93 1688 265 1788 latum
291 1691 396 1788 luit
425 1737 440 1760 ,
494 1714 722 1772 qumque
769 1705 932 1762 etiam
992 1709 1244 1782 deinceps
1271 1715 1320 1768 in
1339 1715 1464 1785 jure
1503 1719 1670 1788 ipsius

81 1785 259 1838 sancti
289 1785 394 1842 loci
413 1800 510 1845 aut
535 1808 630 1862 per
653 1811 750 1852 nos
779 1838 792 1863 ,
829 1809 922 1855 aut
955 1816 1052 1871 per
1074 1804 1206 1859 alios
1231 1806 1462 1862 voluerit
1483 1785 1665 1865 divina

81 1873 256 1968 pietas
282 1881 466 1949 augeri
497 1923 512 1948 ,
577 1889 950 1960 prtecipientes
968 1891 1224 1962 jubemus
1245 1906 1406 1968 atque
1446 1903 1668 1957 anatbe-
1699 1894 1743 1952 Β

81 1967 438 2062 matizamus,
481 1983 540 2028 ut
589 1979 766 2036 nullus
807 1997 990 2040 comes
1019 2027 1032 2050 ,
1079 2003 1180 2044 nec
1210 1967 1496 2062 episcopus
1519 2034 1536 2059 ,
1567 2011 1664 2052 nec

79 2056 252 2112 ah'as
279 2099 294 2124 ,
335 2071 428 2118 aut
453 2067 632 2124 nullus
645 2068 938 2138 jndiciaria
979 2056 1564 2150 potestate-pt'tet-litus,
1597 2085 1664 2140 ad

75 2161 272 2205 causas
311 2156 638 2226 audiendas,
669 2165 750 2218 vel
785 2165 934 2222 freda
977 2171 1239 2240 exigenda
1266 2213 1280 2239 ,
1314 2185 1408 2230 aut
1433 2179 1671 2233 mansio-

77 2253 176 2332 nes
202 2283 218 2308 ,
261 2245 342 2300 vel
388 2260 602 2317 paratas
637 2251 909 2312 faciendas
932 2299 946 2322 ,
978 2269 1071 2315 aut
1104 2261 1448 2332 tidejussores
1477 2267 1667 2322 tollen-

71 2329 173 2385 dos
201 2372 215 2398 ,
269 2351 370 2392 nec
415 2339 662 2397 homines
707 2346 861 2400 istius
897 2329 1219 2406 monasterii
1267 2363 1372 2408 tam
1408 2356 1668 2428 ingenuos

69 2435 350 2494 quamque
389 2444 579 2486 servos
602 2473 615 2496 ,
669 2435 764 2503 qui
792 2451 953 2507 super
979 2449 1178 2494 terram
1225 2448 1509 2500 memorati
1554 2464 1667 2503 mo-

67 2516 303 2568 nasterii
332 2519 574 2575 residere
597 2523 852 2580 viztentur
875 2567 890 2592 ,
935 2529 1338 2602 distringendos
1362 2575 1377 2600 ,
1406 2552 1502 2592 nec
1530 2539 1665 2595 ullas

64 2603 466 2665 redhibitiones
517 2623 612 2668 aut
639 2615 854 2674 illicitas
898 2621 1213 2678 occasiones
1238 2629 1662 2698 perquiremlas,

57 2703 160 2748 aut
232 2697 398 2752 ullum
441 2705 664 2760 omnino
701 2723 924 2764 censum
973 2697 1390 2783 inquiremlum,
1433 2719 1539 2774 ullo
1568 2737 1663 2776 un-

52 2799 244 2852 quam
302 2796 543 2859 tempore
583 2794 788 2864 ingredi
839 2801 1034 2856 audeat
1067 2803 1150 2856 vel
1185 2815 1438 2862 exactare
1463 2825 1666 2878 praesu-

58 2887 203 2932 mat.
250 2877 356 2936 Sed
395 2885 500 2940 hoc
525 2887 638 2956 ipse
668 2891 839 2948 abbas
864 2937 877 2960 ,
933 2895 1014 2951 vel
1040 2914 1384 2957 successores
1410 2877 1492 2958 sui
1519 2946 1532 2968 ,
1570 2915 1665 2960 aut

63 2973 333 3028 monachi
365 2981 644 3035 memorati
670 2982 772 3037 loci
799 3025 813 3050 ,
840 2999 1135 3054 prtesentes
1163 2991 1370 3048 scilicet
1393 3003 1448 3048 et
1470 2993 1659 3060 futuri,

61 3074 298 3152 propter
347 3079 544 3122 nomen
601 3073 856 3140 Domini,
907 3081 1008 3133 sub
1049 3081 1274 3152 integra:
1305 3085 1664 3146 intumuitatis

59 3151 294 3208 nomine
323 3194 339 3216 .
368 3157 574 3228 absque
609 3161 895 3230 cujuslibet
921 3151 1219 3240 inquietata
1249 3183 1342 3229 aut
1362 3175 1662 3233 contrarie-

1781 635 2128 706 migraverint
2159 678 2174 704 ,
2227 638 2437 708 qualem
2487 638 2762 694 meliorem
2791 680 2806 706 ,
2848 649 2903 694 et
2928 638 3082 693 uobis
3118 655 3216 710 per
3239 655 3355 694 om-

1778 727 1866 781 nia
1919 711 2290 797 ﬁdelem'ipsa
2333 738 2518 784 sancta
2551 730 2899 802 congregatio
2946 731 3011 786 dc
3037 747 3198 800 supra
3220 731 3355 786 scri-

1777 827 1870 887 pto
1907 828 2238 875 monasterio
2270 829 2364 874 aut
2393 823 2760 893 qualicunque
2803 823 2921 878 loco
2956 823 3228 878 voluerint
3259 824 3354 878 eli-

1775 924 1904 980 gere
1935 910 2183 964 abbatem
2211 947 2226 976 ,
2265 911 2356 980 qui
2389 912 2556 981 ipsam
2609 921 2850 968 sanctam
2884 914 3356 984 congregationem

1777 1001 2071 1054 secundum
2119 1000 2356 1070 regulam
2415 1003 2586 1056 sancti
2628 1003 2904 1058 Benedicti
2937 1019 3124 1073 regere
3153 1003 3352 1066 valeat,

1775 1106 1872 1158 per
1901 1091 2038 1144 hanc
2068 1101 2308 1146 nostram
2339 1094 2712 1148 auctoritatem
2731 1105 2784 1149 et
2825 1097 3154 1166 praemissam
3183 1097 3358 1152 indul-

1775 1181 2018 1250 gentiam
2047 1182 2281 1236 habeant
2307 1199 2322 1246 ;
2357 1193 2414 1236 et
2445 1183 2750 1254 ubicunque
2775 1185 3047 1240 voluerint
3076 1187 3315 1240 ordinari
3339 1226 3352 1249 ,

1775 1281 1871 1325 aut
1897 1272 1993 1342 ipsi
2031 1283 2122 1326 aut
2151 1274 2399 1330 monachi
2433 1275 2668 1344 ipsormn
2701 1316 2714 1340 ,
2748 1276 2831 1332 vel
2858 1291 2885 1330 a
2915 1278 3152 1346 quolibet
3178 1278 3357 1348 ponti-

1777 1364 1875 1419 tice
1905 1380 1968 1418 ex
2003 1374 2272 1434 prmcepto
2298 1359 2656 1422 et‘consensu
2693 1377 2878 1424 nostro
2903 1377 3224 1437 potestatem
3255 1369 3354 1423 ha-

1773 1454 1974 1518 beant,
2037 1463 2302 1525 quatenus
2350 1455 2480 1527 ipsis
2516 1457 2690 1512 servis
2719 1457 2809 1511 Dei
2841 1497 2856 1523 ,
2895 1458 2984 1527 qui
3021 1459 3214 1512 ibidem
3245 1459 3355 1512 Deo

1773 1545 2022 1600 famulari
2072 1547 2360 1613 videntur,
2419 1563 2518 1618 pro
2558 1549 2712 1603 nobis
2751 1563 2814 1603 ac
2838 1548 3068 1616 eonjugc
3095 1548 3355 1616 proletpte

1773 1647 1954 1691 nostra
1981 1678 1995 1698 ,
2023 1643 2077 1690 et
2111 1621 2405 1712 stabilitate
2450 1636 2615 1691 totius
2649 1637 2798 1708 regni
2828 1651 2855 1690 a
2890 1635 2997 1690 Deo
3025 1637 3177 1690 nobis
3203 1652 3353 1704 com:-

1771 1725 1922 1780 tnissi
1953 1725 2031 1778 vel
2061 1711 2452 1792 conservandi,
2489 1715 2750 1782 hactenus
2801 1727 3013 1782 Domini
3053 1727 3354 1782 misericor-

1771 1817 1912 1870 diam
1939 1831 2166 1871 exnrare
2205 1817 2454 1872 delectet.
2510 1817 2732 1888 Signum
2769 1818 2946 1872 Caroli
2998 1818 3160 1888 regis.
3189 1817 3351 1872 Adal-

1771 1907 1994 1978 guarius
2016 1909 2262 1962 notarius
2289 1911 2504 1980 scripsit
2540 1911 2604 1964 ad
2632 1911 2804 1964 vicem
2830 1911 3062 1966 Cisseni.

1847 2018 1865 2052 ι
1915 1999 2044 2054 Data
2083 2015 2172 2054 xw
2197 1999 2316 2054 Kal.
2348 2001 2612 2072 Augusti,
2647 2001 2938 2057 indictione
2973 2001 3052 2064 l0,
3093 1995 3234 2056 anno
3257 2001 3344 2066 2t,

1769 2100 2030 2160 regnante
2085 2090 2278 2146 Carolo
2305 2107 2428 2160 rege
2465 2093 2870 2164 gloriosissimo.
2899 2093 3096 2148 Actum
3125 2092 3349 2147 Parisiis

1769 2179 2020 2244 civitate,
2047 2180 2100 2233 in
2133 2179 2223 2234 Dei
2261 2181 2478 2235 nomine
2504 2181 2752 2236 feliciter.
2793 2183 2988 2236 Amen.
3039 2201 3057 2233 ι

1755 2329 1760 2334 ,
1839 2269 1964 2324 Ilaec
2006 2270 2424 2340 gloriosissimus
2463 2287 2554 2326 res
2590 2272 2818 2326 Carolus
2853 2272 3153 2326 venerabili
3201 2289 3345 2326 mar-

1766 2357 1944 2412 ehioni
1999 2375 2093 2426 per
2147 2369 2469 2429 przcceptum
2499 2361 2748 2425 contulit,
2793 2361 2886 2416 sed
2914 2373 2966 2416 et
2988 2363 3334 2430 circumqua-

1767 2463 1874 2518 que
1898 2449 2046 2502 utilia
2089 2450 2372 2518 pecoribus
2397 2489 2411 2514 ,
2471 2449 2853 2521 laboribusque
2912 2463 3033 2522 apta
3067 2467 3162 2522 per
3181 2453 3347 2506 char-

1759 2547 1877 2616 tam
1930 2537 2263 2608 imperialem
2291 2539 2358 2594 ab
2389 2554 2454 2594 eo
2494 2539 2608 2594 loca
2641 2541 2898 2612 suscepit.
2933 2541 3147 2598 llonure
3170 2550 3347 2597 autem

1769 2647 1964 2700 magno
2013 2633 2080 2686 ab
2137 2632 2467 2702 imperatore
2503 2633 2736 2688 donatus
2767 2673 2781 2700 ,
2813 2634 3022 2689 sciliCt-t
3047 2615 3254 2705 argenti
3282 2634 3346 2687 li-

1766 2722 1896 2778 bras
1925 2739 1998 2788 ιι,
2049 2724 2114 2776 ad
2155 2738 2310 2776 suum
2348 2723 2402 2776 iu
2443 2739 2576 2793 pace
2605 2725 2762 2780 rediit
2793 2727 3207 2780 monasterium.
3247 2725 3343 2782 Co-

1767 2821 1988 2884 gnoscat
2017 2853 2032 2878 ,
2084 2812 2329 2882 quisquis
2366 2813 2454 2867 ille.
2499 2822 2622 2878 est,
2677 2815 2768 2883 qui
2815 2815 2953 2869 hanc
2989 2815 3344 2886 cupitlcgere

1763 2904 1850 2976 _\'el
1879 2903 2068 2956 audire
2095 2903 2258 2955 vitam
2283 2914 2601 2958 cunctorum
2646 2903 2748 2958 hoc
2793 2913 2954 2976 caput
2998 2920 3116 2959 csse
3164 2921 3342 2960 CtBtm-

1765 2991 1996 3057 Horum,
2018 3005 2120 3045 non
2145 2992 2314 3046 solum
2338 3009 2457 3062 qua:
2475 2993 2683 3048 Gothis:
2706 2995 2756 3048 in
2777 2997 3018 3065 partibus
3033 3005 3342 3050 constructa

1765 3097 1884 3139 esse
1911 3083 2218 3151 videntur,-
2249 3099 2436 3140 verum
2470 3086 2632 3140 etiam
2671 3097 2726 3142 et
2754 3087 2964 3142 illorum
2999 3103 3116 3157 quae
3141 3088 3192 3142 in
3225 3088 3346 3142 aliis

1765 3175 2076 3246 regionibus
2121 3191 2184 3231 ea
2243 3187 2566 3249 tempesrate
2611 3187 2666 3232 et
2710 3179 3001 3250 deinceps,
3049 3195 3146 3250 per
3187 3179 3345 3248 hujus

62 3252 180 3296 tate
232 3245 450 3340 valeant
489 3251 770 3310 dominare
799 3297 814 3321 ,
863 3267 920 3314 et
959 3262 1090 3315 nulli
1133 3280 1374 3335 unquam
1413 3267 1656 3335 homini,
1688 3239 1732 3300 Ο
1762 3269 2008 3339 exempla
2036 3269 2300 3325 :editicata
2343 3281 2508 3340 atque
2557 3273 2622 3328 de
2667 3271 3104 3328 thesauris-illius
3133 3273 3342 3336 ditata,

57 3347 162 3400 pro
187 3336 557 3409 qualicunque
587 3358 674 3409 re,
703 3347 910 3402 nullum
931 3352 1154 3406 omnino
1169 3369 1393 3410 censum
1423 3358 1660 3413 audeant

58 3420 420 3494 impendere;
471 3433 566 3485 sed
614 3432 786 3504 ipsum
842 3449 1088 3494 sanctum
1133 3441 1308 3498 locum
1334 3445 1433 3500 sub
1465 3455 1650 3500 nostra

57 3511 384 3570 defensione
437 3528 600 3590 atque
660 3525 1025 3585 dominatione
1077 3533 1321 3588 volumus
1373 3519 1642 3592 constare.

57 3603 400 3708 Statuentes.
435 3626 563 3682 ergo
614 3624 778 3686 atque
816 3617 1068 3686 iubentes
1099 3663 1115 3688 ,
1175 3633 1234 3680 ut
1289 3641 1464 3697 neque
1513 3643 1648 3694 vos,

55 3708 240 3762 neque
283 3697 530 3765 juniores
575 3719 668 3758 seu
697 3721 1042 3766 successores
1085 3713 1250 3768 vestri
1279 3753 1296 3781 ,
1322 3714 1405 3768 vel
1426 3715 1651 3785 quilibet

51 3797 117 3836 ex
184 3785 482 3855 judiciaria
539 3803 844 3866 potestate,
902 3802 954 3855 in
985 3803 1230 3861 ecclesiis
1261 3846 1278 3874 ,
1338 3806 1512 3875 locis,
1567 3809 1657 3866 vel

46 3877 202 3944 agris
229 3916 246 3943 ,
283 3893 376 3933 seu
415 3881 640 3953 reliquis
687 3893 1117 3956 possessionibus
1146 3898 1502 3968 suprascripti
1533 3915 1649 3956 mo-

49 3968 315 4034 nasterii,
365 3971 450 4026 vel
498 3975 563 4029 de
619 3981 868 4037 omnibus
917 3998 1038 4052 quze
1069 4002 1230 4056 supra
1265 3989 1466 4059 scripta
1499 4001 1648 4059 sunt,

47 4076 342 4156 nunquam
365 4065 472 4121 ullo
492 4079 734 4142 tempore.
751 4079 1112 4144 praesumatis.
1139 4081 1244 4135 Sed
1265 4085 1406 4152 quod
1431 4095 1652 4156 propter

44 4165 260 4208 nomen
315 4154 570 4225 Domini,
619 4169 820 4218 mterna
879 4171 1316 4227 remuneratione
1349 4154 1547 4242 adjam
1570 4175 1648 4229 fa-

45 4252 160 4298 tum
191 4251 590 4305 monasterium
620 4253 972 4324 indulsimus,
1003 4264 1279 4332 perpetuis
1309 4267 1646 4336 temporibus

43 4337 314 4405 proﬁciat
369 4340 422 4396 in
476 4357 844 4416 augmentum.
895 4351 960 4406 Et
999 4355 1436 4425 quandoquidem
1469 4357 1648 4414 divina

41 4431 344 4487 vocatione
405 4439 804 4509 suprasvsriptus
861 4445 1188 4502 venerabilis
1236 4448 1527 4520 Adalgisus
1551 4451 1648 4504 τιλ-

55 4594 1580 4630 ——_._..._.__.__________________._.

1757 3361 1900 3417 sicut
1955 3362 2007 3416 in
2051 3371 2208 3417 antea
2258 3373 2536 3417 narratum
2601 3373 2704 3416 est.
2753 3359 2952 3418 Sedulo
2998 3363 3344 3419 considerare

1756 3453 1889 3508 libet
1918 3467 2120 3524 quanta
2145 3455 2448 3510 numilitate
2479 3470 2541 3509 ac
2563 3457 2866 3510 reverentia
2897 3457 3065 3510 isdem
3099 3465 3343 3510 metuen-

1755 3544 1856 3600 dus
1877 3546 1944 3600 sit
1971 3546 2120 3600 locus
2148 3587 2162 3610 ,
2191 3547 2280 3615 qui
2313 3555 2388 3601 tot
2429 3547 2762 3616 principibus
2788 3545 3000 3600 videtur
3024 3561 3143 3599 esse
3167 3545 3345 3598 nunti-

1761 3644 1846 3692 ttts
1877 3653 1892 3702 ;
1935 3635 2199 3706 siquidem
2246 3636 2507 3690 Dominus
2537 3635 2785 3690 Christus
2833 3634 3091 3704 Princeps
3117 3643 3198 3688 est
3226 3651 3344 3688 om-

1758 3728 1906 3782 nium
1963 3727 2307 3798 principum,
2351 3727 2461 3780 ltcx
2495 3741 2726 3796 regum,
2776 3735 2831 3780 et
2879 3724 3137 3780 Dominus
3169 3723 3342 3778 domi-

1759 3817 2004 3872 nantium
2037 3832 2052 3882 ;
2083 3817 2242 3872 beata
2297 3831 2423 3870 vero
2447 3814 2538 3870 Dei
2567 3815 2810 3886 geniti-ix.
2832 3813 2998 3866 Maria
3021 3821 3338 3868 cunctarum

1759 3911 2029 3981 virginum
2086 3911 2330 3966 creditur
2381 3925 2500 3964 esse
2548 3909 2779 3980 regina;
2843 3906 3069 3962 Michael
3125 3907 3337 3961 cunctis

1758 3999 2045 4070 prtel'ertur
2074 4001 2379 4070 agminibus
2405 3997 2759 4068 angelorum;
2791 3995 2982 4050 Petrus
3008 4004 3062 4049 et
3085 3995 3336 4050 Andreas

1754 4085 1932 4163 capita
1977 4101 2104 4146 sunt
2156 4090 2522 4161 apostolorqu
2548 4107 2574 4156 ;.
2622 4089 2931 4159 Stephanus
2971 4096 3336 4158 protomartyr

1753 4185 2116 4257 principatum
2173 4193 2319 4239 tenet
2351 4185 2402 4238 in
2435 4184 2601 4238 choro
2649 4183 2888 4236 testium.
2921 4179 3180 4234 Martialis
3205 4193 3334 4234 vero

1754 4293 1964 4347 gemma
1997 4276 2226 4346 refulget
2270 4276 2560 4346 praesidum
2592 4292 2606 4342 ;
2655 4273 2980 4330 Benedictus
3009 4280 3331 4328 cunctorum

1753 4369 1915 4425 Pater
1953 4379 2036 4425 est
2061 4371 2471 4424 monaclmrum.

1380 4759 2036 4852 APPENDIX.

458 4921 688 4984 Charta
717 4925 1072 5007 Raymundi
1105 4931 1352 4994 comitis
1387 4932 1689 4995 Tolumni
1714 4951 1836 5012 pro
1871 4933 2244 5015 fundatione
2270 4934 2532 4997 abbat'ice
2565 4933 2910 4998 l’abrensis.

111 5178 629 5253 Priscarumlegum
657 5187 711 5232 et
737 5179 1124 5253 imperatorum
1156 5192 1210 5238 et
1231 5185 1514 5240 consulum
1545 5183 1636 5238 de-
1668 5187 1718 5246 ι)
1747 5183 1938 5253 mortis
1959 5183 2163 5253 laqueo
2190 5183 2389 5240 tradat.
2431 5185 2500 5240 Et
2547 5188 2606 5236 ut
2635 5179 2790 5234 nobis
2827 5181 3091 5238 Dominus
3139 5175 3350 5230 veniam

41 5268 97 5306 er
122 5251 220 5305 rvit
249 5249 565 5313 auctoritas,
607 5257 664 5302 ιιι
689 5249 1076 5324 qualiscunque
1106 5270 1334 5322 persona
1365 5273 1428 5312 ex
1473 5253 1635 5324 nobili

41 5330 197 5394 ortus
231 5335 428 5394 genere
453 5335 540 5394 res
561 5334 688 5394 suas
715 5321 768 5374 in
792 5321 968 5377 alieno
985 5321 1422 5394 jure’transl‘erre
1451 5323 1638 5378 volue-

41 5393 132 5456 rit,
161 5403 274 5446 tam
305 5391 353 5445 in
380 5389 628 5463 ecclesiis
657 5405 818 5463 quam
857 5402 912 5448 et
943 5389 1003 5450 in
1022 5397 1144 5452 aliis
1165 5396 1496 5456 hominibus,
1545 5409 1639 5463 per

74 5465 81 5470 '
316 5462 609 5506 nu-"nillnc_
643 5470 696 5506 nl
723 5461 990 5508 Ipailimag
1016 5468 1330 5518 u-nrlilinnne
1360 5461 1634 5508 Ιῖρρηιῖῖηη

1746 5252 1952 5308 donare
1973 5252 2250 5324 dignetur,
2283 5259 2529 5312 cedimus
2562 5265 2888 5324 cessumque
2931 5254 2982 5306 ill
3033 5255 3354 5316 ροτρθιυιιιιι

1745 5338 1870 5396 esse
1903 5321 2150 5396 volui—nus
2178 5341 2266 5382 res
2295 5321 2645 5396 proprietatis
2673 5330 2898 5382 nostrae.
2927 5325 3148 5396 prople
3181 5329 3354 5395 νομιο-

1745 5393 1894 5448 dium
1946 5395 2142 5453 animae
2191 5393 2411 5460 nostrai,
2453 5405 2508 5450 et
2549 5397 2798 5460 propter-
2825 5393 3124 5446 remedium
3166 5393 3360 5460 animal!

1746 5465 2005 5502 uanitas-ie
2036 5469 2204 5504 "nat-oi
2237 5465 2517 5500 ΠηιηιιαΙιΙῖ
2560 5469 2607 5494 al
2637 5473 2733 5492 "F0
2763 5464 3029 5498 ηὐσὶῖινῖηη
3057 5469 3172 5490 "‘“"
3200 5453 3362 5486 cn'H“
