3916 6422
484 382 588 441 799

1801 386 2077 445 IOANNIS
2118 386 2317 442 PAPE
2358 387 2403 443 Χ

3646 384 3765 443 ιω

555 493 789 570 Cumque
829 502 941 565 post
962 494 1074 570 lure
1096 494 1268 570 omnia
1289 494 1520 570 Jo_auues
1553 513 1691 568 papa
1722 514 1887 570 annos
1915 499 2059 553 sede—
2087 504 2132 561 Α
2163 499 2450 570 stt/Iocatus
2497 498 2597 568 fuit
2641 509 2798 570 atque
2841 499 3057 570 dignum
3105 499 3214 556 suis
3257 498 3541 554 sceleribus
3592 496 3765 570 ﬁrmus

483 566 584 617 rim
615 563 788 618 sedem
830 563 1098 629 lenttissel,
1129 563 1288 619 Wido
1339 563 1564 620 Tuscia"
1592 563 1852 631 mare/tio,
1892 585 2054 622 suasu

485 634 741 707 Murozin:
779 633 1201 707 conjugis._qua:
1245 634 1507 707 quondam
1531 633 1714 705 Sergio
1749 654 1898 707 popa:
1928 654 2053 707 pro-

485 704 666 756 stituta
694 704 885 771 fuerat,
909 703 1163 775 eumdem
1191 703 1401 775 propter
1430 703 1646 758 Petrum
1674 703 1828 775 γιαρώ
1848 703 2055 775 germa-

485 789 638 844 num.
658 788 808 841 quem
835 788 1038 826 summa
1062 773 1254 844 invidia
1277 773 1751 844 prosequebantur,
1769 773 1889 829 sede
1912 791 2057 828 amo-

486 850 590 891 tum
623 840 676 893 in
706 858 965 912 iorcerem
993 840 1210 912 conjecit
1236 857 1253 893 :
1278 840 1519 912 atquein
1548 844 1724 898 eodem
1757 861 1860 898 non
1892 844 2057 899 multo

488 920 592 961 Just
622 911 921 979 defunctus,
958 910 1031 965 vel
1056 910 1295 965 cervicali
1325 910 1403 965 ori
1430 914 1545 983 ejus
1573 916 1814 983 imposito
1838 916 2058 983 pessime

2163 569 2358 633 occepit
2391 570 2602 622 invasor
2630 579 2677 621 et
2708 568 2934 638 injustas
2968 571 3206 622 detontor
3242 570 3380 622 sedis
3402 568 3721 636 apostolica
3742 580 3765 618 :

2163 646 2216 689 ut
2238 638 2328 707 qui
2355 654 2446 706 per
2472 639 2790 704 impudicum
2837 650 3057 691 matrem
3111 639 3436 692 Theodoram
3469 653 3771 690 sacrana—

2162 706 2300 777 ctam
2330 706 2503 777 sedem
2525 707 2775 761 violenter
2795 708 3041 777 arripuit,
3080 724 3171 771 per
3198 707 3365 775 ﬁlium
3395 722 3545 774 irque
3576 708 3768 773 imps-

2162 776 2333 847 dicam
2371 775 2521 845 justo
2548 778 2667 847 Dei;
2692 775 2918 830 vindicta
2952 777 3147 847 ejcclus
3173 788 3220 830 et
3252 777 3303 828 in
3326 792 3597 847 carcerem
3632 790 3768 827 cou-

2154 844 2349 914 jectus,
2376 844 2463 898 ea
2511 845 2668 900 simul
2706 863 2824 900 cum
2874 844 2986 899 ritu
3023 848 3274 900 caruerit.
3305 845 3683 914 (LUITPBABD.
3713 852 3769 896 et

2164 912 2504 982 FLonosnn.)

519 1059 3759 1089 WW

1309 1205 2109 1324 JOANNIS
2179 1211 2724 1325 PAPE
2792 1217 2924 1329 Σ

1123 1434 1857 1551 EPISTOL/E
1960 1443 2140 1554 ET
2247 1444 3104 1562 PRIVILEGIA.

491 1892 750 1934 II‘ISTOLA
774 1866 987 1939 ιοιιιιιηιε
1008 1892 1038 1931 ι
1070 1892 1139 1932 λυ
1161 1892 1438 1932 81⁵1800ροῖ
1476 1893 1835 1935 NARBONENSIS
1867 1896 2067 1938 “illi.

1107 1967 1288 2039 (Anno
1312 1967 1466 2040 914.)

491 2061 611 2131 Agii
639 2060 1026 2130 metropolitani
1050 2060 1430 2134 ordinationem
1452 2062 1728 2134 conﬁrmat
1750 2081 1768 2127 ;
1792 2060 2076 2121 Geraldum

669 2147 1000 2202 pervasorem
1029 2132 1247 2186 damnat
1275 2148 1296 2196 ;
1323 2132 1454 2202 Agio
1476 2132 1696 2203 pallium
1724 2135 1899 2188 mittit.

780 2224 956 2299 [Apud
987 2226 1181 2293 Mansi,
1213 2225 1373 2281 Cone.
1409 2237 1539 2282 tom.
1584 2228 1795 2303 XVlll.]

562 2311 796 2370 Joannes
842 2316 1145 2385 episcopus,
1201 2331 1392 2372 servus
1442 2332 1719 2373 servorum
1768 2320 1883 2386 Dei,
1916 2319 2080 2377 Rect—

493 2420 666 2460 mwo
724 2405 1011 2485 Bitcrensi,
1062 2406 1291 2463 Auuauo
1349 2407 1649 2475 Tolosensi,
1706 2408 1946 2468 RICULFO
1993 2412 2080 2468 El-

495 2496 674 2558 ncnsi,
727 2495 956 2566 Cibum
1010 2495 1393 2564 Carcassensi,
1448 2498 1661 2555 WIGONI
1718 2500 2075 2566 Gerundensi,

495 2496 674 2558 ncnsi,
727 2496 792 2551 Gr
840 2512 956 2551 sua:
1010 2496 1393 2564 Carcassensi,
1448 2498 1661 2555 WIGONI
1718 2500 2075 2566 Gerundensi,

495 2584 755 2640 Gsuanno
798 2496 1135 2671 Lathensi,
1200 2587 1507 2644 TEUDERICO
1562 2589 1879 2658 Lutovensi,
1936 2593 2079 2649 lleu-

497 2689 671 2731 usuro
718 2675 1092 2765 Neruiprrsensi,
1125 2677 1251 2732 item
1304 2678 1610 2734 Tseneurco
1636 2680 2076 2747 Barchinoneusi,

496 2764 738 2821 Geoatuo
764 2764 1086 2837 Ausonensi,
1121 2767 1413 2824 “unouno
1439 2769 1850 2841 Orgeiitaneusi,
1897 2774 2082 2829 Eccle-

497 2859 699 2913 siarum
730 2846 933 2916 Christi
974 2863 1442 2919 reverendissimis
1470 2879 1535 2920 ac
1566 2867 1925 2924 sanctissimis
1969 2870 2083 2940 cpi-

497 2952 695 3021 scopis.

572 3042 893 3097 Sanctitatis
919 3051 1113 3099 vestra:
1147 3043 1359 3101 litteras
1391 3046 1457 3101 de
1506 3049 1920 3118 metropolitano
1947 3050 2083 3121 Agio

498 3132 877 3200 Suscipientes,
904 3132 1027 3188 huic
1051 3133 1274 3191 insidias
1301 3144 1356 3189 et
1375 3134 1591 3193 fraudes
1616 3136 1832 3193 Geraldi
1865 3141 2081 3208 nequis-

499 3220 624 3275 simi
659 3222 706 3275 ei
738 3221 914 3276 illatas
942 3233 1319 3293 agnoscentes,
1351 3224 1505 3280 valde
1534 3227 1825 3293 doluimus,
1852 3237 1903 3282 et
1927 3230 2080 3299 quasi

502 3323 690 3370 nostro
727 3330 954 3385 corpore
983 3316 1336 3387 suscipientes
1365 3300 1677 3374 defecimus.
1708 3319 1859 3375 Unde
1889 3332 2083 3376 vestrae

498 3408 770 3464 sanctitati
817 3418 1001 3464 notum
1052 3424 1171 3465 esse
1219 3409 1484 3477 volumus,
1513 3411 1636 3481 quia
1678 3411 1934 3482 prasfatus
1979 3411 2084 3468 Ge-

498 3501 682 3558 raldus
710 3501 1005 3568 falsidicus,
1044 3503 1110 3557 ad
1144 3504 1284 3557 hanc
1318 3513 1561 3559 sanctam
1598 3504 1895 3560 Romanam
1923 3515 2084 3575 atque

497 3592 847 3664 apostolicam
892 3593 1203 3656 Ecclesium,
1257 3594 1343 3648 cui
1397 3604 1618 3650 auctore
1674 3594 1783 3650 Deo
1812 3597 2081 3659 deservio,

497 3685 742 3749 veniens,
797 3699 827 3738 a
878 3685 1033 3739 nobis
1066 3684 1218 3754 quasi
1270 3685 1551 3750 innocens,
1605 3686 1885 3756 subripere
1914 3686 2081 3740 voluit

495 3775 883 3844 cpiscOpatum,
908 3776 992 3830 cui
1023 3774 1292 3841 noshlicet
1321 3776 1438 3846 ejus
1464 3777 1765 3846 iniquitatis
1790 3777 2079 3832 versutiam

498 3865 707 3934 plenius
734 3882 855 3920 non.
895 3876 1270 3937 agnoscentes,
1300 3869 1646 3923 commodare
1679 3868 1796 3925 sine
1821 3870 2080 3925 canonica

481 3951 729 4013 censura
760 3956 1048 4012 noluimus.
1091 3958 1210 4027 Ipse
1255 3974 1405 4023 vero,
1436 3967 1491 4013 ut
1523 3959 1814 4014 multorum
1849 3960 2081 4015 veridica

496 4048 757 4103 relatione
781 4049 1163 4118 comperimus,
1185 4051 1366 4105 nescio
1389 4065 1525 4121 quas
1548 4049 1707 4106 falsas
1718 4050 1972 4121 epistolas
1986 4067 2084 4121 per

497 4137 919 4209 subreptionem,
953 4140 1106 4210 quasi
1147 4156 1211 4195 ex
1241 4149 1425 4195 nostro
1450 4141 1669 4195 nomine
1710 4142 1862 4196 vobis
1907 4141 2082 4213 perfe-

498 4243 646 4293 rens,
677 4229 1041 4300 episcopatum
1093 4230 1494 4287 Narbonensem
1524 4231 1622 4287 hac
1659 4233 1947 4288 occasione
1991 4249 2081 4288 ar-

498 4327 645 4373 mata
677 4334 839 4373 rnanu
887 4321 1244 4389 deprzrdatur,
1281 4322 1602 4378 venerabilis
1639 4322 1808 4394 Agius
1853 4311 1968 4393 ejus
2003 4325 2081 4378 in-

498 4407 653 4461 sidiis
681 4417 892 4479 captus,
924 4411 1105 4466 venire
1131 4409 1197 4465 ad
1224 4422 1464 4466 sanctam
1514 4413 1695 4467 sedem
1729 4413 2077 4483 apostolicam

499 4494 765 4562 dilfertur,
790 4506 846 4552 et
873 4498 975 4552 alia
1010 4500 1406 4571 quamplurima
1431 4501 1497 4556 de
1519 4501 1628 4567 illo,
1663 4512 1952 4573 antequam
1983 4519 2081 4574 per

498 4594 711 4641 vestras
741 4587 970 4654 litteras,
1019 4592 1367 4661 cognovimus
1413 4593 1711 4650 audientes.
1742 4594 2082 4666 Quapropter

499 4677 651 4732 vobis
664 4692 761 4746 per
775 4676 1054 4748 Eyminum
1068 4680 1527 4751 archiepiscopum
1548 4681 2077 4759 [Vesontionensem],

497 4775 714 4823 nostras
741 4767 1066 4838 apostolicus
1096 4769 1306 4825 litteras
1351 4772 1617 4827 misimus.
1644 4783 1703 4828 ut
1732 4774 1904 4844 ipsum
1936 4791 2078 4846 saepe

498 4856 829 4912 nominatum
853 4855 1138 4912 Gcraldum
1166 4874 1260 4928 per
1278 4859 1456 4914 omnia
1482 4859 1784 4917 falsidicum
1813 4871 2073 4932 tenentes,

496 4948 641 5003 inter
662 4948 945 5020 episc0pos
974 4965 1078 5003 non
1102 4949 1390 5007 haberetis.
1422 4951 1597 5019 Nunc,
1634 4954 1759 5023 quia
1790 4940 2073 5024 malitiam,

498 5040 880 5109 iniquitatem,
940 5049 1101 5110 atque
1151 5040 1383 5107 fraudes,
1429 5060 1457 5096 a
1506 5054 1682 5099 vestra
1736 5044 2078 5102 fraternitate

498 5132 728 5203 pleniter
771 5133 1126 5206 agnovimus:
1162 5133 1431 5198 volumus,
1464 5145 1624 5205 atque
1664 5137 1955 5207 apostolica
1983 5154 2079 5193 au-

494 5225 750 5281 ctoritate
777 5226 1114 5289 mandamus,
1142 5234 1219 5290 ul,
1251 5225 1389 5280 sicut
1417 5224 1529 5293 jam
1557 5227 1709 5283 vobis
1738 5229 2075 5299 scripsimus;

498 5323 553 5369 et
581 5315 721 5370 sacri
753 5328 993 5369 canones
1016 5321 1305 5377 testantur,
1338 5329 1461 5368 eum
1491 5316 1632 5368 inter
1658 5316 1938 5388 episcOpos
1968 5332 2075 5373 non

500 5403 747 5458 habeatis
773 5424 786 5457 :
820 5405 1016 5474 quippe
1042 5419 1141 5459 nec
1169 5420 1197 5457 a
1222 5403 1453 5468 clericis,
1485 5405 1567 5459 vel
1598 5406 1793 5475 populo
1819 5407 1889 5462 sit
1910 5422 2072 5477 expe-

498 5494 653 5559 titus,
678 5507 777 5549 nec
802 5512 830 5548 a
857 5496 1007 5549 vobis
1037 5495 1150 5550 suis
1175 5494 1718 5564 comprovincialihus
1746 5512 1896 5552 more
1918 5498 2076 5553 solito

494 5584 799 5641 ordinatus.
832 5586 1200 5656 Pt'ivilcgium,
1233 5585 1470 5657 pallium,
1501 5602 1656 5641 usum
1691 5587 2077 5658 palliiyvestro

494 5678 910 5749 metropolitano
936 5678 1092 5749 Agin,
1138 5689 1195 5731 ut
1224 5687 1402 5732 vestra
1436 5678 1625 5748 petivit
1654 5679 1896 5747 dilectio,
1928 5681 2079 5736 misi-

493 5785 652 5826 mus:
688 5771 810 5843 qttia
851 5771 979 5823 nulli
1031 5770 1270 5825 (ποινὴ-διαὶ
1301 5771 1401 5825 hoc
1452 5771 1591 5838 quod
1624 5772 1695 5827 illi
1741 5773 1886 5841 justo
1930 5789 2077 5830 cori-

1964 1673 2331 1689 m-

2105 1807 2147 1867 p
2177 1795 2334 1864 petit,
2361 1795 2708 1869 denegamus.
2743 1800 3004 1872 Optamus
3030 1818 3125 1861 vos
3168 1806 3222 1861 in
3272 1805 3490 1866 Christo
3532 1828 3700 1873 nunc
3723 1829 3777 1876 et

2175 1901 2390 1956 seraper
2421 1889 2559 1944 bene
2576 1889 2788 1962 valere.

2176 2106 2520 2150 PHIVILEGIUI
2565 2111 2782 2153 JOANNIS
2828 2115 2859 2155 Χ
2901 2115 3150 2159 ΗΑΙΟΙῙΟΝΙ
3193 2120 3381 2162 Αυιτι
3432 2121 3777 2167 CW.

2793 2187 2971 2260 (Anno
2991 2191 3140 2263 9l7.)

2178 2271 2489 2330 Monasterii
2518 2275 2808 2336 Saluatoris
2838 2281 3118 2340 Fuldensis
3150 2288 3416 2359 privilegia
3454 2293 3779 2360 conﬁrmat.

2434 2368 2692 2442 [Dronke,
2723 2373 2856 2428 Cod.
2893 2377 3110 2445 diplom.
3138 2378 3279 2434 Fuld
3310 2422 3324 2447 ,
3354 2382 3507 2456 308.]

2249 2468 2481 2519 :01.an
2532 2465 2833 2537 episcopus,
2892 2486 3082 2527 servus
3129 2488 3403 2529 servorum
3455 2476 3593 2541 Dei,
3656 2479 3783 2533 llu-

2178 2566 2334 2607 cnom
2364 2555 2614 2624 religioso
2645 2557 2825 2613 abbati
2857 2564 3179 2620 venerabilis
3206 2570 3517 2622 monasterii
3559 2571 3781 2626 Domini

2181 2643 2480 2700 Salvatoris
2508 2656 2562 2701 et
2607 2663 2702 2718 per
2745 2666 2869 2704 eum
2918 2653 2971 2706 in
3002 2655 3191 2710 eodem
3233 2659 3528 2713 venerabili
3590 2678 3785 2716 mona-

2171 2737 2348 2791 sterio
2384 2738 2897 2812 successoribusque
2955 2745 3070 2801 suis
3121 2747 3405 2804 abbatibus
3458 2751 3514 2805 io
3581 2768 3781 2823 perpe-

2182 2836 2352 2885 tuum.

2253 2920 2528 2977 Summam
2574 2935 2831 2995 gerentes
2852 2926 3266 2986 sollicitudinem
3311 2933 3567 2987 omnium
3624 2951 3783 2990 vene—

2181 3010 2434 3066 rabilium
2464 3012 2724 3078 locorum,
2753 3028 3015 3084 quantum
3047 3035 3112 3074 ex
3147 3022 3328 3077 divino
3350 3022 3646 3092 adiutorio
3667 3042 3781 3096 pos-

2184 3105 2415 3162 sibilitas
2468 3108 2651 3175 datur,
2681 3112 2749 3167 de
2796 3126 2985 3166 eorum
3031 3113 3324 3168 stabilitate
3371 3124 3644 3181 satagere
3672 3126 3781 3170 stu-

2185 3198 2396 3256 demus.
2445 3201 2559 3258 Hoc
2587 3218 2818 3273 namque
2847 3205 3025 3260 studio
3044 3213 3102 3260 et
3149 3206 3327 3260 divina
3380 3206 3654 3277 placatur
3680 3209 3785 3262 cle-

2186 3293 2386 3347 mentia
2420 3303 2475 3349 et
2530 3293 2647 3350 laus
2693 3294 2948 3351 Ecclesize
2988 3294 3188 3351 Christi
3239 3307 3601 3366 procuratur.
3652 3300 3783 3352 Nam

2185 3386 2379 3455 potiori
2403 3394 2459 3441 et
2487 3402 2585 3442 nos
2613 3387 2803 3443 fiducia
2845 3403 2945 3458 pro
2982 3389 3320 3459 impetranda
3350 3391 3512 3444 venia
3548 3393 3783 3446 delicto-

2186 3492 2303 3531 rum
2332 3486 2588 3534 a-ternam
2622 3480 2877 3550 pietatem
2905 3481 3165 3536 audemus
3206 3482 3527 3552 implorare.
3556 3485 3631 3539 Et
3668 3486 3785 3540 ideo

2187 3571 2488 3625 reverentia
2540 3578 2630 3625 tua
2680 3573 2972 3643 postulavit
3018 3589 3047 3629 a
3105 3575 3282 3640 nobis,
3338 3584 3633 3647 quatenus
3674 3578 3779 3648 jam

2170 3652 2387 3717 dictum
2421 3665 2729 3719 venerabile
2781 3667 3168 3722 monasterium
3201 3669 3415 3724 Domini
3471 3669 3781 3727 Salvatoris

2184 3768 2213 3806 a
2261 3763 2452 3808 sancto
2509 3754 2776 3811 Bonifatio
2828 3757 3237 3828 archiepiscopo
3289 3770 3688 3817 constructum
3728 3764 3776 3816 in

2183 3846 2302 3899 loco
2342 3846 2570 3901 Boconia
2608 3861 2733 3918 erga
2781 3848 2952 3918 ripam
3008 3847 3246 3906 fluminis
3273 3850 3449 3905 Fulda
3503 3853 3779 3924 privilegii

2183 3937 2325 3992 sedis
2364 3938 2672 4008 apostolica!
2704 3940 3002 3995 munimine
3038 3941 3343 4002 decoretur,
3375 3951 3440 3995 ut
3477 3943 3592 3997 sub
3622 3941 3778 4012 juris-

2183 4030 2418 4084 dictione
2448 4040 2648 4085 sanctae
2684 4039 2884 4085 nostrae
2911 4033 2996 4086 cui
3031 4033 3139 4087 Deo
3169 4041 3395 4087 auctore
3435 4034 3781 4089 deservimus

2182 4119 2437 4176 Ecclesiae
2450 4122 2801 4175 constitutum
2819 4121 3016 4177 nullius
3041 4122 3263 4177 alterius
3285 4120 3544 4178 ecclesiae
3556 4124 3771 4193 jurisdi-

2181 4212 2453 4266 ctionibus
2506 4212 2876 4266 submittatur.
2927 4212 3004 4269 De
3060 4228 3166 4283 qua
3227 4228 3285 4268 re
3334 4213 3443 4283 piis
3490 4215 3777 4270 desideriis

2182 4303 2427 4359 faventes
2457 4304 2560 4358 hac
2595 4313 2779 4358 nostra
2831 4303 3126 4374 apostolica
3166 4304 3500 4359 auctoritate
3558 4306 3613 4359 id
3640 4306 3776 4375 quod

2180 4392 2499 4462 osposcitur
2526 4392 2741 4448 effectui
2765 4394 3138 4464 mancipamus
3165 4396 3472 4449 secundum
3502 4395 3772 4465 privilegii

2182 4484 2379 4539 seriem
2408 4484 2551 4555 quod
2581 4484 2648 4538 ab
2671 4494 3020 4541 antecessore
3069 4494 3253 4541 nostro
3300 4486 3464 4540 bona:
3493 4486 3775 4540 memoriae

2185 4576 2392 4632 Marino
2423 4574 2580 4646 hujus
2604 4576 2759 4631 alma:
2784 4576 2928 4632 sedis
2954 4575 3184 4648 praesule
3217 4577 3347 4631 inibi
3379 4576 3775 4646 perpetualiter

2180 4665 2382 4721 factum
2442 4667 2597 4722 nobis
2651 4669 2941 4722 ostendere
2994 4669 3258 4735 sategisti.
3301 4667 3366 4721 Et
3393 4668 3522 4722 ideo
3556 4682 3770 4722 munem

2178 4758 2466 4830 cujuslibet
2497 4758 2739 4814 ecclesiae
2771 4759 3105 4815 sacerdotem
3131 4760 3184 4813 in
3214 4756 3447 4829 praefato
3466 4755 3766 4813 venerabili

2178 4851 2512 4907 monasterio
2523 4851 2778 4906 ditionem
2792 4851 3301 4920 quamlibethahere
3312 4859 3365 4902 et
3379 4850 3767 4904 auctoritatem

2178 4956 2375 5015 praeter
2407 4945 2588 5001 sedem
2638 4944 3014 5014 apostolicam,
3064 4952 3119 4997 et
3165 4943 3485 5012 episcopum
3520 4942 3576 4996 in
3621 4942 3767 5010 cuiius

2180 5038 2397 5094 dicecesi
2427 5037 2569 5094 idem
2599 5035 2908 5093 venerabile
2952 5035 3342 5091 monasterium
3389 5043 3763 5089 constructum

2179 5145 2299 5185 esse
2325 5129 2681 5200 dignoscitur,
2734 5129 2821 5183 cui
2858 5126 3136 5182 licentiam
3169 5124 3530 5180 concedimus
3561 5134 3762 5178 tantum

2176 5218 2303 5282 eum
2342 5224 2721 5297 opportunitas
2768 5222 3120 5279 consecrandi
3165 5220 3356 5275 altaris
3400 5220 3594 5299 fuerit.
3635 5217 3761 5273 Pro-

2178 5318 2427 5373 hibemus
2479 5318 2552 5371 ita
2614 5325 2693 5380 ut,
2744 5315 2844 5369 nisi
2876 5314 2944 5367 ab
2991 5312 3189 5368 abbate
3236 5310 3558 5364 monasterii
3610 5308 3761 5363 fuerit

2181 5408 2456 5473 invitatus,
2498 5421 2597 5461 nec
2627 5405 2914 5461 missarum
2948 5403 3143 5459 ibidem
3185 5400 3595 5455 solenmitatern
3624 5400 3762 5467 quis-

2180 5499 2324 5569 piam
2364 5505 2657 5569 prtesumat
2682 5496 2902 5551 omnino
2923 5493 3226 5554 celebrare,
3255 5501 3314 5544 ut
3344 5489 3596 5559 profecto
3611 5490 3756 5560 juxta

2180 5592 2233 5645 id
2260 5591 2401 5659 quod
2449 5589 2750 5658 subiectura
2792 5585 3099 5657 :postolica:
3133 5584 3249 5638 sedi
3294 5582 3554 5637 limiitate
3603 5580 3757 5650 privi-

2182 5680 2304 5749 legii
2358 5681 2977 5744 consistit,inconcusse
3027 5675 3272 5729 dotatam
3324 5680 3644 5749 permaneat
3688 5669 3756 5720 lo-

2180 5773 2369 5844 cisque
2421 5787 2484 5827 ac
2535 5772 2697 5827 rebus
2745 5781 2852 5824 tam
2903 5768 2983 5824 eis
3031 5781 3169 5839 quas
3225 5766 3486 5822 moderno
3528 5772 3753 5833 tempme
