3916 6424
135 403 252 461 801

1335 407 1692 464 EPISTULA!
1727 409 1819 464 ΕΤ
1859 409 2266 466 PlthlLliC-IA.

3319 421 3424 476 δΟΞ

141 527 312 575 tenet
337 517 422 572 vel
451 519 693 590 possidet
716 533 880 590 quam
919 534 1056 589 quas
1104 516 1300 576 futuris
1325 521 1664 590 temporibus
1691 521 1744 575 in
1779 533 1817 587 Α
1853 522 2103 576 Ecclesiae
2129 524 2406 594 episcopo,
2449 531 2502 578 et
2541 541 2634 594 per
2673 521 2808 580 tein
2859 525 3044 582 eadem
3089 527 3329 584 Ecclesia
3369 532 3424 584 in

133 609 276 679 iure
306 611 476 680 ipsius
504 610 819 666 monasterii
847 610 1028 664 divina
1055 611 1230 680 pietas
1276 610 1505 666 voluerit
1541 625 1738 682 augere

141 716 219 755 ex
255 701 414 756 donis
443 709 496 754 et
519 700 881 756 oblationibus
907 699 1240 768 decimisque
1269 699 1503 753 ﬁdelium
1535 699 1740 768 absque

139 793 323 848 ullius
381 807 627 862 persona:
683 791 1110 847 contradictione
1167 791 1426 846 ﬁrmitate
1481 799 1738 860 perpetua

141 883 490 953 perfruatur.
525 882 794 938 Cancrum
827 898 956 937 vero
1005 882 1108 936 hoc
1151 881 1516 936 deliberantes
1553 883 1740 936 decer—

145 976 338 1029 nimus
367 985 422 1028 ut
474 975 727 1042 congruis
777 972 1111 1044 temporibus
1160 983 1358 1026 nostrae
1391 972 1737 1027 Sollicitudiui

137 1065 540 1120 ecclesiasticae
585 1066 887 1132 intimetur,
926 1065 1162 1135 qualiter
1204 1065 1392 1134 religio
1437 1067 1737 1120 monastica

143 1155 388 1222 regulari
423 1155 612 1210 habitu
642 1155 908 1225 dirigatur
949 1153 1352 1224 concordiaque
1398 1155 1737 1211 convenienti

145 1245 528 1301 ecclesiastico
575 1248 681 1300 ritu
721 1247 1081 1316 mancipetur;
1121 1259 1188 1300 ne
1217 1245 1379 1312 forte,
1403 1247 1544 1316 quod
1573 1247 1735 1314 absit,

145 1336 258 1390 sub
295 1335 456 1405 hujus
491 1337 761 1409 privilegii
788 1338 1012 1392 obtentu
1043 1339 1258 1408 animus
1301 1353 1631 1408 gressusque
1659 1354 1737 1394 re-

145 1427 434 1482 ctitudinis
459 1439 652 1484 vestrae
674 1444 704 1482 a
727 1443 914 1482 norma
939 1427 1157 1496 justitiaa
1189 1427 1368 1498 aliquo
1393 1430 1550 1484 modo
1572 1437 1739 1484 retor-

144 1527 404 1586 quentur.
438 1519 504 1575 Et
531 1535 706 1590 neque
736 1521 851 1592 regi
897 1536 1070 1590 neque
1118 1522 1372 1591 episcopo
1405 1521 1628 1576 cuilibet
1652 1520 1736 1574 vel

143 1612 340 1664 comiti
376 1612 456 1666 vel
483 1612 571 1666 alii
605 1627 812 1683 magna:
843 1627 1130 1682 parvaeque
1157 1627 1400 1682 persona:
1429 1613 1635 1668 licitum
1667 1613 1738 1667 sit

145 1703 450 1769 quamlibet
485 1704 590 1758 vim
624 1703 827 1759 inferre
870 1705 982 1758 sive
1026 1705 1260 1774 aliquam
1307 1705 1734 1760 controversiam

145 1793 334 1849 facere
366 1795 418 1848 iu
448 1796 607 1850 rebus
637 1796 719 1850 vel
758 1795 976 1850 familiis
1010 1795 1250 1865 ejusdem
1281 1795 1552 1865 saepedicti
1581 1810 1737 1851 vene-

1841 621 2177 683 perpetuum.

1911 703 2136 774 Oportet
2186 721 2283 762 nos
2335 708 2426 774 qui
2479 707 2832 764 ecclesiastici
2897 710 3146 766 culminis
3179 751 3194 775 ,
3247 713 3424 767 diiina

1839 793 2197 866 suﬂ‘ragrante
2224 799 2443 867 pietate,
2473 815 2667 853 munus
2703 801 3060 870 suscepimus,
3087 803 3218 856 utin
3245 805 3427 859 distri-

1840 885 2019 939 ctione
2063 901 2244 940 rerum
2291 889 2797 954 ecclesiasticarum,
2847 891 3178 948 confratrum
3225 905 3280 950 et
3311 897 3428 964 epi-

1837 991 2128 1046 scoporum
2173 977 2384 1047 injuriis
2413 983 2819 1052 compatieudo,
2849 985 3016 1040 armis
3043 985 3426 1042 ecclesiastica:

1841 1069 2182 1124 auctoritatis
2207 1071 2610 1135 subveniamns,
2658 1084 2710 1126 et
2760 1075 2812 1128 in
2848 1076 3244 1132 restauratioue
3293 1078 3426 1133 ﬁde-

1837 1159 1968 1214 lium
2007 1161 2291 1218 devotione
2335 1171 2481 1218 certa
2531 1179 2686 1234 opem
2735 1167 3157 1222 conﬁrmationis
3203 1167 3425 1222 ferendo

1839 1251 2198 1321 gaudentibus
2261 1254 2713 1324 congaudeatnus.
2781 1254 2928 1311 Unde
2988 1258 3114 1327 quia
3180 1260 3426 1330 poposcit

1839 1353 2082 1399 nostram
2122 1347 2504 1414 paternitatem
2551 1347 2736 1404 ﬁliatio
2774 1358 2862 1404 tua
2913 1359 2972 1406 ut
3017 1353 3297 1423 privilegio
3327 1369 3424 1408 no-

1837 1445 1964 1492 stra:
1993 1437 2330 1494 auctoritatis
2380 1454 2467 1494 res
2495 1449 2550 1494 et
2591 1440 2746 1496 villas
2779 1439 2886 1498 ture
2933 1443 3188 1500 Ecclesiae
3239 1445 3425 1500 usibus

1838 1526 2142 1596 deputatas,
2194 1527 2444 1584 videlicet
2489 1545 2610 1599 quae
2663 1532 2715 1586 in
2765 1533 2969 1588 honore
3017 1533 3162 1588 beati
3210 1533 3423 1589 Nazarii

1838 1620 2096 1690 martyris
2122 1629 2330 1674 sacrata
2367 1629 2469 1686 est,
2494 1619 2818 1677 conﬁrmare
2843 1623 3188 1690 deberemus,
3213 1625 3424 1680 scilicet

1839 1707 2020 1762 villam
2053 1709 2374 1764 Tiliniacum
2403 1727 2524 1766 cum
2574 1713 2686 1766 suis
2709 1713 3052 1782 appenditiis,
3078 1729 3239 1784 quam
3263 1725 3419 1770 aute-

1838 1813 2026 1854 COSSOI'
2044 1809 2098 1855 et
2119 1801 2416 1856 avunculus
2447 1813 2566 1856 [IIIIS
2591 1817 2693 1856 una
2739 1818 2836 1872 per
2880 1819 3202 1858 consensum
3241 1815 3294 1860 θῑ
3330 1824 3422 1860 atl-

145 1885 344 1940 rabilis
365 1887 700 1944 monasterii.
723 1887 791 1942 Et
813 1887 1138 1941 auctoritate
1159 1895 1340 1940 nostra
1363 1886 1734 1942 interdicimus
1767 1875 1812 1936 Β
1841 1891 2148 1946 ctoritatem
2183 1892 2437 1947 Richardi
2467 1894 2701 1959 comitis,
2731 1903 2786 1948 et
2817 1894 3048 1950 ﬁliorum
3074 1897 3190 1966 ejus
3229 1911 3418 1952 eorum

147 1986 212 2029 nt
251 1977 396 2030 nulla
449 1976 648 2032 femina
693 1979 822 2033 inibi
873 1980 1081 2050 ingredi
1136 1997 1372 2051 unquam
1421 1989 1730 2051 pra‘sumat.

143 2065 319 2122 Nemo
348 2067 399 2120 iu
429 2068 617 2122 eodem
649 2071 976 2125 monasterio
1005 2072 1296 2126 venerabili
1329 2073 1410 2127 vel
1446 2073 1499 2126 in
1526 2073 1735 2129 caneris

141 2158 266 2226 ejus
297 2159 427 2214 locis
461 2159 715 2229 placitum
749 2161 964 2216 habeat.
993 2159 1162 2217 Nemo
1191 2179 1378 2218 servos
1409 2164 1488 2218 vel
1516 2163 1732 2219 colonos

145 2251 216 2304 ad
258 2251 470 2320 aliquod
510 2253 786 2308 servitium
841 2257 1176 2326 constringat
1229 2255 1334 2311 illis
1385 2265 1591 2310 tantum
1639 2274 1736 2312 ex-

145 2350 324 2418 ceptis
359 2351 602 2418 personis
631 2349 827 2419 quibus
881 2351 1048 2405 abbas
1094 2352 1160 2404 ad
1189 2352 1474 2407 utilitatem
1503 2368 1613 2407 suae
1639 2369 1735 2407 ue-

149 2439 423 2492 cessitatis
435 2455 714 2494 assensqu
732 2441 1040 2510 praebuerit.
1069 2441 1310 2512 Eligendi
1333 2443 1434 2498 sibi
1457 2443 1726 2505 abbatem,

147 2530 370 2598 quando
394 2547 529 2600 opus
551 2527 736 2596 fuerit,
763 2530 958 2586 fratres
981 2533 1118 2586 inter
1141 2548 1198 2586 se
1221 2541 1538 2602 potestatem
1557 2533 1731 2587 muni-

147 2621 325 2676 modis
355 2621 608 2686 habeant,
650 2623 944 2677 secundum
979 2623 1215 2694 regulam
1247 2625 1422 2678 sancti
1449 2623 1728 2678 Benedicti

143 2711 266 2764 sine
294 2710 456 2764 ullius
482 2725 722 2780 persona:
749 2713 1198 2768 contradictione.

219 2801 474 2870 Tibique,
498 2801 570 2857 ﬁli
593 2803 786 2860 dilecte
817 2803 1039 2869 Haicbo,
1069 2807 1194 2874 quia
1225 2814 1276 2860 te
1303 2805 1438 2860 bene
1459 2800 1726 2860 eruditum

141 2901 200 2946 et
242 2892 580 2962 eloquentem
637 2895 813 2948 virum
867 2907 988 2950 esse
1034 2897 1315 2960 novimus,
1357 2898 1580 2950 verbum
1633 2895 1726 2950 Dei

145 2985 437 3054 praedicare
465 2985 788 3040 auctoritate
817 2986 992 3040 sancti
1041 2986 1185 3040 Petri
1214 2996 1268 3039 et
1295 2985 1646 3040 concedimus
1673 2996 1730 3040 et

147 3076 508 3148 praecipimus.
537 3077 708 3148 igitur
729 3086 1030 3132 statuentes
1059 3077 1353 3148 apostolica
1383 3093 1512 3132 cura
1543 3077 1728 3132 decer-

149 3165 326 3219 nimus
348 3181 444 3234 per
459 3164 618 3234 hujus
633 3166 835 3221 decreti
852 3167 1018 3220 nostri
1044 3167 1318 3235 paginam,
1335 3178 1394 3221 ut
1418 3167 1727 3236 quicunque

149 3256 438 3326 cujuslibet
471 3258 713 3316 ecclesia:
742 3255 966 3315 antistes
996 3261 1078 3314 vel
1117 3275 1438 3330 quacunque
1466 3261 1726 3328 dignitate
1753 3227 1798 3289 ο

149 3347 370 3418 praedita
411 3363 636 3416 persona
666 3347 818 3403 hanc
853 3349 1116 3420 privilegii
1147 3349 1318 3404 nostri
1351 3351 1726 3404 auctoritatem

142 3453 306 3507 quam
340 3438 694 3508 pmrogativa
725 3439 985 3509 principis
1039 3437 1402 3508 apostolorum
1425 3439 1724 3504 ﬁrmamus,

147 3540 410 3584 temerare
427 3532 850 3600 praesumpserit,
871 3531 972 3586 nisi
987 3531 1094 3586 cito
1121 3529 1420 3600 resipiscat,
1438 3531 1726 3584 anathema

143 3621 234 3686 sit;
253 3620 458 3675 etiram
485 3620 579 3676 Dei
611 3621 893 3676 incurrens
916 3639 944 3676 a
967 3631 1110 3677 ctetu
1140 3631 1452 3677 sanctorum
1482 3622 1725 3676 omnium

139 3713 383 3769 extorris
411 3713 627 3778 existat,
658 3723 715 3769 et
751 3713 1103 3770 nihilominus
1145 3713 1354 3784 praefati
1405 3713 1722 3769 monasterii

141 3802 380 3871 dignitas
401 3819 430 3855 a
463 3802 618 3857 nobis
661 3801 864 3856 indulta
901 3803 1284 3873 perpetualiter
1316 3803 1568 3856 inviolata
1601 3819 1726 3872 per-

139 3901 366 3946 maneat
401 3891 696 3960 apostolica
732 3893 1055 3946 auctoritate
1092 3892 1366 3946 roborata.
1399 3891 1500 3958 Qui
1545 3903 1726 3945 autem

135 3991 328 4038 custos
353 3991 406 4037 et
432 3984 750 4038 oLservator
771 3981 928 4050 hujus
957 3983 1219 4052 privilegii
1251 3983 1541 4050 exstiterit,
1567 3981 1728 4037 bene-

135 4073 432 4130 dictionem
463 4083 518 4128 et
553 4073 780 4145 gratiam
809 4089 838 4126 a
874 4075 982 4126 Deo
1006 4081 1394 4143 consequatur.

213 4167 481 4237 Scriptum
513 4184 611 4238 per
639 4183 856 4222 manum
891 4165 1116 4221 Joannis
1144 4165 1572 4235 protoscriniarii
1599 4181 1729 4220 sau-

133 4272 244 4318 cta:
288 4261 430 4316 sedis
488 4261 796 4332 apostolicae
848 4261 902 4314 in
955 4275 1139 4314 mense
1204 4257 1385 4323 Maio,
1440 4257 1729 4312 indictione

133 4355 349 4424 quinta.
392 4353 533 4408 Bene
579 4352 768 4407 valete.
809 4352 1004 4405 Datum
1037 4365 1126 4405 xiv
1155 4349 1273 4404 Kal.
1319 4348 1442 4403 Jun.
1477 4364 1574 4418 per
1611 4364 1729 4402 ma-

136 4461 272 4501 num
311 4443 568 4515 Stephani
603 4441 957 4498 secundicerii
1005 4450 1207 4496 sanctze
1237 4440 1380 4494 sedis
1403 4437 1726 4509 apostolica;

135 4551 286 4592 anno
325 4536 432 4590 Deo
451 4533 685 4605 prepitio
707 4532 1047 4603 pontiﬁcatus
1073 4531 1256 4586 domui
1283 4529 1504 4586 Joannis
1533 4529 1728 4582 summi

1839 1980 2024 2034 usibus
2057 1980 2433 2050 delegaverat;
2465 1983 2620 2036 simul
2672 1983 2836 2037 etiam
2887 1995 2943 2038 et
2991 1993 3264 2041 monetam
3311 1998 3418 2041 tune

1835 2069 2092 2136 civitatis,
2141 2085 2301 2140 quam
2353 2087 2450 2142 per
2497 2082 2820 2144 praeceptum
2868 2073 2960 2128 ﬁlii
3021 2079 3194 2132 nostri
3241 2077 3420 2133 ϐίαι-ί,ιί

1835 2157 2214 2227 gloriosissimi
2270 2161 2412 2231 regis
2461 2163 2628 2216 isdem
2669 2172 2982 2218 antecessor
3027 2173 3150 2220 tuus
3193 2166 3422 2237 adeptus

1834 2247 2051 2313 fuerat,
2080 2257 2134 2304 et
2184 2265 2248 2304 ex
2281 2258 2371 2304 tua
2427 2251 2712 2322 largitione
2741 2253 2980 2307 decimas
3010 2255 3274 2308 redituum
3304 2271 3420 2310 om-

1835 2338 1984 2392 nium
2011 2337 2376 2394 Ecclesiarum
2409 2347 2512 2395 tua:
2537 2342 2809 2404 dimcesis,
2851 2343 2942 2412 qui
2973 2345 3134 2398 tertio
3172 2361 3314 2400 anno
3349 2363 3418 2402 ex

1835 2437 1963 2485 tunc
2003 2439 2110 2484 tam
2141 2447 2206 2487 ex
2237 2431 2322 2486 his
2352 2447 2472 2501 quae
2517 2434 2608 2487 tibi
2641 2433 2924 2502 debentur,
2964 2451 3124 2505 quam
3153 2437 3316 2490 etiam
3347 2453 3414 2492 ex

1833 2519 1900 2576 iis
1945 2537 2066 2592 quae
2105 2522 2548 2578 ministerialihus
2595 2525 2699 2579 tuis
2727 2525 3083 2595 contingunt;
3117 2541 3322 2582 necnon
3361 2537 3417 2582 et

1835 2613 2074 2683 capellas
2104 2624 2245 2670 tres:
2278 2631 2435 2670 uuam
2468 2617 2520 2671 in
2548 2617 2752 2672 honore
2783 2619 2954 2672 sancti
2985 2616 3226 2684 Joannis,
3253 2620 3415 2674 aliam

1833 2705 1886 2759 in
1941 2707 2148 2760 honore
2203 2706 2382 2760 sancti
2431 2706 2786 2778 Leodegarii,
2841 2708 3052 2763 tertiam
3109 2709 3162 2764 in
3213 2711 3418 2764 honore

1829 2795 2002 2849 sancti
2056 2795 2287 2864 Eptadii.
2341 2795 2692 2850 Deeernimus
2747 2807 2927 2852 autem
2985 2811 3084 2866 per
3140 2785 3404 2869 privilegii

1829 2888 2002 2942 nostri
2043 2889 2418 2944 auctoritatem
2467 2898 2526 2942 ut
2579 2903 2740 2958 supra
2791 2889 3068 2942 nominata
3118 2889 3260 2955 villa,
3291 2907 3414 2944 cum

1829 2980 2156 3050 supradictis
2185 2980 2456 3044 omnibus,
2490 2981 2766 3050 perpetuis
2797 2980 3130 3050 temporibus
3160 2981 3212 3034 in
3253 2995 3415 3034 cano-

1831 3070 2072 3124 nicorum
2105 3069 2290 3125 usibus
2319 3069 2435 3124 sine
2459 3069 2814 3139 ambiguitate
2843 3078 2896 3124 et
2923 3069 3040 3123 sine
3068 3070 3414 3124 cunctatione

1829 3169 2182 3230 permaneat;
2209 3175 2314 3214 non
2349 3159 2523 3215 solum
2555 3168 2730 3214 autem
2765 3159 2874 3220 illa,
2901 3158 2994 3214 sed
3035 3159 3198 3214 etiam
3227 3173 3414 3214 omnes

1829 3269 2015 3308 eorum
2063 3267 2168 3319 res,
2203 3253 2449 3308 videlicet
2495 3251 2814 3312 Ruiliacum,
2855 3250 3000 3320 quod
3044 3249 3412 3304 muniﬁcentia

1831 3347 2126 3418 genetricis
2158 3355 2260 3400 tua:
2286 3345 2384 3416 per
2411 3357 2736 3400 consensum
2769 3343 3028 3399 Richardi
3061 3343 3279 3400 comitis
3309 3343 3414 3398 illis

1830 3453 1920 3492 cm.
1935 3437 2076 3502 tulit;
2113 3435 2274 3490 simul
2303 3436 2466 3490 etiam
2493 3435 2834 3488 Biliniacum.
2867 3433 3180 3490 Sussiacnm
3209 3445 3412 3498 autem,

1833 3522 2223 3589 Mat-iasolium,
2279 3537 2489 3577 necnon
2517 3531 2570 3577 et
2617 3522 3005 3590 Simpiuiacum
3055 3531 3109 3576 et
3162 3522 3416 3575 Mai-inia-

1829 3629 1974 3677 cum,
2013 3627 2132 3666 cum
2161 3611 2308 3664 omni
2359 3611 2670 3679 integritate
2697 3625 2794 3664 sua
2841 3623 2896 3664 et
2931 3609 3183 3664 omnibus
3215 3625 3414 3678 appen-

1830 3703 1980 3757 ditiis
2009 3701 2146 3766 suis,
2175 3701 2386 3755 illorum
2415 3701 2600 3756 usibus
2623 3717 2718 3770 per
2739 3700 3050 3770 apostolica:
3071 3701 3414 3756 auctoritatis

1827 3793 2168 3864 privilegium
2205 3791 2608 3858 conﬁrmamus;
2670 3801 2834 3861 atque
2881 3793 2982 3847 sub
3019 3792 3416 3847 iuterdictionis

1829 3883 2408 3948 excommunicatione,
2429 3899 2492 3937 ne
2515 3883 2782 3952 quisillud
2811 3883 3012 3938 violare
3031 3883 3246 3946 audeat,
3277 3897 3412 3951 pou—

1831 3976 2013 4032 tiﬁcali
2061 3974 2320 4045 regimine
2374 3989 2468 4030 seu
2521 3974 2696 4028 modis
2744 3973 2998 4028 omnibus
3040 3973 3411 4043 prohibemus.
3479 3957 3494 3968 ”

1832 4067 1889 4124 Si
1911 4070 2034 4138 quis
2059 4077 2238 4122 autem
2270 4075 2626 4136 praesumptor
2664 4068 2956 4120 temerario
2985 4079 3118 4118 ausu
3145 4065 3248 4118 hoc
3269 4062 3416 4132 quod

1832 4171 1939 4214 tute
1971 4157 2288 4214 humilitatis
2319 4157 2605 4226 petitione,
2653 4156 2877 4224 etquod
2935 4170 3032 4223 pro
3076 4153 3414 4223 elecmosyua

1831 4265 2014 4320 regum
2057 4256 2112 4302 et
2137 4246 2461 4317 principum,
2509 4239 2714 4298 necnon
2741 4255 2796 4298 et
2832 4244 3025 4296 aninne
3055 4243 3416 4296 antecessoris

1833 4341 1908 4394 tui
1941 4348 2122 4394 nostra
2148 4336 2444 4406 apostolica
2469 4335 2772 4388 liberalitas
2802 4333 3065 4403 privilegii
3091 4335 3416 4388 auctoritate

1833 4433 2096 4486 ﬁrmando
2151 4429 2450 4492 roboravit,
2495 4435 2550 4481 et
2607 4425 2996 4495 promulgando
3052 4425 3412 4490 conﬁrmavit,

1831 4525 2122 4588 contraire,
2153 4521 2468 4591 infringere,
2511 4519 2906 4582 contradicere,
2951 4517 3418 4581 subtrahere-aut

135 4626 412 4698 pontiﬁcis
441 4635 495 4680 et
525 4623 846 4678 universalis
865 4622 1059 4678 decimi
1082 4637 1257 4692 papae,
1280 4621 1331 4674 in
1360 4620 1726 4674 sacratissima
1757 4607 1806 4666 D
1835 4618 1886 4672 in
1941 4617 2120 4686 aliquo
2171 4616 2494 4670 imminuere
2530 4613 2737 4668 inuisus
2797 4611 2980 4676 fuerit,
3028 4623 3322 4683 cognoscat
3369 4627 3417 4668 te

133 4719 272 4774 sede
318 4717 458 4771 beati
499 4713 642 4770 Petri
670 4715 915 4786 apostoli,
969 4722 1162 4783 quarto
1207 4712 1505 4781 imperante
1532 4711 1729 4762 dotnno

137 4813 386 4884 piissimo
415 4809 645 4880 patricio
677 4821 906 4878 augusto
943 4805 1238 4874 Berngario
1267 4819 1296 4858 a
1328 4804 1434 4856 Deo
1469 4809 1728 4857 coronato

137 4923 338 4976 magno
379 4907 706 4974 imperatore
742 4916 885 4955 anno
927 4900 1165 4956 secundo
1193 4907 1248 4952 ct
1293 4897 1554 4967 patricius
1583 4909 1728 4948 anno

135 4999 397 5060 secundo,
433 4994 722 5048 indictione
747 4993 810 5046 V.

138 5263 352 5305 Ιοιεκιε
393 5259 732 5302 Ριιινειιοιυιι
789 5257 890 5296 PRO
937 5253 1188 5294 Εεςωειλ
1231 5250 1721 5294 Λυουετουυκιεκει.

766 5353 943 5424 (Anno
972 5349 1120 5421 919.)

139 5449 392 5504 Ecclesiae
426 5445 910 5517 Augustoduuensis
950 5442 1320 5517 possessiones,
1359 5438 1580 5494 Herireo
1608 5437 1720 5508 epi-

594 5533 748 5585 scopo
779 5520 1300 5584 petente,ron/irntat.

247 5633 414 5706 [GalL
444 5629 637 5687 Christ.
672 5639 800 5684 tom.
841 5629 928 5692 lV,
959 5629 1011 5682 in
1045 5627 1316 5690 instrum.,
1348 5639 1469 5693 pag.
1503 5621 1617 5695 70.]

213 5725 450 5782 Joannes
497 5725 799 5793 episcopus,
834 5735 1026 5776 servus
1076 5733 1354 5774 servorum
1395 5717 1514 5782 Dei,
1575 5730 1722 5769 reve-

143 5819 468 5875 rcniissimo
507 5827 558 5871 et
592 5813 936 5870 sanctissimo
987 5821 1182 5866 sancte
1222 5809 1722 5880 Augustulum-usis

1826 4709 2190 4764 auathematis
2216 4706 2429 4762 vinculo
2452 4723 2480 4759 a
2518 4705 2676 4758 Patre
2713 4713 2768 4758 et
2797 4703 2933 4758 Filio
2965 4713 3019 4757 et
3060 4703 3261 4773 Spiritu
3293 4721 3417 4759 sm.-

1825 4812 1914 4856 cto
1942 4799 2272 4856 aatcrnaliter
2316 4797 2638 4865 obligatum,
2689 4795 2782 4849 sed
2819 4803 2873 4848 et
2909 4811 3032 4848 cum
3078 4793 3215 4848 Juda
3250 4795 3416 4849 tradi-

1827 4904 1942 4948 tore
1986 4890 2196 4946 Domini
2231 4889 2400 4943 nostri
2449 4887 2576 4943 Jesu
2615 4887 2814 4942 Christi
2861 4895 2916 4941 et
2963 4885 3080 4942 fure
3116 4886 3402 4954 sacrilego,

1823 4984 1915 5054 qui
1976 4999 2060 5047 ea,
2107 4997 2227 5051 quae
2280 4979 2606 5050 pauperibus
2652 4976 2924 5046 eroganda
2979 4985 3155 5040 erant,
3209 4975 3414 5028 loeulos

1835 5075 2040 5130 habens
2100 5074 2414 5136 furabatur,
2464 5071 2602 5140 ignis
2644 5069 2830 5124 teterni
2882 5067 3130 5122 incendio
3185 5082 3412 5122 cornere-

1831 5165 2110 5225 mandum,
2135 5170 2190 5216 et
2239 5163 2290 5215 in
2317 5161 2594 5214 baratrum
2633 5172 2754 5211 cum
2786 5151 3124 5210 Dzeinouibus
3151 5155 3412 5223 deputan-

1831 5256 1958 5310 dum
1987 5293 2002 5316 ,
2059 5268 2123 5306 ac
2177 5251 2297 5304 sine
2363 5265 2458 5319 spe
2505 5246 2928 5316 recnperatiouis
2967 5244 3410 5314 demet-gendum.

1827 5346 2092 5402 Custodes
2121 5353 2371 5398 autemet
2405 5341 2784 5397 observatores
2809 5336 2968 5406 hujus
3005 5337 3174 5392 nostri
3208 5337 3413 5393 decreti

1826 5435 2130 5492 benedictio
2177 5441 2233 5488 et
2278 5429 2627 5503 pax-Domini
2665 5427 2836 5482 nostri
2874 5425 3001 5482 Jesu
3042 5427 3243 5506 Christi
3283 5443 3414 5484 cou-

1821 5542 2040 5584 servare
2077 5526 2328 5596 dignetur
2360 5537 2458 5592 per
2495 5518 2710 5574 saecula.

1893 5619 2164 5688 Scriptum
2225 5631 2322 5686 per
2371 5628 2564 5668 manus
2603 5609 2826 5664 Adriani
2877 5609 3148 5664 scriniarii
3209 5615 3408 5663 sanctae

1823 5715 2078 5770 Romana:
2121 5707 2400 5773 Ecclesiae,
2447 5705 2498 5758 in
2552 5716 2737 5758 mense
2773 5699 3088 5769 Novembri,
3139 5701 3318 5756 iudict.
3353 5699 3404 5752 8.

1821 5805 1962 5858 3‘.“th
1987 5804 2176 5857 \‘ttlcle.
