3916 6412
110 409 216 468 ἓΟὸ

1297 408 1652 464 EPIS’I‘OLA‘I
1689 407 1775 463 ET
1817 405 2227 463 PRIVILEGIA.

3254 411 3362 470 800

89 545 200 601 que
220 530 288 584 ad
308 527 624 584 Adrienscm
640 523 909 581 civitatem
933 523 984 578 in
1006 529 1449 578 restaurationem
1473 531 1576 576 tuae
1597 522 1680 574 di-
1708 527 1756 586 Α
1786 521 1984 584 nendo,
2014 535 2106 574 seu
2130 519 2404 590 judicandi
2435 527 2756 592 potestatem
2792 521 3036 578 habeatis
3075 524 3126 578 ’n
3162 541 3357 596 perpe.

93 630 269 690 rnptaa
295 619 566 682 Ecclesizn,
598 627 652 672 et
680 615 918 671 funditus
942 616 1251 678 destructas,
1277 622 1597 677 statuentes,
1617 622 1676 667 ut

88 711 222 766 nidli
251 710 413 767 liceat
434 725 463 764 a
499 708 769 764 territorio
804 706 1044 777 llltodige
1071 719 1262 775 usque,
1295 713 1399 760 etc.

849 820 938 877 Vl.

84 928 308 969 δολκκιε
335 931 364 968 Χ
397 927 739 970 Ριιινιωῖοιωί
766 927 1005 966 ιιοκῖςετο
1033 925 1444 968 ARCHIEPlSCOPO
1473 924 1676 965 RAVEN-

639 999 763 1038 NATI
803 998 1129 1037 CONCESSCM.

693 1079 885 1149 (Anno
921 1079 1070 1148 921.)

164 1165 354 1240 [Apud
386 1166 682 1232 Mittarelli,
710 1168 902 1221 Annal.
934 1168 1235 1223 Camaldnl.
1261 1168 1303 1234 1,
1336 1183 1457 1240 app.
1481 1167 1600 1239 '54.]

161 1257 218 1310 ln
246 1258 462 1312 nomine
485 1256 680 1321 Patris,
709 1267 763 1310 et
781 1259 923 1321 Filii,
942 1267 995 1313 et
1017 1258 1248 1329 Spiritus
1267 1260 1460 1324 sancti,
1480 1259 1671 1312 Amen.

85 1344 323 1419 Domino
374 1356 560 1403 nostro
606 1346 842 1414 Joaaxs,
890 1365 1098 1404 smnmo
1134 1350 1386 1419 pontiﬁce
1413 1391 1428 1417 ,
1471 1360 1525 1405 et
1557 1351 1676 1404 uni-

83 1417 288 1491 vers’ali
321 1453 456 1507 papa
485 1439 536 1491 iu
560 1439 862 1507 apostolatu
881 1479 894 1502 ,
923 1455 1064 1494 anno
1085 1441 1336 1509 septimo,
1371 1441 1674 1510 imperante

82 1525 315 1581 domino
355 1527 696 1583 Bsnsscamo
737 1529 1082 1583 serenissimo
1127 1531 1453 1600 imperatore
1484 1571 1499 1596 ,
1531 1545 1674 1584 anno

82 1615 303 1684 imperii
331 1614 564 1686 ejus,....
611 1627 665 1672 to
690 1617 901 1672 decimo
951 1619 1003 1672 in
1045 1635 1230 1674 mense
1268 1621 1460 1675 Martio
1490 1661 1505 1687 ,
1537 1621 1674 1676 indi.
1715 1647 1718 1649 λ

79 1711 271 1764 ctione
284 1726 420 1765 nona
441 1711 626 1765 Roma:
661 1711 1032 1766 Lateranensi.

160 1802 296 1868 Quia
330 1803 485 1857 nobis
531 1803 748 1857 domino
785 1802 977 1858 Joanni
1027 1819 1236 1858 summo
1285 1811 1338 1858 et
1380 1803 1668 1859 universali

1777 619 1926 666 tuum
1953 626 2075 666 cum
2108 612 2216 666 tuis
2246 613 2652 668 successoribus
2689 613 2755 667 ad
2770 612 2893 683 jura
2920 623 3121 669 sanctte
3149 615 3358 672 Raven-

1775 702 1918 756 natis
1954 702 2212 758 Ecclesiaa
2240 703 2382 757 beati
2419 702 2768 772 Apollinaris,
2813 702 2977 772 quod,
3015 703 3155 759 sicut
3190 721 3352 775 supra

1776 791 2038 856 diximus,
2072 806 2204 861 pure
2230 800 2278 845 et
2303 791 2546 846 absolute
2571 831 2584 856 ,
2622 799 2677 846 et
2717 791 2834 845 sine
2861 792 3008 846 omni
3039 793 3350 852 conditione

1775 882 1927 936 vobis
1970 882 2272 950 vestrisque
2308 883 2712 939 successoribus
2755 883 2807 936 in
2839 894 3157 954 perpetuum
3189 885 3354 940 remi-

1775 974 1968 1040 simus,
2012 984 2176 1043 atque
2223 975 2649 1044 emancipamus.
2678 973 2733 1030 Si
2757 975 2878 1045 quis
2900 977 2967 1032 de
2990 977 3136 1033 omni
3178 978 3354 1041 clero,

1775 1066 1889 1122 sive
1943 1066 2120 1136 aliqua
2174 1081 2405 1134 persona
2433 1105 2449 1130 ,
2509 1066 2689 1137 aliqua
2730 1068 2990 1137 dignitate
3029 1070 3354 1135 decoratus,

1775 1156 1888 1210 sive
1943 1155 2156 1225 privata
2203 1170 2432 1225 persona
2461 1194 2476 1220 ,
2539 1165 2726 1210 contra
2767 1156 2909 1211 hunc
2940 1157 3154 1212 titulum
3185 1159 3357 1213 nostri

1773 1249 2038 1320 privilegii
2061 1258 2116 1303 et
2137 1248 2592 1319 emancipationis
2621 1248 2856 1322 aliquam
2886 1249 3033 1304 litem
3058 1251 3349 1321 impulerit,

1775 1343 1847 1398 sit
1895 1343 2291 1412 compositurus
2334 1351 2391 1397 et
2435 1343 2661 1398 daturus
2691 1342 2808 1396 auri
2834 1343 3021 1412 optimi
3052 1343 3214 1399 libras
3235 1358 3360 1399 cen-

1777 1439 1886 1487 tum
1925 1472 1940 1498 ,
1992 1431 2334 1488 medietatem
2358 1431 2600 1488 Camerae
2639 1441 2836 1488 nostra:
2883 1432 3231 1489 Lateranensi
3261 1475 3276 1498 ,
3303 1444 3360 1490 et

1774 1522 2118 1578 medietatem
2147 1531 2348 1577 sanctae
2374 1522 2674 1577 Ravennati
2702 1523 2956 1579 Ecclesiae
2984 1525 3124 1579 beati
3153 1524 3359 1594 Apolli-

1773 1612 1922 1666 naris
1946 1652 1960 1676 ,
2015 1619 2070 1666 et
2095 1611 2167 1666 sit
2195 1612 2692 1667 excommunicatus
2737 1626 2767 1665 a
2805 1621 2990 1668 nostra
3019 1612 3355 1683 amplissima

1774 1705 1902 1760 sede
1924 1704 2215 1774 apostolica
2244 1744 2260 1771 ,
2317 1712 2372 1759 et
2407 1705 2506 1759 sub
2533 1705 2878 1759 anathemate
2903 1712 2958 1759 et
2995 1705 3171 1774 pri....
3204 1705 3352 1760 limis

1773 1800 1827 1845 et
1854 1801 2164 1848 sanctorum
2196 1793 2547 1848 conciliorum
2596 1791 2799 1848 Nicmni
2825 1834 2840 1858 ,
2876 1792 3258 1849 Constanti....
3294 1794 3351 1848 ni

78 1907 240 1962 papa:
263 1893 328 1946 de
387 1893 678 1963 apostolica
741 1895 1106 1948 sacratissima
1151 1895 1292 1948 beati
1337 1895 1479 1950 Petri
1537 1893 1665 1950 Sede
1699 1883 1739 1940 Β
1768 1882 1963 1938 θίῖθε--ο
2013 1892 2067 1937 ει
2116 1899 2340 1953 (ιυεεηη
2395 1900 2619 1940 ("mrem
2664 1885 2867 1939 habere
2921 1884 3138 1938 νίάθιυτ
3183 1899 3252 1940 ex
3290 1897 3356 1940 θο

78 1982 300 2050 petistis
327 1983 477 2037 vobis
506 1983 745 2038 Honesto
769 2024 782 2048 ,
815 1985 994 2038 divina
1030 1985 1243 2039 favente
1271 1987 1467 2055 gratia,
1495 1987 1668 2042 archi-

76 2075 342 2145 episcopo
388 2085 590 2130 sancta:
639 2084 838 2131 nostrae
871 2078 1198 2133 Ravennatis
1244 2077 1496 2133 Ecclesia:
1523 2079 1664 2134 beati

73 2165 403 2234 Apolcnaris
436 2207 449 2232 ,
494 2175 552 2221 ut
583 2169 1008 2223 concederemus
1032 2208 1046 2235 ,
1077 2177 1130 2222 et
1161 2169 1358 2224 vestris
1385 2185 1667 2225 successo-

74 2256 241 2310 ribus
281 2258 333 2311 in
386 2269 704 2328 perpetuum
731 2259 1136 2328 possidendum.
1178 2257 1329 2314 Unde
1364 2260 1665 2330 apostolatu

74 2353 274 2400 nostro
323 2344 465 2400 beati
526 2346 672 2402 Petri
721 2347 990 2417 apostoli,
1029 2347 1204 2402 Patris
1229 2356 1514 2417 patronum
1545 2358 1664 2404 tan-

74 2442 293 2489 tum....
330 2435 655 2506 impetrandi
687 2438 772 2492 via
799 2446 921 2503 est,
951 2438 1164 2508 quoties
1187 2440 1447 2494 beneﬁcia
1481 2455 1509 2493 a
1533 2455 1664 2494 san-

73 2531 175 2579 cta
223 2533 408 2581 nostra
450 2527 690 2582 Romana
746 2528 986 2583 Ecclesia
1023 2528 1140 2597 eius
1166 2526 1288 2597 jura
1329 2544 1433 2583 non
1473 2540 1667 2588 noceat

69 2616 366 2688 postulasti
392 2632 407 2683 ;
439 2619 533 2673 sed
560 2618 731 2674 Roma
758 2619 931 2690 magis
957 2635 1272 2674 accrescere
1300 2620 1470 2690 possit
1501 2637 1664 2691 quam

70 2706 276 2761 minui.
300 2707 424 2762 ldeo
445 2708 674 2763 sicut....
695 2725 724 2763 a
743 2709 1042 2780 apostolatu
1067 2709 1225 2778 lmjns
1247 2721 1446 2766 sanctae
1469 2722 1666 2766 nostra:

71 2794 409 2850 universalis
457 2796 714 2852 Ecclesiae
744 2839 759 2866 ,
803 2798 942 2853 sicut
965 2799 1182 2870 dignum
1210 2809 1259 2853 et
1285 2801 1488 2870 jusutm
1517 2815 1665 2855 reco-

71 2887 503 2957 gnoscimus...i
537 2897 795 2958 patr......
832 2891 1106 2961 suscipere
1134 2892 1660 2948 benedictionem....

71 2975 264 3031 dimus
303 2986 359 3031 et
389 2977 580 3032 damus
606 2987 769 3048 atque
807 2980 1069 3034 tradimus
1107 2995 1201 3034 seu
1230 2995 1407 3035 em....
1443 2997 1659 3035 amu....

71 3061 244 3132 hujus
269 3074 471 3120 sanctae
490 3076 689 3122 nostra:
728 3067 986 3124 Romanae
1015 3069 1274 3125 Ecclesiae
1301 3071 1394 3126 tibi
1424 3071 1662 3127 Honeste

70 3164 284 3212 sanctae
312 3165 599 3213 nostra...
641 3175 709 3228 po
745 3161 941 3216 dilecto
964 3161 1226 3217 confratri
1269 3173 1456 3218 nostro
1477 3173 1532 3220 et
1569 3181 1664 3234 per

1771 1977 1947 2046 pri....
1981 1977 2378 2032 icensuim.....

2509 2088 2620 2145 VII.

1767 2192 2024 2234 EPISTOLA
2051 2192 2266 2235 JOANNIS
2306 2193 2343 2234 Χ
2387 2194 2456 2233 ΑΒ
2500 2181 3356 2237 ΠΕΒΙΜΛΝΝΙΗΙ’ΛΒΟΠΙΕΡΙΘΕΟῘἪΜ

2377 2265 2757 2306 (ιοιομιεκεεκ.

2383 2339 2558 2412 (Anno
2585 2341 2735 2411 921.)

1766 2429 1921 2485 lubet
1949 2440 2003 2484 ut
2033 2428 2254 2484 Romam
2287 2433 2456 2484 veniat
2487 2448 2591 2486 una
2627 2449 2744 2486 cum
2772 2431 3030 2487 lIiIduino
3073 2444 3123 2488 et
3166 2433 3358 2489 Richa-

1838 2503 1937 2568 rt'o,
1968 2502 2058 2572 qui
2083 2501 2145 2554 de
2175 2501 2463 2572 Tungrenst'
2494 2503 2789 2572 episcopatu
2818 2504 3215 2559 contendebant.

2057 2611 2244 2685 [Apud
2269 2612 2462 2680 Mansi,
2493 2613 2652 2668 Conc.
2681 2623 2812 2670 tom.
2840 2616 3050 2689 ΠΜ]

1835 2701 2068 2758 Joannes
2093 2704 2396 2774 episcopus,
2426 2719 2617 2759 servus
2653 2720 2930 2760 servorum
2959 2707 3074 2770 Dei,
3107 2723 3358 2762 reveren-

1768 2792 1978 2846 tissimo
2022 2801 2077 2846 et
2121 2793 2465 2848 sanctissimo
2506 2791 2764 2849 confratri
2813 2803 2997 2849 nostro
3038 2793 3358 2851 “autumno

1765 2892 1970 2939 sancta:
1997 2883 2332 2938 Coloniensis
2368 2883 2622 2938 Ecclesia}
2647 2885 3071 2955 archiepisc0po.

1837 2974 1970 3030 Cum
2009 2976 2180 3030 simus
2214 2975 2505 3030 Dominicaz
2535 2976 2708 3045 plebis
2747 2991 2978 3045 superna
3012 2978 3356 3034 miseratione

1766 3075 2026 3131 rectores,
2060 3067 2354 3122 studiosius
2385 3082 2484 3122 nos
2510 3067 2761 3122 convenit
2788 3068 2881 3122 Dei
2913 3069 3221 3136 prmsidimu
3259 3086 3355 3140 pro

1765 3158 2104 3212 subditorum
2137 3173 2278 3228 sarpe
2308 3159 2544 3228 cogitare
2577 3159 2769 3223 salute,
2792 3175 2861 3213 ne
2893 3159 3187 3228 frustratis,
3209 3163 3354 3231 quod

71 3261 366 3301 manus....
395 3248 651 3317 praedicta
685 3258 872 3304 sancta
904 3249 1073 3304 8a....
1101 3260 1249 3304 at....
1281 3251 1521 3309 Ecclesia
1553 3228 1660 3308 ﬁlia
1690 3228 1732 3289 δ
1765 3247 1924 3314 absit,
1949 3248 2235 3304 animabus
2267 3249 2472 3318 antiqui
2502 3249 2671 3304 hostis
2697 3249 2926 3313 insidiis,
2960 3258 3084 3306 ante
3112 3228 3353 3307 omnium

72 3333 243 3404 hujus
263 3345 463 3392 sancta:
479 3347 678 3392 nostrae
694 3337 950 3394 Romana:
961 3339 1217 3396 Ecclesiae
1236 3357 1381 3397 una..
1467 3345 1661 3400 vestris

77 3427 572 3482 snecessoribusin
609 3437 922 3498 perpetuum
957 3431 1338 3499 possidendum
1383 3448 1482 3488 suo
1517 3433 1657 3503 jure.

67 3515 131 3569 ld
163 3522 251 3569 est
275 3515 667 3584 concedimus,
705 3527 760 3572 et
790 3533 820 3572 a
849 3519 1004 3574 nobis
1035 3519 1354 3586 alienamus,
1378 3531 1432 3576 et
1463 3526 1661 3580 vestris

68 3607 336 3662 manibus
365 3609 628 3665 tradimus
669 3619 832 3681 atque
869 3612 1272 3682 emancipamus
1297 3615 1449 3669 vobis
1474 3656 1488 3679 ,
1516 3617 1658 3671 sicut

68 3705 130 3752 et
161 3697 257 3751 alii
284 3699 456 3753 sancti
490 3698 681 3756 Patres
711 3702 883 3758 nostri
913 3703 1250 3758 tradiderunt
1271 3713 1328 3760 et
1350 3708 1660 3776 emancipa-

67 3797 278 3843 verunt
306 3805 321 3843 :
355 3789 429 3844 ita
461 3798 516 3845 et
535 3806 634 3846 nos
647 3807 742 3862 per
762 3792 922 3864 hujus
946 3794 1118 3850 nostri
1142 3797 1658 3868 pracccptipagiaam

65 3881 531 3950 emaneipationis
567 3883 820 3940 similiter
858 3894 915 3941 et
955 3887 1384 3943 confirmationis
1421 3889 1660 3944 emanci-

63 3985 275 4040 pamus
298 3979 462 4026 totam
495 3988 767 4037 massam,
809 3991 928 4047 quae
966 3985 1188 4033 vocatur
1235 3980 1485 4049 campilio
1511 4020 1528 4047 ,
1556 3996 1658 4034 una

63 4074 202 4115 cum
246 4060 498 4117 omnibus
551 4061 795 4119 funduris
833 4065 982 4131 suis,
1025 4076 1222 4120 etcum
1251 4068 1500 4124 omnibus
1520 4069 1658 4140 juris

60 4151 422 4222 pertinentiis
435 4154 568 4221 suis,
585 4155 976 4224 piscationibus
991 4173 1205 4228 quoque
1217 4168 1270 4215 et
1285 4161 1658 4218 venationibus

59 4241 193 4294 suis
222 4249 279 4295 et
305 4242 555 4299 omnibus
576 4245 678 4300 sibi
703 4245 1108 4316 subjacentibus
1135 4249 1217 4305 vel
1239 4252 1654 4320 pertinentibus,

59 4332 376 4387 constituta
403 4335 677 4392 territorio
703 4337 1017 4396 Gavellense
1040 4341 1184 4396 inter
1208 4341 1404 4399 flumen
1435 4345 1654 4400 Adicem

58 4431 128 4478 et
157 4422 359 4478 flumen
393 4423 559 4481 Pado.
595 4426 857 4484 Similiter
895 4429 1152 4502 largimur
1190 4441 1243 4488 et
1272 4433 1656 4492 conﬁrmamus

58 4531 175 4570 seu
216 4517 478 4572 tratimus
502 4558 518 4584 ,
565 4521 805 4589 atquein
836 4531 1151 4591 perpetuum
1193 4525 1560 4595 mancipamus
1588 4527 1655 4583 de

1761 3348 2033 3407 pastorem
2057 3339 2358 3392 districtam
2389 3354 2645 3410 cogamur
2666 3340 2878 3395 solvere
2901 3341 3199 3396 rationem:
3225 3345 3352 3412 quia

1761 3431 1880 3484 ideo
1910 3428 2081 3484 fidelis
2111 3443 2298 3483 servus
2331 3439 2385 3483 et
2416 3431 2649 3500 prudens
2690 3429 2902 3485 Domini
2945 3446 3108 3500 super
3148 3431 3350 3486 familia

1760 3521 2089 3574 constitutus
2119 3532 2239 3574 esse
2265 3519 2619 3588 dignoscitur,
2648 3528 2708 3574 ut
2739 3534 2978 3590 congruo
3001 3529 3242 3590 tempore
3263 3523 3353 3575 det

1763 3609 1871 3666 illis
1902 3608 2160 3664 fructum.
2197 3609 2450 3680 Congruo
2482 3619 2722 3681 tempore
2751 3611 3061 3666 sacerdotes
3093 3612 3350 3681 prouositi

1761 3700 1868 3756 Deo
1891 3699 2124 3755 fructum
2148 3700 2296 3766 dant,
2327 3715 2448 3755 cum
2477 3716 2575 3772 pro
2603 3701 2775 3756 salute
2803 3701 3042 3756 omnium
3081 3702 3179 3756 sibi
3197 3702 3348 3757 sub-

1761 3791 2022 3858 ditorum,
2047 3793 2191 3862 quod
2228 3803 2588 3862 opportunum
2621 3799 2705 3847 est
2729 3790 2983 3848 offerunt.
3011 3793 3075 3847 Et
3103 3794 3225 3863 quia
3257 3809 3350 3849 ve-

1758 3893 1869 3938 stra
1909 3883 2222 3939 fraternitas
2261 3884 2588 3938 Sententiam
2618 3883 2858 3954 Apostoli
2886 3885 3196 3953 reprobavit
3219 3900 3346 3954 ope-

1758 3976 1927 4031 rando
1954 3975 2007 4047 (Ι
2037 3975 2172 4029 Tim.
2195 3975 2251 4046 v)
2276 3976 2367 4046 qui
2397 3985 2603 4043 monet,
2629 3977 2775 4032 nullo
2802 3978 2960 4032 modo
2982 3977 3138 4031 alicui
3162 3977 3350 4033 leviter

1757 4081 1951 4121 manus
1978 4066 2287 4135 imponere,
2338 4081 2459 4122 cum
2507 4067 2876 4131 llilduvinum,
2924 4069 3200 4123 canonicis
3243 4070 3343 4126 sibi

1756 4155 2097 4211 obviantibus
2122 4155 2340 4227 regulis,
2379 4157 2581 4226 absque
2620 4156 2940 4213 clericorum
2971 4158 3252 4223 electione,
3290 4167 3345 4212 et

1757 4245 2016 4301 laicorum
2059 4245 2484 4311 acclamatione,
2517 4247 2803 4301 Gisleberti
2846 4255 3015 4313 metu,
3054 4246 3344 4318 episcopali

1758 4337 1930 4392 insula
1959 4336 2217 4392 decorare
2245 4351 2350 4390 non
2383 4337 2712 4408 denegastis,
2749 4353 2871 4392 cum
2916 4338 3089 4408 prisca
3118 4353 3345 4394 consue-

1757 4429 1886 4483 tudo
1913 4427 2110 4498 vigeat,
2155 4427 2386 4499 qualitcr
2423 4427 2600 4483 nullus
2639 4428 2796 4483 alicui
2837 4428 3033 4485 clerico
3067 4430 3344 4502 episcopa-

1760 4526 1872 4572 tum
1901 4517 2150 4574 conferre
2191 4519 2400 4585 debeat,
2447 4519 2547 4574 nisi
2588 4535 2682 4574 rex
2712 4521 2798 4575 cui
2829 4521 3086 4576 divinitus
3132 4536 3341 4594 sceptra

49 4610 197 4679 jure
223 4619 423 4665 sancta:
450 4620 650 4666 nostra:
683 4612 940 4669 Romanae
964 4623 1018 4669 et
1054 4615 1372 4672 universalis
1399 4617 1655 4675 Ecclesia;
1687 4586 1734 4646 θ
1760 4610 1953 4666 collata
1991 4619 2136 4666 sunt.
2168 4610 2285 4677 Quo
2321 4625 2447 4666 vero
2476 4611 2668 4667 ordine
2700 4610 3033 4669 Gislebertus
3072 4613 3173 4668 hoc
3198 4619 3340 4684 quod

55 4702 129 4755 in
179 4700 436 4771 praedicta
497 4711 684 4758 saneta
739 4703 1070 4759 Ravennatze
1129 4705 1407 4772 Ecclesia,
1469 4707 1522 4762 id
1570 4717 1655 4764 est

57 4800 253 4848 totam
279 4803 336 4848 et
355 4793 619 4866 integram
650 4810 882 4850 massam
914 4811 1032 4866 quae
1057 4808 1272 4853 vocatus
1303 4798 1504 4853 ﬁscalia
1527 4815 1651 4855 cum

51 4883 334 4940 omnibus
357 4885 609 4940 similiter
635 4883 879 4941 fundoris
905 4901 997 4942 seu
1022 4895 1077 4942 et
1101 4903 1219 4943 cum
1239 4889 1490 4943 omnibus
1509 4889 1652 4959 juris

52 4974 163 5032 sui
200 4976 596 5046 pertinentibus
624 5017 640 5044 ,
691 4993 794 5034 nec
832 4994 938 5034 non
985 4994 1107 5034 cum
1141 4980 1392 5036 omnibus
1425 4981 1562 5036 villis
1596 4990 1652 5036 et

51 5065 326 5138 plebibus
376 5067 432 5122 in
477 5068 593 5139 ipsa
647 5084 822 5124 massa
863 5071 1210 5134 constitutis,
1263 5072 1650 5141 piscationibus

50 5172 297 5228 quoque
349 5167 404 5213 et
450 5160 825 5216 venationibus
851 5161 964 5216 suis
997 5201 1012 5228 ,
1059 5161 1306 5216 similiter
1341 5179 1461 5218 cum
1503 5163 1646 5217 omni

51 5247 308 5314 tributo,
339 5263 506 5305 censu
561 5260 812 5320 atque....
854 5250 1001 5306 tione
1031 5252 1303 5320 temporali
1341 5261 1393 5306 et
1429 5253 1645 5306 annuali

47 5352 174 5395 seu
228 5338 476 5394 districto
519 5349 573 5394 et
619 5356 743 5396 cum
799 5341 1050 5398 omnibus
1075 5381 1090 5408 ,
1132 5357 1251 5411 qua:
1288 5343 1354 5398 de
1393 5343 1647 5413 praedicta

51 5442 262 5485 massa
293 5429 359 5482 ad
399 5437 642 5485 sanctam
673 5431 970 5486 Romanam
1014 5431 1307 5487 Ecclesium
1343 5434 1645 5502 pertinent,

47 5519 376 5579 constituta
410 5521 681 5576 territorio
713 5521 1076 5578 Ferrariense.
1109 5523 1217 5579 Hoc
1241 5524 1456 5593 quidem
1490 5525 1648 5578 modo

56 5611 348 5668 tradimus
379 5652 394 5678 ,
449 5621 503 5667 et
539 5614 946 5684 emancipamus
980 5630 1009 5669 a
1041 5615 1190 5670 nobis
1224 5617 1409 5670 ambas
1441 5631 1650 5671 massas
1687 5677 1712 5697 ‘

55 5705 134 5756 in
164 5711 238 5766 te,
270 5700 507 5756 Honesto
520 5705 947 5776 archiepiscopo,
971 5707 1096 5778 etin
1127 5707 1229 5761 tuis
1253 5706 1650 5762 successoribus

57 5797 80 5832 ς
99 5808 134 5839 υ
165 5801 482 5853 ΙἸιέΙὭθιυιΙΙῐΙ
505 5793 538 5847 lt
559 5795 780 5861 :bendo,
819 5797 1046 5852 tenendo
1071 5837 1086 5864 ,
1118 5797 1410 5853 ordinando
1429 5838 1441 5860 ,
1469 5796 1649 5866 dispo-

1760 4701 1836 4758 illi
1863 4718 2177 4759 concessum
2203 4718 2309 4758 non
2333 4711 2416 4758 est
2439 4717 2597 4775 agere
2623 4717 2729 4758 non
2757 4705 2964 4770 metuit,
2999 4713 3057 4760 ut
3082 4706 3339 4774 arbitror,

1758 4793 1883 4864 quia
1910 4792 2095 4849 illfcite
2122 4795 2484 4864 prmsumpsit,
2511 4794 2902 4850 rationabiliter
2927 4795 3192 4851 imbecille
3217 4811 3342 4866 per-

1758 4885 2018 4940 manebit.
2049 4883 2248 4940 Tamen
2277 4887 2400 4957 quia
2429 4885 2716 4953 Ricbcrns,
2741 4898 2793 4942 ut
2818 4887 2994 4942 Caroli
3024 4889 3167 4958 regis
3191 4889 3339 4942 testi-

1754 4975 1991 5031 monium
2043 4977 2320 5046 perbibet,
2362 4984 2525 5047 atque
2569 4978 2736 5033 nostri
2787 4977 2964 5032 dilecti
3002 4977 3095 5031 ﬁlii
3134 4977 3331 5031 Beren-

1753 5066 1887 5136 garii
1919 5065 2662 5136 gloriosissimi'imperatoris
2691 5067 2884 5122 littera:
2912 5077 3196 5134 testantur,
3226 5070 3338 5139 pri-

1753 5155 1918 5209 mitus
1942 5170 1971 5208 a
2002 5155 2149 5210 clero
2175 5156 2396 5222 electus,
2433 5166 2488 5212 et
2518 5172 2547 5211 a
2572 5157 2766 5228 pepulo
2790 5158 3058 5226 expetitus
3081 5167 3198 5213 est:
3238 5175 3336 5214 cur

1723 5246 1728 5252 ’
1755 5247 1956 5302 donum
1986 5247 2159 5301 sancti
2189 5247 2442 5318 Spiritus,
2473 5249 2626 5318 quasi
2658 5248 2950 5317 temporale
2970 5249 3330 5312 commodum,

1755 5341 1840 5395 cui
1873 5355 1980 5394 non
2008 5341 2159 5397 licuit
2187 5343 2463 5414 imponere
2489 5361 2594 5400 non
2628 5345 2902 5409 distulisti,
2935 5345 3154 5400 omnino
3173 5346 3334 5400 mira-

1753 5445 1897 5495 mur,
1929 5445 2051 5485 cum
2077 5431 2336 5502 scriptum
2373 5434 2442 5488 sit
2466 5451 2479 5487 :
2514 5433 2816 5502 Intelligeus
2841 5434 3192 5503 gubernacula
3219 5452 3336 5504 pos-

1754 5522 1937 5577 sidebit
1981 5520 2163 5594 (Prov.
2199 5523 2262 5595 ι).
2301 5525 2357 5579 ln
2383 5523 2564 5579 Veteri
2590 5525 2752 5580 etiam
2781 5525 3124 5580 Testamento
3155 5527 3330 5580 divina

1750 5611 1866 5685 lege
1895 5613 2162 5668 sancitum
2196 5623 2298 5680 est,
2328 5623 2386 5669 ut
2413 5617 2722 5670 sacerdotes
2745 5615 2810 5670 de
2832 5613 3099 5670 sacriﬁcio
3121 5615 3330 5670 Domini

1751 5705 2118 5776 pectusculum
2151 5717 2367 5763 sumant
2410 5707 2608 5780 (Leuit.
2646 5707 2776 5780 vn).
2812 5707 2927 5764 Non
2970 5709 3217 5779 equidem
3263 5707 3333 5761 ob

1752 5799 1914 5863 aliud,
1947 5800 2046 5855 nisi
2084 5809 2142 5856 ut
2173 5800 2442 5857 sacriﬁcio
2487 5800 2717 5869 discant,
2755 5801 2881 5870 quid
2925 5801 2992 5857 de
3030 5799 3332 5868 semetipsis
