3878 5798
460 406 560 464 807

1762 389 2046 451 JOANNIS

2175 389 2284 449 ΡΑΞ
2328 386 2369 447 Χ
3626 384 3710 441 853

461 514 562 584 ipsi
600 529 698 569 suo
723 508 1003 568 Conditori
1049 506 1283 562 debeant
1316 504 1616 562 immolare.
1656 503 1723 560 Et
1763 521 1885 560 cum
1927 520 2052 561 nos-
2080 514 2126 571 Α
2153 507 2320 561 chero
2349 523 2380 561 a
2409 506 2558 562 vobis
2587 506 2761 562 electo
2787 506 2840 560 in
2864 501 3082 568 Leodio,
3113 514 3276 573 atque
3305 517 3335 556 a
3364 512 3565 559 cuncto
3591 508 3712 557 clero

460 605 719 673 metipsos
750 601 859 657 Deo
883 598 1079 656 offerre
1102 598 1290 655 sedulo
1317 597 1609 653 debeamus
1631 637 1645 661 ,
1686 611 1784 651 cur
1808 596 1944 652 alios
1969 612 2057 652 er-

464 702 653 747 rantes
683 690 838 760 sequi
878 703 986 744 non
1030 686 1450 742 contemnimus?
1483 701 1606 740 cutn
1636 685 1896 755 scriptum
1943 685 2052 740 sit:

463 782 523 837 Si
553 781 885 856 separaueris
913 781 1197 849 pretiosum
1240 796 1272 832 a
1317 777 1436 842 vili,
1467 778 1618 849 quasi
1661 794 1719 831 os
1747 794 1919 832 meum
1953 780 2057 834 eris

464 872 599 944 (Jer.
634 870 747 937 xv).
779 871 949 943 igitur
971 869 1098 940 quia
1145 868 1317 940 magis
1353 868 1589 924 hominis
1621 883 1783 937 quam
1825 868 1918 923 Dei
1949 868 2060 924 for-

463 960 667 1017 midine
694 959 982 1022 metuistis,
1017 958 1159 1028 quod
1188 957 1455 1013 inutiliter
1483 967 1691 1029 gestum
1729 965 1833 1022 est,
1873 967 2055 1012 nostra

463 1049 657 1107 imbuti
687 1049 1082 1113 admonitione,
1115 1057 1174 1102 ut
1202 1048 1361 1104 citius
1394 1048 1683 1104 emendare
1718 1046 2058 1101 delectemini

464 1141 688 1195 omnino
718 1154 1023 1194 monemus.
1054 1138 1222 1195 Valde
1250 1152 1485 1207 namque
1518 1138 1775 1192 admirari
1815 1154 1919 1191 non
1956 1138 2062 1193 dis-

467 1229 719 1294 tulimus,
753 1244 853 1284 cur
879 1237 1070 1284 contra
1114 1228 1381 1283 rationem
1420 1229 1623 1296 absque
1656 1229 1797 1299 regis
1818 1227 2061 1298 jussione

466 1336 629 1393 agere
670 1319 1062 1391 pertentastis:
1111 1334 1234 1374 cmn
1265 1317 1418 1373 vobis
1458 1318 1931 1373 reminiscentibus
1956 1318 2061 1373 hoc

466 1414 616 1469 nullo
654 1413 813 1468 modo
858 1427 980 1467 esse
1027 1412 1259 1477 debeat;
1300 1420 1360 1465 ut
1404 1411 1607 1480 absque
1650 1410 1815 1481 regali
1861 1424 2063 1480 praece-

468 1506 653 1575 ptione
697 1504 750 1558 in
784 1502 1022 1573 qualibet
1055 1502 1307 1572 parochia
1335 1502 1623 1571 episcopus
1660 1502 1732 1556 sit
1775 1516 2062 1556 consecra-

470 1606 579 1653 tus.
620 1595 823 1675 Tamen
858 1596 1130 1652 mediante
1170 1582 1428 1650 Octobrio
1456 1596 1525 1649 ad
1567 1594 1754 1649 limina
1792 1593 2062 1663 apostolo-

468 1705 590 1745 rmn
623 1703 745 1744 cum
775 1687 1062 1744 llilduvino
1085 1696 1142 1742 et
1166 1686 1402 1743 Richero
1425 1686 1573 1758 (565)
1602 1686 1786 1741 venire
1805 1686 2059 1756 satagite,

469 1788 530 1835 ιιι
569 1788 693 1835 ante
732 1779 1074 1850 praesentiam
1116 1778 1288 1833 nostri
1331 1788 1750 1846 nostrorumque
1779 1778 2060 1847 episcopo-

470 1886 592 1927 rum
622 1870 911 1927 coadunati
931 1910 946 1936 ,
992 1869 1122 1939 quid
1149 1884 1217 1925 ex
1244 1870 1350 1925 hoc
1378 1869 1642 1925 canonica
1661 1868 1849 1938 iubeat
1876 1879 2061 1926 aucto-
2089 1858 2134 1916 Β

473 1962 609 2017 ritas
638 1961 912 2033 explicare
942 1979 1049 2017 non
1074 1962 1390 2032 denegetnr.
1420 1961 1488 2016 Et
1512 1962 1556 2016 si
1586 1960 1813 2018 forsitan
1838 1977 1936 2032 pro
1965 1976 2061 2033 pa-

473 2066 736 2123 ganorum
775 2063 919 2107 metu
953 2060 1078 2107 tunc
1110 2051 1294 2107 venire
1333 2066 1439 2106 non
1469 2050 1694 2116 valetis,
1721 2052 1775 2106 in
1806 2051 2061 2108 Kalendis

472 2142 697 2212 Aprilis,
723 2143 871 2198 omni
916 2142 1202 2199 occasione
1238 2143 1560 2213 postposita,
1603 2142 1671 2198 ad
1709 2158 1807 2200 nos
1836 2154 2063 2215 quanto-

473 2233 615 2299 cius,
643 2233 785 2289 sicut
814 2233 1065 2303 superius
1092 2242 1354 2290 statutum
1377 2242 1483 2299 est,
1517 2235 1811 2304 pervenite.
1845 2235 1910 2289 Et
1937 2244 2064 2291 tunc

470 2325 618 2380 omni
646 2339 829 2379 errore
854 2324 1116 2380 radicitus
1139 2325 1459 2394 exstirpata,
1485 2325 1576 2395 qui
1598 2327 1792 2397 dignus
1814 2327 2064 2383 inventus

469 2417 633 2474 fuerit
661 2433 757 2488 per
777 2418 975 2474 ostium
1003 2418 1339 2489 ingrediatur
1369 2418 1420 2472 in
1449 2418 1593 2473 ovile
1620 2419 1800 2473 ovium
1819 2459 1835 2484 ,
1860 2429 1917 2474 et
1956 2433 2064 2475 non

471 2510 707 2573 aliunde,
744 2525 814 2566 ne
839 2510 925 2564 fur
950 2509 1267 2564 aestimetur.
1299 2509 1433 2577 Quia
1468 2524 1567 2565 nos
1593 2509 1770 2565 Caroli
1799 2511 1942 2582 regis
1967 2511 2062 2566 de-

472 2614 570 2655 cus
612 2598 761 2653 nullo
787 2599 947 2654 modo
972 2597 1188 2654 auferre
1228 2598 1493 2664 volumus,
1525 2599 1618 2654 sed
1647 2614 1745 2669 pro
1771 2599 1955 2669 vigore
1985 2608 2067 2654 at-

473 2704 579 2760 que
606 2689 915 2755 dilectione,
947 2689 1034 2744 vel
1059 2689 1527 2759 consanguinitate
1554 2692 1723 2746 nostri
1755 2690 1937 2746 dilecti
1970 2691 2064 2747 lilii

472 2781 786 2853 Berengarii
815 2779 1194 2851 gloriosissimi
1223 2779 1590 2849 imperatoris,
1638 2788 1696 2835 ut
1733 2780 1884 2849 prior
1920 2790 2068 2838 ante-

475 2885 753 2926 cessorum
784 2884 1004 2926 suorum
1041 2883 1226 2940 regum
1258 2884 1376 2925 mos
1408 2868 1526 2932 fuit,
1551 2884 1675 2924 eum
1705 2869 1777 2924 ita
1804 2868 2064 2925 illibatam

475 2970 639 3030 atque
684 2961 1061 3015 inconcussam
1088 2959 1508 3014 dominationem
1542 2959 1789 3014 obtinere
1831 2959 2068 3015 delecta-

477 3068 637 3108 mur:
673 3061 729 3107 et
752 3054 892 3109 sicut
916 3053 1126 3122 priores
1154 3065 1284 3107 suos
1318 3059 1694 3107 antecessores
1713 3091 1729 3115 ,
1757 3060 2064 3107 nostrorum

477 3155 888 3200 antecessorum
944 3143 1305 3206 auctoritate,
1356 3141 1666 3212 episcopum
1725 3157 1820 3211 per
1872 3156 2065 3198 unam-

482 3247 754 3303 quamque
786 3232 1100 3302 parochiam
1129 3231 1385 3286 ordinare
1426 3231 1778 3300 probabiliter
1805 3240 2065 3287 statutum
2093 3213 2139 3274 Ο

478 3333 589 3389 est,
631 3324 706 3378 ita
745 3331 806 3377 ut
830 3319 1056 3376 Carolus
1087 3335 1180 3375 rex
1216 3320 1382 3375 faciat
1409 3320 1778 3377 confirmando
1794 3321 2066 3391 jubemus.

480 3417 684 3471 Tamen
712 3428 885 3482 usque
910 3412 975 3467 ad
1004 3409 1130 3467 illud
1157 3411 1438 3481 temporis,
1468 3411 1607 3467 sicut
1628 3411 1876 3481 superius
1904 3420 2072 3468 statu-

480 3515 593 3561 tum
617 3513 721 3571 est,
752 3502 946 3574 Leogis
979 3502 1326 3573 episcopatus
1353 3501 1410 3558 in
1444 3514 1628 3558 vestra
1669 3512 1888 3557 maneat
1923 3513 2072 3573 pote-

479 3606 658 3655 state:
699 3597 774 3652 ita
803 3604 864 3652 ut
888 3594 1205 3651 Hilduvinus
1230 3593 1340 3650 illic
1364 3591 1579 3663 aliquod
1607 3593 1943 3650 sacerdotale
1972 3594 2072 3651 mi-

481 3691 765 3746 nisterium
793 3688 942 3745 nullo
965 3688 1126 3745 modo
1149 3687 1346 3743 audeat
1379 3687 1657 3745 exhibere.

1208 3777 1343 3834 VIII.

653 3885 913 3926 ενιετοιλ
939 3884 1154 3925 IOANNIS
1181 3886 1215 3924 Χ
1244 3883 1314 3924 ΑΙ)
1343 3882 1590 3925 ελιιοιυιι
1618 3884 1677 3923 Ill
1707 3883 1903 3925 ιιεῦεκ.

1094 3962 1272 4032 (Anno
1314 3962 1408 4018 est
1426 3962 1465 4030 .)

486 4055 764 4126 Signiﬁcat
789 4071 843 4109 se
871 4057 939 4110 nd
971 4055 1347 4126 Herimainmnt
1387 4054 1672 4122 scripsisse.
1714 4068 1770 4109 ut
1791 4072 1925 4126 eum
1956 4036 2079 4109 ηειέ

554 4124 746 4181 duuiuo
797 4138 843 4181 et
906 4126 1153 4180 Riclmrio
1211 4124 1432 4179 Romam
1485 4126 1653 4178 veniat
1693 4138 1712 4176 :
1779 4124 2073 4179 Ilubertum

557 4198 708 4278 etiam
744 4196 805 4251 ob
838 4196 1082 4250 Ecclesia:
1118 4195 1366 4250 Romana:
1405 4193 1843 4265 depra’dationem
1871 4211 2075 4250 excom-

557 4283 874 4320 mtmtcasse.

1000 4356 1175 4429 [Apud
1204 4354 1378 4409 Mansi
1416 4354 1588 4428 ibid.]

556 4451 787 4507 ,πολιαι-ιε
822 4451 1122 4521 cpiscopus,
1169 4467 1359 4506 servus
1404 4458 1695 4506 servorum
1727 4451 1843 4521 Dei,
1875 4452 2072 4508 dilecto

489 4543 598 4596 filio
624 4542 839 4597 Canum
871 4543 1104 4613 glorioso
1130 4543 1268 4613 regi.

560 4631 695 4685 Cum
750 4631 959 4685 sincera
1008 4632 1060 4685 in
1105 4633 1259 4686 vobis
1309 4633 1578 4699 cbaritas,
1629 4643 1792 4706 atque
1836 4636 2072 4707 perfecta

490 4720 848 4775 mansuetudo
879 4720 1163 4785 clarescat,
1192 4722 1314 4790 quia
1343 4722 1521 4778 divina
1551 4724 1949 4794 dispensatione
1967 4727 2073 4783 hoc

489 4812 698 4883 agitur,
746 4812 1009 4865 conditori
1062 4821 1248 4867 nostro
1286 4813 1392 4869 Deo
1444 4814 1734 4870 immensas
1777 4819 2072 4886 gratiarum

487 4904 735 4959 actiones
763 4901 1066 4958 referimus.
1102 4901 1255 4958 Unde
1290 4904 1570 4961 hortantes
1601 4918 1838 4962 vestram
1864 4908 2076 4964 filiatio-

493 5011 614 5050 nem
648 5009 952 5058 monemus,
982 5003 1039 5047 ut
1065 5009 1280 5064 semper
1310 4996 1523 5050 solliciti
1568 5007 1865 5061 manentes,
1897 4998 2080 5054 subdi-

493 5095 574 5139 tos
599 5101 813 5156 quoque
842 5085 992 5138 vobis
1031 5087 1349 5141 commissos
1380 5103 1475 5158 per
1510 5088 1737 5158 abrupta
1768 5088 1968 5145 diutius
2002 5091 2082 5147 ire

493 5192 598 5231 non
642 5176 986 5244 permittatis.
1039 5176 1172 5242 Quia
1222 5177 1274 5230 in
1322 5177 1425 5232 hoc
1471 5179 1632 5232 vestri
1683 5178 1832 5248 regni
1870 5188 2080 5249 sceptra

495 5263 741 5318 sublimia
774 5272 1013 5327 manent,
1056 5279 1178 5319 cum
1217 5265 1452 5334 Spiritus
1478 5267 1650 5321 Sancti
1684 5268 2083 5338 diSpensatione

497 5354 637 5408 ("md
678 5355 940 5404 ίίιιῑίίιίίον
970 5364 1175 5408 aestum
1223 5364 1303 5402 0st
1341 5357 1629 5400 ριηριιιιςινη
1662 5374 1764 5406 mm
1797 5360 2078 5414 πρε-,ειεξιίᾶ

2158 606 2214 651 et
2237 595 2451 667 p0pulo,
2488 595 2786 650 transmisit
2810 612 2825 648 :
2863 602 2920 649 et
2940 593 3172 664 qualiter
3198 591 3539 648 Gislebertus
3566 601 3716 645 vester

2160 690 2390 745 inﬁdelis
2418 689 2760 744 Hildnvinnm
2780 687 2888 742 illic
2906 700 3229 743 consecr..re
3254 683 3616 755 praecipiendo
3633 698 3717 737 non

2158 783 2491 838 formidavit.
2526 782 2633 838 Nos
2660 797 2806 845 vero,
2840 796 3000 850 prece
3025 779 3206 833 dilecti
3249 778 3342 830 filii
3381 776 3554 830 nostri
3581 776 3719 839 moti,

2161 874 2489 932 llerimanno
2529 874 2938 942 archiepiscopo
2983 871 3153 926 nostri
3199 867 3539 939 apostolatus
3570 866 3722 935 apices

2161 967 2527 1021 transmittere
2556 966 2878 1024 studuimus.
2898 971 3167 1033 quatenus
3189 958 3465 1015 mediante
3496 954 3724 1011 Oetobrio

2160 1075 2282 1115 cum
2311 1059 2416 1113 illis
2444 1058 2647 1129 pariter
2668 1054 2889 1125 junctus
2916 1056 2983 1109 ad
3014 1053 3199 1108 limina
3230 1049 3607 1121 apostolorum
3637 1063 3723 1101 non

2160 1149 2371 1206 dilferat
2396 1150 2582 1203 venire
2605 1163 2620 1201 :
2662 1158 2722 1202 ut
2742 1157 2870 1201 tunc
2899 1144 3269 1214 probabilibus
3300 1139 3640 1196 documentis
3656 1154 3724 1191 ca-

2162 1240 2373 1302 nonice,
2399 1239 2488 1309 qui
2521 1238 2718 1308 dignus
2743 1245 2847 1303 est,
2876 1235 3238 1304 approbetur;
3278 1231 3373 1301 qui
3407 1243 3542 1283 vero
3568 1228 3725 1297 dignas

2160 1344 2282 1385 esse
2311 1329 2724 1398 contemplatur,
2757 1336 2886 1382 tunc
2911 1326 3235 1395 reprobatus
3261 1330 3553 1391 appareat.
3578 1318 3725 1387 lisque

2163 1423 2230 1477 ad
2272 1421 2400 1476 illud
2444 1435 2574 1474 vero
2606 1428 2848 1488 tempus,
2892 1426 2949 1471 ιιι
2995 1415 3322 1469 Hilduvinus
3354 1412 3411 1466 in
3450 1410 3723 1479 supradicta

2162 1512 2416 1577 ecclesia,
2451 1527 2573 1581 quae
2601 1510 2763 1579 Legia
2805 1507 3033 1570 dicitur,
3067 1504 3286 1560 aliouod
3336 1502 3587 1572 regimen
3621 1500 3726 1552 detic

2162 1616 2292 1658 nere
2333 1610 2381 1657 et
2429 1600 2765 1656 sacerdotale
2804 1597 3034 1653 ofﬁcium
3073 1595 3337 1651 exhibere
3390 1608 3503 1647 non
3532 1591 3723 1651 audeat,

2162 1694 2554 1750 commonendo
2581 1693 2940 1763 praecipimus.
2974 1690 3178 1744 Tamen
3201 1729 3216 1751 ,
3241 1685 3371 1757 quia
3414 1684 3630 1739 dilecuo
3654 1700 3726 1736 ao-

2164 1787 2259 1842 stri
2292 1786 2383 1841 lilii
2414 1787 2468 1841 in
2493 1785 2646 1840 vobis
2674 1784 3011 1839 abundanter
3034 1789 3275 1843 emanat,
3299 1778 3532 1846 dignum
3555 1784 3633 1828 est
3647 1777 3727 1828 sia-

2161 1881 2359 1937 ceritas
2381 1887 2543 1949 atque
2568 1876 3008 1946 consanguiniuts
3041 1883 3222 1928 vestra
3263 1881 3325 1924 ut
3362 1871 3421 1923 in
3454 1869 3549 1922 illo
3583 1882 3726 1937 pm

2160 1972 2305 2043 ptius
2330 1977 2624 2039 appareat;
2665 1977 2721 2022 et
2746 1967 2818 2022 ita
2844 1966 3137 2020 tidissimus
3160 1980 3228 2019 ex
3254 1976 3448 2018 vestra
3482 1961 3729 2017 dilectis-te

2163 2070 2499 2137 permaneat,
2544 2069 2812 2131 quatenus
2850 2072 2915 2113 es
2958 2057 3103 2111 illius
3131 2055 3484 2112 adminiculo
3532 2057 3583 2108 in
3622 2068 3727 2122 pra-

2162 2157 2302 2213 senti
2329 2153 2692 2227 cognoscatis.
2721 2152 2797 2207 De
2821 2151 2924 2206 hoc
2954 2165 3085 2204 vero
3104 2149 3247 2219 quod
3273 2147 3725 2203 Gislebertusma-

2166 2259 2246 2306 lra
2274 2257 2452 2305 vestra
2489 2255 2701 2316 sceptra
2744 2242 3005 2299 inutiliter
3039 2240 3232 2312 gessit,
3263 2240 3432 2293 valde
3457 2236 3718 2291 doluitm:

2163 2356 2230 2395 eo
2265 2338 2406 2409 quod
2445 2337 2621 2406 prisca
2647 2333 3001 2397 consuetudo,
3048 2338 3104 2386 et
3154 2330 3309 2401 regni
3349 2328 3608 2383 nobilitas
3627 2339 3723 2380 cm-

2163 2429 2291 2491 suit,
2323 2435 2383 2483 ut
2406 2425 2584 2483 nullus
2611 2423 2919 2494 episcopum
2944 2420 3201 2475 ordinare
3238 2418 3530 2473 debuisset
3565 2416 3724 2484 almae

2165 2520 2310 2591 regis
2331 2518 2597 2590 iussione.
2642 2516 2727 2582 Et,
2751 2515 2877 2585 quia
2905 2513 3272 2569 Herimannus
3293 2509 3723 2578 archiepiscopus.

2164 2614 2336 2683 magis
2365 2611 2599 2667 hominis
2621 2624 2785 2678 quam
2824 2606 2915 2663 Dei
2955 2604 3301 2661 formidinem
3335 2612 3611 2664 metuens,
3638 2598 3724 2654 (iis

2164 2703 2354 2759 leberti
2379 2701 2625 2771 iussione
2654 2697 2999 2753 Hilduvinum
3038 2709 3369 2750 consecrare
3399 2708 3511 2747 non
3538 2689 3723 2747 distulit.

2165 2794 2268 2849 hac
2294 2807 2394 2865 pro
2420 2791 2629 2847 ratione
2657 2787 2983 2844 sententiam
3012 2783 3318 2841 vocationis
3350 2782 3429 2836 illi

2166 2902 2305 2953 mus,
2346 2895 2408 2942 ut
2420 2885 2706 2941 mediante
2732 2880 3007 2946 Octobrio,
3042 2888 3100 2935 et
3136 2878 3180 2933 si
3209 2893 3311 2949 pro
3341 2886 3496 2933 metu
3526 2885 3723 2946 μευ

2166 2997 2283 3037 rum
2310 2979 2496 3034 venire
2520 2991 2645 3034 tunc
2670 2983 2960 3046 nequeunt,
2993 2973 3047 3028 in
3073 2972 3338 3027 Kalendis
3360 2968 3591 3041 Aprilis,
3614 2962 3724 3020 anui

2167 3083 2373 3130 remota
2401 3071 2717 3134 occasione,
2750 3076 2879 3122 tunc
2923 3064 3071 3120 nullo
3101 3064 3264 3119 modo
3304 3078 3440 3118 eum
3480 3055 3728 3113 ﬂildavim

2168 3173 2225 3220 et
2248 3163 2482 3220 Richero
2508 3159 2693 3216 venire
2720 3154 2950 3233 digerat.
2974 3154 3110 3222 Quia
3140 3162 3268 3209 tunc
3301 3152 3443 3207 inibi
3470 3148 3728 3219 coniuncti.

2169 3272 2234 3310 ex
2285 3255 2482 3310 decore
2508 3250 2676 3309 vestri
2727 3248 2876 3318 regni
2922 3245 3194 3302 subtiliter
3239 3243 3641 3313 colloquentes.
3674 3238 3731 3291 ita

2170 3346 2427 3401 radicitus
2464 3344 2570 3398 hoc
2607 3340 2749 3410 quod
2777 3338 2932 3393 vobis
2967 3351 3063 3406 per
3099 3334 3479 3390 Gislebertum
3505 3329 3733 3398 contingit

2169 3436 2467 3505 exstirpare
2493 3447 2598 3487 non
2623 3429 3026 3501 denegabimus,
3050 3433 3108 3479 ut
3128 3423 3488 3495 postmodum
3509 3437 3607 3476 nec
3624 3420 3731 3487 ipse.

2166 3528 2261 3599 qui
2304 3533 2497 3581 auctor
2530 3520 2834 3592 iniquitatis
2872 3527 3061 3573 contra
3099 3525 3284 3570 vestra
3312 3522 3539 3584 sceptra
3566 3510 3730 3582 gesit.

2169 3636 2270 3677 nec
2294 3619 2434 3674 alius
2467 3614 2663 3685 aliquis
2687 3612 2884 3669 audeat
2921 3610 3157 3679 aliquam
3189 3607 3476 3662 laesionem
3504 3612 3674 3659 vestra
3693 3601 3732 3652 '-

2170 3726 2335 3786 reguo
2366 3709 2587 3766 inferre.
2616 3705 2748 3762 illud
2776 3704 2940 3759 etiam
2968 3710 3161 3757 vestrae
3189 3699 3444 3753 tiliationi
3474 3693 3735 3750 iuuat-scio

2168 3820 2290 3861 mus
2310 3844 2324 3869 ,
2370 3800 2603 3873 qualiter
2644 3813 2742 3854 nos
2767 3794 2939 3865 juncti
2979 3809 3100 3849 cum
3129 3791 3471 3862 Berengario
3497 3786 3739 3858 glori-sis-

2170 3897 2308 3952 simo
2348 3895 2675 3965 imperatore
2702 3888 2898 3944 dilecto
2926 3886 3038 3942 filio
3067 3893 3289 3947 nostro,
3324 3883 3395 3937 ad
3429 3880 3737 3935 llubertna.

2170 4001 2231 4048 ut
2258 3988 2682 4061 depraedatio’nes
2709 3994 2871 4056 atque
2908 3980 3178 4045 incendia,
3204 3993 3332 4049 quae
3356 3977 3412 4031 in
3449 3982 3634 4031 saneta
3653 3970 3742 4024 Be-

2172 4103 2332 4143 mana
2356 4083 2594 4140 Ecclesia
2622 4079 2958 4143 committere
2980 4090 3087 4129 non
3120 4064 3743 4133 formidavit,emendan

2173 4178 2487 4243 studuisset,
2521 4172 2854 4230 admonendo
2883 4170 3156 4224 misimus:
3189 4165 3281 4235 qui
3316 4163 3587 4222 renitens,
3608 4168 3743 4225 atque

2174 4271 2401 4341 superba
2454 4282 2586 4323 voce
2634 4266 2735 4321 hoc
2772 4261 3178 4323 contradicens,
3227 4256 3534 4311 emendare
3576 4251 3742 4307 nolui!-

2173 4360 2281 4417 Nos
2314 4368 2530 4423 autem,
2572 4357 2861 4413 secundum
2912 4343 3081 4407 nostri
3137 4348 3435 4403 ministerii
3488 4343 3744 4399 electam.

2174 4451 2320 4508 illum
2347 4450 2447 4505 sub
2485 4444 3038 4503 excommunicatione
3065 4439 3337 4502 misimus,
3367 4450 3611 4505 eumque
3641 4448 3745 4487 am-

2102 4565 2149 4622 ι)
2178 4540 2430 4597 thematis
2463 4537 2674 4593 vinculo
2704 4533 3054 4605 salligavimus
3095 4545 3218 4585 cum
3260 4529 3529 4583 omnibus
3551 4525 3662 4582 suis
3683 4537 3749 4576 se-

2178 4631 2462 4702 quacibus.
2494 4626 2645 4683 Unde
2669 4629 2861 4679 vestrae
2894 4619 3202 4676 celsitudiui
3230 4618 3338 4672 hoc
3381 4616 3749 4688 pateﬁt-imus.
3836 4616 3837 4685 1

2180 4732 2237 4776 ut
2265 4719 2442 4775 nullus
2470 4716 2634 4772 vestri
2678 4714 2821 4784 regni
2859 4712 3007 4767 illum
3050 4718 3338 4779 sequatur,
3366 4708 3460 4764 vel
3489 4710 3541 4763 ei
3570 4705 3753 4775 adiuta

2182 4814 2321 4867 riutn
2368 4809 2672 4879 impendat,
2709 4807 2835 4876 quia
2870 4820 2975 4861 non
3006 4802 3357 4859 solummodo
3393 4804 3495 4872 qui
3536 4817 3656 4857 eam
3682 4814 3754 4851 se—

2178 4909 2417 4972 qnuntur
2444 4892 2806 4967 alligavimus,
2855 4893 2952 4950 sed
2994 4893 3163 4948 etiam
3200 4892 3299 4962 qui
3345 4891 3404 4948 ei
3453 4889 3753 4962 adiutum

2180 4990 2493 5061 impendere
2516 4987 2867 5045 delectantur.

2776 5084 2893 5147 *1x
2929 5090 3109 5163 (566.)

2184 5182 2441 5246 nrtsrous
2480 5203 2691 5243 JOANXIS
2728 5202 2757 5238 ι
2786 5177 2868 5239 ⁷Αι)
2904 5199 3141 5239 ιοικκειι
3179 5188 3659 5243 Αιιειιιειιιςεοιτι
3689 5199 3757 5235 ει·

2257 5274 2561 5318 Lom'rtttmt
2591 5256 2991 5330 (sycaminon)
3017 5270 3086 5310 ετ
3117 5271 3246 5310 usus
3276 5272 3707 5315 senatusue.

2728 5355 2915 5431 (Anno
2952 5355 3215 5425 ρει-εδ.)

2299 5479 2441 5492 ’Μ’-⁸
2483 5472 2531 5504 οι
2568 5462 3077 5543 eiussuﬂ‘ragaueos
3115 5459 3491 5543 denﬂo‘mmm
3533 5464 3757 5517 sedem-

2957 5545 3144 5596 eosqne
3187 5528 3469 5585 Methodii
3495 5534 3758 5586 dm‘fria’sﬂ
3836 5528 3837 5596 ἦ
