3916 6444
95 407 200 464 809

1247 397 1608 456 EPISTOLIE
1647 391 1737 452 ET
1776 391 2192 452 PRIVILEGIA.‘

3269 393 3379 450 εω

163 511 505 588 sequidoleg.
551 509 850 588 Hortatur,
889 519 946 588 ut
985 511 1202 588 consitio
1239 510 1464 566 Joannis
1505 511 1676 588 nnco-
1702 513 1752 572 Α
1779 522 1904 574 ros,
1953 505 2331 562 manifestassc
2382 503 2568 572 nobis,
2619 503 2854 576 qualiter
2894 518 2994 574 pro
3044 503 3142 560 Dei
3191 519 3380 564 amore

161 581 334 642 uitaui
370 591 416 638 et
457 581 644 636 Leonis
683 581 1000 638 Praenestini
1034 583 1398 653 episcoporum
1437 583 1560 648 usi,
1603 581 1676 636 vi-

163 659 240 710 tia
303 655 566 724 corrigunt
589 694 602 716 ,
645 653 952 724 videamque
989 653 1318 724 potissimum
1344 694 1358 718 ,
1397 661 1456 706 ut
1493 669 1676 724 secun-

161 730 290 781 dum
322 723 488 780 mores
523 723 772 779 Romana:
811 723 1062 778 Ecclesia:
1107 725 1460 779 ministerium
1511 723 1680 780 sacri-

159 799 274 867 ﬁcii
309 807 624 879 peragatur,
666 797 722 850 iu
751 794 946 852 Latina
969 794 1167 852 scilicet
1194 795 1378 867 lingua
1401 838 1418 863 ,
1451 811 1558 852 non
1583 812 1682 850 au-

161 879 264 924 tem
304 878 360 924 in
394 878 664 923 extranea.

455 979 740 1054 [Farlatus
762 1021 778 1048 ,
818 980 972 1054 Illyr.
1013 998 1180 1050 sacr.,
1209 980 1328 1056 95.]

161 1090 300 1146 Cum
333 1089 526 1162 religio
543 1131 559 1158 ,
587 1099 698 1148 etc.

863 1231 936 1286 X.

86 1363 350 1406 EPlSTOLA
384 1363 600 1404 JOANNIS
622 1363 656 1402 Χ
687 1365 757 1403 A‘)
788 1363 1098 1405 TAMISLAUM
1123 1363 1302 1404 REGE!
1329 1363 1678 1415 CROATORUN,

377 1436 681 1477 MICIIAELEM
707 1435 882 1477 DUCEH
911 1436 1260 1488 CllULMORUM,
1289 1432 1398 1478 8ιο-

651 1579 838 1652 (Auno
873 1579 1124 1646 914-28.)

89 1729 424 1809 Tantislaum
449 1775 464 1802 ,
501 1751 674 1809 regem
713 1736 1025 1792 Croatorum
1051 1779 1066 1804 ,
1105 1737 1418 1796 Michaelem
1446 1783 1461 1809 ,
1499 1743 1688 1798 ducem

162 1805 509 1884 Qhulmorum
535 1805 846 1875 {Joannem
883 1817 930 1884 et
952 1809 1066 1880 ejus
1095 1805 1482 1884 su/fi'aganeos,
1506 1830 1684 1870 omnes

158 1875 418 1956 ζιῳαηοξ
439 1919 454 1944 ,
475 1887 709 1956 cunctos
743 1875 1070 1956 sacerdotes,
1101 1875 1404 1937 universum
1431 1875 1684 1956 populum
1715 1885 1764 1946 B

165 1947 480 2006 Sclavoniaz'
506 1959 554 2004 et
603 1949 886 2006 Dalmatia:
934 1951 1216 2018 hortatur,
1266 1965 1320 2008 ut
1375 1947 1684 2012 teneri-imos

159 2035 358 2089 pueros
401 2037 434 2074 a
471 2021 748 2098 cunabulis
787 2023 844 2076 in
880 2021 1392 2098 studio_l_itterarum
1425 2025 1532 2081 Deo
1560 2029 1688 2098 olfe-

163 2100 351 2167 νιιηι)Δ
369 2107 492 2167 neve
527 2093 606 2167 in_
621 2091 848 2167 barbara
871 2133 886 2159 ,
927 2109 1020 2167 seu
1056 2092 1343 2152 Slavonica
1369 2096 1554 2167 lingua
1576 2091 1688 2154 Deo

163 2161 494 2238 sacriﬁcium
524 2163 704 2238 offcrri
729 2165 924 2238 sinant.
953 2163 1223 2238 Saxonum
1251 2161 1493 2238 proponit
1518 2185 1690 2224 exem—

167 2231 317 2309 plum
343 2273 358 2298 ,
396 2234 486 2303 qui
527 2231 853 2309 a’Qregorio
891 2251 1027 2309 papa
1067 2231 1364 2292 doctrinam
1402 2239 1610 2309 pariter
1640 2251 1690 2296 et

167 2302 466 2383 litterarum
501 2302 872 2383 studia_'in_ea
891 2302 1086 2383 lingua
1125 2302 1478 2383 perceperit-tt,
1507 2312 1564 2365 in
1583 2329 1691 2383 qua

167 2375 460 2442 apostolica
511 2375 732 2430 ecclesia
783 2375 1014 2437 infulata
1064 2375 1329 2434 manebat.
1395 2375 1687 2438 Monet'ut

167 2443 396 2499 Joannis
411 2444 728 2501 Anconitani
741 2457 786 2502 et
799 2446 986 2504 Leonis
1007 2447 1318 2506 Praenestini
1330 2453 1693 2524 episcoporum

167 2527 434 2588 prmeepta
462 2529 768 2587 sequantur.

670 2629 944 2702 Farlatus,
983 2633 1142 2708 ibid.)

168 2739 366 2812 Divina
382 2781 398 2810 ,
434 2751 544 2800 etc.

845 2861 940 2919 XI.

288 2977 360 3027 AD
393 2983 634 3030 JOANNEI
678 2988 1134 3035 LBCHIEPISCOPUI
1163 2993 1516 3040 SPALATINUM.

671 3086 864 3158 (Anno
903 3087 1150 3162 914-28.)

89 3191 370 3278 Joannem
399 3195 548 3278 jubet
571 3213 679 3252 una
705 3215 824 3253 cum
853 3198 1106 3278 Gregorio
1125 3243 1140 3271 ,
1173 3221 1412 3278 episcopo
1437 3204 1492 3260 Ν
1497 3223 1698 3274 onenst,

1781 599 2119 671 susceperint
2147 597 2440 654 monachos
2473 596 2648 654 sancti
2681 597 3011 654 Launomari
3045 597 3380 656 confessoris

1781 690 1982 748 Christi
2047 706 2173 746 cum
2219 704 2446 762 corpore
2513 687 2682 759 ipsius
2735 690 2938 757 sancti,
3001 690 3380 761 persecutione

1782 784 1992 842 diutina
2041 799 2376 858 paganorum
2415 799 2447 838 a
2479 797 2578 840 suo
2635 781 2756 838 loco
2815 780 3064 853 fugatos;
3123 783 3382 854 quodque

1782 880 1864 936 eis
1914 881 1982 936 ad
2029 879 2296 951 refugium
2341 879 2444 950 ipsi
2493 863 2815 936 donaverint
2859 878 3064 951 aliquid
3104 879 3173 935 de
3219 881 3386 938 rebus

1783 975 1898 1031 suis
1940 974 1997 1030 in
2047 975 2342 1046 praesenti,
2375 982 2461 1041 et,
2505 975 2550 1030 si
2582 973 2962 1048 opportunitas
2989 989 3051 1030 se
3098 973 3206 1030 illis
3238 989 3382 1046 prae-

1785 1069 1996 1136 buerit,
2049 1070 2301 1141 deinceps
2351 1069 2510 1142 plura
2565 1069 2787 1126 daturos
2843 1084 2964 1140 quae
3007 1078 3133 1125 sunt
3173 1069 3230 1126 in
3260 1083 3390 1142 par-

1786 1163 1932 1219 tibus
1981 1163 2326 1230 Arvernicis,
2372 1162 2428 1218 id
2471 1171 2555 1218 est
2600 1161 2783 1217 villam
2831 1161 3234 1232 Magenciacum
3265 1177 3395 1220 cum

1787 1255 2020 1312 ecclesia
2051 1257 2225 1312 sancti
2269 1254 2418 1312 Petri
2452 1254 2674 1310 nomine
2701 1263 3052 1322 consecrata;
3083 1263 3144 1312 et
3173 1255 3396 1314 vineam

1787 1345 2232 1404 indominicatam
2257 1347 2502 1420 ejusdem
2547 1344 2714 1414 villae,
2753 1356 2808 1402 et
2839 1345 3000 1402 aliam
3027 1346 3210 1402 villam
3238 1347 3394 1418 juxta

1788 1441 2232 1513 Magenciacum,
2283 1450 2340 1496 et
2394 1442 2552 1514 juxta
2603 1439 2726 1497 illas
2783 1439 2968 1496 villam
3019 1454 3142 1511 quae
3197 1439 3398 1496 dicitur

1789 1533 2179 1608 Blaviguacus,
2211 1541 2534 1606 partemque
2583 1533 2639 1589 in
2669 1533 2792 1588 villa
2833 1548 2956 1604 quae
2981 1541 3206 1588 vocatur
3235 1531 3397 1602 Espi-

1791 1627 1983 1684 dincus
2032 1627 2326 1700 (Espezin),
2379 1641 2597 1682 mansos
2647 1627 2812 1690 duos;
2859 1635 2916 1682 et
2965 1625 3021 1681 in
3077 1625 3205 1681 villa
3255 1625 3402 1698 Reg-

1791 1718 1946 1776 uiaeo
1978 1718 2231 1791 (Regnac)
2287 1719 2501 1774 vineam
2555 1718 3031 1783 indominicatam;
3081 1725 3138 1773 et.
3185 1717 3241 1772 in
3270 1715 3400 1772 villa

1793 1811 2104 1868 Malamorte
2149 1826 2366 1868 omnem
2413 1811 2784 1868 lmreditatem
2829 1811 3116 1882 cujusdam
3162 1809 3400 1880 Asterii,

1791 1916 1954 1971 quam
2003 1901 2071 1957 de
2123 1900 2356 1958 Geraldo
2407 1907 2462 1956 et
2509 1900 2575 1956 de
2622 1899 2875 1956 Lucretia
2931 1899 3048 1968 ejus
3091 1915 3262 1956 uxore
3312 1915 3406 1955 ac-

1791 1991 2165 2062 quisiverunt;
2206 1999 2262 2046 et
2302 1991 2358 2046 in
2393 1989 2659 2046 Barennis
2695 1991 2910 2046 vineam
2955 1991 3401 2047 indominicatam

1791 2090 1847 2138 et
1900 2083 1956 2138 in
1997 2082 2115 2154 ipso
2163 2083 2427 2139 comitatu
2456 2081 2644 2137 villam
2675 2081 2974 2138 Bornicum
3007 2081 3204 2153 (Bort),
3239 2095 3401 2152 quam

1794 2175 1949 2232 de....
1981 2175 2422 2245 acquisiverunt;
2457 2181 2511 2229 et
2559 2188 2722 2244 super
2769 2173 2990 2228 ﬂuvium
3044 2173 3187 2228 Dore
3218 2173 3274 2228 in
3310 2188 3406 2228 eo-

1795 2267 1989 2323 mitatu
2044 2265 2478 2322 Claromontensi
2506 2264 2663 2320 villas
2704 2264 3034 2322 Piscatorias
3083 2279 3208 2320 cum
3235 2263 3408 2320 servis

1795 2363 1852 2412 et.
1899 2355 2142 2423 ancillis,
2173 2357 2372 2428 pratis,
2402 2355 2600 2422 terris,
2645 2353 2804 2410 cultis
2852 2364 2906 2411 et
2934 2353 3184 2420 incultis,
3219 2352 3406 2425 silvis,

1796 2453 1853 2500 et
1903 2461 2124 2513 manso,
2180 2461 2301 2518 qua:
2333 2446 2411 2518 de
2459 2445 2751 2504 Fulcherio
2796 2455 3300 2515 eommutaver’unt;
3351 2457 3413 2502 et

1798 2539 2054 2596 similiter
2087 2539 2484 2597 Prisciniacum
2537 2539 2872 2614 (Precignac)
2921 2557 3044 2597 cum
3091 2543 3240 2598 omni
3271 2541 3414 2598 inte-

1799 2632 2027 2702 gritate,
2075 2640 2133 2688 et
2180 2641 2290 2688 tres
2341 2631 2476 2688 alios
2529 2646 2749 2688 mansos
2791 2631 2948 2702 juxta
3009 2634 3248 2703 positos,
3303 2633 3413 2690 sci-

1799 2717 1926 2776 licet
1971 2720 2312 2794 Vallecinga,
2353 2720 2698 2788 Floriacum,
2729 2721 3192 2793 Montjocundum.
3237 2723 3416 2794 Super

1801 2829 1910 2886 qua
1947 2829 2008 2870 re
2047 2822 2431 2886 suggesserunt
2478 2813 2770 2886 vigilanter
2821 2816 3148 2886 apostolatui
3187 2827 3412 2885 nostro,

1803 2919 1964 2974 quem
2009 2905 2128 2962 vice
2177 2905 2323 2962 beati
2368 2905 2516 2962 Petri
2565 2915 2842 2974 tenemus,
2888 2923 2986 2976 per
3016 2907 3327 2979 religiosum
3359 2900 3416 2965 ει

1801 2996 2171 3053 venerabilem
2222 2996 2536 3068 episcopum
2586 2995 2964 3064 Adalelmum,
3008 3007 3064 3052 et
3107 3014 3270 3068 supra
3314 3015 3418 3054 no-

1805 3088 2042 3144 minatos
2083 3086 2376 3145 chertum
2415 3097 2473 3144 et
2497 3087 2747 3145 Calseum
2778 3087 2988 3145 nobiles
3019 3089 3199 3154 viros,
3233 3089 3418 3144 sedem

1807 3179 2108 3235 Romanam
2161 3180 2228 3236 de
2283 3195 2436 3237 more
2492 3180 2705 3236 scilicet
2761 3181 2954 3236 devote
3003 3179 3299 3247 adeuntes,
3361 3192 3423 3238 ut

169 3265 260 3356 uti
273 3265 553 3356 sensitive,
587 3265 1098 3356 componeudcc'litis
1123 3265 1319 3344 causa,
1347 3265 1699 3349 'prtcsentibus
1729 3267 1776 3330 C
1809 3273 1983 3344 ipsam
2031 3290 2221 3331 eorum
2251 3276 2603 3332 donationem
2644 3277 2942 3333 secundum
2970 3277 3423 3356 consuetudinem

173 3334 364 3407 legatis
392 3338 506 3394 suis
533 3350 683 3396 ortae.

651 3452 958 3527 [Farlatus,
997 3457 1154 3532 ibid.]

181 3555 328 3627 Quia
355 3559 414 3617 in
433 3561 592 3620 vobis
607 3603 627 3634 ,
654 3571 762 3621 etc.

865 3681 980 3738 XII.

91 3783 332 3827 somnus
367 3787 402 3828 ι
439 3788 610 3830 BULLA
649 3773 825 3846 (566‘)
865 3791 966 3832 rno
1015 3792 1278 3836 nonacms
1315 3795 1360 3838 s.
1401 3799 1710 3842 LAUNOMARI

679 3863 818 3903 APUD
844 3863 1142 3906 ARVERNOS.

710 3961 910 4033 (Anno
947 3965 1114 4037 928.)

95 4070 403 4154 Hannonis
438 4072 500 4130 S.
545 4073 901 4159 Iit-runcaturi,
938 4097 1030 4159 per
1062 4099 1296 4159 paganos
1330 4088 1528 4158 fugatis
1551 4129 1564 4156 ,
1600 4106 1715 4159 pos-

179 4143 520 4282 sess/genesta
569 4147 834 4204 Willelmo
887 4143 1074 4208 comite
1121 4143 1434 4213 Ᾱηοενηὲιιὲἱ
1489 4143 1716 4218 ἀοήἶιίάε

183 4230 288 4268 con
332 4231 442 4270 rma
473 4255 487 4270 .

183 4230 487 4270 conﬁrmat.

91 4349 301 4420 [Apud
357 4349 556 4408 Mabill.
617 4355 751 4410 Acta
806 4355 910 4414 SS.
968 4361 1086 4416 ord.
1149 4361 1373 4434 Bened.,
1426 4381 1552 4425 sese.
1611 4367 1716 4438 IV,

693 4463 748 4519 p.
785 4464 860 4516 ιι,
896 4465 953 4520 p.
991 4451 1147 4526 25L]

183 4554 420 4614 Joannes
471 4559 790 4633 episcopus,
847 4578 1036 4622 servus
1092 4583 1374 4626 servorum
1419 4571 1544 4638 Dei,
1606 4587 1724 4630 om-

1809 3367 2276 3436 praedecessorum
2330 3377 2645 3424 nostrorum
2695 3377 2897 3425 sancta:
2936 3369 3081 3425 sedis
3111 3370 3422 3440 apostolicae

1809 3458 2088 3528 privilegio
2137 3459 2512 3529 ﬁrmaremus,
2555 3469 2777 3534 propter
2825 3461 3194 3532 quorumlibet
3236 3461 3290 3516 in
3319 3477 3420 3532 po-

1811 3560 2016 3607 sterum
2043 3559 2248 3608 certam
2267 3554 2616 3622 cupiditatem
2639 3553 2722 3610 vel
2743 3554 3172 3623 inquietudinem
3201 3565 3425 3622 :quate-

1811 3659 1915 3699 nus
1945 3643 2094 3699 omni
2144 3644 2398 3716 deinceps
2446 3654 2689 3715 tempore
2733 3647 2938 3717 absque
2967 3661 3420 3718 quorumcunque

1811 3739 2132 3797 crudelitate
2157 3739 2244 3796 vel
2267 3740 2616 3812 subreptioue
2639 3743 2894 3798 monachi
2917 3758 3042 3798 cum
3069 3743 3187 3813 ipso
3201 3742 3422 3809 abbate,

1813 3833 1920 3904 ipsi
1967 3842 2023 3890 ct
2064 3849 2408 3892 successores
2460 3850 2677 3902 eorum,
2736 3836 2944 3907 possint
2982 3836 3184 3893 ibidem
3236 3837 3424 3894 consi-

1817 3935 1982 3992 stere,
2041 3937 2098 3984 et
2141 3929 2226 3984 sui
2271 3928 2538 3999 propositi
2599 3943 2852 3986 normam
2913 3931 3420 4001 optime-'servarc.

1819 4022 2064 4092 Quorum
2112 4022 2218 4094 piis
2277 4023 2416 4079 actis
2473 4024 2896 4096 congaudentes,
2952 4033 3008 4079 et
3065 4023 3227 4093 justis
3287 4027 3426 4094 peti-

1818 4118 2060 4175 tionibus
2109 4126 2441 4185 annuentes,
2500 4117 2848 4172 decernimus
2889 4131 2990 4187 per
3051 4117 3153 4172 hoc
3205 4127 3428 4188 aposto-

1819 4211 1943 4267 licae
1996 4209 2336 4266 auctoritatis
2386 4209 2760 4281 privilegium,
2815 4224 3020 4280 perque
3073 4210 3222 4264 illam
3271 4220 3428 4282 pote-

1825 4309 2022 4359 statem
2077 4317 2242 4373 quam
2277 4315 2308 4356 a
2335 4300 2449 4366 Deo
2503 4301 2558 4357 in
2603 4302 2766 4358 beato
2793 4299 2959 4357 Petro
2989 4301 3234 4372 apostolo
3270 4316 3432 4358 accc--

1824 4394 2036 4466 pimus,
2086 4401 2147 4448 ut
2194 4403 2306 4449 tam
2365 4394 2496 4464 ipsae
2543 4409 2632 4451 res
2682 4409 2846 4466 supra
2893 4395 3218 4462 nominatae,
3266 4410 3432 4466 quam

1828 4487 1986 4555 alite,
2034 4503 2170 4559 quas
2207 4487 2293 4545 vel
2345 4489 2464 4560 ipse
2511 4488 2624 4546 Deo
2671 4489 2923 4546 amabilis
2969 4503 3172 4562 praeses
3221 4497 3274 4545 et
3315 4489 3434 4558 ejus

1827 4595 1969 4635 uxor
2007 4579 2354 4652 lngelberga,
2395 4579 2480 4637 vel
2515 4581 2608 4636 alii
2649 4579 2790 4638 forte
2833 4581 2928 4638 Dei
2969 4593 3241 4638 amatores
3280 4583 3436 4638 deiu-

91 4649 280 4706 nibus
335 4653 600 4724 episcopis
651 4665 706 4710 et
769 4658 1072 4716 senioribus
1123 4661 1344 4732 Galliae,
1401 4638 1804 4739 caeterisqueD
1831 4685 1960 4742 ceps
2014 4670 2218 4726 eisdem
2281 4671 2566 4729 monachis
2626 4672 2714 4728 vel
2769 4673 3178 4730 successoribus
3245 4688 3436 4732 eorum

83 4751 324 4798 saneta:
367 4744 462 4800 Dei
501 4745 758 4804 Ecclesiae
799 4747 1078 4820 ﬁdelibus,
1125 4753 1396 4811 saiutem.‘

187 4835 458 4903 Quoniam
523 4855 592 4896 ex
656 4857 1034 4900 successorum
1093 4841 1464 4917 apostolorum
1517 4853 1722 4924 pietate

83 4929 200 4985 sic
259 4929 639 4990 universaliter
691 4936 950 4994 debemus
1002 4941 1288 4998 consulere
1353 4947 1594 5013 cunctis,
1661 4955 1724 5002 ut

85 5020 454 5091 singulorum
491 5040 708 5096 quoque
759 5043 954 5086 causas
1005 5031 1122 5088 sine
1167 5031 1387 5092 fastidio
1428 5037 1723 5094 debeamus

83 5127 484 5184 cognoscere:
531 5119 858 5175 studendum
901 5130 986 5178 est
1023 5124 1178 5182 nobis
1209 5141 1330 5184 'non
1377 5130 1556 5187 minus
1585 5131 1726 5187 velle

81 5207 410 5280 prodesse,
452 5225 616 5280 quam
655 5227 909 5283 praeesse.
933 5213 1417 5290 Noveritis‘itaque
1459 5221 1726 5277 illustrem

83 5299 392 5382 nobisque,
423 5301 807 5360 eharissimum
855 5301 1238 5364 Arvernorum“.
1272 5311 1556 5381 praesidem
1591 5313 1730 5369 Wil-

89 5390 376 5460 lclmum,
433 5403 490 5451 et
536 5411 762 5452 uxorem
807 5399 924 5470 ejus
973 5389 1350 5476 lngeibergam
1394 5419 1492 5476 per
1545 5405 1730 5464 fideles

85 5480 226 5538 sibi
275 5479 514 5554 legatos,
565 5487 902 5544 Adalelmum
948 5491 1156 5548 scilicet
1203 5496 1728 5554 .reverendissimum

81 5572 470 5645 episcopum,
526 5576 819 5636 chcrtum
869 5591 926 5639 et
969 5582 1224 5642 Calseum
1273 5587 1608 5646 clarissimos
1654 5592 1733 5646 vi-

83 5774 321 5862 Operis
346 5777 492 5862 enim
520 5781 593 5862 ab
613 5779 703 5837 illo
727 5782 882 5838 citati
915 5775 1316 5862 (illgr;_s_ac_r.)
1349 5791 1563 5848 nonnisi
1589 5789 1727 5848 duos

87 5851 340 5916 priores
369 5857 544 5906 tomos
573 5851 738 5924 (sese.
773 5851 986 5944 ιγςνιί.)
1027 5851 1094 5940 in
1133 5851 1478 5920 bibliothecis
1523 5865 1734 5920 nostris

1063 5945 1074 5974 l

372 6003 646 6069 I’aruoc.
677 5987 1056 6080 CXXXI“,

1835 4763 2202 4830 donaverint,
2281 4764 2510 4822 Domino
2563 4764 2834 4822 Salvatori
2882 4776 3070 4823 nostro
3141 4775 3437 4836 sanctoque

1833 4855 1997 4912 Petro
2037 4863 2200 4924 atque
2241 4856 2404 4912 beato
2459 4856 2803 4913 Launomaro
2857 4857 3168 4914 deserviant
3225 4858 3278 4910 in
3326 4856 3439 4911 usi-
3527 4839 3530 4842 ’

1833 4951 1936 5006 bus
1961 4949 2352 5006 monachorum
2381 4959 2438 5005 et
2463 4949 2694 5006 diversis
2718 4939 3076 5015 utilitatibus,
3117 4947 3440 5002 adveniente

1837 5054 2078 5110 unquam
2127 5039 2649 5095 Christianorum...
2685 5038 2926 5109 qualibet
2975 5037 3288 5102 occasione,
3342 5035 3442 5090 ali-

1834 5148 1998 5202 quam
2041 5133 2343 5188 sustineant
2376 5133 2711 5188 calumniam
2743 5151 2758 5200 ;
2799 5133 2894 5188 sed
2923 5131 3088 5187 liceat
3132 5129 3306 5186 servis
3343 5130 3444 5184 Dei

1836 5223 2080 5293 ejusdem
2125 5221 2228 5278 loci
2253 5222 2578 5293 cultoribus,
2612 5239 2740 5280 cum
2787 5223 3018 5280 consilio
3064 5231 3120 5277 et
3165 5221 3446 5278 voluntate

1838 5315 2050 5373 abbatis
2103 5316 2188 5372 sui
2218 5333 2283 5373 ea
2337 5318 2521 5374 stabili
2557 5318 2846 5384 ﬁrmitate,
2905 5317 3044 5372 sicut
3093 5315 3172 5370 eis
3223 5311 3446 5382 expedi-

1840 5409 1977 5473 erit,
2030 5417 2216 5465 tenere
2258 5419 2316 5465 et
2369 5409 2696 5480 gubernare.
2737 5407 2795 5465 Si
2829 5407 2952 5479 quis
3007 5415 3188 5462 autem
3242 5403 3448 5474 cupidi-

1845 5510 1961 5557 tate
2017 5501 2104 5558 vel
2166 5501 2346 5574 aliqua
2399 5503 2737 5575 malignitate
2800 5503 2994 5558 ductus
3038 5515 3228 5557 eorum
3277 5505 3446 5556 testa—

1851 5602 2094 5650 mentum
2123 5602 2180 5652 et
2209 5595 2314 5652 hoc
2355 5603 2554 5651 nostrae
2599 5591 2943 5650 auctoritatis
2970 5592 3314 5665 privilegium
3342 5588 3444 5644 ali-

1849 5793 2094 5849 invenire
2123 5803 2225 5851 est.
2265 5794 2426 5852 Em'r.

1919 5865 2098 5936 (δεῖθ’)
2143 5865 2296 5922 Bulla
2341 5868 2456 5925 haec
2478 5865 2672 5927 Joanni
2703 5867 2816 5926 Vill
2849 5883 3137 5941 perperam
3169 5863 3447 5924 tribuitur.

2937 6026 3018 6110 26
