3916 6404
493 474 589 530 8“

1344 468 1629 527 JOANNIS
1664 468 1870 526 PAPE
1910 467 1957 524 Χ
1991 456 2355 527 EPISTOLE
2389 466 2479 526 ΕΤ
2516 467 2927 528 PRIVILEG-IA.

3677 470 3795 530 812

494 605 598 659 qua
626 587 912 643 occasione
943 566 1187 642 conatus
1204 584 1368 641 fuerit
1406 585 1700 659 infringere
1720 626 1736 654 ,
1783 593 1837 642 et
1864 585 1931 642 de
1956 585 2086 657 ipsis
2112 588 2168 651 Α
2191 600 2371 654 rense,
2385 584 2498 643 sive
2519 585 2684 642 etiam
2698 584 3082 652 Nemausense;
3100 594 3157 642 et
3175 584 3230 642 in
3250 585 3514 642 comitatu
3536 585 3772 644 Bisuldn

492 683 655 736 rebus
718 679 1019 751 smpedictis
1074 678 1251 734 servis
1313 679 1411 735 Dei
1466 678 1706 750 aliquam
1755 677 2081 734 calumniam

490 773 573 830 vel
613 770 915 828 molestiam
946 769 1309 849 [ingerere]...
1359 780 1453 828 aut
1494 769 1745 829 abbatem
1791 771 1869 828 eis
1912 772 2085 844 impo-

508 850 666 927 nere,
704 865 805 921 nisi
837 864 1015 922 solum
1044 864 1195 920 illum
1217 908 1229 931 ,
1265 881 1427 937 quem
1465 880 1695 923 concors
1737 866 1913 923 omnis
1952 880 2084 923 com

496 961 735 1031 gregatio
798 958 901 1016 sibi
945 974 1015 1016 ex
1063 975 1185 1017 sese
1233 959 1490 1033 elegerit,
1539 961 1631 1033 qui
1692 962 1773 1019 eis
1829 960 2085 1033 prodesse

495 1059 552 1111 et
589 1035 839 1123 ‘pmesse
894 1053 1197 1110 secundum
1267 1050 1530 1126 Regulam
1592 1054 1739 1110 beati
1804 1051 2084 1109 Benedicti

491 1144 697 1212 valeat,
748 1145 895 1202 hunc
953 1147 1275 1203 auctoritate
1335 1148 1509 1203 sancti
1573 1145 1808 1220 Spiritus
1864 1156 2084 1203 sancto-

388 1236 401 1245 ’
490 1252 724 1311 rumque
750 1239 1122 1312 apostolorum
1147 1255 1178 1295 a
1206 1239 1482 1297 liminibus
1527 1250 1728 1297 sanctae
1758 1240 1857 1296 Dei
1894 1239 2083 1297 Eccle-

490 1333 620 1400 siae,
662 1340 719 1388 et
760 1348 793 1388 a
839 1333 1225 1390 communione
1273 1335 1517 1406 corporis
1560 1344 1616 1391 et
1654 1333 1937 1406 sanguinis
1980 1333 2089 1389 Do-

492 1426 628 1482 mini
671 1425 845 1482 nostri
887 1426 1015 1483 Jesn
1050 1425 1288 1496 Christi,
1334 1439 1499 1499 atque
1542 1428 1819 1485 consortio
1841 1427 2085 1485 omnium

492 1518 925 1575 Christianorum
972 1519 1336 1576 anathematis
1381 1518 1599 1577 vinculo
1648 1519 1872 1592 ligatum
1922 1532 2084 1590 sepa-

492 1626 678 1668 ramus
706 1628 724 1666 :
752 1619 843 1679 ut,
896 1610 1001 1667 nisi
1050 1612 1158 1668 cito
1201 1614 1525 1686 resipuerit,
1578 1614 1762 1671 omnia
1815 1629 1936 1686 quae
1994 1612 2088 1669 de-

490 1711 845 1774 pmvaverat,
906 1703 1262 1776 corrigendo,
1315 1721 1439 1762 cum
1501 1705 1793 1778 rapacibus
1843 1720 1876 1761 a
1921 1717 2089 1778 regno

491 1796 590 1856 Dei
634 1798 909 1881 exclusus,
938 1808 1199 1872 perpetua
1254 1800 1600 1857 damnatione
1652 1798 1899 1858 feriatur.

1241 1910 1378 1971 XIII.

2182 691 2355 734 sense
2377 679 2765 736 mutationi
2790 677 3043 749 Bagnola,
3070 694 3191 738 una:
3208 680 3537 735 estecclesia
3551 681 3791 737 fundata

2185 769 2239 824 in
2255 770 2459 828 honore
2475 770 2535 827 S.
2560 771 2821 841 Stephani
2850 770 3125 842 martyris.
3152 770 3309 828 Unde
3325 771 3644 828 salubribus
3660 775 3793 845 peti-

2185 865 2419 923 tionibus
2460 869 2655 924 vestris
2691 868 2932 925 inclinati
2970 869 3338 933 decrevimus,
3369 877 3423 924 et
3452 884 3483 922 a
3524 870 3796 939 praesenti

2183 961 2357 1033 prima
2413 962 2710 1019 indictione
2766 960 2924 1034 huius
2971 971 3171 1019 nostra!
3219 961 3525 1033 apostolica:
3580 963 3798 1018 conﬁr-

2186 1052 2440 1108 mationis
2492 1053 2773 1126 privilegio
2827 1056 3183 1120 roboramus,
3238 1063 3293 1109 et
3346 1054 3402 1109 in
3460 1062 3797 1125 pet-petum

2187 1147 2482 1218 apostolica
2529 1148 2854 1205 auctoritate
2882 1149 3267 1205 conﬁrmamus
3313 1147 3367 1202 in
3404 1163 3569 1201 usum
3620 1159 3682 1202 et
3711 1160 3802 1202 so-

2185 1237 2316 1294 latia
2356 1238 2598 1309 ejusdem
2641 1249 2843 1296 sancta:
2888 1239 3077 1310 primae
3121 1237 3364 1294 ecclesia:
3406 1236 3802 1293 Narbonensis

2187 1328 2277 1385 cui
2341 1344 2577 1401 prteesse
2631 1328 2995 1402 dignosceris,
3052 1329 3107 1384 id
3156 1339 3240 1385 est
3295 1343 3485 1384 omnes
3552 1330 3802 1391 domos.

2187 1422 2383 1489 cellas,
2416 1423 2700 1490 coelesias,
2750 1421 2936 1489 villas,
2979 1429 3188 1487 curtes,
3225 1420 3538 1495 parochias,
3582 1431 3803 1487 terras,

2188 1517 2412 1583 vineas,
2464 1525 2648 1587 prata,
2693 1516 2889 1582 silvas,
2935 1531 3149 1574 necnon
3195 1524 3252 1572 et
3297 1516 3668 1572 medietatem
3720 1528 3807 1569 sa-

2186 1608 2423 1665 linarum
2451 1616 2508 1663 et
2548 1607 2770 1675 telonei,
2805 1623 2900 1665 seu
2941 1608 3167 1664 ralicam
3211 1615 3374 1679 atque
3397 1605 3769 1678 naufragium
3788 1645 3806 1672 ,

2189 1700 2581 1758 monasterium
2626 1700 2688 1757 S.
2727 1698 3003 1758 Μαι-αιιῆ
3047 1710 3105 1758 et
3155 1700 3321 1757 cellas
3359 1715 3485 1755 eum
3525 1700 3808 1755 omnibus

2190 1811 2381 1855 eorum
2417 1796 2790 1871 pertinentiis,
2844 1812 2950 1853 una
2994 1812 3120 1854 cum
3158 1793 3364 1853 familia
3403 1810 3609 1852 eorum
3669 1793 3810 1851 utri-

2193 1909 2366 1966 usque
2416 1907 2611 1962 sexus,
2662 1900 2719 1950 et
2775 1892 2957 1949 omuia
3003 1905 3128 1964 qua
3171 1906 3204 1947 a
3254 1890 3356 1962 piis
3399 1888 3659 1947 dominis
3717 1888 3813 1943 im-

491 2019 707 2065 JOANNIS
742 2020 782 2062 Χ
814 2020 1079 2067 ΙΡΙΒΪΟῙΔ
1116 2022 1187 2063 ΑΒ
1223 2023 1520 2063 Αιιιειυεωι
1557 2023 1943 2068 ωΒοΝΕΝω
1983 2024 2082 2068 n-

2199 1986 2539 2060 peratoribus
2572 1995 2627 2042 et
2675 1985 3115 2053 marchionibus,
3164 1984 3284 2040 sive
3336 1981 3457 2037 aliis
3501 1980 3702 2037 Decl-
3744 1981 3810 2035 ti-

1089 2093 1491 2136 CBIEPISCOPUI.

1093 2168 1115 2242 (
1136 2171 1294 2226 Anno
1332 2170 1484 2242 928.)

604 2256 858 2319 Ecclesiae
897 2259 1258 2317 Narbonensis
1296 2264 1645 2333 possessiones
1684 2266 1979 2337 conﬁrmat.

562 2353 729 2430 [GalL
790 2355 1009 2423 Christ.,
1051 2366 1176 2411 tom.
1242 2354 1351 2422 VI,
1412 2356 1694 2428 lustrum,
1737 2378 1858 2433 pag.
1901 2360 2017 2436 16.]

558 2447 793 2506 Joannes
825 2448 1141 2521 episcopus,
1188 2462 1378 2505 servus
1414 2452 1704 2507 ‘servorum
1748 2454 1878 2521 Dei,
1915 2438 2089 2510 ANK;

489 2556 644 2610 nco,
707 2540 1114 2613 archiepiscOpo
1162 2551 1363 2597 sancta:
1419 2541 1517 2598 Dei
1574 2542 1833 2601 Ecclesiae
1882 2544 2089 2602 Narbo-

492 2634 709 2700 nensis,
759 2633 957 2689 dilecto
1012 2632 1125 2690 filio
1176 2641 1230 2687 et
1281 2632 1541 2690 confratri
1592 2646 1803 2692 nostro.
1857 2635 2096 2695 Litteras

492 2728 559 2784 ab
590 2727 943 2782 unanimitate
988 2735 1076 2782 tua
1120 2738 1306 2783 nostro
1345 2727 1580 2785 directas
1620 2730 1941 2800 apostolatui
1971 2748 2098 2803 apo-

488 2821 680 2879 stolica
730 2821 990 2892 patientia
1036 2821 1409 2892 suscepimus,
1445 2830 1500 2877 et
1546 2838 1609 2878 ea
1660 2838 1777 2894 qum
1813 2824 2097 2880 itniotuisti

491 2914 868 2981 admittentes,
938 2913 1309 2970 condoluitnus
1367 2929 1465 2970 vos
1523 2923 1602 2971 tot
1660 2918 1945 2987 pertulisse
2009 2918 2094 2972 in-

492 3005 812 3071 commoda,
858 3006 1118 3076 vobisque
1178 3007 1452 3077 compassi
1499 3024 1720 3070 sumus;
1764 3010 2020 3080 quoniam
2050 3010 2097 3066 si

490 3112 662 3154 unum
709 3097 1012 3151 membrum
1067 3095 1307 3167 patitur,
1353 3099 1532 3152 omnia
1587 3101 1815 3171 conipati
1867 3098 2095 3164 debent,

493 3204 564 3248 eo
620 3188 786 3260 quod,
834 3187 1131 3244 secundum
1170 3190 1485 3259 Apostolum
1530 3196 1584 3243 et
1635 3189 1910 3261 egregium
1964 3205 2100 3259 pras-

492 3280 791 3337 dicatorem
810 3277 1077 3350 gentium,
1102 3277 1406 3350 bujusmodi
1419 3276 1836 3333 sollicitudinem
1854 3280 2098 3333 circum-

491 3372 770 3439 feramus;
821 3372 982 3445 quia,
1034 3379 1096 3426 ut
1148 3370 1445 3443 apostolico
1503 3369 1962 3443 fateamur:quis
2016 3373 2101 3426 in-

491 3464 765 3536 ﬁrmatur,
815 3472 865 3519 et
901 3480 993 3535 ego
1036 3479 1141 3518 non
1186 3462 1466 3532 iit/imor?
1508 3464 1623 3536 quis
1668 3463 2095 3536 scandalizatur,

490 3567 541 3615 et
594 3573 688 3630 ego
734 3573 840 3612 non
885 3555 1056 3612 uror?
1101 3553 1189 3629 (11
1234 3555 1355 3610 Cor.
1397 3572 1460 3624 ll,
1509 3556 1627 3628 29.)
1680 3556 1815 3613 Cum
1864 3572 2099 3629 praeser-

492 3649 592 3705 tim
656 3663 743 3705 me
789 3646 1132 3703 humiliarem
1195 3655 1255 3702 ut
1309 3661 1405 3704 eos
1469 3645 1917 3703 lucrifacerem...
1978 3661 2100 3703 esse

496 3739 745 3793 nolumus
799 3738 869 3793 ab
924 3739 1040 3809 ipso
1102 3739 1329 3794 Domino
1382 3739 1437 3793 in
1495 3739 1717 3809 specula
1772 3740 2095 3809 constituti;

495 3828 587 3898 qui
634 3827 755 3882 vice
800 3827 945 3883 beati
989 3825 1167 3891 Petri,
1221 3828 1585 3898 apostolorum
1629 3829 1923 3900 principis,
1982 3845 2097 3887 cce-

494 3916 646 3972 lestis
692 3916 841 3987 regni
891 3915 1179 3987 clavigeri,
1226 3930 1324 3971 vos
1367 3916 1650 3973 instituere
1704 3918 1939 3974 decrevi.
1992 3919 2096 3990 Igi-

494 4020 586 4066 tur
611 4008 918 4064 reverentia
948 4016 1143 4065 vestrae
1177 4007 1534 4065 fraternitatis
1567 4009 1859 4081 postulavit
1884 4025 1913 4064 a
1942 4011 2100 4066 nobis

493 4113 761 4176 quatenus
791 4112 995 4158 sanctae
1028 4103 1337 4174 apostolicae
1379 4113 1580 4159 nostra
1612 4105 1952 4160 auctoritatis
1981 4105 2094 4174 pri-

496 4199 691 4271 vilegio
718 4198 1045 4255 conﬁrmare
1071 4198 1392 4255 deberemus
1432 4213 1621 4255 omnes
1671 4214 1759 4255 res
1790 4199 2096 4255 immobiles

494 4291 739 4361 ejusdem
783 4300 985 4345 sanctae
1023 4291 1212 4360 prima:
1246 4291 1390 4347 sedis
1421 4290 1661 4347 ecclesiae
1688 4288 2093 4357 Narbonensis,

495 4389 821 4437 constructae
866 4381 921 4435 in
973 4382 1177 4435 honore
1230 4391 1541 4437 sanctorum
1598 4380 1739 4437 Justi
1789 4389 1844 4437 et
1904 4381 2100 4437 Pasto-
2142 4412 2149 4419 ι

497 4473 610 4539 ris,
662 4473 753 4527 ubi
802 4473 996 4528 beatus
1041 4473 1240 4530 Paulus
1290 4474 1570 4530 confessor
1612 4474 1813 4530 Christi
1868 4490 2097 4545 corpore

498 4564 822 4633 requiescit;
878 4565 979 4621 hoc
1025 4574 1108 4620 est
1155 4582 1345 4621 omnes
1398 4567 1619 4633 domos,
1684 4566 1880 4633 cellas,
1921 4568 2097 4625 eccle-

496 4658 605 4713 sias
634 4698 648 4724 ,
705 4656 896 4719 villas,
960 4659 1141 4714 curtes
1168 4698 1182 4722 ,
1231 4658 1518 4728 parochias
1547 4699 1561 4725 ,
1621 4666 1794 4715 terras
1822 4700 1837 4724 ,
1894 4670 2048 4731 prata
2071 4701 2087 4729 ,

498 4748 682 4813 silvas,
735 4762 943 4802 necnon
1000 4755 1058 4802 et
1110 4747 1453 4803 medietatem
1509 4747 1825 4817 salinarum,
1856 4759 1911 4806 et
1960 4751 2093 4807 telo-

498 4842 614 4904 nei,
671 4854 765 4894 seu
807 4836 1030 4892 ralicam
1075 4845 1129 4893 et
1176 4838 1548 4912 naufragium,
1606 4841 1996 4895 monasterium
2029 4841 2086 4898 S.

499 4932 807 4998 Laurentii,
855 4940 912 4988 et
952 4930 1116 4987 cellas
1175 4947 1321 4999 cum
1351 4932 1601 4988 omnibus
1647 4934 1727 4989 eis
1778 4935 2096 5005 pertinenti‘

497 5027 630 5094 bus,
671 5039 777 5080 una
814 5039 938 5080 cum
981 5022 1187 5079 familia
1232 5039 1420 5080 eorum
1474 5025 1754 5096 utriusque
1801 5042 2000 5096 sexus,
2043 5044 2099 5097 et

494 5137 560 5179 ea
608 5136 729 5192 quae
771 5137 802 5177 a
843 5120 949 5193 piis
1000 5120 1233 5177 dominis
1268 5121 1715 5192 imperatoribus,
1769 5125 2099 5183 inarchioni-

496 5213 631 5282 bus,
673 5215 790 5271 sive
833 5214 954 5271 aliis
998 5214 1170 5270 Deum
1220 5214 1536 5271 timentibus
1583 5216 1639 5270 in
1682 5217 1871 5273 eadem
1915 5218 2091 5275 eccle-

496 5309 578 5366 sia
640 5307 990 5365 Narbonense
1056 5308 1248 5365 collata
1306 5317 1435 5366 sunt
1481 5316 1538 5364 et
1588 5311 1923 5380 consistunt,
1976 5322 2088 5370 tam

499 5397 552 5454 In
590 5398 704 5470 ipso
757 5401 1018 5456 comitatu
1059 5398 1437 5469 Narbonense,
1486 5415 1697 5459 necnon
1726 5411 1781 5459 et
1805 5403 2087 5474 Redense,

499 5504 597 5547 seu
620 5498 674 5546 et
698 5489 1036 5549 Minerbense
1057 5501 1220 5564 atque
1242 5493 1578 5562 Ansoneuse,
1604 5509 1814 5552 necnon
1834 5506 1890 5551 et
1908 5495 2088 5554 Biter-

572 5664 873 5738 (567)7ﬂoc
903 5668 1242 5738 rescriptum
1284 5670 1427 5725 notis
1472 5670 1743 5726 chronicis
1772 5671 2087 5728 destitutum

500 5747 627 5813 cst_:
656 5736 749 5793 sed
795 5753 867 5813 es
902 5736 1147 5794 Widou‘is
1186 5740 1383 5797 litteris
1424 5741 1629 5813 colligit
1663 5741 2002 5813 biabillon‘ius
2033 5745 2086 5800 id

501 5809 761 5878 scriptum
794 5807 962 5885 fuisse
989 5820 1130 5885 ante
1152 5826 1353 5885 annum
1401 5807 1629 5885 sextum
1659 5811 1873 5885 Rodulll
1918 5816 2082 5885 regis,

498 5877 1345 5952 scujannoﬂCliristiA928,paulo
1390 5892 1511 5952 post
1547 5884 1753 5938 obitum
1799 5877 2079 5943 Bernonis;

571 5949 722 6016 (“$68)
762 5948 935 6021 Vulgo
966 5947 1142 6017 Gigni,
1173 5947 1227 6006 in
1255 5947 1527 6010 territorio
1550 5953 1914 6026 Lugdunensi.

2098 6060 2145 6075 *τ’

2192 2078 2468 2137 mentibus
2511 2079 2567 2134 in
2614 2077 2802 2134 eadem
2870 2077 3099 2134 ecclesia
3171 2075 3517 2132 Narbonense
3609 2075 3813 2130 collata

2193 2184 2355 2243 sunt,
2381 2175 2469 2232 vel
2498 2173 2871 2247 (conferenda)
2908 2175 3173 2232 collatura
3216 2184 3409 2241 erant,
3436 2182 3554 2230 tam
3587 2172 3659 2231 in
3701 2175 3815 2245 ipso

2194 2272 2458 2330 comitatu
2500 2269 2881 2338 Narbonense,
2909 2270 3075 2327 etiam
3119 2279 3176 2326 et
3218 2268 3503 2336 Redeuse,
3566 2283 3680 2324 seu
3720 2266 3814 2323 Ii—

2194 2367 2496 2434 nerbense,
2547 2373 2709 2438 atque
2754 2364 3111 2431 Ausoneuse,
3162 2378 3371 2420 necnon
3419 2372 3473 2418 et
3518 2360 3790 2418 Bilenen

2196 2477 2287 2525 se,
2332 2461 2460 2517 item
2508 2459 2634 2531 jure
2694 2459 3007 2515 ﬁrmissimo
3060 2474 3095 2514 a
3145 2467 3198 2514 te
3246 2457 3459 2527 tuisque
3504 2469 3807 2515 successo-

2199 2551 2351 2608 ribus
2396 2549 2664 2622 possideri
2729 2549 2977 2607 volumus
3023 2564 3091 2607 ac
3143 2547 3431 2607 dominari.

2922 2666 3063 2722 XIV.

2200 2761 2421 2821 JOANNIS
2457 2777 2492 2816 Χ
2527 2777 2788 2817 Ειηετοιλ
2824 2777 2892 2814 ΑΙ)
2925 2774 3207 2817 κουυιεωι
3241 2772 3414 2811 REGEI
3449 2772 3806 2823 FRANCOBEI,

2330 2849 2582 2891 WIDONEI
2621 2847 3070 2889 ABCBIEI’ISCOPDI
3110 2844 3516 2895 LUGDUNENSEI,
3560 2839 3683 2885 etc.

2806 2924 2990 2987 (Auno
3010 2921 3161 2989 928).

2207 3013 2590 3069 Monasterium
2632 3012 2977 3069 Cluniaceuse
3004 3011 3354 3079 commendat,
3388 3012 3474 3066 cui
3515 3011 3759 3067 donatas
3782 3030 3811 3066 ι

2280 3086 2518 3141 Bcrnone
2558 3086 2742 3139 abbate
2782 3103 2862 3139 res
2898 3085 3197 3139 monasterii
3246 3082 3651 3155 Ciguiacensis,
3688 3101 3810 3155 anas

2278 3159 2436 3215 Wido
2462 3157 2621 3213 abbas
2646 3156 2958 3223 abstulerat,
2993 3156 3191 3211 restitui
3222 3157 3353 3210 ult.

2696 3242 2928 3349 [Βηιὶαν.
2966 3274 3207 3331 Cluniae.
3235 3272 3319 3348 2.]

2274 3391 2508 3449 Joannes
2548 3392 2849 3464 episcopus,
2898 3407 3090 3449 servus
3132 3405 3414 3447 servorum
3453 3388 3583 3455 Dei,
3621 3390 3814 3445 dilecto
3912 3374 3913 3427 ἶ

2204 3483 2315 3540 tilio
2347 3486 2600 3541 Ronumro
2625 3484 2775 3556 (567)
2802 3483 3037 3555 glorioso
3067 3483 3182 3555 regi
3204 3480 3571 3547 Francorum,
3600 3495 3808 3539 necnon

2206 3578 2663 3635 reverendissimo
2685 3586 2742 3632 et
2777 3577 3122 3633 sanctissimo
3161 3573 3425 3632 confratri
3458 3582 3668 3629 nostro
3700 3572 3807 3627 Wi-

2202 3670 2331 3727 doni
2379 3680 2582 3726 sancta:
2631 3669 3009 3741 Lugdunensis
3059 3668 3318 3725 Ecclesiae
3353 3665 3806 3737 archiepiscOpo,

2204 3773 2377 3833 atque
2421 3761 2892 3818 reverendissimis
2928 3762 3199 3833 episcopis
3220 3762 3440 3818 εει-Ατεο
3460 3769 3515 3816 et
3539 3758 3809 3825 Bassam,

2204 3852 2494 3908 comitibus
2522 3851 2728 3907 HUGONI
2757 3860 2814 3907 et
2848 3850 3211 3908 GISLEBERTO.

2272 3944 2531 3999 Auditum
2567 3944 2775 3999 nostris
2819 3943 3133 4015 apostolicis
3172 3942 3400 3999 auribus
3448 3944 3603 4013 quod
3630 3944 3805 4000 Guido

2204 4036 2376 4094 abbas
2400 4051 2499 4107 per
2536 4035 2847 4092 violentiam
2877 4035 3101 4091 abstulit
3139 4051 3171 4088 a
3212 4034 3475 4089 Cluniaeo
3514 4036 3624 4090 hoc
3662 4035 3805 4105 Quod

2201 4127 2383 4184 Berno
2405 4128 2575 4184 abbas
2604 4129 2671 4184 de
2699 4135 2969 4198 potestate
3008 4126 3157 4197 (568)
3185 4125 3566 4197 Giguiacensis
3615 4143 3806 4180 intom-

2203 4222 2354 4279 sterii
2400 4222 2499 4279 sub
2548 4236 2713 4277 censu
2764 4221 3052 4276 tenendum
3096 4221 3386 4291 legaverat.
3462 4222 3807 4291 Quapropter

2201 4326 2486 4373 metuemus
2515 4311 2861 4371 dilectionem
2900 4318 3137 4366 vestram
3166 4320 3437 4381 quatenus
3480 4327 3572 4366 res
3616 4325 3805 4366 om

2200 4402 2324 4459 illas
2367 4402 2744 4460 Cluuiensibus
2783 4402 3103 4459 restituatis.
3140 4402 3279 4469 Quia
3329 4417 3463 4458 vero
3508 4403 3800 4473 pnudiclus

2201 4494 2365 4553 Wido
2393 4496 2746 4568 conqueritur
2790 4498 2935 4567 quod
2985 4495 3163 4553 Berno
3192 4497 3368 4552 abbas
3411 4496 3519 4552 hoc
3560 4495 3802 4565 legaliter

2199 4603 2310 4646 non
2340 4589 2494 4661 fecit,
2522 4605 2621 4660 pro
2652 4606 2720 4648 eo
2744 4590 2893 4661 quod
2920 4600 3212 4649 terminum
3241 4588 3502 4661 temporis
3523 4606 3591 4645 ac
3619 4604 3799 4661 peno-

2198 4699 2396 4739 narum
2443 4685 2500 4741 in
2547 4685 2639 4744 illo
2686 4682 2787 4759 suo
2828 4694 3288 4747 testamentum
3335 4684 3551 4755 posuit;
3601 4700 3703 4741 nos
3738 4684 3800 4739 ad

2199 4792 2431 4849 quorum
2463 4778 2876 4849 dispositionem
2907 4789 3138 4850 utraque
3170 4778 3289 4834 loca
3326 4777 3633 4848 pertinent,
3653 4776 3799 4846 jube-

2203 4885 2326 4925 mus
2354 4868 2501 4941 (509)
2526 4881 2579 4927 et
2603 4873 2993 4935 constituimus
3021 4881 3103 4940 ut,
3124 4872 3363 4945 quandiu
3385 4888 3450 4929 ex
3481 4870 3595 4932 illis
3626 4887 3797 4930 um

2204 4964 2347 5029 cbis,
2389 4966 2483 5037 qui
2537 4966 2592 5022 iu
2639 4962 2907 5033 Ginttiaco
2954 4967 3348 5039 professionem
3394 4969 3673 5033 fecerunt,
3716 4974 3795 5023 aut

2206 5056 2375 5112 oblati
2399 5066 2526 5115 sunt
2548 5061 2691 5133 apud
2714 5060 3055 5128 Cluniacum,
3076 5062 3273 5132 aliquis
3295 5060 3516 5125 vixerit.
3544 5078 3645 5119 res
3664 5062 3793 5133 ipsis

2208 5150 2460 5208 monachi
2489 5150 2813 5225 Cluuieuses
2840 5161 3065 5211 teneant
3091 5155 3197 5212 sub
3231 5162 3417 5211 nostra
3443 5152 3686 5221 ditioue,
3706 5149 3794 5207 nisi

2204 5243 2347 5303 forte
2390 5244 2497 5319 ipsi
2520 5248 2779 5315 monachi
2813 5263 2911 5305 sua
2938 5256 3131 5319 sponte
3164 5263 3255 5305 res
3288 5248 3438 5319 ipsas
3472 5247 3788 5306 dimiserint-

2201 5339 2473 5398 Catterum
2501 5343 2681 5421 vobis;
2708 5358 2745 5402 o
2778 5342 2857 5399 ﬁli
2892 5340 3144 5409 Rodult‘e,
3168 5351 3226 5399 et
3256 5342 3511 5400 ﬁdelibus
3538 5344 3674 5410 tuis,
3711 5338 3792 5408 qui

2202 5434 2535 5492 monasterio
2570 5435 2861 5495 (immensi
2896 5436 3155 5507 prodesse
3178 5434 3400 5492 valeant
3425 5434 3711 5498 attentius,
3739 5438 3790 5484 et

2198 5525 2535 5585 abbatemet
2572 5528 3050 5601 congregationem
3094 5533 3293 5584 vestra
3330 5523 3617 5583 dilectioni
3654 5535 3787 5580 ostn-

2204 5754 2215 5764 .
2273 5681 2420 5767 (569)
2460 5680 2596 5767 Huic
2646 5678 3104 5767 temperamento
3131 5683 3289 5767 Wid_o
3335 5682 3621 5767 acquievit
3659 5681 3787 5767 Mite

2200 5751 2579 5827 instrumento,
2610 5751 2771 5825 cujus
2794 5765 2883 5811 est
2918 5757 3031 5812 haec
3055 5756 3297 5811 clausula
3334 5771 3355 5827 ς
3386 5751 3502 5823 Ego
3524 5752 3784 5827 Romanis

2170 5823 2451 5908 deterges.
2489 5823 2703 5908 rogatus
2747 5828 2938 5908 scripsi
2975 5837 3027 5881 et
3070 5824 3377 5898 subscripsi,
3427 5823 3782 5908 atquenitott‘e’i

2345 5892 2470 5949 Kal.

2198 5910 2276 5947 XII

2197 5979 2335 6032 rege.

2574 5888 2867 5965 ‘ebruan’i,
2926 5913 3064 5954 anno
3122 5916 3198 5969 vi,
3249 5888 3508 5969 regnanti
3568 5888 3780 5957 Πυάκλίο

3416 6089 3471 6097 -ν
3512 6090 3523 6093 -

3892 5488 3893 5583 ψ
