3916 6434
1159 555 1532 568 m

3409 515 3418 524 '
3455 515 3471 532 ρ

259 551 1654 568 ‘Wm—

1779 585 1894 634 1.,
1991 542 2120 634 75!!
2225 593 2234 604 .
2331 581 2338 588 '
2369 575 2462 602 -'-'..'.
2493 601 2512 626 Ι
2553 521 2744 620 figite;
2783 545 2790 582 ί
2832 545 2894 604 ait

725 390 1066 448 lIUCBALDl
1103 392 1254 448 OPP.
1291 391 1468 448 PARS
1509 393 1550 447 l.
1581 423 1648 434 —
1689 391 2012 450 HAGIOGR.
2049 423 2120 434 -—-
2157 393 2442 450 HYMNUS
2479 393 2565 448 DE
2606 394 2662 450 S.
2707 391 2952 448 TIIICOD.

923 601 1890 848 gneneus?
1921 595 2776 814 monachi

3367 397 3469 450 8’26

199 945 856 1076 OPERUM
917 864 1318 1071 rans
1377 937 1918 1068 PRIMA.
1983 993 2042 1020 -
2118 941 3466 1076 HAGIOGRAPHICA.

737 1303 1320 1427 EPISTOLA
1388 1333 1539 1424 DE
1612 1333 2060 1428 SANCTO
2131 1331 2950 1428 THEODERICO.

1131 1529 1310 1602 (Apud
1337 1527 1560 1600 Mabill.,
1589 1527 1785 1586 Annal.
1809 1527 2038 1596 Bened.,
2061 1537 2192 1588 tom.
2221 1529 2311 1601 Ill,
2331 1547 2388 1605 p.
2415 1530 2564 1604 691.)

285 1879 506 1936 Dilectis
531 1879 586 1934 in
629 1877 848 1938 Christo
895 1877 1144 1950 patribus
1185 1885 1241 1934 et
1269 1877 1528 1933 fratribus
1569 1891 1800 1948 congre—
1825 1858 1878 1919 Α
1905 1877 2065 1948 hujus
2097 1878 2150 1932 in
2187 1891 2275 1933 me
2297 1877 2726 1935 benevolentiam
2757 1880 2986 1951 exempli
3015 1895 3112 1938 vos
3143 1894 3240 1950 per
3275 1895 3488 1938 succes-

205 1971 449 2044 gationis
499 1965 628 2024 almi
677 1969 1008 2026 confessoris
1052 1967 1254 2026 Christi
1293 1969 1613 2026 Theoderici
1659 1969 1802 2026 Huc-

205 2062 406 2118 baldus
433 2059 676 2128 humilis,
703 2060 832 2117 licet
861 2061 1114 2134 indignus
1137 2060 1312 2118 officio
1347 2061 1598 2118 sacerdos
1615 2103 1630 2130 ,
1651 2062 1804 2118 habi-

213 2164 276 2209 tu
311 2155 630 2220 monachus,
653 2169 868 2210 omnem
891 2154 1064 2210 felicis
1089 2156 1212 2210 vitae
1227 2153 1639 2223 jocunditatem.

287 2247 382 2302 Pia
413 2257 594 2303 vestra
623 2247 812 2316 religio
843 2255 1005 2316 atque
1027 2247 1404 2302 ardentissima
1453 2247 1506 2302 in
1551 2247 1722 2302 Deum
1749 2255 1806 2302 et

213 2348 464 2396 sanctum
493 2339 610 2408 ejus
641 2339 1038 2396 Theodericum
1067 2340 1302 2406 devotio,
1341 2341 1612 2410 studiique
1641 2340 1804 2396 simul

211 2431 344 2486 boni
365 2431 594 2486 intentio
624 2439 866 2486 nostram
896 2432 1030 2486 adiit
1051 2431 1481 2488 mediocritatem
1499 2473 1515 2498 ,
1547 2441 1802 2502 expostu—

215 2524 336 2578 lans
357 2531 436 2588 ut,
471 2523 540 2578 ad
567 2531 876 2578 nostrorum
915 2523 1274 2580 imitationem
1313 2525 1580 2594 majorum
1623 2526 1714 2596 qui
1751 2526 1806 2580 in

213 2615 432 2674 laudem
455 2615 556 2673 Dei
591 2626 646 2672 et
673 2625 984 2674 sanctorum
1011 2617 1128 2688 ejus
1167 2625 1352 2674 mente
1401 2618 1808 2688 promptissima

219 2707 444 2780 singulis
477 2715 599 2780 apta
632 2708 968 2778 temporibus
1003 2723 1206 2764 canora
1229 2723 1583 2779 composuere
1621 2710 1810 2766 modu-

219 2801 444 2868 lamtna,
473 2815 574 2856 nos
598 2815 814 2870 quoque
841 2800 992 2856 vobis
1031 2801 1372 2857 nocturnalia
1419 2803 1484 2858 de
1538 2816 1809 2858 memora—

221 2891 422 2946 bilibus
447 2889 657 2959 praefati
685 2889 908 2944 cultoris
937 2889 1032 2944 Dei
1062 2901 1118 2944 et
1162 2890 1412 2960 specialis
1465 2891 1676 2960 patroni
1721 2904 1810 2944 ve-

223 2981 322 3036 stri
381 2980 564 3035 domui
613 2979 932 3036 Theoderici
985 2981 1156 3050 gestis
1205 2981 1490 3036 cantilena
1541 2981 1806 3049 melodiis,

223 3077 505 3132 dulcorata
535 3091 660 3132 cum
693 3077 1002 3147 autiphonis
1029 3087 1410 3148 coaptaremus
1445 3078 1807 3146 responsoria,

223 3169 280 3222 in
316 3166 432 3236 ejus
459 3183 612 3224 sacra
665 3167 958 3223 festivitate
1015 3169 1275 3234 cauenda,
1323 3167 1466 3238 quod
1514 3182 1812 3240 exsequen-

225 3263 354 3318 dum
387 3270 536 3316 tanta
565 3269 752 3316 noster
777 3275 1064 3333 aggressus
1110 3268 1196 3316 est
1241 3263 1454 3316 animus
1498 3261 1808 3326 alacritate,

223 3361 430 3424 quanta
459 3361 638 3410 vestra
667 3353 720 3408 id
751 3353 866 3409 ﬁeri
893 3354 1150 3424 poscebat
1177 3356 1414 3410 devotio.
1449 3355 1514 3409 Et
1545 3371 1692 3420 ecce,
1739 3356 1814 3412 di-

225 3431 352 3498 vina
379 3443 592 3500 favente
617 3445 812 3515 gratia,
845 3445 988 3514 quod
1016 3455 1196 3501 vestra
1243 3447 1510 3517 suggessit
1549 3449 1814 3515 Charitas,

225 3543 428 3591 nostrae
453 3535 736 3606 parvitatis
764 3537 1082 3592 obedienter
1107 3539 1348 3609 explevit
1375 3540 1671 3595 humilitas.
1704 3539 1818 3596 Sed

225 3629 380 3698 quia,
419 3637 712 3686 attestante
739 3645 870 3686 voce
900 3631 1234 3702 evangelica,
1285 3633 1474 3704 dignus
1521 3643 1596 3688 est
1633 3649 1818 3704 opera-

225 3725 344 3778 rius
374 3725 604 3780 mercede
625 3741 724 3780 sua
749 3724 899 3796 (Luc.
930 3725 1051 3795 vn);
1079 3741 1166 3780 me
1195 3727 1478 3783 humiliter
1508 3733 1814 3798 expetente,

225 3826 286 3874 et
341 3828 518 3873 vestra
571 3819 814 3874 bonitate
863 3817 1239 3875 favorabiliter
1275 3829 1548 3877 annuente
1571 3862 1584 3887 ,
1619 3821 1672 3876 in
1701 3819 1818 3892 ejus

221 3909 540 3982 parvissimi
591 3910 1091 3980 recompensatione
1138 3911 1398 3966 servitioli
1453 3911 1820 3982 spopondistis

223 3999 364 4056 mihi
401 4015 524 4056 cum
573 4009 769 4056 vestrae
811 4002 1170 4071 promissione
1211 4002 1336 4058 ﬁdei
1387 4011 1604 4058 acturos
1633 4019 1728 4058 vos
1763 4003 1818 4056 in

225 4091 406 4148 sacris
456 4093 793 4148 orationibus
829 4095 1024 4148 vestris
1067 4095 1388 4150 memoriam
1437 4097 1543 4152 mei
1595 4095 1820 4168 singulis

229 4184 394 4264 annis
413 4183 626 4254 expleto
655 4184 758 4240 hoc
787 4185 904 4256 ipso
925 4185 1106 4240 officio
1155 4185 1458 4242 nocturnali
1491 4203 1504 4240 :
1559 4201 1658 4240 nec
1707 4195 1822 4240 tan-

233 4289 352 4334 tum
400 4279 604 4334 dumin
667 4279 769 4334 hoc
831 4295 992 4334 cursu
1043 4278 1295 4335 instantis
1349 4279 1448 4334 aevi
1500 4278 1686 4334 videor
1714 4279 1820 4334 frui

233 4371 354 4426 sole
383 4372 624 4439 volubili,
650 4373 744 4428 sed
773 4374 944 4429 multo
975 4375 1148 4446 magis
1189 4389 1312 4430 cum
1353 4374 1466 4428 Deo
1501 4373 1820 4444 disponente

235 4465 532 4536 contigerit
579 4467 836 4537 praesenti
883 4483 970 4523 me
1021 4467 1130 4522 vita
1155 4465 1407 4538 defungi;
1450 4475 1506 4521 et
1539 4465 1820 4521 addidistis

1839 3231 1886 3290 B

1903 1973 2086 2026 siones
2133 1979 2468 2040 temporum,
2513 1971 2677 2026 veluti
2730 1986 2826 2041 pro
2879 1973 3036 2026 bona:
3083 1972 3490 2028 consuetudinis

1903 2063 2022 2134 lege
2049 2061 2338 2117 relicturos
2373 2071 2716 2132 posterorum
2767 2061 3062 2118 dilectioni.
3109 2061 3490 2117 Promissionis

1905 2169 2034 2225 ergo
2067 2153 2210 2208 inter
2247 2167 2347 2208 nos
2409 2153 2566 2208 istius
2611 2153 2847 2208 firmitas
2881 2153 3201 2208 intemerata
3257 2153 3328 2208 sit
3367 2151 3490 2208 fidei

1907 2255 2102 2302 vestra:
2131 2245 2332 2302 veritas
2361 2260 2545 2300 coram
2575 2245 2682 2301 Deo
2706 2261 2919 2317 semper
2971 2257 3178 2316 aperta,
3236 2247 3330 2317 qui
3368 2261 3490 2302 eum

1905 2337 2172 2408 promittit
2223 2336 2594 2392 habitaturum
2653 2337 2706 2392 in
2759 2337 3109 2392 tabernaculo
3163 2353 3286 2398 suo.
3319 2345 3376 2392 et
3408 2353 3493 2392 re-

1907 2428 2091 2499 quiem
2118 2427 2432 2483 habiturum
2463 2427 2518 2482 in
2543 2435 2730 2482 monte
2759 2436 2946 2484 saneto
2972 2443 3090 2494 suo,
3119 2427 3212 2496 qui
3251 2427 3494 2498 loquitur

1907 2525 2194 2580 veritatem
2229 2523 2284 2578 in
2321 2523 2483 2580 corde
2509 2537 2628 2588 suo,
2660 2533 2716 2578 et
2755 2524 2847 2594 qui
2899 2539 3004 2580 non
3053 2524 3166 2595 egit
3207 2523 3388 2580 dolum
3437 2524 3491 2580 in

1907 2617 2089 2689 lingua
2118 2631 2237 2673 sua.
2265 2617 2332 2672 Et
2357 2632 2425 2673 ne
2451 2617 2604 2673 vobis
2625 2617 2813 2672 videar
2840 2632 2936 2688 pro
2977 2617 3158 2688 parvis
3196 2629 3494 2688 exposcere

1910 2727 2128 2783 magna,
2161 2711 2300 2768 sciat
2336 2709 2556 2768 dilectio
2579 2719 2760 2768 vestra
2789 2726 2848 2766 se
2889 2711 3030 2782 apud
3057 2710 3208 2765 illum
3249 2717 3494 2780 receptu-

1911 2819 2030 2858 rum
2057 2804 2312 2872 impensa:
2341 2805 2394 2858 in
2419 2819 2506 2858 me
2527 2804 2812 2859 charitatis
2833 2803 3076 2874 praemia,
3125 2803 3216 2872 qui
3259 2817 3358 2874 pro
3391 2803 3496 2858 mi-

1911 2897 2073 2952 nimis
2102 2895 2331 2952 lideliter
2355 2897 2490 2952 actis
2517 2895 2654 2951 solet
2701 2895 2996 2966 rependere
3025 2895 3280 2950 maxima.
3329 2893 3496 2964 Igitur

1911 2987 2154 3059 gratifica
2175 2997 2370 3043 vestrae
2399 2987 2698 3042 dulcedinis
2737 2987 3024 3056 sponsione
3053 2995 3108 3042 et
3124 2984 3370 3054 jussioue
3400 2999 3494 3042 ac-

1911 3087 2174 3149 cepta,ut
2221 3078 2274 3133 in
2319 3078 2421 3134 hoc
2471 3091 2842 3148 perseverans,
2873 3077 2982 3132 Deo
3032 3077 3348 3142 miserante,
3378 3091 3494 3130 ma-

1915 3181 2042 3227 neat
2071 3173 2210 3242 apud
2238 3187 2336 3226 vos
2365 3171 2534 3224 nostri
2571 3169 2831 3226 memoria
2862 3169 2978 3226 haec
3014 3169 3270 3238 praedicta
3290 3208 3306 3234 ,
3357 3167 3498 3223 sicut

1914 3277 1968 3324 et
1996 3283 2115 3338 quae
2141 3275 2437 3338 sequuntur
2473 3264 2706 3337 capitula
2739 3265 2794 3319 in
2831 3265 2930 3319 hac
2961 3265 3214 3319 adnotata
3257 3273 3382 3318 sunt
3404 3277 3496 3331 pa-

1915 3358 2060 3429 gina,
2087 3372 2188 3427 pro
2209 3357 2332 3411 vivo
2359 3353 2628 3426 psalmum
2655 3353 2734 3409 De
2757 3355 3032 3426 profundis
3057 3395 3070 3416 ,
3113 3351 3276 3406 Pater
3301 3361 3496 3414 noster,

1915 3449 2182 3519 Capitula,
2214 3445 2432 3504 Salvum
2463 3448 2548 3516 fac
2577 3455 2980 3512 servumtuum;
3031 3444 3360 3509 Convertere,
3389 3443 3498 3496 Do-

1915 3543 2072 3607 mine,
2089 3557 2388 3612 usquequo;
2411 3538 2562 3593 Mitte
2585 3539 2655 3604 ei,
2673 3537 2909 3604 Domine,
2933 3537 3189 3591 auxilium
3211 3536 3276 3590 de
3295 3544 3500 3600 sancto;

1919 3633 2070 3688 Nihil
2097 3633 2338 3702 proﬁciat
2363 3631 2605 3686 inimicus
2635 3631 2688 3684 in
2707 3645 2800 3694 eo;
2827 3627 2955 3682 Esto
2979 3629 3050 3692 ei,
3075 3627 3318 3692 Domine,
3336 3626 3498 3679 turris

1917 3723 2276 3794 fortitudinis;
2301 3721 2542 3786 Domine,
2569 3719 2762 3774 exarati
2791 3719 3077 3772 orationem
3123 3733 3310 3772 meam.
3357 3715 3498 3770 Deus

1916 3815 2008 3885 qui
2025 3815 2292 3886 justiﬁcas
2319 3813 2556 3882 impium,
2585 3821 2632 3866 et
2663 3827 2766 3864 non
2811 3811 2884 3865 vis
2933 3819 3150 3864 mortem
3197 3807 3499 3878 peccatoris.

1989 3905 2094 3960 Pro
2141 3903 2411 3970 defuncto,
2461 3902 2728 3973 psalmum
2759 3901 2837 3956 De
2873 3899 3170 3972 profundis.
3217 3899 3380 3954 Pater
3405 3915 3503 3952 no-

1919 4008 2042 4054 ster.
2080 3997 2330 4068 Requiem
2354 4005 2602 4050 (sternam
2633 3995 2774 4048 dona
2798 3993 2868 4058 ei,
2899 3991 3140 4046 Domine.
3189 3987 3272 4044 Ne
3323 3989 3504 4042 tradas

1922 4091 2100 4146 bestiis
2123 4091 2356 4144 animum
2383 4089 2713 4158 conﬁtentem
2737 4087 2848 4141 tibi.
2880 4087 3070 4140 Anima
3105 4085 3218 4148 ejus
3257 4085 3312 4136 in
3359 4083 3504 4138 bonis

1921 4187 2235 4240 demoretur.
2262 4183 2300 4235 Α
2326 4193 2477 4252 porta
2506 4181 2681 4252 inferi.
2735 4181 2919 4234 Annue
2948 4180 3126 4246 nobis,
3159 4178 3396 4242 Domine,
3447 4188 3504 4232 ut

1923 4275 2104 4328 anima
2129 4273 2317 4344 famuli
2343 4273 2418 4327 tui
2441 4271 2708 4327 Hucbaldi
2737 4271 3094 4326 remissionem
3121 4285 3276 4340 quam
3304 4281 3506 4338 semper

1923 4369 2136 4440 optarit,
2189 4377 2452 4425 mereatur
2496 4369 2760 4439 percipere
2803 4375 3156 4438 peccatorum.
3184 4365 3292 4421 Per
3315 4364 3502 4420 Domi-

1923 4479 2065 4529 num,
2093 4471 2194 4519 etc.

795 4799 1302 4892 HYMNUS
1375 4801 1521 4890 DE
1597 4801 2044 4896 SANCTO
2118 4799 2901 4894 THEODERICO

1727 5025 2038 5041 ἡ

591 5176 806 5235 Festiva
833 5175 1049 5232 Christo
1081 5177 1294 5234 cantica

521 5267 676 5324 Nunc
707 5277 883 5324 turma
916 5269 1142 5322 fratrum
1168 5269 1443 5334 conciliat,

523 5360 626 5429 Qui
655 5375 869 5430 semper
894 5361 948 5415 in
977 5360 1178 5415 sanctis
1205 5358 1316 5414 suis

521 5455 798 5511 Mirandus
831 5463 888 5509 et
919 5452 1206 5508 laudabilis

595 5547 986 5604 Theodericum
1017 5557 1214 5612 terrea,

519 5639 590 5696 Et
609 5639 792 5696 carnis
815 5639 1196 5704 oblectamina,

525 5731 628 5800 Qui
657 5731 818 5788 corde
843 5729 973 5786 fecit
1001 5745 1260 5802 spernere

541 5822 599 5876 lu
629 5837 794 5894 seque
825 5831 1057 5880 mentem
1085 5822 1268 5895 ﬁgere.

2281 5177 2328 5231 ls
2349 5191 2478 5247 ergo
2503 5189 2765 5246 spernens
2793 5173 3074 5244 smculumf,

2212 5268 2536 5337 Christoque
2567 5279 2818 5334 sponsam
2851 5263 3153 5329 conferens,

2210 5359 2456 5414 Ctelestis
2475 5357 2610 5411 aulae
2633 5354 2890 5426 prievium

2215 5448 2328 5504 Sibi
2357 5448 2496 5520 petit
2525 5445 2847 5517 Remigium.

2189 5533 2200 5542 ’
2284 5541 2330 5594 Α
2353 5555 2459 5609 quo
2487 5537 2684 5593 celebri
2713 5537 2962 5608 dogmate

2217 5634 2348 5688 Cum
2383 5636 2572 5688 doctus
2607 5639 2754 5685 esset
2787 5629 3010 5700 optime,

2213 5725 2379 5778 Datur
2415 5733 2569 5794 pater
2595 5721 2860 5786 coenobio,

2215 5817 2422 5874 Fundat
2449 5817 2554 5887 poli
2583 5817 2724 5887 quod
2755 5817 2965 5874 nuntio.

3607 545 3644 608 εἷ·
3675 561 3698 594 -μ
3723 585 3756 604 ,η
3785 581 3788 588 .
