3878 5788
95 332 195 388 829

1261 319 1420 377 VITA
1461 318 1754 376 SANCTAZ
1793 319 2180 378 RICTRUDIS.

3235 333 3342 394 830

95 447 156 502 It.
189 445 340 516 Hugo
373 445 626 510 abbates;
661 457 728 516 ea
771 439 990 516 feminis
1029 437 1086 516 ξε
1121 435 1670 516 Rictrndis,_ejusque
1697 439 1752 502 Α
1777 447 1898 516 mus
1925 432 1984 488 S.
2015 433 2354 516 bianrontum
2383 443 2439 516 e_t
2481 433 2890 516 SrEusebiam,
2927 435 3024 507 qm
3053 433 3204 492 eoin
3229 427 3354 484 loco

95 519 202 576 ﬁlia
233 505 304 572 ac
331 523 456 586 post
481 505 904 570 eam'abbatissa
937 511 995 566 S.
1025 507 1355 574 Clotscndis,
1383 513 1444 562 ut
1476 505 1672 560 mitta-

1779 503 2093 576 aliquandiu
2117 507 2420 562 conversati
2449 515 2594 562 sunt.

1081 775 1752 872 PROLOGUS.
1783 775 2369 870 AUCTORIS

869 949 980 1010 AD
1021 947 1510 1010 STEPHANUM
1552 944 2065 1008 LEODIENSEM
2109 947 2576 1012 EPISCOPUM.

157 1215 216 1272 ln
257 1214 457 1272 Christi
503 1211 872 1268 membrorum
901 1219 1164 1278 compage
1203 1205 1346 1262 sicut
1389 1202 1670 1260 excellen-
1715 1235 1720 1238 -

90 1311 232 1376 tiori,
271 1310 352 1366 sic
393 1307 588 1364 merito
611 1300 998 1360 honorabiliori
1025 1299 1244 1355 domino
1267 1295 1487 1368 pressuli
1535 1295 1676 1352 Sve-

89 1416 262 1458 pntuo
291 1399 586 1454 secundum
623 1409 820 1448 nomen
845 1405 1002 1448 suum
1029 1387 1338 1460 apostolicic
1355 1387 1676 1442 reverentiae

88 1495 244 1566 signo
259 1492 326 1544 ab
352 1489 664 1544 hominibus
687 1485 905 1556 quidem
931 1491 1212 1548 coronato,
1239 1481 1336 1536 sed
1365 1480 1582 1534 demum
1605 1479 1676 1534 ob

89 1585 406 1640 meritorum
445 1579 676 1650 insignia
707 1593 830 1632 cum
879 1575 960 1631 eis
987 1589 1220 1645 quorum
1253 1573 1400 1626 vices
1419 1570 1668 1640 exsequb

89 1689 178 1733 tur
219 1693 250 1730 a
297 1677 406 1730 Deo
443 1669 776 1736 coronando,
809 1668 1130 1724 [Incuruas
1169 1666 1414 1722 omnium
1445 1665 1676 1734 exiguus

89 1769 434 1826 sacerdotum
475 1780 540 1820 ac
578 1763 970 1820 monachorum
999 1759 1268 1830 ejusdem,
1303 1757 1675 1814 immarccsci-

87 1863 214 1916 bilis
258 1858 646 1928 vernantisque
675 1853 900 1910 floribus
949 1853 1217 1908 virtutum
1265 1857 1418 1922 optat
1459 1861 1678 1904 coronae

87 1951 365 2024 gaudium.

167 2044 394 2100 Clericis
439 2051 498 2098 et
541 2036 1044 2098 sanctimonialibus
1095 2034 1528 2108 congregationis
1581 2031 1678 2088 Dei

91 2140 308 2195 dilecta:
339 2131 552 2191 famula:
589 2135 759 2190 beata:
795 2132 1070 2186 Rictrudis
1099 2133 1366 2200 rogitatus
1405 2143 1680 2198 apponere

95 2247 294 2286 novum
327 2231 394 2284 ad
429 2227 880 2284 conscribendum
917 2233 1068 2295 gesta
1119 2224 1288 2292 ipsius
1317 2229 1680 2289 natorumque

91 2325 212 2394 ejus
235 2323 528 2384 calamum,
551 2319 646 2372 diu
671 2315 1008 2385 multumque
1035 2313 1250 2370 renisus
1277 2329 1419 2376 sum,
1442 2311 1528 2366 vel
1549 2311 1680 2380 quia

89 2430 270 2470 meam
303 2409 834 2483 quantulamcunque
855 2405 1194 2461 scientiolam
1227 2412 1388 2460 tante
1415 2403 1682 2470 imparem

93 2508 338 2562 materia:
375 2517 656 2566 noveram,
683 2500 770 2554 vel
805 2499 934 2569 quia
957 2507 1110 2552 tanto
1133 2507 1410 2552 transacto
1441 2505 1684 2566 tempore

95 2601 244 2657 nulla
293 2605 458 2653 certa:
497 2593 776 2650 relationis
813 2592 880 2646 de
927 2591 1012 2645 bis
1053 2589 1256 2658 scripta
1305 2588 1543 2644 videram
1593 2585 1684 2642 vel

96 2695 402 2754 audieram,
437 2688 642 2742 veritus
663 2699 729 2739 ne
759 2684 896 2740 forte
927 2683 1088 2738 dubia
1109 2698 1208 2752 pro
1243 2680 1408 2736 certis
1431 2679 1516 2734 vel
1547 2679 1682 2734 falsa

97 2799 200 2854 pro
243 2781 389 2836 veris
421 2791 748 2834 assererem.
781 2775 1026 2844 Cumque
1071 2773 1324 2828 renitenti
1369 2771 1502 2826 mihi
1539 2785 1682 2839 quae

97 2877 226 2930 dam
253 2873 608 2928 historiarum
637 2867 970 2938 exemplaria
1018 2868 1132 2922 suis
1165 2865 1520 2922 ostenderent
1553 2879 1682 2920 con-

95 2966 378 3020 cordantia
407 2964 585 3028 dictis,
607 2963 676 3018 de
697 2969 897 3018 emtero
919 2961 1024 3014 illis
1043 2975 1274 3030 quorum
1313 2977 1420 3014 non
1439 2967 1682 3014 contem-

91 3057 290 3112 nendae
331 3055 657 3110 videbantur
685 3067 930 3124 personae
965 3052 1098 3108 mihi
1133 3051 1291 3106 Iidem
1335 3050 1676 3110 facientibus,

93 3149 244 3220 quod
273 3149 388 3203 huic
413 3163 534 3216 qua:
565 3145 896 3210 referebant,
925 3145 1115 3200 eadem
1155 3141 1285 3196 olim
1313 3141 1508 3196 tradita
1539 3139 1683 3194 litte-

93 3244 172 3298 ris
209 3241 450 3306 fuerunt,
499 3239 592 3294 sed
623 3238 979 3294 insectatione
1007 3233 1410 3290 Nortmannieze
1445 3235 1682 3304 depopu-

91 3335 322 3390 lationis
347 3333 736 3402 deperierant;
775 3339 1056 3400 postremo
1089 3326 1374 3395 adjuratus
1399 3325 1680 3380 tremendo

93 3427 307 3482 Divina:
361 3424 662 3494 maiestatis
705 3423 928 3478 nomine
951 3420 1170 3476 tandem
1217 3417 1464 3488 acquievi
1493 3434 1510 3472 :
1539 3425 1597 3472 et
1633 3415 1682 3470 si

91 3534 202 3574 non
231 3529 289 3572 ut
329 3515 511 3580 debui,
557 3515 730 3570 institi
773 3523 952 3568 tamen
989 3521 1051 3582 ut
1091 3511 1266 3579 potui,
1297 3523 1404 3564 non
1445 3507 1682 3578 phaleris

89 3609 376 3671 deservire
415 3607 728 3670 verborum,
759 3606 856 3660 sed
897 3603 1242 3658 :edifieationi
1285 3601 1572 3656 consulere
1607 3599 1684 3652 le-

87 3702 336 3772 gentium
361 3699 588 3768 cupiens
613 3697 699 3754 vel
721 3695 1080 3752 audientium.
1105 3693 1390 3763 Eaplicato
1415 3707 1546 3748 vero
1566 3689 1680 3759 jam

87 3793 360 3862 opusculo
411 3805 536 3846 cum
591 3789 658 3844 ad
706 3788 1066 3852 recitandum,
1125 3785 1210 3842 vel
1255 3785 1438 3856 potius
1487 3792 1682 3840 vestra:

85 3885 516 3939 cxmninandum
571 3881 902 3938 excellentia:
951 3881 1297 3946 traderetur,
1367 3880 1544 3934 visum
1597 3889 1682 3934 est

85 3979 396 4049 prudcntire
451 3985 644 4032 vestrm
695 3991 758 4030 ex
815 3975 884 4030 iis
937 3991 1056 4043 qua:
1107 3975 1176 4028 ad
1227 3974 1682 4028 corroborandam

81 4071 520 4140 uniuscujusque
551 4070 672 4124 libri
707 4069 1086 4123 auctoritatem
1117 4067 1298 4122 solent
1325 4081 1356 4120 a
1392 4065 1678 4120 scholasti-

83 4171 174 4223 cis
205 4167 425 4236 requiri,
453 4167 696 4236 qua-dam
727 4166 930 4226 deesse,
967 4179 1196 4232 persona
1221 4163 1475 4220 videlicet
1515 4173 1570 4218 et
1607 4163 1684 4219 lo-

83 4275 195 4316 cus
227 4275 348 4312 cum
379 4267 637 4328 tempore.
683 4257 810 4312 Mihi
843 4267 1020 4312 tamen
1063 4259 1194 4312 satis
1235 4272 1504 4326 superque
1532 4259 1682 4312 vide-

85 4352 258 4404 batur
285 4348 582 4412 suffecisse,
611 4347 656 4402 si
697 4357 802 4402 tam
833 4347 1092 4418 praeclara
1139 4355 1412 4402 tantorum
1441 4347 1682 4402 virorum
1707 4339 1763 4400 D

87 4444 316 4498 nomina
355 4451 410 4496 et
435 4441 578 4496 facta
605 4451 662 4496 et
707 4442 821 4496 loca
849 4442 1188 4510 loquentibus
1215 4440 1436 4510 scriptis
1465 4440 1680 4509 suppri-

89 4543 346 4590 meretur
393 4533 540 4588 locus
587 4543 643 4588 et
681 4549 910 4604 persona
961 4534 1266 4604 scriptoris,
1315 4547 1384 4588 ne
1425 4547 1523 4603 per
1557 4547 1678 4586 eam

87 4627 262 4682 veluti
297 4641 394 4696 per
419 4635 592 4680 atram
621 4625 819 4682 nubem
857 4625 1162 4682 obnubilari
1195 4627 1506 4682 viderentur
1531 4633 1677 4680 astra

91 4723 232 4774 tanti
263 4719 585 4788 splendoris.
619 4719 816 4772 Verum
849 4720 992 4774 sicut
1017 4720 1220 4789 placuit
1269 4719 1545 4774 sanctitati
1589 4733 1682 4772 ve-

89 4824 244 4880 strae,
301 4813 506 4868 faumsa
543 4813 704 4868 vestri
749 4815 982 4868 nominis
1027 4813 1273 4882 lampade
1303 4811 1676 4883 praefulgcnle,

171 4947 318 5016 (579.)
359 4947 554 5001 ειη-ἰαῦ
603 4947 676 5000 ita
729 4947 960 5000 reddidit
1007 4965 1018 4999 :
1065 4945 1304 5016 Dumque
1355 4946 1678 5016 Stephanum

91 5015 342 5087 inclytum
393 5017 680 5071 antistitem
720 5017 878 5070 Μ]εηὶ
921 5018 1085 5088 hujus
1127 5015 1368 5088 loquetur
1409 5015 1674 5088 prajfatio,

91 5086 226 5144 voce
271 5090 568 5160 Legionem:
603 5099 909 5158 expuncta;
945 5103 1010 5141 ac
1055 5086 1516 5155 Stepliannm'cui
1563 5088 1678 5140 hinc

1707 1619 1755 1678 B

1781 1203 1956 1260 nostri
1999 1217 2214 1274 quoque
2255 1202 2381 1260 licet
2409 1212 2565 1260 tetrte
2605 1205 3051 1261 illuminabuntur
3101 1205 3362 1264 teneme

1779 1307 1832 1352 et
1865 1299 1994 1352 dum
2031 1297 2364 1368 Stephanum
2399 1297 2720 1370 Legiensem
2755 1299 2903 1372 (572)
2935 1300 3192 1372 inclytum
3225 1317 3350 1374 prte-

1783 1389 1952 1442 snlcm
1991 1388 2152 1456 hujus
2181 1389 2344 1446 libelli
2391 1389 2640 1458 loquetur
2671 1391 2938 1460 praefatio,
2969 1399 3172 1446 nostra:
3197 1393 3364 1448 etiam

1785 1483 1994 1553 exigua:
2023 1482 2116 1537 fiet
2147 1499 2394 1554 persona:
2425 1483 2646 1538 mentio.
2689 1483 2857 1540 Porro
2885 1484 3036 1538 locus
3061 1483 3144 1555 (ut
3171 1484 3367 1556 nostis)

1783 1591 1888 1630 non
1926 1584 2010 1630 est
2057 1575 2186 1630 mihi
2217 1575 2508 1644 cujuslibet
2553 1591 2700 1631 nunc
2745 1583 2806 1630 ut
2831 1576 2958 1630 olim
3003 1574 3370 1630 celeberrima!

1785 1667 1954 1732 urbis,
1985 1683 2106 1722 cum
2137 1667 2319 1738 potius
2363 1667 2596 1724 libenter
2623 1683 2710 1722 me
2743 1665 2992 1720 inﬁmum
3021 1681 3142 1721 esse
3171 1667 3372 1737 gloria-

1781 1777 1870 1818 rer
1889 1762 2220 1816 cmnobitam
2253 1762 2572 1816 monasterii
2607 1759 2668 1816 S.
2697 1761 2932 1815 Amandi
2967 1761 3168 1832 egregii
3209 1759 3368 1814 Chri-

1781 1855 1852 1910 sti
1877 1855 2230 1922 confessoris,
2260 1855 2430 1910 vestri
2463 1869 2678 1924 quoque
2701 1855 2899 1909 dudum
2929 1851 3366 1922 prmlecessoris,

1780 1949 1884 2004 nisi
1915 1949 2051 2004 meis
2087 1949 2430 2020 exigentibus
2469 1950 2728 2017 peccatis,
2761 1947 2886 2002 inde
2921 1955 3034 2000 tam
3065 1947 3262 2002 crebro
3295 1943 3372 1998 fu-

1783 2058 1944 2112 garer
1993 2051 2144 2100 metu
2202 2042 2504 2098 barbarica;
2551 2043 2944 2098 insectationis.
2999 2041 3138 2107 Quid
3189 2047 3370 2093 autem

1784 2135 1961 2192 dicam
1985 2137 2055 2192 de
2087 2145 2331 2204 tempore
2373 2135 2611 2188 secundo
2635 2135 2780 2204 quod
2819 2135 2900 2205 (ut
2945 2134 3016 2186 ita
3049 2133 3249 2187 dictum
3279 2130 3371 2200 sit)

1782 2229 2080 2301 pessimum
2117 2227 2332 2282 videtur
2381 2225 2494 2280 fore
2525 2225 2730 2297 [esse]?
2757 2225 2914 2278 Libet
2947 2225 3210 2276 duritaxat
3243 2235 3370 2276 cum

1787 2319 2070 2374 Psalmista
2115 2319 2186 2372 ad
2237 2319 2404 2372 Deum
2455 2317 2798 2386 proclamare
2839 2334 2852 2370 :
2891 2335 2908 2366 ι
2939 2313 3130 2369 Ltetali
3181 2327 3372 2368 sumus

1787 2427 1884 2481 pro
1927 2409 2116 2464 diebus
2141 2409 2342 2478 quibus
2383 2423 2484 2462 nos
2529 2407 2844 2468 bumiliasti,
2883 2407 3040 2460 annis
3069 2405 3264 2474 quibus
3295 2405 3372 2458 vi-

1785 2501 1960 2556 dimus
1995 2499 2156 2554 mala.
2203 2499 2454 2570 Respice,
2481 2500 2728 2563 Domine,
2757 2499 2812 2552 in
2843 2511 3032 2552 nervos
3075 2505 3198 2552 tuos
3227 2507 3281 2550 et
3319 2496 3372 2550 in

1787 2599 1948 2661 opera
1991 2601 2084 2646 tua
2109 2591 2284 2662 (Paul.
2321 2591 2571 2662 uxxu).
2603 2610 2623 2642 ι
2655 2590 2918 2660 Cogimur
2953 2589 3188 2659 denique
3229 2589 3374 2658 Apo-

1787 2686 1982 2740 stolunt
2031 2695 2340 2740 monentem
2397 2687 2586 2740 audire
2637 2703 2652 2738 :
2709 2701 2728 2736 ι
2763 2681 3112 2736 Redimentes
3162 2691 3376 2750 tempus

1787 2778 2042 2848 quoniam
2100 2777 2214 2832 dies
2261 2775 2390 2829 mali
2445 2783 2570 2829 sum
2621 2774 2838 2845 (Ephes.
2880 2771 2958 2844 v).
3007 2793 3024 2826 ι
3065 2771 3145 2826 Ne
3193 2779 3374 2826 tanien

1787 2869 2136 2942 prretergredi
2191 2869 2379 2924 videar
2431 2868 2808 2924 auctoritatem
2859 2877 3055 2922 vestra
3089 2864 3374 2933 iussionis,

1789 2970 2092 3016 nostratum
2157 2975 2344 3030 regum
2397 2959 2707 3014 nominibus
2759 2957 3017 3022 omissis,
3069 2957 3377 3010 innotescat

1789 3065 1999 3124 tempus
2027 3054 2328 3108 nativitatis
2357 3052 2566 3107 Christi
2605 3051 2802 3106 summi
2851 3051 3018 3119 regis,
3059 3048 3214 3116 cujus
3243 3063 3373 3118 age-

1783 3145 1948 3200 batur
1985 3161 2162 3200 annus
2197 3145 2640 3214 nongentcsimus
2681 3143 2964 3212 septimus,
3009 3139 3254 3194 revoluto
3281 3155 3372 3194 or-

1783 3243 1910 3298 dine
1943 3242 1996 3295 in
2039 3241 2254 3295 decimo
2297 3239 2614 3324 indi‘tionis
2657 3249 2802 3292 anno
2837 3235 2998 3304 huius
3033 3235 3195 3290 edita:
3239 3233 3380 3288 scri-

1783 3334 2002 3405 ptionis.
2031 3333 2112 3385 Ad
2161 3331 2464 3402 profectum
2513 3330 2771 3385 Ecclesiae
2811 3327 3092 3383 catholica:
3121 3335 3252 3397 opto
3277 3339 3376 3379 vos

1787 3423 2016 3478 feliciter
2041 3425 2110 3476 ad
2149 3431 2274 3475 vota
2301 3421 2614 3475 communia
2635 3419 2836 3474 valere.

1853 3515 2044 3570 Vestra
2077 3531 2241 3586 sagax
2273 3515 2412 3568 votis
2441 3513 2620 3568 faveat
2649 3511 2938 3581 prudentia
2965 3509 3190 3574 nostris,

1857 3611 1986 3679 Qua:
2015 3613 2216 3681 passim
2247 3625 2465 3666 suavem
2495 3609 2650 3664 famis
2677 3607 2926 3662 diffundit
2945 3605 3172 3660 odorem
3203 3623 3218 3659 τ

1855 3703 2006 3770 Quod
2039 3704 2234 3757 cultrix
2265 3703 2380 3756 veri
2414 3709 2621 3773 retegat
2647 3715 2862 3770 quoque
2889 3697 3070 3753 nubila
3101 3696 3244 3763 falsi,

1856 3793 1966 3849 Nec
1993 3805 2236 3848 nostrum
2269 3791 2482 3860 placido"
2509 3791 2764 3862 dignetur
2791 3789 2968 3843 visere
2995 3787 3146 3841 vultu

1857 3887 1970 3942 Hoc
1992 3901 2148 3956 opus,
2175 3895 2230 3940 et
2259 3886 2408 3954 justo
2437 3899 2670 3955 pensans
2703 3884 2952 3938 examine
2979 3881 3176 3936 libram

1855 3981 2119 4035 Emendct
2147 3985 2392 4042 mendas,
2433 3979 2478 4032 si
2505 3991 2646 4048 quas
2669 3977 2844 4030 malus
2873 3975 3053 4029 intulit
3083 3989 3258 4029 error.

1851 4073 2008 4140 Quod
2035 4073 2081 4127 si
2109 4073 2236 4126 lanx
2263 4071 2414 4126 nullo
2443 4069 2816 4140 praeponderat
2839 4077 2955 4122 acta
2989 4075 3190 4130 rotatu,

1853 4167 2156 4238 [inparibus
2183 4179 2361 4233 neque
2387 4177 2472 4217 me
2495 4163 2690 4216 miscet
2719 4159 2870 4214 fraus
2901 4159 3142 4230 partibus
3163 4157 3321 4224 ullis;

1853 4259 2206 4332 mirandae
2225 4258 2316 4328 pio
2341 4255 2565 4325 justum.
2593 4263 2772 4326 pater,
2795 4268 2920 4308 esse
2951 4253 3120 4308 labori

1853 4353 2062 4425 inelyte
2087 4351 2218 4416 scis,
2257 4349 2453 4420 dignas
2473 4345 2704 4400 Domino
2729 4345 3036 4416 persolvere
3065 4353 3245 4416 grates

1853 4443 2010 4512 Quod
2023 4455 2215 4497 sumus
2239 4446 2295 4494 et
2317 4439 2581 4508 sapimus,
2603 4437 2825 4506 vitaque
2845 4449 3128 4488 movemur
3149 4435 3202 4487 in
3221 4433 3324 4488 ista
3353 4450 3370 4488 :

1855 4535 1991 4590 Cum
2019 4533 2200 4604 potius
2225 4543 2370 4586 verae
2397 4535 2707 4598 spectamus
2733 4525 2805 4599 [ι’.
2837 4531 3144 4598 speramus]
3175 4525 3374 4594 gaudia

3123 4617 3270 4690 [νίιτυ
3288 4659 3302 4682 ,

1849 4720 1984 4788 Quae
2015 4717 2174 4773 nobis
2199 4717 2410 4787 pariter
2437 4713 2696 4770 Dominus
2721 4713 2811 4768 det
2833 4725 3052 4769 sumere
3073 4709 3322 4764 Christus

1857 4813 2184 4868 Sanctorum
2215 4809 2493 4880 precibus,
2525 4813 2756 4875 quorum
2785 4803 3117 4876 signavimus
3147 4809 3318 4853 actus.

1789 4952 1906 5006 Vita
1941 4924 2268 5018 nuncupata
2293 4955 2400 5012 est,
2422 4942 2733 5016 episcopum
2749 4939 3196 4996 Camer-accusem
3220 4931 3386 4988 fuisse

1789 5023 2038 5096 opinatus
2066 5027 2168 5072 est.

115 5205 3388 5264 Μ.-

1301 5341 1768 5432 INCIPIT
1837 5339 2163 5436 VITA.

604 5595 644 5637 l‘.
657 5597 682 5635 Α
695 5595 827 5636 ΡῘῘΤ
870 5599 948 5636 nn
961 5595 1156 5651 [\IUM.

1381 5695 1507 5736 θνιῖίδ

1793 5610 1858 5664 de
1889 5605 2100 5660 minore
2133 5607 2556 5694 progressam
2583 5585 2818 5656 Phrygia
2845 5596 2996 5656 atque
3027 5595 3086 5632 ex
3117 5577 3274 5694 :cgali
3309 5576 3415 5676 Ὶ¹ινκζ

1787 5703 2037 5773 janorum
2085 5705 2532 5780 propagatum
2569 5693 2850 5788 prosapia,
2893 5669 3340 5788 diuque-buiattca
