3916 6408
508 356 607 412 851

1068 364 1414 423 llUCBAl.Dl
1452 368 1618 427 MON.
1664 371 1722 427 S.
1763 371 2028 427 AMANDI
2067 371 2220 429 OPP.
2261 375 2441 433 PARS
2480 377 2521 433 l.
2558 407 2630 420 —
2663 376 3245 441 HAGIOGRAPHICA.
3635 399 3712 458 832

506 468 636 524 tatis
696 464 879 535 divina
948 473 1205 531 voluisset
1266 478 1449 535 venire
1497 480 1708 550 gratia;
1772 483 1914 552 quod
1975 483 2450 545 anteAinstituta
2476 489 2740 548 moribus.
2782 491 2909 548 Fuit
2955 508 3087 551 vero
3126 498 3449 570 temporibus
3474 500 3712 570 Chlotbarii

509 566 755 637 tempora
794 564 1275 635 prmdestinaverat
1334 570 1635 639 saacularia,
1693 587 1830 641 pene
1882 573 1937 628 in
1989 572 2096 629 ﬁne

515 665 818 729 temporum
865 659 1043 715 saeculi
1104 676 1223 715 cum
1272 661 1568 720 ’ndustrius
1617 678 1712 721 rex
1760 664 2098 722 Chlodoveus

510 753 752 822 ejusdem
783 753 961 823 gentis
1009 766 1221 825 regeret
1252 766 1467 828 sceptra
1490 800 1504 824 ,
1529 758 1826 815 beatissimi
1854 761 2099 831 praesulis

509 846 743 918 Remigii
770 847 960 903 devota
993 847 1183 919 perﬁci
1214 849 1454 906 decrevit
1476 852 1753 907 instantia.
1785 852 1886 920 Qui
1914 870 2102 910 sacra-

511 937 754 993 tissimus
805 936 1069 1008 pontifex,
1125 949 1181 994 et
1222 950 1409 996 sancta
1460 957 1673 998 morum
1717 943 2017 1013 probitate,
2046 956 2101 1002 et

508 1026 825 1083 admirabile
874 1028 1149 1100 signorum
1180 1029 1387 1100 pollens
1432 1032 1632 1087 virtute
1652 1072 1667 1100 ,
1695 1032 1976 1103 praefatum
2008 1051 2096 1092 re-

508 1135 653 1192 gem,
700 1136 909 1178 necnon
951 1131 1008 1178 et
1033 1122 1326 1179 maximam
1356 1123 1525 1194 ipsius
1563 1126 1836 1182 exercitus
1863 1135 2095 1197 partem,

507 1212 633 1270 ﬁdei
680 1214 926 1271 doctrina
972 1216 1274 1283 catholicae,
1320 1225 1483 1287 atque
1526 1218 1607 1288 (ut
1645 1216 1845 1291 ferunt)
1883 1228 2099 1292 sumpto

422 1292 431 1297 x
508 1308 723 1365 caelitus
766 1309 1083 1378 chrismate,
1126 1326 1232 1365 una
1283 1311 1370 1368 die
1419 1312 1486 1367 ad
1537 1313 1636 1368 tria
1683 1314 1902 1370 circiter
1929 1317 2098 1373 millia

507 1404 709 1462 Christi
735 1408 1081 1480 baptismatis
1123 1410 1315 1467 imbuit
1339 1412 1688 1471 charismate.
1718 1415 1799 1469 Ex
1829 1414 1922 1472 illo
1947 1415 2098 1472 dein-

508 1512 635 1569 ccps
664 1508 909 1571 tempore
934 1503 1109 1573 magis
1132 1506 1434 1577 magisque,
1461 1514 1516 1562 et
1538 1516 1725 1564 sancta
1755 1508 1896 1564 inter
1920 1506 2097 1564 Fran-

508 1605 602 1647 cos
639 1592 862 1665 religio,
913 1604 969 1651 et
1008 1611 1169 1667 super
1215 1612 1382 1669 regna
1424 1599 1526 1656 sibi
1554 1600 1952 1670 collimitanea,
1998 1617 2095 1660 seu

507 1686 672 1742 etiam
705 1689 954 1758 quadam
1003 1691 1189 1760 procul
1234 1693 1438 1764 posita,
1493 1710 1524 1749 a
1570 1695 1683 1751 suis
1731 1696 1930 1766 partim
1980 1711 2097 1752 ma-

502 1776 714 1850 joribus
740 1781 1014 1839 elaborata
1044 1786 1317 1843 convaluit
1342 1802 1532 1844 eorum
1556 1788 1855 1846 dominatio
1886 1809 1900 1845 :
1930 1805 2095 1862 quam

2202 577 2347 649 regis
2374 580 2573 653 magni,
2596 581 2691 653 qui
2721 598 2752 638 a
2781 582 3092 643 Cblodoveo
3112 602 3179 644 ex
3202 587 3522 651 Francorum
3547 601 3713 670 regibus

2201 670 2286 742 (ut
2314 672 2596 743 praefatum
2639 677 2744 748 est)
2774 677 2954 748 primo
2982 680 3048 736 ad
3092 680 3253 739 ﬁdem
3291 683 3483 745 Christi
3508 704 3713 754 converso

2199 770 2427 830 quartus
2464 765 2697 834 exstitit,
2727 782 2825 824 seu
2851 770 3018 826 etiam
3048 771 3142 829 ﬁlii
3174 775 3296 846 ejus
3328 776 3589 850 Dagoberti
3612 788 3713 858 regis

2201 851 2411 925 inclyti,
2441 855 2534 925 qui
2564 871 2611 949 Διι
2647 857 2966 921 beatissimo
3007 862 3234 921 Arnulfo
3283 865 3600 930 Mettensium

2200 956 2365 1013 scopo
2399 946 2667 1005 enutritus
2705 960 2766 1004 ut
2786 949 2951 1021 [patri
2992 967 3352 1026 conregnaret
3392 968 3542 1031 atque
3576 946 3712 1025 succe-

2202 1034 2379 1102 deret,
2410 1037 2550 1095 sicut
2577 1041 2646 1096 de
2675 1055 2742 1098 eo
2764 1043 3028 1114 scriptum
3054 1055 3167 1114 est,
3208 1056 3267 1103 et
3300 1049 3549 1110 industria
3569 1056 3711 1132 dignus

2200 1134 2257 1183 et
2306 1128 2514 1187 viribus
2559 1130 2681 1188 fuit.
2730 1132 2831 1190 Hic
2873 1144 2997 1206 post
3043 1137 3443 1198 defunctionem
3478 1128 3634 1216 patris.
3655 1154 3710 1208 sui

2201 1219 2502 1277 Cblotharii
2531 1224 2737 1297 regalia
2766 1237 2979 1301 sceptra
3006 1234 3241 1304 regenda
3279 1237 3579 1307 suspiciens,
3600 1241 3708 1302 fratri

2201 1326 2300 1369 suo
2328 1312 2616 1372 Hariberto
2643 1332 2752 1374 non
2779 1321 2883 1377 sibi
2910 1324 3121 1379 uterino
3148 1325 3212 1381 ad
3241 1330 3522 1397 regendum
3548 1347 3709 1393 ωηαερ

2201 1404 2339 1462 sisse
2358 1406 2561 1476 placuit
2587 1425 2753 1483 pagos
2778 1419 2834 1468 et
2863 1413 3112 1472 civitates
3137 1416 3280 1473 citra
3300 1417 3525 1490 Ligerim
3551 1432 3597 1478 et
3618 1425 3709 1481 limi-

2199 1505 2310 1552 tem
2346 1513 2456 1569 quo
2490 1501 2727 1558 tenditur
2756 1503 3005 1573 partibus
3033 1504 3342 1563 Wasconize
3386 1524 3475 1566 seu
3505 1520 3552 1567 et
3582 1512 3703 1585 Pyre-

2200 1602 2346 1644 naeos
2382 1601 2617 1658 montes,
2647 1592 2883 1663 sapienti
2911 1609 3043 1651 usus
3062 1595 3317 1665 consilio,
3343 1612 3408 1654 ea
3445 1598 3622 1657 scilicet
3642 1619 3708 1673 pa-

2201 1682 2397 1738 ctionis
2426 1683 2569 1741 facta
2598 1684 2891 1755 ﬁrmitate,
2930 1704 3001 1744 ne
3030 1705 3273 1761 unquam
3318 1692 3558 1750 adversus
3586 1696 3707 1767 ipsum

2201 1773 2372 1831 frater
2402 1776 2518 1848 ejus
2539 1778 2770 1849 amplius
2789 1780 2920 1850 quid
2946 1782 3013 1837 de
3042 1796 3210 1853 regno
3239 1793 3504 1854 repeteret
3525 1796 3705 1856 paterno.

516 1844 624 1929 bon
669 1889 889 1931 suorum
944 1877 1161 1934 [ετίιδιθ
1208 1896 1421 1937 morum
1468 1844 1863 1954 δυηιεάεριί,
1912 1844 2095 1956 θηέρξ
2123 1844 2174 1906 Β
2202 1866 2524 1925 Haribertus
2552 1870 2720 1943 igitur
2762 1872 2946 1928 sedem
2986 1880 3178 1930 tenens
3212 1874 3542 1944 Tolosanam,
3565 1891 3707 1935 cumet

512 1965 707 2022 Franci
732 1976 993 2038 putantur
1019 1987 1050 2026 a
1080 1973 1399 2043 quibusdam
1426 1975 1739 2045 nuncupati,
1768 1991 1835 2033 eo
1857 1976 2001 2047 quod
2025 1976 2097 2033 sit

510 2054 567 2110 in
610 2056 717 2114 illis
754 2057 902 2114 velut
948 2061 1214 2118 naturalis
1252 2064 1496 2133 quaedam
1526 2064 1780 2122 ferocitas
1816 2066 2014 2134 animi,
2041 2074 2098 2123 et

508 2162 688 2204 mores
732 2150 786 2205 in
833 2150 914 2207 eis
958 2152 1067 2207 sint
1110 2152 1407 2221 inconditi;
1466 2156 1559 2211 sed
1584 2157 1838 2227 quoniam
1865 2157 2097 2228 geminis

510 2238 830 2309 magnisque
873 2250 1030 2297 erant
1053 2242 1319 2300 columnis
1342 2243 1484 2310 fulti,
1521 2246 1719 2316 quibus
1758 2254 1902 2304 totus
1930 2248 2097 2306 totius

509 2327 768 2385 Ecclesiae
815 2338 991 2388 status
1035 2332 1246 2389 videtur
1285 2333 1464 2400 inniti,
1497 2336 1821 2392 auctoritate
1847 2337 2099 2395 videlicet

508 2430 824 2480 sanctorum
868 2425 1203 2496 pontiﬁcum,
1237 2428 1445 2485 honore
1480 2429 1599 2499 ejus
1639 2431 1793 2502 cujus
1820 2432 1940 2488 vice
1967 2433 2091 2515 fun-

506 2522 705 2586 guntur
731 2517 1090 2589 praecellenti,
1129 2528 1183 2575 et
1215 2524 1629 2593 praepotentium
1672 2525 1874 2581 virtute
1902 2540 2095 2598 regum

507 2603 564 2658 in
609 2605 1053 2665 administrandis
1111 2610 1423 2681 reipublicae
1466 2614 1696 2685 negotiis
1745 2614 1800 2669 in
1846 2614 2097 2671 omnibus

509 2697 724 2766 sagaci;
774 2696 980 2755 idcirco
1024 2699 1205 2755 divina
1259 2716 1355 2757 eos
1401 2704 1766 2773 praeveniente
1812 2706 1983 2777 gratia
2031 2721 2098 2762 ac

508 2786 875 2860 subsequente
911 2792 981 2846 ad
1028 2792 1241 2862 potiora
1290 2794 1493 2864 passim
1540 2794 1757 2866 fastigia
1806 2806 1933 2853 sunt
1966 2813 2096 2869 pro-

507 2878 670 2933 vecti.
721 2878 965 2950 Denique
1009 2900 1031 2934 ‹
1075 2882 1169 2940 ubi
1216 2884 1485 2954 quondam
1529 2897 1812 2958 peccatum
1857 2888 2098 2945 abunda-

506 2979 679 3037 verat,
709 2971 977 3030 intantum
1005 2974 1101 3031 Dei
1130 2979 1305 3048 gratia
1339 2981 1801 3050 superabundavit
1830 2982 2009 3046 (Rom.
2038 3000 2093 3052 ν,

506 3058 642 3126 20),
680 3081 699 3114 ι
744 3071 805 3118 ut
847 3064 989 3120 sicut
1032 3067 1228 3124 ccelum
1276 3072 1432 3127 varia
1481 3072 1759 3128 stellarum
1807 3075 2098 3131 decoratur

506 3151 943 3222 pulchritudine,
973 3156 1054 3214 sic
1091 3168 1146 3215 et
1176 3178 1195 3211 ‹
1233 3176 1264 3215 a
1298 3161 1459 3218 Patre
1500 3162 1763 3219 luminum
1795 3181 1824 3219 a
1863 3179 1970 3236 quo
1998 3166 2094 3222 de-

509 3246 722 3301 scendit
754 3262 915 3304 omne
940 3249 1130 3307 datum
1164 3255 1429 3324 optimum
1465 3264 1521 3314 et
1546 3270 1707 3312 omne
1746 3230 1948 3313 donum
1975 3275 2098 3328 per-
2123 3230 2169 3295 (ἶ

508 3334 713 3394 fectum
754 3340 896 3412 (Jac.
947 3359 991 3409 ι,
1036 3344 1147 3417 17).
1182 3364 1201 3398 ι
1231 3346 1564 3404 Francorum
1616 3358 1765 3405 terra
1811 3349 2097 3421 multiplici

508 3431 873 3501 perfectorum
913 3445 1223 3495 sanctorum
1275 3447 1383 3494 tam
1413 3439 1794 3510 indigenarum
1840 3456 2000 3511 quam
2043 3451 2100 3498 et

511 3523 580 3579 ab
607 3526 809 3582 exteris
849 3528 1157 3600 regionibus
1185 3529 1586 3586 advenientium
1626 3530 1907 3600 utriusque
1934 3545 2097 3587 sexus

510 3621 567 3669 et
590 3616 768 3672 omnis
793 3618 998 3675 ordinis
1026 3618 1392 3675 illustraretur
1413 3619 1683 3676 claritate.

1131 3709 1360 3766 CAPUT
1409 3709 1471 3765 ΙΙ.

904 3799 1169 3856 Rictrudia
1213 3811 1450 3873 parentes
1485 3803 1701 3860 nobiles.

584 3891 661 3948 De
711 3908 940 3964 quorum
990 3903 1339 3951 sacrosancto
1391 3894 1605 3951 refulsit
1663 3898 1892 3967 co..egio
1952 3898 2100 3955 velut

513 3988 783 4058 quoddam
808 3988 958 4045 sidus
983 3988 1272 4059 splendore
1305 3989 1596 4045 admodum
1624 4001 1850 4047 venusto
1881 3991 2099 4048 Bictru-

513 4080 597 4135 dis
622 4082 813 4136 devota
842 4080 1043 4136 Christi
1084 4080 1284 4135 famula
1304 4122 1318 4147 ,
1352 4081 1453 4152 ipsi
1486 4097 1586 4139 suo
1613 4083 1962 4153 acceptabilis
1991 4084 2101 4140 Deo

514 4181 676 4244 atque
703 4173 858 4229 bonis
888 4174 1198 4229 hominibus
1224 4173 1507 4241 amabilis,
1537 4189 1601 4230 ac
1632 4173 1916 4232 laudabilis
1939 4175 2102 4245 justi-

490 4265 604 4323 κύω
628 4278 791 4338 atque
814 4266 1122 4322 sanctitatis
1153 4266 1371 4322 merito.
1403 4264 1532 4323 Haec
1554 4265 1703 4322 claro
1730 4266 1865 4323 satis
1890 4266 2102 4325 exstitit

515 4356 745 4412 oriunda
788 4356 1050 4427 germine,
1079 4355 1316 4411 Ernoldo
1361 4355 1527 4412 nobili
1564 4356 1724 4413 edita.
1754 4356 2019 4428 genitore,
2046 4367 2104 4414 et

518 4445 707 4502 Lichia
754 4446 1014 4517 genitrice
1065 4461 1135 4502 ex
1192 4446 1317 4517 agili
1378 4447 1715 4518 pugnacique
1767 4446 2101 4505 Wasconum

516 4545 695 4609 gente.
736 4535 907 4605 Hujus
951 4545 1129 4592 autem
1176 4538 1350 4609 gentis
1386 4538 1717 4608 antiquiores
1760 4540 1935 4609 primo
1971 4540 2100 4596 dicti

2199 1959 2254 2015 in
2282 1961 2531 2030 partibus
2560 1963 2855 2033 provinciae
2885 1974 3140 2037 regnaret
3165 1966 3496 2037 Aquitaniae,
3524 1982 3612 2023 non
3629 1979 3708 2038 post

2198 2051 2428 2108 multum
2467 2054 2727 2124 temporis
2763 2056 2931 2112 etiam
2976 2065 3145 2114 totam
3186 2059 3403 2131 subegit
3440 2058 3705 2117 Wasconiam

2200 2147 2392 2205 ditioni
2419 2163 2549 2206 suae.

2817 2242 3047 2301 CAPUT
3085 2244 3151 2300 lll

2329 2336 2373 2387 Α
2405 2334 2466 2392 S.
2500 2334 2743 2390 Amantio
2772 2336 3014 2393 exsulare
3035 2338 3193 2409 jusso
3222 2339 3416 2395 eruditi
3439 2340 3492 2395 in
3522 2342 3621 2410 ﬁde.

2270 2422 2536 2480 Praefatus
2585 2431 2763 2481 autem
2805 2440 2901 2483 rex
2947 2428 3291 2498 Dagobertus
3334 2444 3453 2486 cum
3495 2431 3541 2486 in
3580 2428 3707 2486 multis

2197 2516 2402 2588 optime
2427 2516 2626 2589 regalia
2663 2518 2789 2588 jura
2825 2519 3173 2591 gubernaret,
3217 2520 3444 2576 nimium
3477 2530 3623 2576 tamen
3647 2521 3708 2575 tie-

2198 2608 2345 2665 ditus
2370 2609 2543 2665 amori
2572 2609 2881 2677 mulierum,
2910 2625 3029 2666 eam
3052 2625 3220 2681 quam
3249 2612 3307 2667 in
3340 2610 3612 2684 conjuginm
3630 2626 3706 2667 sor-

2197 2701 2332 2756 titus
2356 2700 2557 2768 fuerat,
2586 2714 2653 2757 eo
2676 2700 2820 2771 quod
2848 2700 3050 2758 sterilis
3082 2716 3207 2758 esse
3248 2703 3511 2760 videretur
3531 2703 3704 2773 reliquit,

2198 2791 2534 2863 alteramque
2562 2792 2617 2848 in
2642 2793 3049 2849 matrimonium
3077 2794 3376 2865 accipiens,
3400 2795 3606 2865 reginam
3626 2807 3707 2849 esse

2199 2884 2388 2940 voluit.
2435 2884 2679 2957 Cumque
2722 2903 2886 2960 super
2930 2889 3034 2945 hoc
3081 2889 3292 2946 scelere
3333 2907 3365 2946 a
3409 2889 3704 2961 pontiﬁcibus,

2200 2976 2546 3047 maximeque
2568 2992 2599 3033 a
2635 2980 2982 3036 sanctissimo
3011 2979 3133 3036 viro
3160 2991 3218 3036 et
3249 2980 3556 3037 mirabilium
3583 2989 3705 3051 patra-

2203 3076 2321 3123 tore
2363 3082 2589 3139 operum
2631 3071 2861 3139 praesule
2902 3070 3329 3143 redargueretur
3374 3071 3613 3135 Amando,
3649 3067 3704 3121 ille

2202 3158 2575 3231 indignatione
2598 3168 2649 3216 et
2679 3160 2821 3217 fastu
2849 3172 3129 3233 permotus
3154 3165 3329 3236 regio,
3358 3164 3579 3221 eumdem
3597 3174 3706 3216 vene-

2200 3250 2429 3307 rabilem
2468 3251 2779 3322 pontiﬁcem
2821 3267 2929 3308 non
2967 3254 3172 3325 absque
3199 3254 3396 3326 injuria
3421 3255 3483 3311 ab
3506 3251 3704 3310 omnisne

2201 3343 2405 3414 depulit
2443 3358 2631 3417 regno.
2660 3344 2763 3414 Qui
2805 3348 3383 3421 persecutionem'pro
3416 3349 3704 3415 veritatem

2200 3432 2449 3489 Christus
2474 3442 2560 3491 est
2596 3435 2990 3505 patientissime
3034 3438 3281 3495 tolerans
3325 3438 3423 3495 sibi
3464 3438 3701 3498 illatam,e:

2202 3526 2457 3594 quoniam
2501 3526 2862 3584 libentissime
2908 3544 3008 3599 pro
3068 3530 3188 3601 ipso
3245 3534 3458 3603 optabat
3501 3526 3702 3599 proprium

2202 3613 2432 3671 fundere
2465 3618 2805 3689 sanguinem,
2840 3634 2942 3690 per
2970 3619 3185 3675 diversa
3217 3620 3441 3677 serendo
3464 3618 3570 3674 loca
3582 3614 3701 3688 divini

2200 3707 2355 3762 verbi
2382 3721 2591 3775 semen,
2622 3711 2842 3765 tandem
2877 3711 3022 3765 inter
3053 3720 3254 3767 caetera
3296 3711 3554 3783 genuinam
3587 3706 3702 3762 beat:

2203 3797 2477 3856 Rictrudis
2502 3815 2792 3872 aggressus
2816 3803 3074 3871 patriam,
3098 3802 3310 3860 scilicet
3334 3800 3645 3859 Wasconiam,
3663 3802 3701 3846 ut

2201 3891 2313 3947 illic
2346 3900 2402 3947 et
2425 3892 2607 3962 plures
2635 3900 2690 3948 et
2730 3893 2868 3949 hanc
2898 3893 3181 3964 pulchram
3225 3894 3326 3950 sibi
3371 3892 3557 3949 ctelitus
3579 3884 3701 3942 infuso

2202 3998 2309 4052 quo
2359 3982 2586 4039 ardebat
2633 3983 2926 4040 irradiaret
2981 3985 3188 4041 lumine
3236 3984 3474 4049 stellam,
3516 3985 3700 4049 reputans

2203 4076 2367 4131 etiam
2412 4074 2483 4130 ob
2529 4074 2672 4131 illius
2722 4077 2896 4146 gentis
2945 4077 3211 4133 saevitiam
3259 4075 3472 4149 adipisci
3504 4088 3553 4129 se
3593 4079 3702 4140 posse

2202 4167 2337 4224 inibi
2364 4167 2609 4239 martyrii
2635 4166 2888 4239 palmam.

2819 4278 3048 4338 CAPUT
3086 4280 3175 4336 IV.

2204 4374 2475 4429 Amandus
2531 4391 2591 4454 a_
2614 4373 2911 4454 Dagoberto
2959 4375 3243 4430 mulieroso
3299 4379 3561 4454 revogaltlf-
3596 4359 3699 4431 Ηεςίί

2442 4446 2591 4515 pueri
2619 4460 2801 4500 curam
2836 4446 3121 4512 detrectat;
3148 4463 3269 4501 eum
3299 4446 3527 4514 baptism.

2275 4535 2486 4591 Interea
2508 4534 2621 4605 jam
2649 4536 2826 4593 dictus
2856 4537 3109 4608 princeps
3134 4544 3299 4608 atque
3332 4549 3420 4589 rex
3447 4527 3699 4601 Dagobertus

516 4638 645 4686 sunt
677 4628 873 4684 Vaccei
901 4628 1048 4700 (575)
1071 4644 1102 4683 a
1124 4628 1355 4700 quodam
1383 4630 1580 4700 oppido
1603 4629 1756 4699 juxta
1788 4631 2102 4702 Pyrenaeum
2133 4617 2182 4677 Ῑ)
2210 4645 2334 4686 cum
2381 4645 2488 4685 non
2530 4630 2757 4685 haberet
2795 4630 2967 4686 ﬁlium
3011 4647 3171 4702 quem
3221 4630 3323 4686 sibi
3365 4627 3585 4700 gauderet
3618 4613 3696 4671 ﬁeri

519 4723 625 4780 sito
670 4722 751 4777 sic
797 4721 1197 4791 cognominati,
1244 4721 1340 4777 sed
1387 4729 1578 4793 postea
1605 4718 1905 4779 Wascones
1946 4725 2105 4794 quasi

521 4817 803 4873 Vaccones
850 4814 1125 4871 demutata
1166 4830 1194 4867 c
1237 4814 1293 4868 in
1328 4829 1353 4868 ε
1388 4812 1623 4869 litteram
1664 4814 1961 4885 nuncupati
2004 4823 2105 4871 :et

522 4908 760 4978 ipsorum
790 4905 942 4975 regio
979 4920 1100 4975 quae
1145 4913 1305 4960 antea
1333 4903 1617 4960 dicebatur
1643 4904 1898 4972 Vacceia,
1926 4906 2105 4976 appel-

523 5000 629 5056 lata
659 5011 743 5057 est
780 4998 1093 5055 Wasconia.
1126 4996 1291 5069 Cujus
1334 4996 1548 5064 incolae,
1581 4996 1710 5053 licet
1738 4997 1830 5054 illo
1864 5008 2105 5070 tempore

519 5076 656 5163 pene
683 5106 873 5147 omnes
897 5089 1210 5146 daemonicis
1245 5098 1427 5145 essent
1458 5087 1621 5145 dediti
1653 5088 1908 5156 cultibus,
1937 5088 2107 5146 a'Deo

524 5194 701 5239 tamen
744 5182 1026 5255 praeelecta
1068 5181 1346 5238 Rictrudis
1376 5181 1457 5237 sic
1495 5196 1564 5237 ex
1606 5181 1808 5238 eisdem
1847 5181 2028 5252 impiis
2053 5191 2108 5236 et

522 5278 641 5333 sine
685 5278 795 5333 Deo
841 5276 1042 5349 prodiit
1100 5274 1443 5341 hominibus,
1489 5273 1636 5329 velut
1684 5274 1821 5330 solet
1869 5289 1992 5329 rosa
2039 5274 2106 5330 de

521 5366 1010 5439 spiuosiselllorerc
1041 5366 1285 5423 sentibus
1315 5384 1329 5420 :
1355 5380 1476 5436 qua:
1510 5365 1576 5420 ab
1607 5365 1737 5434 ipsis
1765 5364 2106 5420 incunabulis

524 5476 650 5519 cum
676 5462 853 5518 aetatis
884 5470 1083 5517 tenera:
1124 5459 1487 5531 provectibus,
1519 5458 1763 5515 honestis
1792 5465 1875 5515 est
1914 5457 2021 5514 alta
2050 5464 2105 5515 et

600 5701 748 5775 (575)
785 5700 929 5775 Lege
970 5717 1092 5772 quae
1134 5702 1201 5756 ad
1238 5700 1418 5759 Vitam
1458 5698 1520 5758 S.
1556 5697 1789 5756 Amandi
1833 5711 1975 5753 anno
2002 5696 2107 5755 679

530 5774 737 5851 haede
752 5790 815 5851 re
842 5774 1236 5851 alluctajimus.
1317 5846 1330 5851 _
1524 5842 1538 5851 _
1749 5841 1789 5851 _
1875 5841 1888 5851 .
2027 5842 2036 5851 _

599 5844 747 5916 (57A)
775 5844 977 5916 Nempe
1022 5843 1419 5913 Ragnetrudem
1443 5883 1459 5912 ,
1508 5842 1575 5900 de
1602 5856 1708 5915 qua
1749 5841 2106 5914 Fredegarius

2158 5814 2172 5829 .
2214 5774 2503 5846 Dagoberti
2539 5782 2756 5843 octavo,
2784 5772 2837 5831 id
2872 5783 2959 5831 est
2993 5770 3197 5830 Christi
3226 5770 3260 5826 6

2207 4732 2599 4784 successorem,
2623 4728 2851 4775 maestus
2871 4735 3035 4791 super
3055 4721 3156 4776 hac
3185 4736 3246 4776 re
3267 4718 3496 4780 nimium,
3520 4709 3694 4766 tertiam-

2208 4825 2311 4881 que
2354 4826 2453 4868 suo
2491 4811 2682 4868 ascivit
2719 4812 2860 4868 lecto
2886 4813 3170 4884 coniugem
3197 4811 3364 4885 (574).
3394 4808 3513 4864 Tum
3542 4803 3694 4858 domum

2209 4916 2502 4957 conversus
2548 4902 2615 4957 ad
2663 4902 2971 4969 Dominum,
3024 4918 3090 4958 ac
3134 4902 3471 4974 plurimorum
3508 4897 3695 4961 ειῳθιεηε

2210 4994 2460 5066 suffragia
2508 4996 2774 5062 virorum,
2825 5011 2892 5052 ex
2937 4997 3128 5053 eadem
3176 4996 3362 5053 eodem
3405 4988 3565 5048 habuit
3599 4990 3693 5036 anno

2214 5087 2477 5160 largiente
2519 5090 2631 5145 Deo
2662 5088 2854 5156 ﬁlium,
2882 5089 3069 5145 multis
3096 5088 3340 5160 precibus
3363 5093 3508 5154 atque
3529 5077 3695 5169 ειθςιικξ·

2212 5197 2468 5254 synarum
2506 5181 2880 5254 largitionibus
2936 5182 3279 5253 acquisitum.
3319 5176 3555 5233 Sollicitus
3590 5164 3692 5258 (Ιθιξξο

2210 5250 2316 5341 que
2358 5272 2447 5327 cui
2496 5250 2835 5343 potissimum
2884 5273 3125 5329 traderet
3166 5287 3286 5327 eum
3325 5280 3466 5323 sacro
3499 5250 3692 5353 fontedr

2210 5364 2465 5419 luendum
2494 5364 2782 5436 divinaque
2824 5363 2941 5436 lege
2991 5363 3351 5425 imbuendum,
3381 5365 3436 5411 ut
3470 5352 3585 5408 sicut

2211 5456 2428 5513 beatum
2456 5454 2742 5512 Arnulfum
2768 5456 3033 5512 habuerat
3056 5455 3411 5527 paedagogum,
3436 5444 3501 5501 sic
3518 5446 3561 5496 et
3583 5441 3689 5490 Sull"!

2215 5701 2586 5759 Scholasticus
2634 5702 2689 5757 in
2732 5700 2938 5759 Chron.
2970 5716 3092 5764 cap.
3125 5700 3227 5764 59,
3259 5694 3393 5764 quod
3439 5697 3555 5744 anno
