3916 6476
174 572 325 631 8'55

1377 571 1533 631 VITA
1571 571 1867 631 SANCTIE
1907 570 2299 631 NCTRUDIS.

3401 571 3507 629 854

178 703 235 744 a
298 687 540 758 quolibet
570 686 808 764 maxime
855 685 953 743 Dei
1008 700 1290 744 servorum
1326 688 1484 759 juxta
1528 689 1805 760 religionis
1831 686 2106 754 Aindolis
2149 688 2264 760 jam
2318 685 2460 741 facta
2503 684 2702 741 nubilis
2748 683 2993 753 videtur,
3046 683 3285 757 diligitur
3345 695 3507 757 atque

178 779 544 838 Christianae
575 781 896 839 exercitium
926 781 1148 838 educari
1182 783 1388 841 faceret
1419 799 1682 856 puerum;
1716 784 1801 841 fa-

178 873 403 946 ctique
430 872 627 944 prioris
653 871 1010 931 reminiscens
1034 881 1090 930 et
1117 874 1387 944 pcenitens
1423 874 1570 946 quod
1596 883 1804 931 tantum

179 961 270 1019 in
326 972 493 1020 tanta;
534 965 884 1021 commiserat
939 965 1245 1021 sanctitatis
1288 965 1404 1021 viro
1433 964 1721 1037 ﬂagitium,
1773 979 1806 1020 a

177 1053 486 1111 ministris
531 1056 955 1127 circumquaque
999 1054 1398 1122 studiosissime
1425 1057 1802 1129 perquisitum,

179 1156 270 1205 et
296 1150 395 1205 vix
418 1155 694 1219 repertum
718 1148 787 1202 ad
823 1160 883 1203 se
909 1148 1426 1205 reverendissimum
1455 1149 1611 1220 petiit
1654 1164 1809 1205 revo-

184 1240 337 1298 cari
359 1239 671 1312 pontificem
694 1239 1020 1296 Amandum.
1048 1239 1188 1308 Quid
1218 1241 1406 1312 plura?
1430 1242 1711 1299 reducitur
1739 1243 1808 1298 ab

187 1332 415 1389 exsilio
441 1346 605 1388 verus
631 1331 958 1404 praedicator
982 1341 1041 1389 et
1062 1342 1317 1404 operator
1344 1333 1621 1407 Evangelii
1648 1349 1810 1391 vene-

188 1423 423 1478 randus
470 1421 736 1488 antistes,
782 1421 949 1477 veluti
998 1436 1170 1478 novus
1217 1422 1284 1477 de
1324 1422 1554 1479 Pathmo
1597 1423 1812 1481 rediens

190 1514 568 1589 Evangelista
605 1513 865 1572 Joannes.
913 1513 1003 1570 Fit
1030 1529 1319 1573 commune
1350 1523 1461 1572 tam
1499 1516 1612 1589 regi
1648 1532 1811 1589 quam

194 1607 572 1680 optimatibus
619 1608 906 1679 gaudium,
935 1608 1192 1679 omnique
1232 1608 1429 1680 populo
1467 1609 1710 1666 solemne
1745 1610 1812 1667 de

193 1698 338 1771 ejus
383 1700 697 1758 reversione
744 1701 1058 1771 tripudium.
1106 1700 1421 1760 Prostratus
1461 1704 1645 1776 itaque
1694 1705 1812 1777 ejus

194 1793 450 1865 pedibus
471 1810 570 1850 rex
590 1795 805 1851 veniam
829 1805 1005 1868 rogat,
1031 1795 1289 1854 facillime
1315 1797 1573 1869 impetrat
1596 1815 1613 1856 :
1637 1798 1814 1855 fundit

196 1899 439 1956 precem
486 1901 587 1957 pro
628 1884 779 1955 ﬁlio;
812 1886 907 1943 sed
941 1887 1059 1958 ejus
1103 1886 1398 1944 frustratur
1436 1889 1649 1960 petitio.
1703 1890 1811 1944 Re-

205 1975 439 2046 spondit
480 1976 627 2032 enim
671 1976 749 2032 illi
796 1976 886 2033 ille
936 1987 1018 2033 ter
1056 1978 1249 2035 beatus
1274 1994 1407 2037 voce
1432 1979 1584 2035 Pauli
1627 1988 1815 2037 noster

1908 782 2128 855 eligitur
2156 797 2187 837 a
2236 782 2473 853 quodam
2520 780 2857 851 Francigena
2907 779 3208 835 Adalbaldo
3252 781 3502 849 nomine,

1880 875 2187 931 ‘natalibus
2237 882 2358 930 orto
2409 872 2688 945 praeclaris
2736 882 2793 929 et
2822 870 3003 942 justis.
3050 872 3220 929 Mater
3277 874 3511 945 denique

1908 965 2026 1037 ejus
2069 964 2332 1022 Gerberta
2380 963 2557 1021 fuerat
2585 964 2695 1020 tilia
2719 972 2922 1020 sancta:
2972 963 3255 1020 Gertrudis
3296 964 3352 1020 in
3394 980 3509 1020 mo-

1909 1058 2149 1121 nasterio
2190 1072 2334 1114 nunc
2380 1056 2745 1115 Hamaticensi
2784 1072 2815 1112 a
2862 1073 2921 1113 se
2972 1056 3238 1113 aedificato
3294 1057 3511 1128 requie-

1910 1148 2131 1205 scentis.
2173 1148 2292 1219 Ipse
2336 1148 2503 1205 etiam
2551 1163 2584 1203 a
2633 1162 2804 1219 puero
2846 1147 3067 1219 optimis
3119 1147 3397 1203 institutus
3426 1147 3507 1203 di-

1911 1239 2188 1309 sciplinis,
2216 1239 2449 1309 copiosis
2492 1237 2728 1310 pollebat
2756 1236 2937 1293 fundis
2972 1246 3027 1293 et
3070 1236 3309 1304 divitiis,
3345 1245 3509 1308 atque

1910 1332 1967 1388 in
2016 1331 2137 1387 aula
2187 1331 2332 1402 regis
2385 1332 2589 1388 cbarus
2635 1330 2791 1388 valde
2854 1339 2973 1386 erat
3035 1339 3090 1385 et
3139 1331 3510 1397 honorabilis,

1912 1423 2105 1496 dignus
2173 1424 2332 1496 plane
2389 1425 2474 1480 vir
2548 1425 2642 1496 qui
2711 1425 2940 1480 maritus
2983 1425 3265 1480 “existeret
3334 1425 3511 1497 dignae

1911 1515 2206 1573 Rictrudis.
2253 1518 2301 1573 Α
2347 1532 2454 1589 quo
2493 1516 2650 1588 juxta
2701 1531 2909 1593 morem
2970 1517 3372 1587 desponsatur,
3415 1517 3512 1572 (lo—

1916 1617 2088 1677 tatur,
2144 1619 2308 1680 atque
2383 1609 2440 1665 in
2507 1610 2958 1667 conturbernium
3013 1607 3316 1664 matronale
3381 1608 3511 1664 licet

1912 1702 2236 1772 quibusdam
2288 1702 2598 1759 nolentibus
2640 1702 2832 1774 puellae
2885 1703 3303 1774 consanguineis
3351 1717 3509 1759 assu—

1913 1790 2099 1848 mitur.
2159 1792 2335 1849 Causa
2385 1808 2515 1851 vero
2567 1794 2753 1850 uxoris
2800 1794 3057 1849 ducendae
3112 1808 3221 1849 non
3285 1791 3389 1847 fuit
3432 1792 3519 1848 in-

1914 1882 2297 1952 continentiae,
2349 1883 2445 1939 sed
2497 1883 2676 1939 cbarze
2723 1883 2925 1940 sobolis
2968 1883 3249 1940 habendae.
3304 1882 3416 1939 Sed
3451 1897 3518 1940 ea

1916 1972 2248 2029 conveniunt
2316 1973 2373 2029 in
2437 1974 2684 2045 utrisque
2744 1990 2864 2045 quae
2924 1975 3158 2047 spectari
3224 1973 3402 2030 solent
3455 1975 3511 2031 in

206 2065 438 2132 Paulus,
468 2066 794 2123 militantem
835 2066 950 2123 Deo
990 2082 1101 2124 non
1140 2077 1396 2139 oportere
1436 2069 1673 2141 negotiis
1711 2070 1814 2125 im-
1840 2079 1889 2139 Β
1918 2064 2165 2138 eligendo
2216 2064 2413 2121 marito
2468 2065 2552 2122 vel
2597 2081 2786 2123 uxore.
2835 2066 2893 2121 In
2941 2067 3058 2122 viro
3105 2066 3251 2122 enim
3297 2066 3469 2122 virtus
3493 2106 3509 2134 ,

205 2157 414 2228 plicari
466 2157 835 2215 smeularibus.
887 2157 984 2215 His
1040 2158 1199 2215 dictis
1244 2174 1276 2215 e
1324 2168 1617 2230 conspectu
1665 2161 1808 2231 regis

211 2249 367 2307 illico
392 2249 670 2317 abscedit;
702 2249 798 2307 sed
821 2249 1019 2321 regalis
1058 2249 1241 2305 fervor
1270 2250 1540 2306 desiderio
1587 2250 1813 2306 minime

214 2342 447 2399 recedit.
473 2341 718 2413 Denique
743 2342 888 2413 quod
925 2358 1023 2414 per
1059 2357 1120 2399 se
1144 2342 1365 2414 nequit,
1392 2344 1659 2399 bonorum
1687 2360 1813 2417 sug-

218 2435 555 2512 gestionibus
616 2436 859 2492 virorum
919 2435 1184 2507 perficere
1246 2436 1429 2508 gestit.
1491 2436 1811 2493 Audoenum

212 2527 488 2598 siquidem
512 2533 568 2583 et
590 2526 825 2600 Eligium
847 2528 1150 2599 praecipuos
1181 2528 1237 2583 in
1265 2527 1560 2585 sanctitate
1594 2536 1649 2584 et
1679 2544 1811 2600 pru-

213 2616 405 2674 dentia
430 2618 599 2685 viros,
636 2618 867 2689 ideoque
910 2618 1157 2674 Amando
1196 2619 1392 2674 harum
1420 2617 1663 2674 'amatori
1704 2619 1815 2674 vir-

213 2718 399 2767 tutum
442 2712 640 2767 merito
685 2710 1087 2767 amantissimos
1123 2726 1189 2767 ac
1226 2710 1681 2767 familiarissimos
1716 2727 1814 2767 rex

208 2810 348 2875 post
389 2816 513 2858 eum
559 2801 745 2875 dirigit
788 2802 1100 2874 probabiles
1144 2804 1230 2860 sui
1277 2803 1391 2859 voti
1439 2812 1811 2861 exsecutores.

216 2892 468 2962 Quorum
491 2902 694 2951 sancta:
718 2893 989 2965 petitioni,
1018 2894 1145 2965 quia
1173 2893 1256 2950 fas
1301 2910 1408 2951 non
1435 2903 1557 2950 erat
1591 2895 1817 2952 obviare

212 2993 448 3054 sancto,
491 2985 683 3042 annuit
738 2985 867 3043 licet
907 2993 1131 3043 coactus
1176 2985 1320 3058 regis
1372 2984 1592 3056 placito.
1644 2984 1816 3057 Igitur

212 3078 405 3148 regius
430 3076 611 3134 infans
632 3077 894 3145 defertur,
926 3078 1020 3148 qui
1059 3091 1167 3134 non
1212 3076 1444 3147 amplius
1469 3092 1502 3132 a
1530 3076 1816 3132 nativitate

215 3187 390 3243 quam
433 3171 550 3228 dies
594 3170 817 3229 circiter
857 3172 1217 3245 quadraginta
1264 3170 1469 3227 habere
1514 3169 1814 3235 ferebatur,

215 3279 324 3336 per
363 3262 583 3319 beatum
624 3263 963 3320 sacerdotem
1009 3270 1253 3319 sanctam
1295 3260 1693 3318 benedictionis
1725 3274 1818 3315 su-

219 3366 513 3429 scepturus
560 3355 828 3429 gratiam,
887 3357 982 3413 sed
1034 3355 1150 3424 jam
1196 3354 1460 3411 naturalis
1516 3354 1815 3410 amissurus

1913 2172 2113 2229 genus,
2165 2156 2542 2228 pulchritudo,
2592 2166 2646 2213 et
2690 2158 2985 2228 sapientia,
3023 2173 3144 2228 quae
3190 2174 3258 2214 ex
3310 2159 3396 2215 his
3446 2160 3517 2215 ad

1915 2248 2115 2305 amoris
2156 2246 2409 2304 affectum
2437 2249 2618 2319 potior
2653 2258 2738 2305 est
2758 2289 2773 2317 ,
2803 2250 2999 2305 inerat.
3029 2249 3091 2305 In
3122 2265 3293 2307 uxore
3323 2258 3506 2307 autem

1913 2341 2295 2414 pulchritudo,
2349 2356 2549 2414 genus,
2605 2341 2834 2408 divitiae,
2889 2352 2945 2398 et
3001 2358 3217 2412 mores,
3271 2344 3365 2413 qui
3400 2359 3517 2400 ma-

1914 2432 1997 2505 gis
2041 2447 2203 2503 quam
2256 2439 2452 2488 caetera
2510 2433 2787 2504 quaerendi
2833 2443 2991 2501 sunt,
3039 2435 3399 2492 habebantur.
3450 2435 3520 2491 Et

1915 2535 1985 2578 ne
2032 2522 2218 2579 multis
2263 2522 2648 2590 immoremur,
2697 2525 2993 2579 secundum
3038 2525 3357 2596 Apostolum
3396 2534 3518 2582 erat

1915 2615 2023 2674 illis
2068 2616 2388 2674 honorabile
2439 2616 2889 2686 connubium,et
2940 2627 3089 2675 torus
3136 2618 3519 2675 immaculatus

1918 2709 2106 2783 (Hebr.
2147 2710 2255 2782 in).
2305 2708 2423 2766 Non
2477 2711 2623 2767 enim
2669 2712 2832 2768 surda
2883 2712 3168 2769 audierant
3218 2727 3352 2770 aure
3382 2714 3524 2786 ejustl

1917 2805 2039 2861 dem
2082 2803 2325 2875 Apostoli
2361 2805 2571 2861 verba:
2601 2807 2685 2860 An
2738 2807 2947 2862 nescitis
2997 2808 3248 2878 quoniam
3287 2808 3521 2863 membra

1917 2909 2087 2957 uestra
2130 2898 2380 2970 templum
2440 2906 2562 2953 sunt
2608 2898 2841 2969 Spiritus
2886 2900 3055 2955 sancti
3112 2916 3266 2972 quem
3320 2900 3521 2956 habetis

1917 3006 1951 3046 α
1988 2989 2129 3057 Deo,
2187 2999 2235 3045 et
2291 3006 2396 3044 non
2437 2989 2559 3044 estis
2598 2989 2793 3045 uestri?
2830 2986 3010 3061 Empti
3056 2991 3195 3046 enim
3235 2993 3359 3047 estis
3404 3007 3523 3063 prec

1918 3083 1992 3137 tio
2030 3099 2253 3155 magno,
2311 3081 2602 3153 glori/ictuc
2651 3092 2700 3139 et
2750 3092 2953 3154 portate
3000 3084 3170 3139 Deum
3215 3086 3274 3141 in
3300 3103 3519 3159 corpore

1918 3186 2087 3233 vestro
2143 3176 2196 3249 (Ι
2228 3176 2353 3233 Cor.
2384 3177 2483 3249 vi).
2525 3176 2692 3249 Igitur
2741 3191 2999 3249 compage
3055 3176 3182 3235 ﬁdei
3229 3187 3286 3235 et
3339 3180 3524 3236 chari-

1921 3269 2050 3325 tatis
2101 3269 2181 3325 sic
2227 3268 2566 3325 adhaerentes
2621 3268 2726 3325 sibi
2775 3278 2835 3324 ut
2888 3277 3073 3327 essent
3116 3271 3223 3327 duo
3265 3273 3321 3327 in
3350 3287 3518 3328 carne

1922 3378 2062 3431 una,
2118 3373 2312 3419 etnon
2358 3362 2470 3434 jam
2527 3363 2667 3429 duo,
2699 3362 2829 3433 quia
2867 3378 2975 3419 una
3022 3377 3182 3431 caro;
3236 3365 3522 3420 unanimes

222 3447 464 3504 nominis
490 3446 895 3520 etymologiam.
929 3445 1175 3516 Namque
1200 3446 1327 3502 dum
1365 3445 1433 3502 ab
1462 3460 1528 3501 eo
1562 3446 1819 3502 catechu-

1926 3474 2030 3515 uno
2053 3473 2146 3514 ore
2174 3466 2231 3512 et
2255 3457 2510 3514 concordi
2543 3458 2858 3527 operatione
2884 3457 3319 3514 honorificabant
3349 3459 3523 3515 Deum

221 3554 421 3597 mentis
445 3539 621 3609 fleret,
651 3541 913 3612 finitaque
932 3540 1183 3597 oratione
1211 3554 1372 3596 nemo
1393 3553 1461 3595 ex
1485 3538 1630 3596 illius
1656 3548 1819 3597 tantae

222 3630 590 3688 multitudinis
632 3623 876 3689 exercitu
920 3631 1086 3687 Amen
1135 3632 1519 3702 responderet,
1562 3631 1821 3688 Dominus

224 3725 325 3799 qui
367 3727 542 3799 aperit
565 3741 629 3784 os
655 3735 889 3795 mutum,
916 3736 972 3782 et
1010 3727 1225 3798 linguas
1267 3726 1560 3783 infantium
1590 3726 1823 3783 discrtas

224 3819 396 3889 facit,
428 3835 493 3877 os
535 3820 619 3892 (ut
663 3820 738 3876 ita
776 3821 981 3877 dictum
1019 3818 1110 3891 sit)
1154 3836 1262 3876 non
1304 3819 1419 3892 jam
1467 3819 1691 3875 infantis
1728 3820 1825 3875 sed

223 3911 388 3984 pueri
435 3912 682 3983 aperuit,
728 3922 784 3969 et
838 3912 1054 3968 cunctis
1098 3911 1444 3969 audientibus
1493 3909 1641 3967 clara
1693 3925 1825 3967 voce

227 3998 409 4058 Amen
462 4001 766 4073 respondit.
820 4000 929 4057 Res
984 4002 1118 4057 satis
1173 3999 1441 4072 stupenda
1485 4009 1540 4054 et
1591 3998 1826 4055 circum-

226 4102 441 4152 stantes
468 4102 659 4151 contra
691 4108 898 4150 morem
921 4094 1160 4160 siluisse,
1196 4101 1252 4149 et
1276 4093 1420 4148 hunc
1451 4099 1642 4147 contra
1669 4100 1827 4146 natu-

230 4200 351 4242 ram
395 4184 635 4240 locutum
680 4183 869 4240 fuisse.
913 4182 1221 4253 Statimque
1251 4180 1402 4236 illum
1440 4189 1661 4236 sanctus
1690 4194 1827 4249 pon-

232 4276 370 4333 tifex
411 4275 628 4331 vivifico
676 4276 1002 4347 baptismate
1053 4274 1427 4347 regeneravit,
1471 4281 1633 4341 atque
1673 4268 1826 4340 Sige-

231 4367 450 4425 bertum
501 4367 775 4424 nominari
812 4365 1049 4422 instituit
1088 4365 1262 4438 (575),
1303 4380 1467 4436 quem
1505 4360 1830 4418 Haribcrtus

234 4476 366 4529 rex,
399 4461 542 4532 regis
587 4462 772 4525 frater,
805 4457 873 4515 de
904 4473 1062 4516 sacro
1103 4458 1321 4514 lavacro
1358 4455 1590 4528 excepit.
1634 4454 1831 4525 Sicque

238 4548 501 4608 Dominus
524 4551 651 4606 dum
687 4558 936 4606 sanctum
972 4564 1129 4605 suum
1157 4536 1488 4614 mirificavit,
1527 4553 1581 4601 et
1608 4546 1665 4600 in
1696 4559 1830 4600 con-

239 4653 428 4714 spectu
484 4657 671 4713 regum
718 4638 1104 4713 magnificavit,
1136 4647 1192 4694 et
1240 4639 1388 4709 ipsos
1429 4646 1486 4693 et
1537 4644 1832 4706 utrumque

240 4734 543 4792 exercitum
584 4747 782 4803 magno
817 4731 1013 4803 gaudio
1039 4738 1201 4800 atque
1245 4728 1606 4785 admiratione
1650 4727 1705 4783 in
1734 4727 1833 4782 hu-

234 4826 475 4898 iusmodi
528 4826 683 4897 signo
738 4824 982 4895 replevit.
1042 4822 1303 4893 Sequenti
1352 4830 1474 4893 post
1528 4822 1637 4877 hoc
1693 4835 1833 4875 anno
1862 4809 2035 4869 DPre

242 4915 563 4974 ﬂaribertus
610 4932 739 4983 rex,
786 4930 888 4970 nec
933 4929 1086 4970 mora
1130 4923 1255 4986 post
1294 4914 1471 4984 ipsum
1521 4912 1663 4968 filius
1719 4911 1834 4981 ejus

242 5009 502 5083 parvulus
520 5009 675 5076 obiit,
696 5023 964 5078 omneque
986 5021 1212 5077 regnum
1236 5005 1380 5062 illius
1403 5021 1524 5061 cum
1541 5004 1832 5062 Wasconia

1920 3560 1976 3608 et
2031 3551 2249 3608 Patrem
2310 3550 2523 3606 Domini
2573 3550 2746 3605 nostri
2803 3550 2934 3606 Jesu
2989 3550 3220 3616 Christi,
3273 3553 3526 3609 omnibus

1921 3647 2111 3705 diebus
2174 3645 2286 3701 suis
2350 3644 2649 3700 servientes
2718 3642 2949 3699 Domino
3004 3642 3061 3698 in
3120 3644 3410 3701 sanctitate
3462 3653 3517 3700 et

1917 3738 2126 3815 justitia
2173 3752 2357 3794 coram
2411 3736 2567 3808 ipso,
2619 3734 2711 3807 qui
2760 3734 3008 3791 habitare
3047 3734 3180 3791 facit
3235 3735 3563 3793 unanimes

1924 3825 1982 3889 in
2029 3832 2209 3889 domo.

2546 3939 2774 3999 CAPUT
2814 3940 2900 3995 Vl.

2508 4032 2720 4090 Liberos
2758 4034 2948 4103 gignit.

1997 4130 2120 4187 Nati
2174 4142 2390 4201 quoque
2430 4136 2559 4183 sunt
2600 4127 2681 4183 eis
2723 4127 2817 4181 filii
2871 4126 3167 4182 secundum
3202 4126 3534 4183 benedictio-

1927 4240 2055 4283 nem
2106 4222 2317 4279 Domini
2372 4235 2536 4291 quam
2576 4219 2754 4289 primo
2791 4218 2937 4273 dedit
2987 4217 3228 4284 homini,
3256 4215 3520 4285 Crescite,

1930 4322 2218 4393 inquiens,
2262 4329 2312 4374 et
2352 4316 2775 4387 multiplicamini
2838 4312 2992 4385 (Gen.
3042 4330 3085 4383 1,
3114 4313 3206 4383 28)
3254 4330 3269 4367 :
3315 4312 3528 4383 fuitque

1931 4414 2013 4471 eis
2046 4411 2438 4483 primogenitus
2485 4406 2704 4462 nomine
2755 4403 3101 4469 Maurontus,
3148 4409 3338 4473 postea
3362 4401 3532 4459 abbas

1926 4514 1989 4563 'et
2050 4506 2214 4562 levita
2276 4509 2530 4566 sanctus,
2586 4506 2643 4554 et
2687 4496 2812 4553 ﬁliae
2865 4505 2975 4552 tres
3023 4509 3193 4551 sacrae
3254 4493 3527 4565 virgines,

1933 4600 2240 4658 Clotsemlis
2287 4603 2414 4669 post
2453 4593 2660 4653 obitum
2689 4590 2881 4647 matris
2925 4590 3043 4662 ejus
3083 4588 3399 4646 monasterii
3449 4602 3534 4642 re-

1934 4698 2117 4763 ctrix,
2169 4692 2403 4751 Eusebia
2448 4692 2593 4748 bona
2624 4689 2717 4745 Dei
2767 4687 2967 4743 cultrix
3015 4684 3313 4741 secundum
3356 4672 3532 4738 inter-

2040 4793 2295 4849 tationem
2335 4789 2419 4846 sui
2467 4786 2733 4852 nominis;
2783 4790 2905 4855 post
2956 4782 3056 4838 has
3101 4793 3317 4851 quoque
3368 4775 3532 4832 Adal-

2393 4904 2515 4944 cum
2581 4895 2767 4943 essent
2810 4891 3062 4954 parentes
3122 4894 3311 4937 eorum
3373 4876 3529 4946 justi,

3205 4982 3393 5024 servos
3433 4967 3531 5025 Dei

1937 4892 2140 4948 sendis.
2190 4890 2337 4959 Quos

1935 4992 1991 5040 et
2034 4999 2133 5055 per
2169 4984 2411 5055 seipsos,
2460 4988 2516 5036 et
2551 4995 2649 5050 per
2698 4975 2992 5031 familiares
3046 4971 3147 5027 sibi

243 5060 1140 5174 magis};graues...
1175 5060 1553 5170 magis“...
1783 5104 1838 5153 ει
2361 5084 2417 5130 ει
2805 5069 2859 5122 in
2916 5060 3392 5174 amatricem.

183 5237 194 5244 .
246 5204 471 5266 propter
517 5194 762 5265 quaedam
807 5189 1193 5263 praecedentia,
1236 5190 1578 5258 maximeque
1616 5188 1837 5258 probis

206 5303 219 5311 λ
249 5304 370 5360 qua:
397 5295 703 5360 sequuntur
744 5284 1067 5355 interposui,
1096 5296 1155 5339 ut
1188 5282 1429 5354 legentes
1456 5291 1509 5337 et
1555 5280 1837 5337 audientes

250 5380 525 5449 noverint,
549 5396 670 5452 qua:
690 5380 863 5437 beata:
893 5376 1173 5434 Rictrudis
1200 5374 1362 5433 fuerit
1390 5391 1553 5431 causa
1580 5375 1635 5431 iu
1661 5374 1835 5430 Fran-

252 5475 395 5533 ciam
428 5473 702 5532 veniendi.

876 5559 1105 5623 CAPUT
1144 5559 1210 5617 V.

636 5664 932 5720 Adalbaldo
978 5663 1124 5718 nubit
1171 5655 1459 5714 Rictrudis.

1937 5181 2055 5230 ctos
2108 5171 2176 5226 ab
2229 5168 2457 5225 infantia
2515 5163 2888 5221 benedictione
2951 5157 3179 5214 ccelesti.
3243 5155 3531 5210 Mauronto

1942 5263 2211 5335 siquidem
2253 5257 2577 5316 venerabilis
2632 5258 2849 5325 Deoque
2899 5250 3095 5321 dignus
3143 5246 3398 5305 sacerdos
3440 5244 3534 5300 Ri-

1944 5353 2164 5412 cbarius
2235 5360 2391 5424 pater
2455 5346 2751 5419 spiritualis
2832 5341 3070 5408 exstitit,
3136 5352 3369 5408 eumque
3435 5351 3535 5406 per

1944 5461 2161 5503 sacrum
2226 5443 2496 5515 baptisma
2563 5440 2675 5494 Deo
2748 5432 3085 5507 regeneravit
3131 5449 3144 5484 :
3192 5428 3533 5486 Clotsendem

1945 5540 2195 5612 egregius
2238 5534 2481 5608 pontifex
2527 5528 2802 5586 Amandus
2851 5527 2976 5597 quia
3026 5525 3197 5581 sacris
3251 5521 3534 5593 dignisque

1948 5634 2201 5692 manibus
2237 5647 2268 5688 e
2314 5631 2464 5687 fonte
2499 5624 2723 5683 salutari
2766 5622 3010 5693 excepit,
3056 5620 3110 5675 in
3140 5616 3390 5684 omnibus
3420 5615 3534 5670 Deo

1944 5730 2164 5803 dignam
2205 5724 2437 5782 reddidit
2468 5737 2482 5776 :
2509 5720 2799 5776 Eusebiam
2847 5732 2977 5773 vero
3024 5730 3092 5771 ex
3131 5726 3289 5769 sacro
3317 5709 3534 5803 lavacro

328 5756 687 5831 Temporibus
736 5772 867 5828 ergo
913 5755 1154 5829 praefatis
1209 5767 1332 5809 cum
1379 5749 1572 5806 crebro
1620 5745 1846 5802 Francis
1944 5745 2165 5831 ξιξεητξιξξ
2188 5745 2437 5831 ,ξθυωυξι
2468 5745 2482 5776 ⁵
2509 5745 2805 5831 δυέέωδξξξ

1947 5799 2255 5882 Nanthildis
2308 5819 2492 5891 regina
2546 5829 2685 5871 uxor
2737 5810 3025 5883 Dagoberti
3078 5804 3331 5877 suscepit.
3390 5799 3532 5857 Vere

257 5847 550 5906 Wasconia
579 5849 732 5906 ﬁeret
769 5846 1145 5921 permeabilis,
1172 5840 1448 5899 Rictrudis
1487 5838 1662 5911 puella
1690 5838 1846 5894 home

334 5982 481 6053 (575)
535 5978 1139 6053 Charibcrtus,inquit
1188 5972 1543 6053 Fredegarius
1587 5984 1703 6053 cap.
1758 5966 1845 6033 62,
1950 5960 2164 6053 εεξφίι.
2238 5957 2379 6028 Lege
2444 5953 2622 6009 Vitam
2690 5948 2863 6005 sancti
2918 5943 3145 6001 Mnandi
3203 5937 3268 5994 ad
3330 5951 3530 5993 annum

263 6033 564 6108 Au‘rcvlitlnis
598 6033 854 6117 ili-cuicns,
898 6033 1240 6118 'Sigibcrtum
1294 6033 1394 6100 αῖ
1414 6053 1592 6099 sancto
1642 6033 1847 6094 lavacro
1950 6033 2075 6089 679.
