3878 5824
400 446 508 545 ass

956 444 1301 508 necesse]
1340 444 1506 505 non.
1546 441 1602 505 s.
1646 444 1908 506 suanm
1944 445 2095 507 ore.
2135 447 2320 507 rans
2352 447 2394 507 ι.
2429 477 2505 494 --
2538 430 3133 510 EAGIOGRAPHICA.

3593 457 3705 515 856

399 570 561 626 beata
610 572 667 623 et
716 564 828 622 Deo
868 565 1208 637 beneplacita
1260 565 1565 637 progenies.
1612 564 1690 620 De
1739 562 1843 620 hac
1902 564 1997 621 de-
2020 573 2075 635 Α
2101 579 2218 621 ram
2266 565 2467 623 mentis
2521 564 2802 623 Adalbaldi
2845 566 3061 634 relicta,
3114 556 3210 623 sed
3254 555 3355 622 ne
3412 566 3705 642 dileetrix,

398 662 566 732 nique
624 659 823 715 dicitur
873 667 1023 714 recte
1080 676 1095 712 :
1147 658 1192 713 0
1241 673 1400 728 quam
1449 655 1672 729 pulchra
1722 666 1797 712 est
1848 664 1997 712 easta
2097 666 2153 714 et
2204 673 2236 713 a
2282 657 2396 714 Deo
2445 658 2640 715 dilecta
2692 658 2999 725 llictrudis,
3053 658 3203 715 omni
3254 662 3561 731 postposita
3600 652 3699 717 aii-

395 750 662 824 generatio
727 766 847 804 eam
902 748 1145 804 claritate
1203 748 1356 822 (Sep.
1421 748 1535 821 tv)!
1589 747 1729 804 Vere
1795 749 1997 805 etenim

394 857 520 898 cum
570 841 743 907 donis,
775 840 1158 911 spiritualibus
1226 841 1305 897 sic
1371 839 1691 913 plerumque
1749 839 2001 896 ditantur

389 934 524 1008 justi
570 936 737 991 etiam
778 935 937 991 bonis
993 934 1410 1006 temporalibus,
1460 934 1602 991 sicttt
1647 934 1799 991 canit
1847 933 1999 990 Psal-

398 1032 780 1105 megrapbus:
824 1029 978 1087 Beati
1053 1047 1232 1088 omnes
1295 1032 1389 1104 qui
1456 1032 1642 1086 timent
1711 1029 1999 1085 Dominam

394 1125 569 1197 (Psal.
613 1139 825 1193 cxxvn,
862 1121 940 1196 l),
987 1131 1093 1180 etc.
1148 1123 1209 1179 in
1260 1123 1459 1194 quibus
1481 1121 1685 1190 verbis,
1722 1121 1851 1178 licet
1885 1121 1998 1193 spi-

394 1218 606 1274 ritualis
637 1217 709 1274 sit
747 1216 1089 1283 intellectus,
1125 1223 1309 1271 tamen
1345 1213 1643 1272 secundum
1691 1213 1809 1272 lucc
1835 1214 1999 1272 datur

392 1309 687 1383 aliquando
730 1307 894 1380 justis
939 1315 997 1364 et
1040 1305 1356 1377 temporalis
1397 1303 1695 1376 proiectus.

999 1396 1230 1455 CAPUT
1271 1396 1384 1453 VII.

814 1490 1073 1548 Maritum
1127 1488 1360 1545 occisam
1407 1485 1570 1561 luget.

461 1586 705 1647 Posthac
744 1587 903 1645 bona
949 1597 1006 1645 et
1070 1582 1357 1640 laudabilis
1407 1579 1686 1637 memoria
1732 1578 1995 1635 Adalbsl-

390 1682 494 1738 dus
540 1680 749 1737 devotae
812 1675 1021 1736 Christi
1075 1673 1290 1731 famula:
1342 1673 1622 1730 Rictrudis
1680 1671 1915 1727 maritus
1960 1683 1996 1727 ι

390 1790 530 1847 pago
604 1769 1055 1835 Austrebatinse,
1124 1765 1277 1840 (576)
1337 1766 1431 1822 ubi
1515 1766 1683 1821 etiam
1749 1762 1996 1835 pluribus

386 1865 819 1938 locupletabatur
880 1859 1353 1935 possessionibus,
1415 1857 1578 1915 eundi
1646 1855 1991 1914 Waseoniam

2097 751 2279 821 cipitis
2344 767 2503 809 mora
2566 752 3002 820 deliberationis,
3071 752 3192 823 eius
3262 754 3581 812 salubribus
3645 772 3707 814 se

2096 843 2472 913 acquieturam
2522 843 2809 915 pollicetur
2858 845 3101 901 monitis.
3155 845 3267 901 Sed
3316 862 3451 902 ecce
3509 858 3565 903 et
3617 865 3708 905 sa-

2098 934 2241 991 lubri
2268 935 2520 1008 prmsulis
2548 936 2828 1004 consulto,
2852 946 2910 993 et
2934 938 3025 1009 pio
3050 948 3252 994 saneta
3284 952 3559 996 matrona:
3578 952 3711 999 voto

2096 1028 2298 1085 invidia
2334 1029 2533 1087 diaboli
2571 1030 2766 1087 nititur
2815 1032 3043 1088 obviare
3092 1034 3399 1105 subreptio.
3454 1034 3707 1093 Noemo—

2095 1128 2185 1176 vet
2237 1121 2295 1177 iu
2347 1122 2435 1177 his
2482 1124 2866 1193 perturbandis
2906 1124 3129 1182 inﬁmos
3183 1142 3409 1197 quoque
3457 1128 3550 1183 vel
3595 1145 3703 1186 lie-

2098 1212 2343 1279 diocres,
2401 1213 2500 1269 sed
2530 1228 2774 1272 summos
2821 1215 3004 1272 saeculi
3050 1216 3343 1287 primores.
3382 1214 3499 1273 Per
3529 1216 3703 1287 ipsum

2096 1305 2333 1375 denique
2374 1320 2560 1377 regem
2611 1305 2731 1376 eius
2779 1316 2954 1364 tentet
2997 1308 3232 1365 suadere
3269 1309 3497 1373 animo,
3541 1311 3618 1365 nti
3647 1325 3705 1366 se

2095 1414 2315 1457 suorum
2367 1399 2589 1457 cuidam
2642 1402 2964 1473 optimatum
3013 1406 3255 1461 secundo
3303 1404 3533 1476 copulet
3579 1422 3702 1462 eon-

2095 1490 2280 1548 nubio.
2334 1491 2489 1560 Quod
2542 1508 2667 1550 cum
2701 1493 2792 1549 illa
2846 1510 3070 1565 prorsus
3122 1507 3559 1568 aspernaretur,
3596 1499 3700 1568 plu-

2094 1585 2231 1642 rima
2296 1586 2790 1644 blandimenton
2844 1589 3190 1645 hortamenta
3252 1591 3349 1646 sed
3428 1591 3695 1645 incassu-

2091 1681 2509 1753 profunduntur.
2541 1682 2787 1755 Cumque
2837 1685 2906 1740 ad
2940 1685 3055 1741 hac
3082 1685 3300 1756 penitus
3328 1685 3388 1740 in
3421 1686 3543 1740 Deo
3570 1686 3693 1742 ﬁxus

2093 1774 2239 1833 illius
2284 1785 2459 1835 status
2507 1794 2618 1834 non
2655 1785 2994 1845 moveretur,
3046 1778 3310 1851 regalium
3366 1787 3562 1834 terror
3605 1777 3698 1832 mi-

2093 1882 2288 1925 narum
2338 1869 2466 1926 licet
2521 1869 2720 1927 frustra
2770 1870 2846 1926 illi
2900 1873 3245 1942 proponitur.
3305 1872 3381 1926 At
3437 1872 3533 1925 illa
3587 1873 3693 1942 pari

388 1959 618 2016 nimium
667 1958 826 2012 triste
871 1955 986 2012 suis
1018 1954 1126 2010 iter
1174 1951 1388 2023 arripit.
1421 1950 1595 2020 Quem
1639 1948 1837 2005 nobilis
1873 1947 2065 2009 ma-B
2092 1960 2256 2017 modo
2300 1961 2614 2017 saevientem
2662 1961 3005 2033 parvipendit
3064 1971 3123 2016 ut
3175 1960 3579 2017 blandientem.
3628 1961 3688 2018 Et

386 2062 545 2110 trona
618 2050 893 2107 Rictrudis
958 2045 1355 2119 aliquantulum
1434 2042 1814 2116 prosequitur,
1894 2040 1992 2098 sed

385 2144 716 2218 quamcitius
762 2141 979 2198 domum
1040 2148 1201 2212 prout
1261 2138 1312 2194 ei
1362 2136 1573 2209 iussum
1621 2135 1801 2192 fuerat
1846 2146 1989 2189 mm-

385 2252 514 2295 rens
568 2236 883 2294 revertitur.
943 2233 1097 2290 Mens
1161 2233 1305 2289 enim
1369 2230 1536 2287 futuri
1588 2228 1992 2301 quodammodo

382 2345 627 2402 praesaga
671 2328 872 2385 doloris
912 2325 1031 2397 jam
1065 2325 1425 2397 portendebat
1452 2323 1598 2395 quod
1628 2321 1806 2378 adhuc
1838 2321 1991 2393 igno-

384 2423 575 2491 tabat,
621 2432 677 2478 et
721 2422 866 2495 quod
909 2420 1152 2477 nondum
1196 2419 1503 2491 patiebatur
1533 2416 1649 2490 jam
1696 2414 1867 2472 veluti
1910 2414 1988 2470 la-

383 2514 748 2570 mentabatur.
798 2511 939 2580 Quid
974 2509 1179 2566 multa?
1214 2508 1599 2566 lntereundum
1630 2507 1844 2565 insidiis
1875 2520 1989 2563 ma-

381 2605 687 2679 lignorum,
738 2613 795 2662 et
849 2604 935 2677 (ut
988 2601 1183 2676 fertur)
1238 2617 1428 2659 eorum
1487 2600 1685 2674 quibus
1733 2606 1985 2657 sanctum

383 2698 733 2770 displicuerat
787 2694 1228 2760 matrimonium,
1280 2694 1368 2750 vir
1423 2692 1605 2764 justus
1668 2690 1985 2764 appetitur,

382 2791 733 2856 vulneratur,
776 2788 1085 2861 perimitur.
1118 2785 1436 2844 Honoriﬁco
1480 2786 1677 2844 deinde
1719 2793 1783 2842 ut
1827 2785 1985 2842 dece-

380 2882 476 2939 bat
518 2881 814 2939 tumulatus
863 2879 1158 2951 obsequio,
1212 2878 1500 2936 defunctus
1548 2878 1788 2946 saeculo,
1848 2875 1988 2934 vivit

382 2976 517 3034 Deo.
576 2972 720 3031 Vivit
781 2973 1035 3047 inquam,
1096 2972 1232 3029 vivit
1278 2971 1396 3045 ejus
1441 2971 1573 3029 felix
1634 2972 1848 3039 anima,
1904 2970 1985 3027 illi

382 3070 666 3125 conterens
712 3081 833 3139 qua:
874 3081 1005 3122 vera
1057 3073 1142 3121 est
1198 3065 1307 3121 vita
1365 3082 1385 3121 :
1444 3064 1589 3138 quod
1641 3072 1985 3121 vattestantur

382 3162 537 3234 signa
573 3175 694 3231 quae
753 3160 824 3215 ob
874 3158 1018 3214 illius
1081 3158 1412 3214 declaranda
1467 3157 1690 3225 merita,
1747 3157 1815 3213 ad
1865 3156 1982 3228 ejus

382 3263 598 3310 mortua
634 3252 954 3323 frequenter
991 3252 1355 3308 ostenduntur
1397 3265 1541 3307 ossa.
1573 3250 1762 3322 Neque
1798 3248 1982 3305 multa:

382 3350 522 3405 ﬁunt
589 3362 758 3403 mora:
810 3344 867 3401 in
931 3345 1018 3401 his
1072 3344 1387 3401 nuntiandis
1451 3343 1700 3399 Rietrudi
1754 3342 1850 3399 Dei
1903 3328 2054 3397 fa-C

383 3440 545 3498 mulae
601 3457 617 3495 :
670 3454 792 3510 qua:
839 3446 948 3493 tam
1003 3437 1144 3493 tristi
1210 3452 1467 3509 percussa
1524 3436 1815 3500 relatione,
1874 3451 1983 3491 non

382 3534 596 3592 modico
652 3534 887 3590 afﬁcitur
933 3533 1102 3589 animi
1151 3548 1405 3590 maerore.
1459 3533 1715 3606 Augescit
1766 3547 1984 3590 sensum

384 3630 540 3687 dolor
602 3628 789 3686 dolore
847 3628 1143 3685 dolentium
1205 3626 1492 3693 sobolum,
1546 3626 1747 3683 crescit
1807 3625 1986 3683 luctus

383 3725 532 3780 luctu
600 3722 899 3795 lugentium
955 3720 1331 3779 familiarium.
1398 3718 1702 3776 Transacto
1763 3719 1985 3774 tandem

387 3818 677 3887 aliquando
716 3816 869 3896 tanti
922 3816 1078 3871 ﬂetus
1138 3823 1412 3884 tempore,
1469 3814 1573 3869 init
1627 3828 1751 3868 cum
1802 3813 1981 3883 philo-

387 3912 609 3967 christis
646 3910 749 3966 sibi
780 3908 1142 3963 familiaribus
1162 3947 1179 3974 ,
1208 3906 1551 3978 maximeque
1581 3922 1704 3963 cum
1735 3906 1983 3963 Amando

387 4003 733 4063 sanctissimo
782 4001 879 4058 Dei
934 3998 1224 4072 pontiﬁce,
1275 4009 1331 4055 et
1377 4000 1545 4071 empit
1579 3998 1867 4055 consilium
1897 4013 1984 4054 sa-

379 4099 563 4156 lubre.
624 4095 888 4167 Proponit
940 4094 1178 4165 denique
1235 4093 1289 4149 ei
1341 4093 1434 4149 ille
1490 4107 1655 4151 verus
1708 4092 1984 4154 consultor

389 4190 692 4245 animarum
721 4186 854 4243 illud
884 4184 1037 4241 Pauli
1092 4182 1323 4256 apostoli
1357 4198 1373 4239 :
1407 4181 1606 4240 Mulier
1654 4182 1879 4255 alligata
1908 4193 1985 4241 est

388 4282 533 4348 viro,
561 4287 759 4351 quanta
807 4288 1036 4347 tempore
1072 4276 1152 4332 vir
1195 4274 1314 4346 ejus
1367 4275 1488 4332 sivit
1533 4289 1553 4329 .'
1599 4275 1740 4347 quod
1783 4277 1831 4332 si
1855 4277 1982 4332 dor-

388 4375 561 4430 mierit
586 4372 668 4429 air
712 4372 831 4443 ejus
879 4370 1103 4426 liberata
1147 4378 1261 4437 est,
1289 4370 1376 4425 esti
1425 4369 1533 4425 vult
1583 4369 1746 4425 nubat
1780 4379 1987 4427 tantum

389 4470 447 4525 in
510 4468 754 4523 Domino.
808 4466 1025 4522 Rectior
1060 4473 1237 4520 autem
1284 4465 1381 4520 erit
1419 4465 1469 4521 si
1512 4465 1589 4519 sie
1642 4464 1984 4533 permanserit

390 4558 679 4616 secundum
727 4572 902 4612 meum
948 4556 1229 4615 consiliarii
1267 4554 1320 4629 (1
1368 4553 1493 4611 Cor.
1541 4553 1660 4627 vu).
1700 4554 1787 4612 Ad
1839 4554 1988 4625 quod

391 4651 481 4709 illa
524 4650 687 4723 erigit
738 4664 963 4713 aurem,
1010 4648 1171 4720 erigit
1205 4655 1263 4703 et
1307 4657 1569 4703 mentem.
1613 4644 1780 4703 Audit
1816 4645 1988 4703 etiam

2093 2050 2222 2122 quia
2274 2066 2343 2108 ex
2402 2052 2576 2109 tribus
2633 2052 2988 2123 philosophia:
3040 2051 3288 2123 partibus
3336 2052 3493 2107 illam
3545 2068 3685 2122 quasi

2093 2142 2331 2200 maxime
2373 2158 2496 2215 quae
2536 2152 2620 2200 est
2658 2145 2711 2199 in
2767 2144 2982 2201 actione
3034 2153 3088 2200 et
3138 2159 3305 2201 causa
3360 2155 3523 2200 recte
3580 2161 3691 2201 eoa-

2088 2236 2341 2293 versandi
2371 2237 2803 2307 apprehenderat
2828 2277 2845 2306 ,
2883 2252 3004 2308 quae
3030 2234 3220 2293 Graece
3250 2238 3439 2293 ethice
3462 2279 3478 2304 ,
3512 2237 3689 2293 Latine

2088 2328 2311 2386 moralis
2358 2328 2584 2396 dicitur,
2641 2336 2697 2384 et
2729 2329 2869 2385 bene
2915 2328 3130 2385 vivendi
3184 2329 3458 2399 magistra
3506 2345 3688 2401 cogas.

2088 2423 2289 2490 scitur,
2321 2438 2441 2494 quae
2486 2422 2653 2480 etiam
2690 2423 2745 2479 in
2789 2431 3023 2493 quatuor
3065 2422 3402 2496 principales
3435 2422 3689 2492 virtutes,

2085 2515 2429 2590 prudentiam
2472 2515 2707 2584 scilicet,
2760 2525 2923 2589 atque
2969 2514 3271 2587 justitiam,
3316 2514 3687 2573 fortitudinem

2085 2615 2143 2665 et
2190 2607 2605 2681 temperantiam
2654 2606 2943 2681 dividitur;
2996 2607 3084 2666 his
3137 2607 3367 2681 singulis
3427 2624 3535 2665 sua
3586 2608 3690 2665 reii-

2087 2702 2256 2769 dens,
2308 2701 2449 2759 sicut
2503 2717 2602 2775 per
2644 2700 2912 2773 justitiam
2963 2701 3077 2761 Deo
3130 2702 3303 2775 magis
3376 2718 3554 2773 quam
3605 2703 3689 2758 m-

2086 2792 2322 2849 minibus
2372 2791 2597 2850 obedire
2641 2794 3013 2867 disposuerat,
3062 2801 3119 2851 et
3155 2809 3259 2866 per
3307 2793 3684 2851 fortitudinem

2087 2897 2186 2941 nec
2232 2884 2504 2942 illecebris
2554 2884 2819 2954 emolliri,
2869 2901 2971 2943 nec
3013 2886 3259 2943 adversis
3307 2885 3497 2959 frangi
3551 2896 3692 2961 pote-

2085 2984 2203 3044 rat;
2252 2977 2334 3034 sic
2381 2992 2481 3050 per
2524 2978 2867 3049 prudentiam
2913 2986 3072 3036 caute
3113 2979 3608 3052 indignationem:
3638 2995 3694 3037 se

2085 3072 2289 3142 regiam
2336 3072 2687 3140 submovere,
2740 3080 2797 3130 et
2854 3088 2953 3146 per
3008 3073 3434 3145 temperantiam
3487 3073 3694 3130 humili-

2085 3163 2212 3218 tatis
2263 3161 2505 3233 regulam
2548 3166 2874 3237 modumque
2915 3164 3046 3221 viae
3093 3164 3149 3220 in
3200 3166 3354 3220 omni
3408 3166 3588 3222 verbo
3619 3165 3695 3221 vel

2085 3272 2250 3328 opere
2301 3270 2522 3314 servare
2574 3260 2872 3330 satagebat.
2921 3258 3029 3315 Usa
3083 3257 3319 3328 denique
3351 3257 3593 3316 consilio
3619 3260 3693 3315 sui

2087 3359 2428 3422 symmystae,
2461 3349 2654 3406 deiferi
2697 3351 2906 3407 scilicet
2946 3350 3214 3418 Amandi,
3247 3360 3417 3423 atque
3446 3354 3523 3408 ad
3568 3362 3687 3409 teni-

2086 3459 2186 3515 pus
2238 3442 2593 3500 dissimulans
2649 3442 2927 3500 immobile
2955 3444 3010 3499 in
3053 3443 3149 3500 Dei
3186 3445 3417 3501 servitio
3452 3446 3541 3501 sui
3578 3462 3686 3517 pm-

2086 3536 2322 3606 positum
2364 3537 2510 3603 voti,
2558 3544 2802 3590 acturam
2848 3550 2907 3592 se
2963 3552 3030 3592 ex
3087 3537 3191 3593 hoc
3234 3553 3365 3593 cum
3424 3538 3551 3607 ejus
3576 3554 3690 3592 cun-

2086 3627 2207 3683 silio
2251 3628 2337 3684 vel
2363 3630 2721 3699 permissione
2769 3630 2999 3703 spondet
3034 3632 3151 3703 regi
3196 3634 3345 3703 quod
3398 3634 3590 3688 utilius
3612 3631 3689 3703 ju-

2085 3719 2362 3776 dicaretur
2391 3720 2507 3778 fore
2544 3722 2670 3778 sibi.
2714 3721 2781 3777 Et
2826 3722 2955 3793 quid
3001 3721 3184 3777 multis
3228 3722 3687 3779 immorertenm

2085 3811 2161 3866 ita
2210 3826 2394 3882 regem
2434 3821 2744 3884 suSpeetum
2772 3812 3097 3870 reddidisset
3138 3814 3306 3870 veluti
3353 3813 3478 3885 ejus
3507 3815 3685 3871 volun-

2088 3905 2185 3960 tati
2229 3920 2424 3977 parere
2462 3905 2654 3974 vellet,
2685 3907 2740 3962 in
2790 3906 2993 3978 praedio
3040 3921 3174 3973 suo,
3218 3907 3324 3963 hoc
3356 3917 3443 3963 est
3480 3908 3539 3962 in
3578 3905 3689 3963 vilis

2085 3995 2303 4052 Baircio
2331 3996 2537 4069 (Boiry,
2555 4015 2713 4070 prope
2743 4000 2921 4053 urbem
2950 3998 3291 4072 Atrebatum)
3321 4001 3612 4071 opiparum
3638 4006 3686 4057 et

2086 4090 2247 4161 regiae
2280 4089 2605 4162 condignum
2636 4091 3048 4163 magniﬁcentiae
3093 4091 3319 4149 instruit
3359 4086 3680 4149 convivium.

2083 4180 2279 4237 Invitat
2344 4198 2466 4238 cum
2532 4183 2882 4255 optimatibus
2947 4198 3160 4255 regem,
3216 4196 3273 4240 et
3332 4185 3481 4240 inter
3530 4202 3683 4256 prau-

2084 4273 2320 4330 dendum
2360 4274 2473 4331 sale
2510 4275 2851 4337 conditorum
2896 4290 3083 4333 omnes
3124 4274 3372 4333 laetiﬁcat
3426 4278 3689 4332 suavitate

2084 4382 2418 4424 sermonum.
2485 4366 2783 4441 Postquam
2839 4376 3086 4440 exempta
3154 4368 3363 4436 fames,
3426 4376 3485 4423 et
3545 4381 3689 4422 amor

2084 4475 2428 4532 compressus
2479 4460 2671 4517 edendi
2696 4500 2713 4527 ,
2783 4469 2891 4515 tum
2954 4459 3123 4515 multo
3153 4458 3302 4515 clara
3380 4457 3688 4516 exhilarans

2084 4550 2333 4608 convivia
2376 4552 2617 4621 baccho,
2663 4552 2835 4626 surgit
2886 4561 2942 4606 et
2990 4567 3098 4606 non
3149 4550 3361 4621 trepide
3410 4550 3511 4607 sed
3566 4564 3686 4604 cum

2050 4652 2324 4709 stanter,
2384 4656 2494 4698 non
2549 4641 2731 4713 tepide
2777 4642 2875 4697 sed
2935 4640 3240 4708 ferventer,
3292 4657 3405 4697 non
3459 4641 3685 4713 segniter

372 4707 463 4801 ab
513 4707 640 4808 eo:
670 4742 782 4798 imo
823 4707 1049 4796 exaudit
1094 4707 1154 4797 ξι
1203 4738 1348 4794 illam
1393 4738 1603 4794 dulcem
1660 4746 1716 4795 et
1776 4707 2060 4808 ample.D
2085 4733 2181 4789 sed
2232 4707 2531 4807 sagaciter,
2583 4707 2687 4790 non
2732 4733 3067 4789 muliebriter
3114 4707 3687 4803 sedviriliter,‘quod

393 4834 646 4892 utendam
681 4830 1024 4889 Christicolis
1068 4829 1438 4902 evangelicum
1474 4843 1665 4885 vocem
1707 4844 1720 4881 :
1774 4826 1831 4883 Si
1865 4829 1983 4899 quis

396 4928 501 4987 Jul!
547 4937 661 4999 post
708 4942 791 4981 me
816 4925 1025 4990 venire,
1070 4924 1283 4995 abneget
1332 4921 1697 4993 semetipsum,
1737 4930 1785 4975 et
1834 4919 1985 4975 tollat

395 5039 600 5080 erucem
622 5037 808 5087 mat,
839 5031 889 5076 et
928 5029 1176 5090 sequatur
1211 5033 1292 5073 me
1336 5015 1553 5088 (Matth.
1585 5029 1698 5081 xw,
1734 5012 1846 5087 24).
1882 5014 1989 5081 Et,

395 5116 504 5185 Qui
556 5132 663 5170 non
712 5112 1083 5170 renuntiaverit
1133 5107 1372 5165 omnibus
1420 5123 1537 5178 qua:
1586 5107 1843 5176 possidet,
1883 5122 1987 5162 non

409 5214 565 5262 istest
605 5221 755 5261 usus
796 5220 909 5260 esse
939 5199 1230 5271 discipulus
1266 5197 1416 5269 (Luc.
1448 5213 1561 5266 xtv,
1586 5198 1700 5270 55).

996 5314 1127 5371 CAP
1137 5314 1226 5370 UT
1266 5312 1401 5369 VIII.

410 5409 623 5483 Nuptiis
662 5408 905 5465 secundis
952 5409 1195 5462 nuntiam
1242 5404 1479 5459 renittis.
1537 5400 1724 5457 Velut
1765 5401 1987 5459 assumit

1009 5494 1190 5535 eorum
1236 5490 1377 5546 rege.

473 5572 536 5630 in
579 5571 669 5628 his
715 5570 886 5627 sacris
929 5584 998 5627 ac
1045 5570 1303 5630 vitalibus
1357 5567 1544 5629 verbis
1576 5566 1751 5640 ﬁgens
1785 5566 1989 5625 ancho-

482 5692 1111 5770 (5'7_6)AAus_trebatensi_s
1167 5709 1366 5770 pagus,
1418 5692 1712 5770 Qstretoant
1736 5732 1750 5758 ,

420 5760 527 5816 rin'-
565 5760 939 5814 i-NudelI-tnr
965 5764 1142 5818 ﬂuviis
1171 5760 1379 5814 Sciron
1400 5804 1409 5816 η
1441 5763 1667 5816 δειλίη-ειη
1697 5772 1747 5806 Μ
1778 5760 1989 5814 Smltli-

2087 4835 2419 4898 conceperat
2467 4836 2679 4895 mente,
2734 4828 2947 4901 perﬁcit
2995 4840 3208 4900 opere:
3245 4827 3542 4899 primoque
3567 4825 3686 4881 scis-

2091 4916 2290 4973 citatur
2345 4934 2377 4974 a
2427 4935 2584 4993 rege,
2635 4920 2685 4976 si
2745 4919 3067 4975 concederet
3111 4919 3212 4974 sibi
3271 4920 3325 4973 in
3380 4921 3549 4975 domo
3601 4933 3686 4973 sua

2089 5011 2231 5081 quod
2286 5011 2451 5069 vellet
2499 5027 2660 5085 agere
2703 5012 2873 5067 libera
2908 5026 3093 5067 coram
3142 5027 3207 5065 eo
3264 5011 3341 5064 uti
3399 5019 3684 5080 potestate.

2090 5104 2185 5162 Ile
2224 5114 2406 5161 autem
2460 5105 2649 5160 annuit
2690 5119 2951 5177 propere,
2995 5112 3254 5176 reputans
3301 5105 3454 5173 quoi
3481 5112 3685 5171 sumpto

2088 5199 2313 5270 poculo,
2350 5206 2409 5253 ut
2441 5198 2607 5253 moris
2660 5205 2744 5253 est
2794 5197 3070 5271 pluribus,
3121 5197 3177 5251 in
3229 5197 3482 5265 cogendo
3511 5195 3686 5250 bibere

2089 5306 2152 5347 se
2203 5290 2285 5346 vel
2347 5290 2602 5345 convivas
2654 5304 2781 5345 suos
2844 5288 3065 5345 deberet
3104 5286 3408 5342 laetiticare.
3464 5289 3537 5339 At
3589 5284 3683 5346 illa,

2089 5384 2383 5440 secundum
2415 5374 2637 5439 salubre
2683 5383 2768 5438 sui
2815 5380 3177 5437 consiliatoris
3226 5379 3471 5435 Amandi
3514 5376 3688 5448 inclyti

2087 5476 2333 5548 praesulis
2381 5476 2704 5544 consilium,
2762 5490 2833 5531 ex
2882 5489 2982 5532 suo
3025 5474 3150 5533 sinu
3201 5469 3515 5540 prolatum,
3548 5470 3686 5523 invo-

2093 5578 2217 5624 cato
2255 5567 2514 5624 terribilis
2559 5566 2656 5622 Dei
2687 5566 2905 5625 nomine
2957 5573 3013 5621 et
3066 5562 3302 5628 auxilio,
3364 5561 3540 5631 capiti
3568 5574 3686 5627 sup-

2098 5692 2250 5747 varie
2296 5691 2556 5748 sentiunt.
2606 5690 2876 5763 Sepultus
2902 5696 2987 5763 88}
3030 5687 3097 5763 il;
3138 5683 3481 5743 ωουδειθτίο

2099 5763 2285 5814 nensi-
2337 5765 2581 5816 numde
2614 5751 2730 5814 ρίιῖς
2784 5760 3023 5816 ιοειίηιιίιιε
3064 5757 3302 5806 miacnm
3357 5768 3508 5809 amsﬂ
3558 5751 3680 5804 iiii
