3916 6424
163 455 273 513 837

1331 447 1492 508 VITA
1529 445 1824 506 SANCTIE
1861 439 2252 504 RICTRUDIS.

3339 443 3446 502 858

157 579 322 652 punit
375 577 490 646 ipso
527 589 654 646 rege
703 581 756 630 et
806 574 1016 630 cunctis
1060 565 1440 644 stupentibus,‘
1450 573 1563 644 jam
1593 574 1756 630 bene-
1783 577 1837 639 Α
1861 571 2036 628 eidem
2059 579 2178 626 erat
2207 585 2238 624 a
2259 567 2507 632 secretis,
2533 567 2696 640 elegit
2719 567 2876 622 valde
2897 581 3222 638 congruum,
3251 581 3444 620 mona-

163 673 374 729 dictum
419 669 494 724 ab
531 669 720 725 eodem
770 668 1022 740 pontiﬁce
1075 669 1274 724 velum.
1329 668 1448 736 Quo
1483 669 1628 724 facto
1662 683 1756 724 rex

159 763 248 818 ira
297 769 572 836 permotus
605 761 844 833 ingratas
889 760 1274 831 derelinquens
1297 761 1486 830 epulas
1531 761 1758 818 absces-

163 856 240 912 sit
277 870 310 912 e
355 854 634 922 convivio;
689 854 780 909 l'l-la
827 867 956 910 vero
1003 854 1218 926 jactans
1265 854 1556 927 cogitatum
1602 868 1758 910 suum

161 951 224 1005 in
279 949 539 1016 Domino,
593 957 760 1004 totam
811 961 870 1005 se
906 963 1144 1020 suosque
1183 947 1300 1016 ejus
1351 947 1624 1004 comnaisit
1672 961 1762 1002 ar-

159 1045 364 1112 bitrio,
410 1053 470 1100 ut
517 1045 588 1100 ab
636 1059 706 1100 eo
761 1045 1136 1100 enutrirentur
1191 1051 1245 1100 et
1299 1043 1612 1099 solarentur
1637 1040 1762 1096 ‘mi—

159 1140 428 1198 sericordi
483 1153 702 1212 semper
743 1141 958 1198 solatio.
1017 1140 1098 1196 Ac
1132 1139 1366 1212 primum
1419 1139 1761 1197 facultatibus

162 1243 220 1291 et
265 1233 696 1305 possessionibus
737 1233 838 1290 sibi
887 1233 1092 1290 relictis
1127 1233 1466 1290 ordinatione
1509 1233 1763 1305 prudenti

163 1329 500 1397 distributis,
563 1335 619 1384 et
667 1327 900 1400 spinosis
953 1327 1112 1398 hujus
1153 1327 1336 1384 saeculi
1380 1327 1526 1384 curis
1551 1343 1582 1382 a
1615 1335 1760 1383 terra

162 1421 344 1478 cordis
385 1421 468 1477 sui
517 1419 732 1492 penitus
781 1417 1128 1490 exstirpatis,
1158 1433 1280 1490 quae
1333 1428 1492 1474 antea
1544 1417 1598 1473 in
1631 1433 1761 1473 con-

155 1511 328 1587 iugali
371 1513 484 1570 vita
527 1511 736 1571 ferebat
783 1512 1154 1584 trigesimum,
1203 1512 1546 1584 postmodum
1589 1511 1766 1583 dupli-

161 1617 288 1664 cato
348 1607 590 1680 gemine
658 1607 894 1664 fructum
962 1609 1130 1678 coepit
1194 1609 1250 1662 in
1309 1607 1572 1662 viduitate
1618 1605 1763 1663 ferre

161 1699 558 1772 sexagesimum
591 1717 606 1754 :
641 1707 697 1755 et
724 1715 844 1770 quae
887 1699 1036 1770 prius
1071 1701 1198 1755 dum
1249 1699 1306 1755 in
1351 1699 1611 1755 membris
1641 1699 1757 1754 suis

159 1793 382 1851 Christo
430 1793 742 1852 ministrare
795 1802 1069 1867 satageret
1125 1795 1305 1852 fuerat
1357 1794 1602 1863 Martha,
1647 1795 1763 1867 jam

161 1901 320 1943 secus
365 1889 530 1960 pedes
565 1889 682 1962 ejus
731 1889 972 1945 residens
1007 1889 1276 1946 audiendo
1324 1897 1380 1945 et
1409 1890 1762 1946 custodiendo

1861 670 2086 724 sterium
2113 665 2328 721 scilicet
2351 665 2656 721 Marcianas
2679 673 2948 728 vocatum,
2974 665 3118 733 quod
3146 673 3214 714 an
3250 671 3441 716 eodem

1861 759 2118 832 pontiﬁce
2145 773 2308 829 super
2349 756 2570 812 ﬂuvium
2627 755 2792 812 Scarb
2825 755 3001 809 fuerat
3053 763 3443 810 constructum.

1860 850 1958 904 Cui
1980 849 2314 921 perficiendo
2333 859 2390 904 et
2413 847 2718 905 ordinando
2739 847 2886 902 idem
2905 847 3100 918 praesul
3119 845 3442 916 discipulum

1864 959 2022 1000 suum
2055 944 2374 1014 praefecerat
2413 943 2666 999 abbatem
2721 949 2972 998 sanctum
2994 939 3250 996 leuatum
3281 954 3444 994 vene-

1861 1036 2090 1092 rabilem
2127 1019 2328 1102 virum,
2372 1035 2528 1108 cujus
2583 1036 2762 1092 adhuc
2793 1035 2850 1089 in
2885 1035 3078 1090 eodem
3115 1033 3444 1088 monasterio

1862 1143 2080 1186 sacrum
2110 1143 2312 1201 corpus
2351 1129 2586 1184 habetur
2625 1125 3008 1185 reconditum:
3043 1127 3098 1181 in
3125 1135 3309 1197 quoet
3329 1140 3446 1182 mo-

1862 1222 2162 1276 nachorum
2192 1221 2438 1277 ordinem
2487 1221 2684 1276 beatus
2729 1219 3010 1276 Amandus
3037 1219 3230 1274 haberi
3255 1217 3447 1284 voluit,

1863 1313 2076 1385 sedjam
2097 1315 2276 1370 dictus
2301 1315 2469 1371 abbas
2495 1313 2934 1370 sanctimoniales
2955 1315 3136 1384 (prout
3152 1313 3256 1368 sibi
3267 1312 3448 1367 visum

1863 1404 2060 1478 fuerat)
2092 1407 2421 1478 aggregavit.
2449 1405 2606 1462 Hunc
2635 1421 2766 1477 ergo
2786 1405 2964 1462 locum
2987 1413 3120 1460 satis
3144 1413 3450 1475 Opportune

1865 1510 2134 1554 remomm
2181 1500 2278 1554 Dei
2332 1499 2532 1554 famula
2581 1499 2860 1554 Rictrudis
2894 1499 3142 1568 expetiit,
3193 1506 3358 1567 atque
3384 1496 3447 1550 Β.

1863 1591 2110 1648 Amando
2127 1595 2506 1648 consentiente
2529 1601 2586 1649 et
2609 1575 2751 1648 inter
2775 1607 2958 1663 regem
2985 1599 3040 1647 et
3065 1589 3238 1660 ipsam
3264 1603 3452 1644 recan-

1865 1684 2158 1740 ciliationis
2205 1684 2440 1742 oﬂicium
2495 1685 2772 1756 fungente,
2806 1700 2932 1740 cum
2969 1681 3252 1754 privilegio
3291 1680 3452 1748 regiae

1863 1781 2204 1836 auctoritatis
2231 1781 2458 1852 accepit,
2514 1791 2786 1852 quatenus
2819 1779 2892 1834 ibi
2925 1777 3050 1832 licet
3081 1777 3134 1831 in
3158 1774 3332 1846 fragili
3355 1788 3451 1843 po-

1865 1872 1968 1929 sita
1989 1888 2239 1944 corpore,
2277 1889 2569 1946 corporeus
2613 1871 2834 1930 fortiter
2861 1867 3334 1942 concupiscentiae
3359 1881 3452 1921 su-

163 1956 392 2034 verburn
451 1956 610 2036 illius
648 1979 791 2036 facta
844 1989 928 2037 est
976 1979 1165 2036 Maria,
1225 1981 1292 2037 Ει
1340 1983 1596 2052 quoniam
1647 1956 1836 2054 ipsoB
1865 1977 2100 2040 peruret.
2152 1969 2220 2024 Et
2273 1985 2380 2026 non
2419 1970 2524 2026 hoc
2559 1969 2919 2034 solummodo,
2968 1963 3327 2021 verumetiam
3357 1963 3454 2017 ad-

162 2079 456 2128 attestante
511 2091 532 2126 ι
569 2074 828 2146 optimam
879 2082 1088 2144 partem
1140 2089 1262 2146 quae
1315 2075 1384 2130 ab
1414 2090 1478 2132 ea
1517 2091 1626 2130 non
1666 2091 1762 2133 au-

161 2163 368 2221 feretur
407 2165 570 2238 elegit
625 2165 777 2237 (Luc.
822 2183 892 2232 κ,
946 2167 1062 2240 '52),
1125 2185 1143 2220 ι
1202 2167 1466 2240 Optimum
1519 2167 1759 2238 ejusdem

159 2256 338 2328 partis
379 2257 590 2314 dilectae
651 2265 705 2316 et
757 2259 944 2314 electae
997 2258 1278 2332 [mentium
1335 2259 1392 2316 in
1440 2273 1759 2332 recompen-

165 2351 378 2408 satione
417 2353 701 2426 percipere
757 2351 980 2410 meruit.

777 2519 1012 2578 CAPUT
1045 2520 1136 2577 IX.

310 2651 380 2712 Ut
417 2653 651 2710 habitum
688 2655 874 2710 utentis
897 2693 916 2722 ,
952 2656 1029 2712 sic
1067 2663 1234 2712 mutat
1272 2663 1320 2714 et
1356 2656 1608 2728 corporis.

240 2785 388 2843 Sane
416 2797 476 2842 ut
504 2787 650 2858 quod
695 2788 862 2844 homo
895 2789 1121 2862 gerebat
1155 2789 1406 2858 interior,
1444 2790 1757 2848 ostenderet

157 2897 386 2953 quoque
413 2881 696 2947 exterior;
741 2881 884 2938 sicut
921 2890 1227 2937 mutaverat
1255 2883 1500 2938 habitum
1531 2885 1752 2953 mentis,

159 2973 246 3030 sic
275 2981 448 3028 nutat
473 2981 528 3029 et
555 2973 820 3044 corporis.
861 2973 1158 3044 Pomposas
1177 2975 1392 3044 projicit
1417 2985 1598 3032 vestes
1626 2977 1752 3048 qui-

159 3065 267 3121 bus
317 3063 616 3120 ornabatur
661 3073 854 3136 nupta,
905 3067 1154 3136 eogitans
1201 3065 1496 3137 aliquando
1537 3083 1602 3123 ea
1629 3083 1754 3140 quae

160 3165 294 3210 sut
330 3156 516 3210 mundi
543 3156 818 3227 quomodo
865 3155 1108 3227 placeret
1124 3157 1268 3224 viro,
1291 3165 1347 3214 et
1380 3173 1488 3214 una
1515 3175 1641 3216 cum
1671 3159 1752 3216 eis

169 3248 396 3304 exuitur
419 3247 568 3304 omni
595 3247 774 3304 saeculi
797 3247 958 3319 hujus
981 3249 1388 3319 impedimento,
1413 3259 1472 3306 ut
1494 3253 1744 3324 quamvis

1861 2077 2058 2118 versus
2109 2073 2350 2119 rectores
2399 2063 2586 2118 mundi
2641 2063 2988 2120 tenebrarum
3019 2059 3230 2124 harum,
3261 2063 3451 2113 contra

1861 2156 2166 2227 spiritualia
2195 2157 2446 2228 nequitiae
2479 2155 2533 2210 in
2577 2155 2892 2212 cmlestibus
2914 2149 3278 2216 colluctando,
3305 2159 3362 2204 et
3387 2161 3452 2203 ea

1861 2257 2067 2320 pariter
2089 2265 2214 2304 cum
2241 2249 2442 2304 mundo
2466 2247 2812 2313 divincendo,
2843 2245 3176 2316 triumphum
3203 2241 3446 2297 victoriae

1859 2349 1916 2396 et
1935 2342 2202 2408 condigna
2234 2341 2552 2397 certaminis
2575 2340 2800 2412 praemia
2831 2354 2863 2397 a
2886 2353 3120 2412 superno
3135 2343 3443 2411 spectatore

1859 2440 2204 2506 exspectaret
2232 2449 2298 2490 ac
2323 2433 2653 2506 perciperet.

2475 2575 2706 2634 CAPUT
2741 2575 2834 2634 XI.

2285 2691 2464 2748 Filias
2499 2708 2626 2748 suae
2663 2691 2774 2748 Deo
2812 2699 3010 2747 socru.

1933 2803 2003 2863 Ut
2047 2815 2229 2864 autem
2272 2805 2342 2862 ad
2393 2807 2506 2862 haec
2535 2786 2772 2862 feliciter
2811 2803 3118 2879 peragenda
3149 2801 3448 2868 sufﬁceret,

1857 2899 2216 2970 omnibusque
2277 2898 2514 2969 exempli
2565 2899 2742 2972 gratia
2790 2915 2820 2954 a
2876 2907 3082 2972 quanta
3117 2897 3452 2969 perfectione

1858 2992 2328 3048 conversationem
2377 3007 2530 3048 suam
2577 2991 2862 3064 coepisset,
2889 2993 3066 3062 palam
3095 2990 3269 3058 ﬁeret,
3291 2991 3450 3062 juxta

1857 3083 1992 3140 illud
2055 3085 2432 3157 evangelicum
2475 3101 2489 3140 :
2524 3081 2720 3138 Luceut
2755 3083 2850 3140 tua:
2879 3093 3046 3138 vestra
3069 3099 3247 3138 coram
3278 3082 3450 3136 homi-

1857 3179 2032 3248 nibus,
2071 3187 2126 3233 ut
2155 3179 2358 3234 videant
2403 3189 2572 3235 uestra
2615 3179 2750 3234 bona
2778 3196 2934 3250 opera
2964 3189 3010 3234 et
3038 3177 3330 3252 gloriﬁcent
3355 3195 3450 3248 pa-

1858 3280 1988 3326 trem
2017 3282 2240 3326 oestrum
2269 3272 2360 3342 qui
2386 3271 2440 3326 in
2463 3271 2604 3326 caelis
2645 3281 2720 3326 est
2749 3269 2964 3343 (Matth.
2997 3269 3086 3344 v);
3137 3277 3259 3342 pust
3301 3268 3450 3340 abjc-

161 3339 446 3436 Ϋίάθτθιιπ
467 3341 648 3408 Vidua,
695 3341 750 3398 id
769 3351 854 3398 εει
878 3341 1076 3436 Ῠίιίνίεε
1104 3358 1136 3397 ³
1172 3343 1309 3408 Viro,
1335 3343 1454 3412 iam
1479 3361 1588 3401 ηοη
1611 3355 1756 3403 esset
1781 3337 1828 3404 θ
1859 3371 2016 3418 ctasa
2033 3379 2092 3419 se
2117 3379 2377 3418 onerosus
2403 3365 2731 3436 prmdiormn
2760 3373 2815 3418 et
2837 3337 3154 3418 divitiaruu‘i
3179 3337 3450 3428 sarcinas,

161 3434 337 3490 divisa
361 3435 564 3502 animo,
591 3437 686 3490 sed
718 3435 950 3492 sollicita
980 3451 1196 3508 semper
1218 3453 1338 3507 qua:
1365 3438 1578 3494 Domini
1606 3449 1751 3508 sunt,

159 3525 504 3585 solummodo
552 3531 824 3599 quomodo
869 3529 1108 3598 placeret
1135 3530 1264 3586 Deo.
1305 3531 1552 3588 Induitur
1571 3533 1748 3588 vidui-

163 3620 294 3674 tatis
314 3620 578 3686 vestibus,
601 3636 722 3692 quie
741 3621 858 3692 ipsa
895 3621 979 3677 sui
1007 3622 1188 3691 specie
1223 3631 1596 3680 monstrarent
1622 3639 1754 3680 con-

161 3721 425 3782 temptum
451 3713 635 3768 mundi
671 3713 850 3769 istius.
882 3713 1015 3768 Nam
1053 3713 1192 3769 sicut
1215 3713 1366 3770 albas
1389 3721 1572 3771 vestes
1601 3715 1756 3771 exal-

161 3806 354 3860 tationi
380 3813 436 3861 et
458 3805 684 3862 solemni
711 3813 1015 3877 congruunt
1035 3805 1258 3872 lzetitiae,
1287 3807 1360 3862 ita
1383 3807 1552 3878 nigrae
1573 3808 1751 3864 humi-

161 3895 368 3952 liationi
397 3907 451 3952 et
479 3896 692 3968 lugubri
718 3898 1050 3953 conveniunt
1073 3898 1328 3954 tristitim.
1359 3899 1487 3954 lude
1513 3909 1569 3955 et
1594 3907 1756 3972 caput

161 3989 308 4059 quod
353 3997 436 4044 est
469 3989 768 4059 principale
821 3989 1088 4060 corporis,
1124 3997 1262 4044 tetro
1291 3989 1506 4046 velatur
1529 3992 1751 4060 amictu,

161 4088 222 4134 ut
263 4079 564 4149 principale
606 4081 822 4144 animm,
850 4081 905 4134 id
937 4089 1022 4135 est
1057 4095 1212 4136 mens
1243 4080 1472 4136 velanda
1511 4083 1757 4153 signetur

159 4173 418 4228 maeroris
467 4173 887 4243 etptenitentim
945 4173 1113 4228 luctu.
1147 4173 1250 4241 Qui
1298 4190 1420 4228 cum
1453 4175 1636 4231 brevis
1658 4177 1749 4240 sit,

159 4275 238 4332 et,
271 4273 330 4320 ut
369 4266 444 4320 ita
471 4266 670 4331 dicam,
703 4273 1135 4332 momentaneus,
1195 4281 1314 4320 eam
1341 4277 1602 4338 operatur
1625 4284 1756 4324 con-

159 4361 482 4418 solationem
507 4361 576 4417 de
603 4375 710 4431 qua
737 4360 817 4414 ait
859 4359 914 4414 in
951 4359 1244 4430 Evangelia
1273 4361 1567 4415 Dominus:
1603 4361 1754 4416 Beati

157 4455 252 4524 qui
297 4451 506 4524 lugent,
559 4452 807 4524 quoniam
861 4453 962 4522 ipsi
980 4451 1393 4506 consolabuntur
1422 4451 1639 4523 (Manli.
1673 4453 1752 4524 v.)

159 4547 230 4602 Et
258 4555 316 4601 ut
335 4547 610 4617 quondam
635 4553 890 4614 expertas
939 4545 1184 4614 corporis
1221 4544 1527 4614 voluptates
1553 4553 1607 4599 et
1635 4559 1752 4598 mo-

155 4640 326 4694 lestas
347 4639 628 4694 evinceret
649 4638 954 4692 daemonum
989 4636 1380 4707 suggestiones,
1411 4651 1536 4691 cum
1565 4636 1752 4692 nimiis

1856 3468 1982 3530 post
2004 3459 2306 3530 professum
2338 3459 2450 3514 Deo
2493 3458 2774 3514 viduitatis
2804 3459 3220 3524 continentiam,
3248 3467 3302 3512 et
3331 3461 3452 3526 post

1858 3560 2135 3620 sumptum
2167 3559 2416 3604 sanctum
2447 3549 2877 3604 sanctimonialis
2917 3550 3132 3603 habitus
3163 3548 3448 3602 indumen-

1859 3647 1991 3706 tum,
2049 3641 2280 3712 seipsam
2325 3641 2700 3696 tantummodo
2734 3639 2990 3694 exhibere
3013 3638 3344 3694 oblationem
3367 3637 3452 3690 vi-

1854 3747 2001 3800 vam,
2054 3741 2322 3799 sanctam,
2375 3733 2591 3802 Deoque
2635 3731 2938 3802 placentem
3010 3745 3116 3785 non
3174 3737 3449 3795 contenta,

1855 3825 2020 3880 etiam
2054 3835 2232 3892 terrm,
2263 3827 2368 3882 hoc
2393 3835 2476 3882 est
2505 3827 2712 3882 ventris
2737 3827 2818 3882 sui
2849 3841 3038 3882 sacras
3061 3841 3126 3881 ac
3147 3825 3450 3896 praecipuas

1857 3927 2056 3974 sancta:
2083 3925 2140 3974 et
2161 3917 2449 3972 individua:
2472 3917 2722 3972 Triuitati
2751 3915 2910 3972 olfert
2935 3917 3228 3986 primitias,
3259 3917 3453 3988 pra-fa-

1861 4021 1944 4068 tas
1973 4012 2228 4068 videlicet
2258 4023 2368 4066 tres
2391 4011 2528 4066 filias
2554 4011 2816 4066 candidas
2833 4009 2998 4063 veluti
3028 4008 3306 4064 columbas
3329 4025 3454 4080 gra-

1857 4105 2095 4160 tissimas
2125 4103 2200 4158 illi
2229 4104 2346 4158 fieri
2373 4104 2577 4158 hostias
2609 4121 2622 4157 :
2650 4111 2708 4158 ut
2729 4101 2895 4158 corde
2924 4111 2979 4156 et
3000 4115 3226 4170 corpore
3252 4100 3448 4153 ituma-
3497 4163 3506 4170 _

1857 4197 2070 4254 culatas
2129 4205 2186 4252 et
2248 4207 2307 4252 ut
2365 4205 2682 4268 perpetuam
2721 4194 3090 4266 virginitatem
3141 4201 3448 4258 servantes,

1863 4306 1882 4340 ι
1927 4289 2164 4362 Agnum,
2213 4287 2443 4360 virginis
2487 4288 2679 4344 matris
2723 4287 2916 4354 lilium,
2963 4301 3286 4360 quocunque
3325 4286 3454 4342 ierit

1856 4387 2152 4448 sequantur
2201 4377 2384 4452 (Apoc.
2441 4393 2554 4444 xw,
2603 4377 2684 4444 4,)
2723 4397 2742 4432 ι
2791 4377 3105 4433 sinceritate
3141 4377 3324 4434 cordis
3349 4417 3366 4444 ,
3394 4386 3452 4434 et

1856 4471 2038 4526 carnis
2059 4479 2350 4525 vernantes
2373 4468 2506 4524 ﬂore
2531 4469 2749 4524 illibata:
2767 4469 3098 4542 virginitatis
3119 4469 3446 4538 incorpore,

1855 4579 1920 4618 ac
1959 4565 2195 4619 nitentes
2218 4564 2456 4634 puritate
2487 4563 2760 4620 inviolata:
2803 4565 3053 4620 veritatis
3082 4565 3136 4620 in
3169 4565 3354 4630 corde,
3391 4573 3452 4620 ut

1855 4658 1966 4713 sint
1991 4673 2206 4728 semper
2231 4657 2348 4712 sine
2393 4656 2604 4712 macula
2631 4667 2756 4712 ante
2791 4657 2884 4712 Dei
2919 4659 3194 4724 thronum,
3219 4668 3448 4712 cantau-

155 4733 354 4805 νίῧίιίίθ
399 4741 452 4787 et
493 4731 830 4788 "monibus
871 4729 1144 4822 09"lim'i5
1165 4729 1354 4785 crebr“
1381 4730 1587 4822 ιιιεοθηε
1607 4727 1748 4799 ieiu‘
1777 4720 1828 4784 D
1856 4765 1937 4810 tes
1963 4753 2012 4810 ei
2052 4753 2332 4810 canticum
2382 4769 2604 4819 novum,
2653 4753 2758 4808 hoc
2789 4762 2870 4808 cst
2899 4755 3196 4822 gaudentes
3233 4771 3354 4808 cum
3385 4767 3448 4808 co

153 4828 268 4892 nia,
297 4824 578 4894 elephorio
611 4822 868 4877 amicitur
893 4821 1129 4884 ciliciuo,
1169 4822 1322 4892 cujus
1343 4821 1580 4875 assiduis
1605 4835 1750 4890 pun—

154 4917 426 4972 ctionibus
453 4916 730 4970 edomaret
759 4915 996 4968 libidinis
1023 4914 1361 4984 punctiones,
1389 4923 1516 4968 etut
1539 4914 1746 4968 dictum

153 5019 242 5066 est
287 5025 316 5064 ιι
367 5019 548 5080 poeta,
603 5010 721 5063 sine
757 5007 954 5062 Cerere
999 5015 1051 5061 et
1087 5007 1286 5061 Libero
1334 5005 1510 5060 Venus
1548 5005 1743 5076 friget,

152 5113 324 5173 atque
351 5105 618 5159 veraciter
641 5115 764 5156 cum
797 5099 1084 5154 Psalntista
1111 5108 1336 5154 caneret
1368 5098 1542 5169 :-Ego
1568 5108 1746 5152 autent

151 5211 277 5252 cum
307 5197 436 5252 mihi
471 5195 672 5250 molesti
705 5203 870 5250 essent
905 5193 1168 5246 induebar
1196 5189 1390 5256 cilicio,
1419 5201 1465 5244 et
1494 5191 1745 5245 humilia-

153 5292 278 5346 bam
301 5293 354 5344 in
375 5290 586 5361 jejunio
621 5291 854 5344 animum
909 5303 1100 5353 nteant,
1127 5295 1172 5341 et
1200 5286 1370 5340 oratio
1399 5301 1516 5338 mea
1541 5285 1596 5338 in
1621 5287 1740 5338 sinu

97 5453 100 5456 .
155 5399 270 5438 meo
295 5393 620 5438 convertatur
641 5379 814 5452 (Psal.
849 5379 1060 5446 xxxrv.)

780 5529 1012 5592 CAPUT
1047 5529 1122 5588 Χ.

155 5675 462 5734 Marcianas
491 5671 863 5728 tnmtasterium
891 5671 1034 5752 eligit
1052 5667 1190 5753 ,μιῡὶ
1208 5663 1570 5738 spiritualibus
1593 5682 1746 5722 vaca-

751 5757 826 5797 γει
862 5753 1120 5797 emarcum

227 5889 430 5944 Locum
457 5901 584 5941 vero
622 5886 710 5940 ubi
749 5883 1120 5954 spiritualibus
1162 5881 1316 5936 daret
1339 5893 1558 5949 operam
1587 5891 1745 5934 excr-

151 5982 324 6050 citiis,
348 5996 474 6040 cum
491 5979 716 6038 consilio
739 5987 794 6038 et
819 5978 1022 6036 auxilio
1043 5975 1314 6046 saepedicti
1347 5973 1614 6047 prwsulis,
1647 5973 1740 6044 qui

1853 4847 1919 4904 de
1947 4847 2128 4904 carnis
2159 4847 2570 4916 incorruptione
2613 4845 2664 4900 in
2697 4855 3038 4916 perpetuum.
3091 4846 3244 4911 Quod
3273 4845 3446 4898 canti—

1850 4957 1974 4996 cum
2011 4941 2134 4996 licet
2163 4941 2368 5012 possint
2395 4941 2608 5005 audire,
2635 4955 2791 4994 nemo
2826 4951 3002 4994 tamen
3033 4937 3232 5008 poterit
3255 4939 3442 5008 dicere

1853 5045 2188 5100 sanctorum,
2207 5033 2310 5088 nisi
2331 5033 2418 5088 illa
2434 5033 2666 5086 candida
2687 5033 2842 5088 turba
2867 5029 3444 5088 incontaminatorum.

1855 5127 1982 5184 llaec
2009 5143 2136 5184 cum
2184 5125 2468 5182 verissime
2497 5127 2572 5180 ita
2591 5124 2720 5190 sint,
2764 5123 2946 5178 audite
2967 5127 3195 5176 obsecro
3216 5131 3272 5176 et
3297 5123 3445 5178 auri-

1851 5223 1957 5280 bus
1999 5220 2260 5292 percipite
2315 5233 2506 5276 omnes
2557 5219 2652 5289 qui
2699 5216 2916 5272 habetis
2960 5214 3216 5270 audiendi
3259 5227 3438 5296 aurea,

1853 5314 2050 5386 quibus
2073 5314 2254 5372 adhuc
2277 5311 2362 5368 fas
2381 5312 2558 5368 estad
2585 5309 2841 5380 angelicae
2867 5307 3146 5379 privilegia
3176 5306 3445 5364 castitatis

1855 5423 2162 5480 assurgere,
2215 5417 2272 5464 et
2323 5421 2430 5462 tam
2481 5404 2726 5476 praeclari
2763 5403 3106 5460 contubernii
3128 5402 3442 5458 societatem

1855 5505 2164 5574 acquirere,
2213 5509 2376 5571 atque
2431 5515 2554 5555 cum
2599 5500 2680 5554 eis
2711 5506 2820 5554 tam
2849 5497 3066 5554 dulcem
3091 5497 3212 5552 novi
3241 5497 3441 5552 cantici

1853 5599 2146 5656 melodiam
2185 5609 2500 5666 personare.
2561 5593 2878 5662 Properate,
2909 5591 3134 5655 currite,
3162 5590 3442 5656 festinate,

1855 5705 1920 5746 ac
1965 5703 2236 5746 memores
2283 5686 2470 5742 uxoris
2509 5682 2672 5751 Loth,
2729 5693 2876 5740 retro
2925 5683 3202 5753 respicere
3251 5681 3438 5738 nolite.

1854 5781 2104 5842 Putiduut
2147 5780 2422 5838 luxuriam
2451 5778 2642 5850 fugite,
2675 5777 2924 5834 carnales
2970 5774 3440 5846 concupiscentias

1851 5863 2316 5932 calcate..0mnis
2370 5887 2499 5927 caro
2547 5871 2755 5940 fenum,
2805 5881 2859 5925 ct
2906 5871 3084 5927 omnis
3120 5868 3290 5938 gloria
3323 5865 3442 5936 ejus

1853 5975 2110 6038 tanquam
2155 5962 2256 6024 llos
2307 5962 2436 6022 feni.
2475 5962 2602 6020 Haec
2654 5963 3024 6020 exhortatoria
3060 5960 3240 6016 cordis
3271 5955 3438 6014 vestri

2475 6131 2548 6156 ﬂ...
