3878 5396
446 560 551 614 859

1005 544 1346 603 HUCBALDI
1382 542 1545 600 ΜΟΝ.
1588 541 1645 598 S.
1686 540 1949 600 AMANDI
1985 542 2136 601 OPP.
2179 542 2360 598 PARS
2416 541 2459 597 l.
2495 570 2561 581 -η
2604 536 3183 631 HAGIOCRAPHlCh.

3616 531 3719 587 ειθ

450 667 734 733 penetrem
757 658 965 723 intima,
991 674 1110 728 quae
1126 673 1229 713 non
1248 673 1316 713 ex
1342 657 1478 713 meis
1512 657 1674 722 edita,
1707 656 1803 713 sed
1831 672 1898 713 ex
1921 672 2021 727 pa-
2050 662 2105 723 Α
2129 655 2447 713 muliebrem
2494 654 2771 726 superavit
2814 652 3086 718 affectum,
3132 664 3237 706 nec
3284 663 3446 720 passa
3490 654 3576 703 est
3622 648 3720 703 sibi

453 754 549 809 tris
577 751 862 826 Augustini
908 751 1145 807 doctoris
1184 750 1383 822 egregii
1406 750 1612 816 verbis,
1648 750 1845 820 quibus
1866 749 2033 818 virgi-

452 858 549 899 nes
570 844 841 910 hortatur,
858 852 985 899 sunt
1004 851 1248 899 mutuata
1266 841 1527 911 (Ancus-r.
1548 841 1612 895 de
1637 839 1698 896 S.
1733 840 1878 910 Virg.
1906 854 2027 909 cap.

450 932 563 1005 27).
592 952 611 985 ι
645 933 880 1004 Pergite,
922 933 1193 1004 inquiens,
1232 932 1403 987 sancti
1446 930 1539 985 Dei
1562 930 1789 1000 pueriet
1822 928 2031 1000 puellae,

451 1038 633 1078 mares
656 1038 722 1078 ac
739 1022 975 1091 feminae,
1001 1023 1225 1080 caelibes
1245 1032 1299 1078 et
1322 1023 1582 1093 innuptae,
1612 1020 1820 1092 pergite
1846 1033 2031 1091 perse-

451 1123 704 1171 veranter
737 1117 793 1171 in
845 1116 1027 1181 ﬁnem,
1076 1114 1289 1172 laudate
1327 1114 1615 1170 Dominum
1638 1113 1849 1169 dulcius
1870 1128 2033 1184 quam

455 1208 708 1278 cogitatis
733 1208 955 1265 uberius
979 1226 993 1276 ;
1027 1219 1243 1281 sperate
1265 1209 1477 1266 felicius
1489 1207 1805 1265 cuiservitis
1833 1207 2037 1263 instau-

456 1300 597 1366 tius;
626 1308 807 1356 amate
825 1301 1107 1356 ardentius
1134 1301 1222 1356 cui
1252 1300 1479 1371 placetis
1513 1298 1806 1364 attentius;
1838 1296 2036 1353 lumbis

454 1392 713 1449 accinctis
738 1401 795 1446 et
808 1391 1044 1448 lucernis
1060 1392 1377 1447 ardentibus
1403 1398 1716 1461 exspectate
1747 1388 2035 1445 Dominum

2134 747 2399 802 dominari
2428 745 2630 800 luctum
2654 744 2844 799 mortis
2872 743 3017 810 ﬁliae,
3045 741 3133 797 vel
3159 756 3285 797 esse
3310 740 3387 795 ibi
3416 738 3606 797 locum
3634 740 3724 794 tri.

2132 837 2311 903 stitiae,
2342 836 2434 893 ubi
2469 835 2667 892 natalis
2696 834 3000 890 celebratur
3042 833 3189 888 vitae.
3212 832 3303 899 Et,
3329 840 3393 886 ut
3416 831 3613 901 paucis
3633 832 3723 887 ab-

2133 930 2343 985 solvam
2373 929 2534 1000 digna
2561 926 2856 992 memoriae,
2885 925 3129 982 debitum
3158 920 3461 993 sepeliendi
3496 919 3725 976 officium

2132 1021 2432 1092 completur
2454 1020 2695 1076 ﬁdelium
2715 1034 2886 1086 more,
2908 1026 3118 1074 remota
3138 1017 3337 1074 charos
3360 1029 3495 1071 suos
3517 1014 3725 1085 lugendi

2135 1112 2544 1168 consuetudine.
2568 1110 2907 1168 Sic'exactus
2930 1119 3016 1167 est
3047 1108 3282 1179 primus,
3311 1106 3395 1163 sic
3435 1104 3721 1171 secundus,

2135 1204 2213 1261 sic
2246 1204 2437 1261 tertius
2463 1204 2805 1277 sequentium
2834 1218 2893 1260 se
2920 1201 3331 1258 solemnitatum
3358 1198 3504 1254 dies.
3533 1196 3725 1264 Quarta

2135 1298 2368 1369 denique
2395 1298 2718 1356 succedente
2751 1296 2839 1352 die
2864 1310 2973 1367 quo
3021 1301 3211 1350 sancta
3252 1290 3449 1348 recolit
3494 1290 3725 1345 Ecclesia

2135 1390 2564 1448 victimationem
2607 1380 2957 1461 parvulorum
2999 1402 3099 1457 pro
3143 1384 3364 1441 Christo
3412 1383 3486 1438 ab
3529 1381 3724 1437 Herode

455 1484 670 1557 quando
721 1484 906 1540 veniat
929 1484 998 1539 ad
1031 1485 1264 1554 nuptias.
1304 1484 1412 1539 Vos
1445 1482 1683 1540 atl’eretis
1711 1482 1778 1537 ad
1817 1483 2036 1553 nuptias
2132 1484 2499 1557 iugulatorum
2525 1524 2542 1551 ,
2594 1491 2651 1539 et
2698 1481 3065 1540 miserabilem
3123 1488 3364 1535 matrum
3427 1477 3724 1541 tristitiam;

453 1575 592 1645 Agni
622 1576 890 1631 canticum
915 1590 1112 1632 novum
1134 1577 1276 1645 quod
1298 1573 1583 1630 cantabitis
1612 1572 1667 1628 in
1693 1573 1920 1629 citharis
1947 1588 2038 1627 ve-

455 1667 605 1734 stris,
623 1669 810 1737 utique
837 1667 943 1723 tale
962 1667 1120 1738 quale
1143 1681 1302 1722 uemo
1327 1666 1526 1737 poterit
1552 1665 1733 1721 dicere
1745 1664 1850 1719 nisi
1871 1679 1984 1720 vos.
2013 1682 2031 1715 ι

456 1758 524 1813 Ει
554 1757 800 1828 sequitur
823 1766 945 1827 post
991 1772 1163 1828 pauca
1192 1774 1206 1810 :
1253 1774 1272 1807 (
1307 1754 1609 1826 Sequimini
1649 1769 1793 1820 eum,
1833 1754 1959 1824 quia
1984 1762 2040 1808 et

454 1849 597 1919 Agui
623 1865 750 1905 caro
781 1850 967 1920 utique
987 1850 1139 1919 virgo
1194 1859 1297 1905 est.
1326 1847 1627 1919 Sequimini
1663 1863 1788 1903 eum
1815 1848 2038 1919 virgini-

460 1946 568 1994 tate
594 1939 773 1995 cordis
800 1947 856 1995 et
877 1941 1059 1996 carnis
1082 1955 1408 2011 quocunque
1434 1940 1580 1996 ierit.
1613 1939 1754 2006 Quid
1779 1947 1865 1996 est
1891 1939 2036 1994 enim

2135 1577 2375 1649 prudens
2398 1574 2673 1633 Rictrudis
2700 1574 2882 1631 sciens
2904 1572 3032 1645 quid
3057 1571 3258 1643 cuique
3279 1569 3518 1625 deberet
3542 1568 3726 1638 impen-

2138 1671 2266 1728 dere
2295 1669 2542 1741 tempori,
2574 1676 2630 1725 et
2656 1667 2783 1739 quia
2813 1677 3024 1738 tempus
3053 1673 3110 1721 et
3147 1674 3401 1735 tempora
3443 1660 3564 1718 sint
3601 1660 3725 1716 cui

2138 1761 2219 1817 rei
2264 1758 2366 1816 sub
2402 1759 2564 1824 ccelo,
2606 1757 2838 1829 ideoque
2863 1757 3201 1828 distinguens
3229 1762 3455 1824 tempus
3480 1749 3724 1823 gaudendi

2138 1863 2194 1909 et
2235 1862 2446 1925 tempus
2490 1850 2678 1917 ﬂendi,
2713 1857 2839 1922 post
2861 1864 3144 1906 sacrorum
3172 1845 3522 1917 expletiones
3547 1852 3723 1915 myste-

2139 1946 2362 2010 riorum,
2386 1942 2581 2015 quibus
2615 1941 2685 1996 ad
2720 1940 2815 1995 Dei
2850 1939 3067 1996 laudem
3092 1938 3302 1993 eisdem
3341 1934 3565 1991 sanctis
3600 1949 3726 1989 mar-

457 2030 611 2099 sequi
643 2030 748 2085 nisi
786 2031 984 2085 imitari
1020 2032 1043 2085 ?
1086 2031 1213 2101 quia
1241 2033 1490 2088 Christus
1532 2046 1629 2103 pro
1662 2031 1817 2087 vobis
1846 2046 2039 2102 passus
2070 2025 2116 2085 B
2149 2037 2355 2107 tyribus
2383 2036 2557 2090 honor
2581 2032 2871 2088 exhibetur
2907 2046 3013 2086 non
3057 2027 3232 2095 dolor,
3273 2036 3530 2097 votaque
3559 2027 3731 2080 dantur

457 2128 560 2188 est,
595 2121 905 2193 relinquens
927 2123 1082 2178 vobis
1113 2124 1419 2195 exemplum
1453 2136 1514 2181 ut
1540 2125 1843 2197 sequamini
1880 2124 2046 2181 vesti-

459 2211 546 2284 gia
575 2210 692 2281 ejus
721 2213 775 2284 (Ι
806 2212 952 2269 Petr.
984 2229 1045 2278 ιι,
1078 2213 1196 2286 21).
1236 2236 1254 2267 ›

1059 2306 1286 2363 CAPUT
1328 2307 1439 2362 ΧΠ.

924 2399 1216 2455 Marcianis
1241 2418 1296 2456 se
1335 2401 1575 2457 recludit.

530 2492 802 2549 Rictrudis
850 2492 1013 2564 igitur
1068 2493 1162 2549 Dei
1195 2493 1366 2549 ﬁdelis
1396 2491 1595 2549 femina
1636 2507 1756 2563 qum
1786 2506 1845 2547 se
1875 2498 2045 2546 totam

460 2579 537 2635 illi
564 2581 618 2636 in
640 2592 825 2639 sancta
852 2583 1145 2639 devoverat
1171 2584 1522 2650 continentia,
1548 2591 1659 2639 tres
1673 2596 1887 2653 quoque
1906 2580 2046 2637 ﬁlias

462 2674 555 2729 uni
589 2673 931 2745 despondeas
956 2679 1076 2732 viro
1113 2676 1331 2733 Christo
1359 2678 1412 2733 in
1436 2685 1595 2734 aetate
1622 2677 1800 2733 adhuc
1831 2686 2043 2743 tenera,

462 2775 522 2820 ut
560 2764 701 2838 Agni
754 2783 967 2838 semper
1010 2779 1368 2839 sequerentur
1411 2769 1661 2842 vestigia,
1697 2779 1752 2825 et
1774 2769 2046 2824 canticum

463 2856 606 2926 quod
641 2856 731 2911 illa
771 2857 1029 2927 nequibat
1062 2858 1178 2929 jam
1205 2875 1305 2930 per
1323 2876 1404 2928 se,
1435 2876 1534 2932 per
1563 2876 1783 2917 suarum
1807 2860 2046 2916 citharas

464 2944 697 3001 ﬁliarum
728 2947 778 3001 ei
807 2946 1013 3004 faceret
1041 2966 1371 3021 personare;
1406 2952 1655 3008 omnibus
1684 2961 1797 3007 tam
1824 2951 2043 3023 sapien-

462 3042 546 3090 ter
566 3035 841 3107 dispositis
883 3049 938 3093 et
973 3041 1183 3096 cunctis
1222 3048 1385 3097 exuta
1407 3041 1589 3098 δεξιουιί
1623 3042 1789 3106 curis,
1822 3056 2048 3113 gymna-

464 3127 606 3182 sium
636 3130 1015 3186 monasteriale
1038 3131 1127 3187 ubi
1155 3132 1389 3189 stadium
1414 3133 1537 3188 vitae
1556 3131 1837 3203 praesentis
1866 3130 2049 3201 agoni-

2150 2124 2596 2181 cazremoniarum
2621 2137 2729 2178 non
2757 2122 3157 2193 lacrymarum;
3188 2134 3318 2176 cum
3347 2118 3463 2174 sibi
3509 2117 3726 2174 cata-is-

2145 2232 2249 2289 que
2272 2214 2773 2273 sanctimonialibus
2797 2212 2909 2284 jam
2945 2220 3136 2285 parata
3166 2220 3315 2269 esset
3360 2209 3602 2266 refectio
3626 2224 3727 2264 cor-

2144 2306 2357 2381 porum,
2401 2305 2491 2363 illa
2531 2304 2841 2362 convocatis
2880 2302 3149 2368 omnibus,
3193 2301 3271 2357 ait
3304 2320 3320 2357 :
3366 2299 3537 2356 Nunc
3577 2309 3729 2356 vestra

2145 2401 2381 2469 socialis,
2404 2415 2439 2457 o
2464 2400 2675 2458 dilectae
2716 2414 2951 2466 sorores,
2986 2398 3233 2454 charitas
3259 2404 3379 2463 eat,
3408 2405 3473 2451 et
3500 2395 3572 2451 de
3604 2394 3730 2450 dolis

2146 2492 2242 2547 Dei
2269 2506 2393 2547 cum
2425 2490 2727 2560 gratiarum
2757 2489 2971 2546 actione
2996 2488 3336 2560 participans
3363 2486 3641 2559 gaudeat;
3668 2500 3731 2539 ne

2147 2593 2328 2640 autem
2352 2583 2603 2654 exemplo
2646 2583 2987 2640 dominarum
3019 2597 3285 2647 mearum,
3319 2591 3581 2636 matrum
3617 2577 3732 2635 scili-

2151 2686 2239 2734 cet
2265 2677 2733 2734 sanCtissimorum
2764 2692 3058 2750 puerorum
3087 2676 3497 2743 innocentium,
3528 2689 3732 2747 quamn

2148 2770 2410 2825 hodierna
2429 2769 2518 2826 die
2546 2769 2790 2839 ploratus
2815 2778 2870 2825 et
2897 2767 3136 2826 ululatus
3160 2768 3389 2824 auditus
3412 2774 3513 2823 est
3536 2765 3732 2829 multis,

2147 2876 2325 2918 meam
2345 2875 2560 2932 quoque
2575 2859 2978 2917 innocentulam
3002 2859 3237 2930 quodam
3255 2858 3427 2914 modo
3456 2855 3630 2913 simili
3656 2856 3733 2910 hoc

2147 2961 2231 3009 est
2263 2952 2552 3008 inuuatura
2599 2960 2774 3008 morte
2822 2958 3148 3021 praereptam
3194 2948 3390 3019 lugere
3445 2947 3733 3019 permiuat.

2148 3044 2247 3101 His
2272 3045 2435 3101 dictis
2467 3044 2702 3101 amicum
2751 3041 2977 3098 maerori
3016 3040 3195 3098 locum
3243 3050 3535 3096 secretum
3579 3036 3735 3110 petiit.

2151 3143 2315 3205 atque
2340 3143 2400 3189 ut
2429 3143 2636 3191 natura:
2673 3132 3015 3204 competehat
3041 3131 3211 3187 dolori
3241 3130 3547 3188 satisfecit.
3574 3128 3619 3185 0
3642 3128 3739 3183 lau-

465 3218 639 3273 zando
664 3229 1027 3289 percurreret,
1058 3231 1114 3277 et
1155 3232 1347 3278 contra
1374 3222 1648 3278 diabolum
1679 3220 1932 3278 luctando
1957 3221 2053 3279 de—
2151 3225 2382 3281 dabilem
2426 3233 2480 3289 et
2514 3224 2833 3281 imitabilem
2881 3224 2937 3279 in
2984 3221 3296 3294 prudentia,
3337 3219 3735 3293 longanimitate

464 3317 720 3375 certaret,
754 3310 1183 3380 palaestricorum
1214 3328 1367 3370 more
1401 3313 1481 3369 sic
1506 3314 1649 3369 nuda
1679 3330 1749 3369 ne
1777 3314 1828 3368 in
1869 3312 2047 3385 alique
2151 3326 2206 3372 et
2228 3316 2487 3387 patientia
2518 3316 2796 3385 feminam,
2823 3332 2985 3387 quam
3012 3315 3237 3372 laudant
3280 3315 3340 3371 in
3378 3315 3566 3386 portis
3594 3329 3734 3383 opera

464 3404 533 3460 ab
558 3405 868 3462 adversario
896 3406 1133 3479 maligno
1161 3407 1332 3464 teneri
1355 3417 1558 3479 posset,
1587 3418 1643 3464 et
1691 3408 1812 3465 oleo
1833 3424 2048 3479 ~perun-
2073 3387 2120 3451 Ο
2150 3407 2296 3479 ejus!
2328 3422 2360 3460 ο
2392 3406 2674 3463 mulierem
2708 3406 2925 3473 fortem,
2967 3422 3089 3478 qua:
3120 3405 3178 3461 in
3213 3404 3483 3462 castitate
3529 3404 3737 3460 accinxit

463 3496 753 3566 ctagratiae
774 3494 1012 3553 caelestis
1035 3497 1351 3570 ingreditur,
1377 3500 1600 3570 etjuxta
1634 3499 1779 3571 quod
1804 3501 1875 3555 ait
1906 3500 2051 3570 Apo-
2156 3499 2469 3567 fortitudine
2512 3501 2726 3556 lumbos
2767 3515 2914 3566 suos,
2960 3507 3017 3555 et
3056 3499 3113 3554 in
3164 3499 3294 3555 boni
3344 3496 3735 3569 perseveranti:

465 3586 660 3654 stolus,
702 3587 758 3643 in
787 3603 958 3659 agone
979 3591 1308 3646 contendens
1333 3591 1402 3647 ab
1425 3592 1676 3648 omnibus
1703 3608 1763 3647 se
1794 3591 2051 3659 abstinet,
2086 3590 2095 3597 ’
2153 3592 2333 3661 operis
2375 3592 2651 3647 roboravit
2692 3592 2970 3648 brachium
3014 3607 3195 3659 suum,
3241 3591 3490 3663 ideoque
3529 3607 3638 3647 non
3668 3597 3739 3644 est

479 3691 685 3747 suoque
733 3678 978 3749 exemplo
1018 3679 1155 3736 ﬁlias
1185 3681 1367 3737 vivere
1390 3682 1600 3738 edocet.
1631 3683 1913 3740 Mauronto
1941 3684 2056 3755 pri-
2155 3685 2425 3741 exstincta
2459 3685 2513 3741 in
2540 3695 2699 3743 nocte
2726 3686 2947 3742 lucerna
2960 3685 3107 3756 ejus!

473 3769 749 3839 tuogenito
784 3785 885 3835 suo
906 3770 1079 3826 adhuc
1106 3773 1161 3827 in
1185 3772 1358 3829 laicali
1382 3774 1569 3830 habitu
1601 3776 1872 3844 regalibus
1896 3776 2054 3833 obse—
2752 3777 2979 3836 CAPUT
3018 3777 3158 3834 XIV.

470 3857 614 3927 quiis
664 3873 732 3913 ac
782 3859 1012 3930 negotiis
1056 3860 1383 3918 militaribus
1428 3878 1659 3934 corpore
1684 3865 1865 3936 potius
1890 3882 2052 3937 quam

470 3959 651 4007 mente
700 3952 935 4016 detento,
979 3951 1193 4025 de-quo
1223 3956 1278 4010 in
1326 3958 1679 4015 sequentibus
1718 3969 2052 4030 opportunus

470 4044 574 4098 erit
595 4043 748 4101 vobis
771 4059 974 4102 sermo.

1059 4136 1290 4195 CAPUT
1340 4137 1473 4195 Xlll.

631 4228 940 4284 Adalsindw
961 4229 1090 4299 ﬁlia:
1120 4241 1337 4287 mortem
1371 4233 1471 4303 fert
1499 4234 1881 4306 wquanimitcr.

537 4317 647 4373 Illis
695 4318 859 4390 igitur
884 4320 1070 4379 diebus
1110 4322 1341 4379 moritur
1387 4324 1706 4383 Adalsendis
1758 4328 2055 4385 novissima

468 4407 698 4463 ﬁliarum
728 4409 865 4479 ejus,
908 4419 965 4466 et
990 4427 1109 4482 quae
1153 4423 1427 4484 postrema
1471 4414 1648 4473 fuerat
1686 4419 1930 4491 ingressa
1969 4419 2057 4491 ja-

467 4514 632 4555 nuam
656 4501 781 4556 vitae
804 4505 1105 4572 praesentis,
1128 4507 1303 4575 prima
1338 4508 1636 4579 ingreditur
1657 4511 1877 4582 januam
1908 4528 2056 4569 mor-

466 4590 559 4644 tis.
607 4591 674 4645 Et
722 4606 889 4662 quare
937 4593 1167 4649 dicimus
1216 4597 1463 4664 moritur,
1514 4615 1639 4654 cum
1684 4603 2054 4658 anniversaria

469 4681 658 4737 circuli
686 4684 1027 4741 revolutione
1054 4687 1167 4757 ipsa
1195 4698 1539 4745 sacrosancta
1579 4690 1872 4750 Dominicze
1898 4694 2052 4751 Nati-

466 4772 649 4828 vitatis
704 4773 1079 4843 solemnitatis,
1124 4779 1339 4847 quando
1386 4778 1510 4834 huic
1565 4783 1765 4837 mundo
1816 4785 2054 4854 peccatis

2581 3868 2850 3924 Mauromi
2873 3871 2988 3940 ejus
3015 3868 3116 3939 ﬁlii
3147 3879 3258 3941 gest

2228 3960 2427 4018 Verum
2454 3962 2711 4034 quoniam
2746 3962 2798 4017 in
2830 3963 3265 4033 praecedentibus
3293 3962 3448 4019 beati
3481 3964 3587 4019 viri
3608 3962 3737 4016 Haa-

2157 4055 2301 4111 τοιηί
2331 4052 2473 4109 facta
2519 4063 2607 4110 est
2648 4054 2875 4121 mentio,
2904 4070 3011 4110 non
3052 4055 3122 4111 ab
3168 4067 3229 4110 re
3268 4054 3495 4111 videtur
3525 4056 3739 4111 breviter

2162 4147 2284 4217 quid
2311 4147 2645 4203 narrandum
2668 4146 2737 4202 de
2760 4162 2844 4203 eo.
2873 4146 2973 4203 Hic
3004 4149 3169 4219 igitur
3195 4148 3408 4219 egregii
3449 4147 3740 4205 sacerdotis

2157 4239 2354 4295 Christi
2404 4240 2645 4296 Richarii
2695 4240 2747 4295 in
2814 4241 3145 4311 baptismate
3189 4242 3500 4313 spiritualis
3550 4243 3741 4299 exstitit

2157 4330 2320 4388 ﬁlius.
2363 4332 2576 4388 Accidit
2620 4346 2750 4388 vero
2790 4331 3107 4402 aliquando,
3134 4342 3197 4388 ut
3247 4332 3400 4389 idem
3434 4333 3743 4391 venerabilis

2158 4424 2433 4480 sacerdos.
2455 4432 2563 4478 tam
2605 4438 2705 4494 pro
2731 4425 3019 4479 sanctitate
3047 4440 3213 4495 quam
3246 4426 3422 4481 etiam
3459 4443 3566 4498 pro
3606 4426 3743 4481 fami-

2158 4518 2415 4584 liaritate,
2450 4519 2669 4575 beatam
2715 4534 2858 4591 equo
2882 4528 3073 4576 vectus
3115 4520 3383 4577 inviseret
3418 4522 3743 4578 Rictrudca.

2159 4610 2400 4681 Cumque
2414 4619 2535 4682 post
2548 4626 2703 4666 sacra
2718 4610 2985 4682 colloquia
2998 4612 3199 4682 quibus
3214 4614 3428 4684 pariter
3438 4616 3630 4671 dulces
3640 4616 3745 4669 vita

2159 4702 2399 4758 caelestis
2432 4712 2779 4773 sumpserunt
2812 4702 3019 4772 epulas,
3050 4703 3136 4757 vir
3159 4704 3253 4758 Dei
3293 4721 3607 4762 conscenso
3626 4719 3746 4775 equo

2158 4794 2335 4848 redire
2346 4793 2503 4850 vellet
2523 4794 2589 4848 ad
2611 4795 2863 4865 propria;
2886 4794 3077 4849 eadem
3095 4811 3318 4866 quoque
3341 4797 3444 4854 Dei
3462 4798 3665 4855 fama];
3680 4800 3748 4853 di.

469 4872 684 4965 mortuo
705 4863 921 4965 advenit
947 4867 1240 4922 remedium
1265 4885 1372 4939 quo
1394 4885 1543 4965 mors
1568 4885 1693 4925 cum
1720 4888 1818 4928 suo
1839 4872 2056 4945 fugatur
2156 4882 2401 4940 lectionis
2417 4900 2575 4940 causa
2600 4863 2803 4941 adoiuo
2816 4885 3091 4956 paululum
3105 4863 3405 4960 progressa
3424 4902 3534 4960 est,
3552 4904 3748 4965 gestam

468 4957 736 5056 Ρξίηοίρθν
768 4957 883 5010 Ιιὶεο
912 4971 1018 5012 non
1065 4961 1426 5056 mortumsed
1456 4962 1635 5032 potius
1664 4962 1772 5019 luci
1822 4966 2054 5036 vitaeque
2157 4976 2209 5030 in
2229 4977 2532 5033 ulnissuum
2545 4979 2762 5049 quidem
2777 4957 3407 5052 naturaligeneratione,
3421 4957 3747 5043 illiusantm

470 5048 544 5150 sit
588 5048 751 5150 edita‘
779 5062 1052 5150 perpetuae
1080 5052 1367 5150 (577)iAt
1405 5056 1552 5150 bona
1596 5057 1869 5116 Rictrudis
1914 5061 2054 5118 inter
2163 5066 2427 5136 spirituali
2468 5048 2811 5140 generatione
2868 5048 3119 5141 ﬁliolum,
3147 5074 3268 5145 ejus
3315 5048 3517 5136 secuta
3544 5081 3749 5150 vestigia

474 5135 697 5242 adversa
724 5138 881 5196 fortis
907 5152 962 5242 et
982 5142 1307 5242 longanimis
1328 5147 1456 5216 quid
1485 5157 1613 5204 tunc
1638 5158 1823 5221 ageret
1847 5150 2058 5209 duabus
2165 5135 2565 5214 quatenusiose
2586 5176 2649 5210 na
2661 5163 2843 5214 rvulus
2860 5135 3241 5224 benedictione
3253 5135 3753 5242 muniretqu-

480 5228 585 5285 sibi
615 5234 1026 5286 occurrentilmg
1054 5233 1426 5288 ῃσρριίηηειηη
1456 5240 1617 5278 mam:
1650 5257 1654 5262 λ
1720 5241 1769 5248 --
