3878 5414
13 485 90 542 ΞΗ

1167 473 1319 530 γιτΑ
1362 464 1652 528 8ΛΝΟΤιΕ
1689 465 2076 525 ΒΙΟΤΒΙΙΒΙΞ.

3137 467 3241 522 8η

13 601 258 660 sacerdoti
309 608 362 657 et
407 599 566 656 matri
616 597 916 653 incusserat
971 593 1239 650 timorem.
1294 584 1558 644 Sacerdos
1587 585 1634 642 Α
1663 581 1924 645 mulcens.
1950 581 2191 651 pristinae
2238 581 2290 636 in
2323 579 2487 636 Deum
2529 579 2761 634 reddidit
2789 578 3071 634 alacritati.
3109 579 3242 634 Acta

14 691 226 762 lenique
263 689 362 744 sibi
402 697 457 744 et
499 704 686 758 puero,
716 694 888 740 mater
911 683 1176 739 sacerdoti
1209 681 1484 736 metuebat
1512 687 1567 732 et

14 783 108 836 ilio
141 800 154 834 :
182 790 235 836 et
263 779 391 852 quid
437 779 524 834 illa
555 786 737 848 ageret
772 775 950 840 anxia,
974 775 1084 846 jam
1119 788 1255 844 pene
1299 770 1567 826 exanimis

13 874 149 944 juasi
183 873 549 926 imminentem
590 886 698 940 prae
727 868 899 923 oculis
929 875 1178 937 spectans
1207 865 1396 920 adesse
1426 877 1566 918 mor—

13 975 130 1029 tem,
162 961 478 1018 offuscatum
511 959 765 1030 lacrymis
791 959 1070 1012 avertebat
1096 955 1324 1020 vultum,
1355 968 1423 1008 ne
1451 967 1567 1006 am-

13 1069 190 1108 :tornm
221 1053 380 1109 simul
407 1051 768 1108 miserabilem
804 1055 1049 1104 cerneret
1075 1061 1324 1102 occasum
1351 1063 1364 1100 :
1396 1043 1488 1100 sed
1517 1051 1574 1098 et

13 1146 204 1202 familia
237 1145 446 1210 ‘tristis,
493 1143 679 1200 dolens
727 1151 782 1199 et
828 1141 1034 1210 ejulans
1081 1137 1291 1210 magnis
1339 1137 1574 1194 instabat

13 1236 346 1308 plangoribus
365 1236 432 1290 ad
455 1235 606 1290 triste
627 1242 948 1304 congregata
969 1230 1354 1302 spectaculum.
1374 1228 1574 1284 Servus

13 1337 184 1381 autem
232 1327 358 1392 .Dei,
388 1341 456 1380 ne
506 1326 779 1380 laberetur
824 1339 986 1378 manu
1034 1331 1222 1378 tenens
1269 1319 1570 1392 parvulum,

13 1417 302 1470 arationem
359 1414 495 1469 fudit
541 1415 606 1470 ad
655 1413 940 1468 Dominum
991 1431 1003 1466 :
1058 1429 1161 1482 qua
1199 1411 1486 1482 completa,
1521 1419 1578 1464 et

13 1521 134 1574 puer
181 1506 248 1559 ad
299 1514 498 1561 terram
545 1507 754 1560 delatus
797 1513 880 1560 est
923 1505 1204 1559 incolumis
1251 1504 1405 1576 quasi
1441 1503 1578 1558 levis

13 1595 283 1651 advolaret
330 1595 561 1660 avicula,
604 1605 658 1650 et
707 1611 878 1664 equus
924 1595 1164 1665 pristinae
1209 1595 1448 1650 redditus
1496 1603 1580 1648 est

13 1685 409 1740 mansuetudini
440 1685 587 1739 velut
622 1685 738 1740 ovis
775 1683 1004 1754 placida.
1047 1685 1114 1740 At
1161 1693 1335 1740 mater
1363 1685 1578 1740 tandem

13 1784 224 1843 recepto
271 1775 462 1844 spiritu
495 1773 661 1828 ﬁlium
690 1788 905 1844 quoque
949 1775 1149 1843 recepit
1179 1790 1392 1838 sanum,
1436 1783 1489 1828 et
1525 1774 1577 1828 in

13 1865 144 1920 ulnis
193 1865 390 1920 levavit
419 1865 685 1920 ridentem
713 1877 734 1917 ξ
763 1865 948 1934 sicque
983 1873 1092 1918 tam
1139 1865 1330 1936 ingens
1363 1865 1580 1918 tristitia

1667 672 1859 726 deinde
1888 671 1956 726 ab
1981 673 2439 728 eodemantistite
2457 673 2742 728 missarum
2769 671 2992 727 solemni
3019 671 3245 728 celebri-

1671 771 1797 826 tate,
1824 777 1945 818 cum
1985 771 2042 818 et
2071 765 2183 834 ipse
2229 763 2538 820 Manrontus
2587 764 2825 819 adstaret
2871 765 2922 819 in
2971 767 3249 835 przesenti,

1670 857 1862 928 aspicit
1890 857 2205 926 saepedictus
2230 859 2453 912 antistes
2485 874 2638 928 apem
2663 868 2746 912 ter
2778 874 2972 928 gyrare
3001 859 3244 928 ejusdem

1670 949 1927 1004 verticem
1953 949 2076 1004 viri.
2101 943 2196 1002 Vir
2232 959 2409 1004 autem
2439 951 2547 1005 Deo
2575 950 2786 1020 plenus,
2813 951 3115 1022 intelligens
3143 960 3254 1008 sta-

1676 1042 1766 1096 tim
1795 1039 1922 1112 quid
1951 1043 2299 1112 portenderet
2341 1043 2500 1110 hujus
2531 1045 2852 1115 praesagium
2897 1045 3060 1115 signi,
3089 1045 3254 1100 advo-

1672 1143 1795 1188 cato
1841 1148 1905 1187 eo
1942 1121 2208 1198 hortatur,
2237 1141 2294 1186 ut
2328 1149 2488 1202 quant
2527 1133 2779 1189 celeriter
2809 1135 3054 1204 perﬁciat
3090 1151 3254 1206 opere

1675 1225 1818 1294 quod
1842 1225 1968 1280 olim
1994 1233 2050 1280 et
2091 1225 2178 1280 ille
2197 1225 2308 1296 jam
2342 1235 2580 1295 coeperat
2607 1227 2788 1292 corde,
2819 1235 2872 1281 et
2917 1228 3016 1282 sibi
3051 1229 3258 1284 revela-

1677 1323 1788 1370 tum
1813 1317 2104 1384 agnoverat
2127 1315 2237 1369 Deo
2261 1316 2498 1384 auspice.
2525 1315 2676 1382 Quod
2697 1326 2752 1372 et
2773 1317 2888 1386 ipse
2913 1331 3255 1390 nequaquam

1678 1407 1886 1462 distulit
1911 1407 2106 1462 facere.
2135 1407 2270 1462 Tum
2303 1409 2680 1464 sanctissimus
2710 1409 2950 1480 pontifex
2982 1410 3260 1466 Amandus

1679 1511 1802 1551 eum
1827 1495 1981 1564 juxta
2007 1512 2210 1552 morem
2239 1497 2663 1554 ecclesiasticum
2707 1500 3054 1566 benedicens,
3079 1502 3260 1558 decisa

1679 1585 1871 1655 capitis
1899 1587 2015 1656 ejus
2045 1601 2199 1642 coma
2239 1587 2294 1640 in
2339 1587 2595 1644 clericum
2647 1590 2900 1656 totondit,
2947 1601 3002 1648 et
3045 1607 3261 1666 corona:

1681 1677 1894 1746 signum
1924 1687 2137 1746 gestare
2180 1679 2329 1744 fecit,
2356 1693 2460 1748 per
2483 1681 2598 1735 inec
2633 1697 2754 1750 qute
2785 1682 3084 1752 agebantur
3116 1690 3266 1737 exte-

1685 1766 1817 1831 rius,
1863 1767 2096 1823 innuens
2139 1782 2258 1838 qua:
2304 1769 2496 1824 horum
2552 1771 2945 1840 signiﬁcatione
3001 1775 3269 1828 servanda

1684 1869 1861 1916 essent
1885 1862 2116 1918 interius
2165 1881 2178 1916 :
2211 1863 2419 1920 scilicet
2445 1875 2505 1920 ut
2546 1867 2831 1923 summitas
2877 1869 3146 1924 denudata
3179 1886 3271 1925 ca-

13 1957 58 2010 in
91 1971 350 2026 magnum
375 1955 592 2010 cunctis
615 1955 706 2026 qui
737 1955 962 2010 aderant
995 1971 1145 2010 versa
1183 1965 1268 2010 est
1305 1955 1579 2028 gaudium.
1613 1951 1656 2011 Β
1685 1953 1811 2024 pitis
1850 1969 1969 2010 esse
2013 1956 2153 2010 nuda
2185 1965 2238 2013 et
2269 1967 2454 2027 aperta
2500 1957 2611 2014 Deo
2653 1959 2916 2030 signiﬁcet
2957 1963 3134 2016 omnia
3184 1977 3272 2018 se-

13 2045 160 2112 Quod
189 2061 348 2100 nemo
373 2047 535 2100 debet
563 2045 838 2114 ambigere
877 2047 1175 2118 praestitum
1223 2049 1430 2103 meritis
1473 2065 1587 2102 am-

13 2137 222 2191 borum.
263 2136 328 2190 Et
355 2137 608 2206 quoniam
637 2146 780 2190 tanta
813 2137 906 2191 Dei
935 2139 1318 2209 omnipotentis
1355 2149 1437 2194 est
1475 2141 1588 2195 cle-

13 2225 236 2292 mentia,
265 2235 323 2280 ut
357 2227 496 2281 unde
525 2227 788 2296 malignus
819 2227 988 2281 hostis
1027 2228 1198 2281 inhiat
1233 2227 1412 2295 justus
1453 2239 1592 2284 atte-

13 2331 152 2382 rere,
179 2317 304 2373 inde
329 2333 422 2372 eos
451 2319 620 2384 magis
651 2318 928 2386 magisque
963 2319 1122 2372 faciat
1151 2319 1446 2388 proﬁcere;
1477 2321 1592 2374 inec

13 2425 227 2478 quoque
287 2409 514 2464 tentatio
566 2409 632 2462 ad
683 2408 980 2478 profectum
1038 2409 1296 2464 virtutum
1345 2411 1593 2478 provenit

13 2500 170 2556 beato
195 2501 330 2556 viro.
359 2499 494 2556 Nam
519 2511 770 2569 reputans
796 2513 976 2554 secum
1005 2501 1290 2554 Dominum
1317 2501 1594 2571 Deumque

13 2606 168 2646 suum
195 2592 324 2648 dum
361 2592 428 2646 ad
471 2591 690 2646 humani
731 2592 945 2663 generis
978 2599 1226 2664 pergeret
1273 2595 1595 2664 redemptio-

13 2697 156 2747 nem,
180 2683 254 2736 ad
287 2683 666 2737 insinuandum
695 2683 1014 2738 humilitatis
1039 2684 1340 2753 exemplum
1373 2701 1477 2739 non
1506 2701 1596 2740 su-

13 2773 178 2840 perbo
225 2772 526 2837 schemate,
579 2771 634 2826 id
681 2779 766 2827 est
815 2787 920 2828 non
969 2787 1108 2843 equo
1158 2775 1458 2842 phalerato,
1501 2776 1594 2830 sed

13 2871 182 2918 strato
213 2863 323 2918 sibi
370 2864 440 2918 ab
479 2864 738 2933 apostolis
773 2874 982 2920 vectum
1027 2865 1192 2919 asello
1231 2883 1242 2918 :
1293 2867 1404 2936 ipse
1429 2868 1594 2922 etiam

14 2965 194 3010 )ostea
221 2955 274 3010 si
297 2956 510 3024 quando
534 2957 760 3011 instaret
779 2956 852 3011 illi
874 2956 1066 3011 alicubi
1097 2957 1390 3014 necessitas
1412 2959 1593 3026 eundi,

13 3047 168 3102 tintili
197 3048 458 3118 exemplo
485 3045 690 3104 eodem
711 3064 840 3104 usus
869 3061 952 3104 est
980 3039 1294 3120 gestatOrio.

621 3157 848 3214 CAPUT
883 3159 996 3214 XV.

13 3247 339 3302 [laureatas
393 3249 600 3305 nuntias
632 3249 854 3320 fugiens,
904 3251 1166 3307 tondetur.
1191 3251 1411 3307 Corona:
1441 3251 1596 3307 cleri-

563 3320 694 3373 calis
722 3322 1057 3391 signiﬁcatio.

71 3411 386 3480 Postquam
413 3425 541 3466 vero
569 3411 634 3466 ad
665 3412 846 3466 viriles
874 3413 1119 3482 pervenit
1147 3429 1316 3469 annos
1344 3413 1482 3469 idem
1513 3429 1600 3468 ve-

13 3503 284 3558 nerabilis
314 3501 644 3568 Manum-tus,
673 3503 836 3572 regali
857 3504 1156 3567 adhznrens,
1183 3513 1241 3557 ut
1272 3503 1387 3571 ejus
1416 3520 1604 3574 posce-

13 3595 107 3649 bat
133 3592 416 3654 nobilitas,
447 3593 626 3658 lateri,
665 3595 833 3664 ipsius
859 3595 1127 3648 continuis
1154 3597 1236 3666 (ut
1267 3595 1467 3649 dictum
1499 3601 1601 3664 est)

13 3683 302 3754 obsequiis
325 3685 677 3753 mancipatus,
703 3684 867 3738 etiam
889 3684 1116 3738 vinculis
1141 3685 1430 3739 innectitur
1451 3701 1608 3755 spon-

13 3779 224 3832 salibus
249 3775 446 3848 (577‘).
478 3775 582 3831 Sed
609 3776 845 3831 carnalis
865 3775 1240 3832 ciliusamnris
1261 3775 1606 3844 voluptuosos

13 3875 66 3929 in
93 3873 306 3943 quibus
348 3873 512 3926 veluti
559 3873 748 3941 pedem
793 3882 1044 3942 posuerat
1091 3873 1248 3928 solvit
1295 3875 1604 3944 compedes,

13 3967 328 4018 animarum
365 3963 708 4018 lucrifactore
743 3965 988 4018 Amando
1030 3965 1259 4034 praesule
1311 3965 1359 4021 ei
1418 3981 1609 4036 sugge-

13 4063 170 4110 rente
193 4053 502 4125 spiritualis
533 4055 732 4108 amoris
759 4056 1053 4110 suavitates
1082 4065 1134 4109 et
1167 4063 1383 4110 aeternae
1405 4057 1605 4124 jucun-

13 4148 204 4202 ditatis
229 4146 569 4201 dulcedines.
597 4145 703 4200 Sed
729 4161 850 4200 cum
895 4161 1004 4200 sua:
1033 4147 1229 4201 utentis
1259 4157 1443 4200 votum
1485 4163 1609 4202 san-

13 4251 112 4293 cta
137 4237 428 4293 retulisset
459 4237 642 4302 matri,
673 4237 814 4306 quod
855 4251 1190 4306 nequaquam
1260 4253 1370 4291 suae
1421 4250 1612 4293 contu-

13 4332 206 4386 bernio
237 4345 460 4400 sponsae
495 4329 655 4384 vellet
687 4331 794 4395 uti;
825 4329 914 4384 illa
963 4339 1207 4385 metuens
1252 4347 1318 4384 ne
1349 4329 1488 4386 forte
1516 4347 1612 4400 per

13 4425 282 4493 abruptos
323 4421 562 4476 lascivia:
609 4421 906 4485 discursos,
947 4429 1006 4473 ut
1051 4422 1402 4489 quorumdam
1445 4421 1612 4474 moris

13 4525 94 4570 est
117 4515 416 4584 juvenum,
443 4513 604 4566 latam
627 4521 682 4566 et
707 4512 773 4566 ad
808 4511 1008 4566 inferos
1035 4513 1318 4566 ducentem
1343 4511 1611 4566 delibera-

13 4617 94 4662 ret
115 4608 268 4661 viam
299 4605 486 4673 sequi,
513 4605 748 4658 maxima
779 4605 1084 4674 percellitur
1114 4604 1372 4660 mmstitia
1401 4603 1562 4657 animi
1593 4643 1609 4670 ,

1691 2053 1839 2099 creta
1883 2045 2097 2110 cordis;
2151 2053 2207 2100 et
2251 2047 2510 2117 quidquid
2561 2039 2830 2119 cogiiatur
2872 2048 2956 2104 vel
2995 2051 3170 2120 agitur
3217 2051 3272 2106 in

1689 2133 1952 2200 occultis,
1999 2134 2172 2189 oculis
2217 2147 2404 2205 patere
2447 2147 2640 2193 cuncta
2688 2139 2991 2206 cernentis;
3020 2141 3274 2210 frequens

1690 2241 1819 2280 vero
1837 2227 2066 2282 resectio
2085 2228 2400 2296 capillorum
2417 2229 2635 2284 doceret
2649 2233 2942 2286 resecanda
2959 2232 3271 2302 frequenter

1693 2317 1952 2372 malarum
1991 2317 2258 2387 superflua
2297 2322 2702 2391 cogitationum.
2746 2323 2919 2378 Decus
2949 2340 3162 2396 quoque
3184 2341 3277 2380 co-

1693 2422 1842 2460 ronae
1871 2415 2158 2478 utrumque
2188 2411 2539 2480 exprimeret,
2565 2421 2618 2466 et
2648 2413 3060 2478 summitiaram
3092 2431 3274 2470 sacer-

1692 2495 1854 2562 dotis,
1901 2505 1956 2551 et
2003 2498 2197 2568 regalis
2245 2499 2490 2554 diadema
2536 2501 2812 2572 dignitatis
2861 2521 2874 2556 :
2925 2511 2984 2558 ut
3029 2517 3126 2573 per
3159 2505 3274 2560 hare

1695 2599 1878 2646 nosset
1906 2589 1972 2645 ad
2011 2591 2189 2661 regale
2234 2592 2505 2662 pertinere
2543 2607 2600 2648 se
2631 2595 3015 2662 sacerdotium,
3061 2611 3270 2651 necnon

1695 2689 1750 2737 et
1777 2690 1899 2751 post
1942 2683 2208 2754 expletam
2238 2683 2570 2740 diversarum
2615 2687 2971 2741 tentationum
3014 2688 3280 2744 sufferen-

1698 2773 1848 2838 tiam,
1874 2783 2035 2845 atque
2067 2776 2119 2829 in
2168 2775 2250 2831 his
2278 2775 2648 2846 probationem
2695 2792 2792 2848 per
2837 2781 3174 2848 patientiam,
3218 2797 3278 2837 se

1697 2867 1892 2920 merito
1939 2875 2316 2936 perceptarum
2360 2869 2484 2924 vita:
2527 2879 2744 2926 ceterum
2791 2887 3042 2926 coronam
3089 2888 3118 2926 a
3169 2873 3279 2928 Deo

1698 2961 2045 3031 diligentibus
2069 2977 2129 3017 se
2171 2963 2571 3032 repromissum.
2599 2963 2749 3032 Quod
2778 2973 2830 3019 et
2874 2965 3014 3020 idem
3056 2977 3278 3020 sanctus

1698 3052 1784 3106 vir
1819 3050 2131 3107 llaurontus
2157 3069 2264 3107 non
2293 3053 2460 3108 solum
2489 3069 2552 3108 ex
2602 3054 2800 3110 salubri
2833 3055 2991 3124 hujus
3030 3055 3276 3126 praesulis

1703 3145 2018 3211 traditione,
2061 3147 2155 3201 sed
2201 3147 2363 3202 etiam
2411 3161 2480 3200 ex
2528 3155 2712 3201 sancta
2760 3155 2960 3200 sanctze
2991 3146 3286 3215 Scriptura:

1702 3239 2000 3308 suscipiens
2029 3249 2083 3295 et
2111 3241 2387 3294 memoriae
2418 3238 2802 3293 commendans
2833 3237 3066 3292 lectione
3093 3248 3149 3292 et
3188 3238 3282 3290 ad-

1627 3321 1672 3382 C
1705 3333 2022 3396 monitione,
2073 3333 2278 3387 studuit
2324 3333 2667 3387 devotissime
2721 3342 2778 3385 ut
2815 3333 3031 3386 assiduo
3069 3347 3286 3401 semper

1705 3422 1952 3490 impleret
1994 3437 2174 3491 Opere.
2219 3421 2413 3476 Factus
2443 3437 2674 3490 namque
2711 3421 3052 3490 postmodum
3100 3421 3284 3482 levita.

1704 3511 1878 3565 eidem
1908 3511 2110 3564 nomini
2137 3519 2190 3565 et
2219 3509 2394 3565 oliicio
2421 3510 2684 3579 condigna
2730 3509 3045 3578 morigerari
3077 3511 3288 3565 curavit

1707 3600 2112 3654 conversatione
2149 3609 2204 3653 et
2239 3601 2368 3652 vita.
2417 3597 2485 3651 Et
2522 3607 2580 3651 ut
2611 3596 2754 3651 clara
2798 3599 2974 3652 editus
3011 3600 3284 3670 prosapia,

1707 3691 1847 3760 regis
1874 3705 2085 3760 quoque
2116 3689 2406 3759 przeclnrus
2437 3687 2586 3742 fulsit
2613 3688 2665 3741 in
2710 3687 2852 3751 aula,
2884 3689 3027 3757 regia
3055 3689 3289 3742 honora-

1711 3791 1798 3837 tus
1837 3781 2000 3846 bulla,
2039 3790 2222 3852 utpote
2261 3779 2494 3850 prudens
2543 3777 2787 3833 notarius
2839 3777 3096 3851 regalium
3152 3795 3290 3850 pra:-

1712 3885 1993 3947 ceptorum
2014 3873 2362 3930 conscribens
2390 3873 2583 3927 edicta.
2606 3871 2702 3925 Cui
2729 3872 2891 3926 etiam
2916 3872 2980 3925 ad
3011 3887 3292 3940 capessen-

1710 3967 1838 4022 dum
1867 3966 2356 4034 cumulandnmque
2384 3972 2585 4018 sancite
2613 3963 3044 4017 conversationis
3080 3963 3290 4017 emolu-

1711 4067 1974 4120 mentum,
2005 4065 2248 4110 sanctum
2280 4055 2450 4109 sancti
2491 4054 2593 4108 viri
2641 4053 2818 4107 Amati
2861 4053 3095 4122 episcopi
3148 4053 3290 4108 Deus

1711 4148 1859 4202 addit
1929 4147 2206 4216 collegium
2271 4163 2282 4198 :
2336 4145 2424 4214 qui
2485 4146 2670 4199 beatus
2717 4145 2799 4198 vir
2858 4144 3060 4198 electus
3109 4152 3163 4198 et
3203 4161 3297 4198 su-

1711 4239 1964 4293 blimatus
2011 4239 2078 4292 ad
2125 4237 2491 4308 cpisc0patum
2548 4235 2696 4290 urbis
2731 4234 3270 4303 Sidunensium(578

1713 4343 1776 4382 eo
1805 4337 2043 4395 tempore
2072 4342 2176 4395 quo
2213 4325 2580 4400 Theudoricus
2612 4339 2704 4377 rex
2739 4324 2974 4392 iniquam
3001 4323 3296 4376 exercebat

1715 4419 2076 4490 tyrannidem,
2119 4416 2462 4471 insimulatus
2509 4415 2642 4470 falso
2690 4417 2840 4486 quasi
2872 4417 2936 4468 de
2975 4415 3292 4470 inﬁdelitate

1715 4509 1852 4579 apud
1901 4509 2097 4580 ipsum,
2128 4508 2180 4562 in
2225 4508 2430 4562 Perona
2484 4509 2812 4563 monasterio
2857 4507 2959 4562 sito
3003 4509 3054 4562 in
3100 4509 3296 4577 oppido

1717 4602 2154 4665 Virmandorntn,
2195 4601 2278 4655 cui
2311 4611 2528 4654 sanctus
2561 4609 2790 4668 praeerat
2833 4599 3000 4653 abbas
3045 4598 3293 4660 Ultanus,

13 4711 358 4767 rursumque
397 4698 566 4766 poscit
591 4693 890 4750 Amandum
931 4695 1198 4750 medicum
1243 4695 1606 4750 morbidarum
1637 4692 1688 4750 D
1715 4692 1896 4747 subire
1933 4691 2116 4759 jussus
2161 4695 2248 4742 est
2289 4688 2558 4742 exsilium.
2605 4688 2806 4742 Deinde
2849 4697 2968 4757 post
3017 4703 3296 4756 excessum

14 4793 286 4847 mentium
313 4799 660 4846 succurreret
685 4789 806 4844 sibi.
831 4789 932 4856 Qui
961 4789 1264 4844 Marcianus
1295 4789 1610 4854 adveniens,

15 4885 234 4942 lenibus
291 4883 508 4951 sibique
543 4883 685 4937 notis
719 4883 1004 4938 verborum
1055 4881 1308 4939 fomentis
1353 4897 1472 4938 eam
1523 4883 1615 4936 de-

87 5086 268 5156 (577')
293 5085 533 5156 Hujusce
563 5083 662 5134 locu
691 5085 1010 5156 sententiam
1043 5080 1112 5156 ita
1139 5079 1374 5156 reddidit
1405 5077 1616 5156 Surius,

19 5147 176 5224 quasi
203 5147 500 5224 [tequidem
543 5151 810 5218 Sponsnlia
855 5149 1496 5224 :ttltttiserit_.\_lattrontus,
1527 5147 1620 5224 sed

21 5219 264 5280 oblatam
295 5219 420 5276 sibi
453 5236 706 5289 sponsam
755 5221 1110 5275 recusaverit.
1145 5219 1468 5274 Mauronlus
1525 5219 1625 5271 istc.

21 5293 445 5366 distinguendus
489 5300 582 5366 est
629 5305 666 5366 a_
719 5290 998 5366 lflaumnto
1046 5289 1294 5366 silrurum
1357 5289 1620 5354 regiarum

23 5360 370 5414 IM’nranln-a
403 5362 456 5403 in
489 5360 604 5402 Vim
727 5360 961 5398 "inluni-ii
1020 5373 1114 5390 nn“

1720 4785 1780 4839 Β.
1832 4783 2010 4838 Ultaui
2063 4781 2290 4836 traditus
2336 4789 2418 4834 est
2466 4779 2688 4849 prtel‘ato
2737 4779 2826 4834 bei
2875 4777 3077 4832 famqu
3121 4779 3300 4831 abbati

1719 4875 2026 4940 Mauronto,
2072 4883 2131 4926 ut
2165 4889 2288 4928 eum
2328 4870 2584 4926 custodite
2614 4871 2959 4940 ntanciparet.
2987 4869 3042 4921 in
3072 4881 3170 4922 suo
3209 4870 3314 4936 qui

1728 5068 1836 5124 quo
1883 5060 2122 5124 tempore
2161 5047 2272 5116 jam
2325 5044 2644 5124 cenjugntus
2695 5051 2826 5124 erat.
2862 5039 3196 5124 blant-untur:
3212 5037 3318 5124 ille

1729 5107 2024 5177 ﬁalatinué.
2055 5107 2376 5173 Madrontus
2405 5107 2533 5167 vero
2560 5112 2660 5165 iste
2695 5113 2922 5166 necdum
2953 5117 3130 5159 natus.
3149 5107 3320 5177 Deni-

1885 5175 2220 5252 Mauroutus,
2267 5187 2537 5265 silvarum.
2572 5181 2856 5265 [lugebam
2889 5184 3097 5265 custos:
3142 5175 3320 5265 factus

1729 5244 2139 5320 estmonachus
2169 5244 2272 5312 sub
2301 5252 2539 5310 Richarii
2565 5244 2849 5320 disciplina
2899 5247 2953 5320 in
2995 5244 3131 5320 (Lella
3173 5245 3324 5320 (Iris:

2329 5329 2337 5338 '
2367 5323 2474 5360 -υ-ΙΙα
2501 5338 2514 5350 ο
2549 5319 2632 5354 Ιιῖιι
2677 5311 2807 5352 ‘I'nr-n
2853 5315 2952 5350 eu"
3001 5311 3042 5352 ς
3101 5315 3322 5351 Alﬁo-Ind:
