3916 6428
157 412 270 472 845

1337 407 1488 461 VITA
1531 401 1821 462 SANCTE
1866 403 2253 462 RlCTRUDlS.

158 543 228 581 ea
259 527 477 578 diverso
501 523 970 590 modo,quatenus
1014 531 1041 570 a
1085 518 1171 571 tati
1210 525 1554 571 revocaretur
1597 513 1742 568 desi-
1774 513 1818 574 Α
1849 513 2122 581 confundit
2191 521 2412 568 matrem
2480 529 2629 570 suam
2691 512 2870 586 (Pror.
2917 522 3089 589 xxix).
3163 516 3429 590 Attditqne

160 617 343 671 derio.
370 614 460 668 Illa
493 621 673 669 autem
697 612 909 667 cunctis
946 608 1171 662 multum
1219 605 1486 660 constmti
1551 604 1749 658 renite-

159 707 332 761 batur
359 705 610 774 alloquio.
639 702 740 770 Qui
773 704 896 756 dum
923 697 1268 752 inflexibilem
1309 695 1426 766 ejus
1465 699 1752 750 cernerent

160 798 431 860 animum,
490 792 649 848 matri
696 790 960 866 dederunt
1024 786 1333 848 consilium,
1375 793 1434 838 ut
1483 784 1626 838 illam
1681 780 1750 835 ad

160 891 410 959 cupitum
439 887 617 941 redire
663 882 1004 954 permitteret
1051 880 1252 934 locum.
1300 878 1454 945 Quod
1483 886 1539 931 et
1580 884 1752 930 mater

161 978 362 1033 annuit
393 977 519 1030 licet
550 974 740 1038 invita,
778 971 1084 1039 religiosam
1116 968 1258 1022 illius
1286 965 1749 1022 conversationem

161 1070 435 1124 su-soriis
465 1068 729 1122 roborans
776 1063 1020 1126 monitis,
1065 1061 1280 1130 Deoque
1324 1059 1574 1130 precibus
1629 1069 1749 1110 eam

162 1160 557 1218 commendans
585 1155 776 1212 sacris.
796 1153 928 1220 Qum
954 1151 1043 1206 ditt
1075 1150 1380 1206 desiderato
1405 1148 1575 1219 potita
1598 1152 1752 1199 voto-

165 1268 292 1308 rum
318 1249 533 1313 effectu,
555 1261 678 1302 cum
706 1245 850 1300 omni
877 1257 973 1297 sua
999 1239 1284 1312 plebicola,
1308 1246 1529 1307 accepto
1551 1236 1748 1290 iterum

164 1351 362 1400 sancto
388 1357 498 1398 suto
519 1340 756 1412 proavite
774 1350 1002 1406 corpore
1015 1349 1136 1388 cum
1159 1330 1482 1387 venerandis
1510 1327 1751 1397 reliquiis

163 1444 502 1495 sanctorum,
533 1430 728 1500 gaudio
760 1426 915 1498 plena
943 1424 1012 1480 ad
1058 1422 1441 1480 monasterium
1475 1418 1752 1490 repedavit

166 1526 533 1581 Hamaticum.
558 1523 744 1592 Ibique
772 1519 1070 1591 angelicam
1095 1530 1260 1586 agens
1291 1515 1455 1569 vitam
1481 1515 1533 1568 in
1566 1511 1746 1575 terris,

167 1620 226 1673 in
269 1617 460 1672 mediis
484 1615 654 1684 ipsius
682 1610 1056 1667 adolescentiae
1075 1608 1233 1664 anuis
1271 1606 1480 1678 rapitur
1507 1604 1574 1659 ad
1629 1603 1750 1657 tha-

165 1711 372 1764 lamum
424 1706 607 1776 sponsi
637 1703 892 1765 caelestis,
955 1715 1044 1766 ne,
1095 1699 1237 1755 sicut
1265 1697 1395 1753 dicit
1442 1695 1745 1765 Scriptura,

165 1799 377 1854 nniitia
431 1801 666 1851 mutaret
722 1793 1053 1848 intellectum
1125 1787 1260 1858 ejus,
1325 1797 1419 1842 aut
1479 1800 1548 1842 ne
1599 1785 1744 1839 fictio

1852 603 2188 674 Scripturam
2243 607 2554 662 dicentem:
2633 606 2788 663 Filiae
2840 610 2933 664 tibi
2977 621 3119 677 sunt,
3184 627 3430 667 cottserra

1851 712 2036 767 corpus
2053 696 2264 752 illarum
2283 698 2468 769 (Eccli.
2482 701 2600 770 vn).
2625 700 2957 772 Quinipotius
2976 703 3175 757 Idcirco
3189 701 3332 758 illam
3347 717 3431 759 sc-

1850 802 1971 842 cum
1995 803 2212 843 manere
2229 790 2520 854 desiderat,
2545 799 2600 844 ut
2615 792 2727 846 suis
2747 808 2865 846 eam
2881 794 3217 862 potissimum
3237 795 3432 850 exhor-

1851 880 2149 935 tationibus
2185 890 2241 935 et
2263 883 2526 952 exemplis
2549 883 2614 936 ad
2640 883 2962 954 perfectiora
2990 886 3272 956 provehat.
3296 886 3429 942 Filia

1850 987 2067 1043 quoque
2087 972 2204 1044 ejus
2225 973 2478 1038 Eusebia,
2513 974 2637 1030 licet
2673 977 2883 1032 caelesti
2941 978 3052 1046 regi
3083 978 3153 1032 sit
3203 978 3432 1048 despon-

1850 1071 1990 1125 sata,
2045 1075 2151 1116 non
2210 1070 2390 1118 tamen
2442 1064 2655 1118 beatam
2712 1064 2915 1141 tumide
2965 1075 3286 1136 aspernatur
3339 1078 3436 1122 aut

1851 1152 2077 1221 despicit
2104 1161 2354 1216 matrem,
2407 1168 2530 1208 eum
2558 1155 2640 1208 sui
2696 1154 2881 1224 sponsi
2938 1154 3045 1211 tale
3077 1157 3288 1212 noverit
3314 1172 3436 1212 esse

1849 1243 2088 1299 edictum
2121 1262 2135 1298 :
2183 1242 2399 1299 Honora
2423 1255 2623 1314 patrem
2652 1255 2699 1299 et
2741 1257 2987 1310 matrem,
3044 1255 3100 1300 ut
3139 1246 3210 1300 sis
3241 1246 3438 1316 longit-

1849 1353 1941 1390 otts
1962 1353 2122 1405 super
2145 1346 2341 1391 terram
2365 1335 2564 1408 (Exod.
2602 1337 2718 1408 xx),
2755 1337 2848 1391 sed
2873 1337 2925 1392 in
2956 1337 3072 1392 visu
3105 1337 3291 1408 gratia'
3319 1337 3438 1406 ejus

1849 1427 1941 1497 qui
1973 1426 2115 1480 illam
2144 1426 2344 1482 annulo
2373 1442 2472 1482 suo
2503 1426 2945 1493 subarrbaverat,
2976 1426 3201 1497 ejusque
3232 1428 3438 1483 solum-

1847 1519 2009 1575 modo
2062 1519 2294 1591 llagrans
2340 1519 2648 1585 dilectione,
2702 1519 2899 1576 nullius
2949 1520 3174 1577 alterius
3214 1522 3437 1586 amoris,

1847 1628 1947 1669 nec
2011 1629 2122 1669 sua:
2191 1613 2408 1684 quidem
2455 1613 2645 1669 matris
2706 1615 2958 1669 allectum
3008 1613 3111 1668 sibi
3185 1613 3432 1669 exhiberi

1847 1705 2081 1767 volebat.
2133 1721 2201 1760 ne
2255 1721 2313 1761 se
2365 1705 2448 1761 vel
2497 1707 2548 1760 in
2614 1707 2826 1762 modico
2878 1707 2946 1761 ab
2992 1707 3138 1762 insiti
3206 1706 3437 1762 fervoris

1855 1808 2041 1851 amore
2071 1795 2397 1865 sejungeret.
2431 1795 2537 1852 Sed
2559 1806 2614 1852 et
2635 1784 2805 1853 frater
2831 1797 2998 1867 ipsius
3026 1797 3226 1853 Christi
3255 1798 3442 1853 minis-

165 1891 447 1959 deciperet
499 1887 732 1942 animam
781 1885 924 1939 illius
955 1902 967 1938 :
993 1892 1049 1939 et
1078 1889 1449 1938 consummata
1502 1879 1554 1934 in
1599 1878 1748 1934 υτογί
1782 1869 1827 1930 Β
1857 1893 1938 1940 ter
1958 1885 2274 1941 Maurontus
2295 1899 2399 1939 non
2423 1885 2568 1950 odio,
2592 1901 2696 1940 non
2720 1887 3060 1952 crudelitate,
3087 1902 3238 1942 suam
3257 1887 3440 1958 ﬂagris

163 1980 406 2050 explevit
437 1987 675 2047 tempora
701 1975 866 2031 multa
903 1973 1055 2046 (Sap.
1086 1973 1183 2044 iv),
1241 1970 1434 2042 placita
1470 1970 1612 2024 enim
1638 1977 1756 2023 erat

166 2070 279 2124 Deo
303 2070 481 2123 :mima
513 2068 655 2122 illius
705 2082 720 2120 :
771 2074 992 2137 propter
1034 2065 1137 2120 hoc
1188 2061 1497 2134 properavit
1526 2062 1756 2117 educere

166 2162 317 2215 illam
351 2161 416 2215 de
441 2159 621 2214 medio
653 2157 1015 2227 iniquitatem.

743 2249 970 2306 CAPUT
999 2248 1181 2303 XVIII.

541 2341 833 2412 Objectioni
863 2338 990 2408 facit
1017 2340 1144 2394 satis
1167 2347 1370 2392 auctor.

246 2422 530 2487 Enimvero
566 2440 788 2502 propter
816 2429 1052 2499 ineptam
1113 2427 1470 2497 quorumdam
1520 2423 1752 2498 garruli-

169 2534 339 2580 tatem
396 2524 521 2578 libet
550 2521 824 2593 paulisper
869 2520 1184 2575 exacuando
1239 2518 1420 2574 stilum
1463 2515 1752 2588 protelare,

162 2633 278 2686 quo
320 2615 534 2668 illorum
618 2610 993 2683 pet-fodiantur
1040 2610 1236 2682 lingute
1303 2610 1394 2679 qui
1461 2610 1756 2678 loquuntur

164 2703 632 2772 adversnsjustos
663 2702 1003 2772 iniquitatem
1049 2701 1102 2755 in
1151 2699 1402 2770 superbia
1450 2709 1504 2753 et
1552 2700 1604 2752 in
1660 2698 1757 2752 ab-

168 2799 366 2851 usione
404 2793 576 2866 (I’sal.
609 2810 738 2859 xxx,
765 2793 852 2864 19)
892 2792 1029 2864 :qui
1085 2801 1293 2864 pommt
1346 2792 1397 2845 in
1445 2789 1638 2845 coelum
1692 2803 1754 2842 os

160 2904 345 2952 suum,
383 2889 507 2942 dum
538 2887 616 2942 eis
651 2885 941 2940 detrahere
996 2899 1101 2939 non
1159 2893 1436 2947 verentur,
1505 2883 1595 2952 qui
1643 2879 1751 2951 jam

158 2980 404 3050 exempti
435 2981 498 3034 de
526 2977 777 3042 terrenis,
809 2991 929 3032 cum
957 2975 1065 3032 Deo
1095 2977 1151 3031 in
1180 2975 1496 3031 coelestibus
1526 2989 1754 3044 regnare

158 3074 416 3125 credunt.
441 3070 602 3124 Aiunt
631 3070 775 3124 enim
808 3069 994 3140 stroph
1033 3085 1058 3122 s
1107 3075 1540 3123 commentantes
1567 3064 1753 3133 hujus-

161 3161 356 3215 modi:
389 3161 466 3214 En
502 3160 690 3230 quales
739 3158 825 3214 isti
861 3160 1116 3214 dicuntur
1152 3175 1271 3214 esse
1325 3160 1527 3213 sancti!
1581 3166 1753 3213 mater

161 3253 446 3306 innoxiam
472 3251 776 3322 insequitur
806 3251 972 3306 filiam
1018 3253 1130 3307 Deo
1178 3252 1410 3307 militare
1460 3251 1748 3316 volentem,

163 3345 277 3398 tilia
315 3345 455 3399 sicut
481 3345 689 3398 hostem
720 3345 798 3399 sic
829 3343 1103 3414 propriam
1132 3353 1447 3398 exsecratur
1471 3352 1523 3398 et
1558 3341 1754 3414 refugit

162 3444 396 3488 matrem
435 3449 449 3486 :
478 3434 617 3489 [ilius
648 3443 821 3489 matre
847 3442 1211 3489 consentanea
1240 3446 1480 3486 sororem
1513 3429 1750 3501 refugam

161 3533 446 3596 asportato
471 3524 610 3580 clam
635 3526 788 3595 signo
813 3523 1080 3595 proditam
1113 3523 1403 3578 dirissimis
1432 3523 1575 3576 velut
1624 3521 1750 3576 furti

164 3630 318 3671 ream
346 3614 516 3670 afﬁcit
563 3615 880 3671 verberibus
936 3629 1073 3685 pene
1128 3629 1300 3684 usque
1343 3614 1410 3668 ad
1498 3625 1746 3669 mortem.

161 3707 341 3776 Quam
369 3706 471 3763 etsi
503 3722 608 3764 non
639 3708 824 3763 statim
861 3707 1107 3778 perimit,
1160 3705 1320 3776 longo
1382 3714 1562 3761 tamen
1604 3705 1754 3761 dolo-

164 3820 290 3859 rum
336 3803 580 3859 eruciatu
665 3804 944 3858 tabescere
1022 3800 1171 3857 facit.
1221 3799 1470 3857 llaeccine
1537 3809 1752 3856 sanctos

169 3899 398 3967 Deoqne
418 3897 646 3967 placitos
678 3895 968 3951 elﬁciuut?
1017 3910 1137 3965 quae
1193 3894 1246 3948 in
1302 3893 1422 3948 istis
1467 3893 1748 3956 sanctitas,

161 4005 290 4058 qum
314 4003 437 4058 pax,
469 4003 588 4058 qua:
618 3985 902 4042 Charitas?
934 3985 1074 4053 Quid
1126 3999 1256 4054 ergo
1284 3999 1386 4039 nos
1438 3993 1544 4038 tam
1578 3983 1749 4038 insani

164 4079 364 4149 capitis
384 4078 690 4134 hominibus
721 4075 1212 4147 respondebimus?
1259 4073 1303 4129 Ο
1323 4073 1488 4129 stulta
1541 4089 1751 4130 vesauze

167 4173 368 4228 mentis
403 4169 754 4241 arrogantia!
787 4171 832 4226 0
863 4169 1047 4225 rabida
1097 4169 1366 4224 fatuorum
1422 4183 1528 4223 non
1571 4168 1749 4222 homi-

167 4279 322 4329 num,
351 4264 444 4319 sed
478 4279 671 4319 canum
702 4262 1030 4318 oblatratio!
1067 4260 1195 4330 quid
1243 4260 1462 4315 dabitur
1503 4269 1597 4314 aut
1621 4259 1750 4330 quid

167 4365 468 4427 apponetur
544 4357 611 4411 ad
692 4356 930 4425 linguam
993 4353 1259 4418 dolosam,
1352 4353 1452 4408 nisi
1542 4354 1750 4424 sagitta:

166 4448 604 4518 potentisacutte
633 4446 809 4519 (Psal.
834 4463 982 4509 cxtx,
1023 4446 1100 4517 ὅ),
1126 4445 1178 4500 id
1203 4452 1306 4510 est,
1333 4445 1622 4500 verborum
1655 4444 1748 4499 Dci

166 4538 556 4607 omnipotentis
587 4537 802 4608 jacu'a,
849 4553 915 4592 ex
973 4546 1288 4592 sanctarum
1343 4535 1548 4606 prolata
1596 4534 1745 4590 Scri-

164 4602 447 4700 ptura-rum
474 4602 726 4700 pharetra
747 4670 762 4694 ,
795 4644 915 4700 quae
943 4635 1051 4682 tam
1083 4635 1210 4683 sunt
1261 4602 1524 4693 efﬁcacia,
1559 4636 1617 4682 ut
1642 4643 1747 4683 non
1783 4602 1828 4661 θ

165 4736 327 4790 modo
369 4751 462 4790 ora
498 4735 762 4805 loquacia,
792 4735 884 4790 sed
924 4735 1040 4806 ipsa
1071 4749 1283 4806 quoque
1327 4735 1531 4789 tumida
1558 4737 1751 4789 'trans-

167 4830 338 4900 figant
359 4830 558 4884 corda?
588 4829 666 4884 Ac
687 4829 921 4900 primum
940 4829 1073 4883 tales
1105 4828 1426 4899 Evangelico
1451 4827 1749 4899 percellen-

163 4932 254 4975 tnr
281 4921 514 4976 tonitrtto
545 4939 558 4976 :
601 4919 800 4986 Nolite,
830 4920 1025 4991 inquit,
1046 4920 1295 4990 judicare
1337 4930 1509 4975 etnon
1535 4921 1751 4990 judica-

163 5013 366 5076 bimini,
401 5013 558 5068 nolite
600 5014 946 5068 condemnare
981 5024 1034 5067 et
1100 5029 1205 5066 non
1269 5013 1748 5067 condemnabimini

167 5103 387 5174 (Matth.
419 5121 515 5170 vn,
558 5105 636 5176 l),
669 5114 774 5159 etc.
808 5104 1004 5160 Audite
1043 5104 1086 5159 si
1121 5105 1344 5174 potestis
1397 5113 1453 5159 ct
1503 5105 1749 5159 animad-

160 5193 376 5248 vertite.
433 5193 710 5249 Rictrttdis
754 5202 930 5249 mater
965 5201 1151 5248 sancta
1198 5209 1304 5248 non
1353 5191 1516 5246 filiam
1569 5207 1749 5262 perse-

159 5285 346 5355 quitur
365 5287 674 5353 innocuam,
721 5285 816 5341 sed
855 5283 973 5352 ejus
1039 5285 1384 5338 immaturam
1443 5284 1751 5338 considerat

159 5385 396 5440 aetatem,
431 5377 610 5432 sciens
641 5377 764 5446 quia
802 5375 981 5431 omnia
1006 5385 1214 5446 tempus
1255 5375 1476 5440 habent,
1528 5384 1578 5430 et
1607 5375 1748 5444 quod

160 5467 306 5520 onmi
325 5469 761 5539 negotietcmpus
778 5468 872 5532 sit,
885 5476 938 5522 et
951 5466 1232 5537 quoniam,
1246 5473 1306 5520 ut
1321 5465 1750 5534 sapientissimus

159 5559 238 5612 ait
280 5556 582 5612 Salomon:
639 5556 778 5611 Puer
827 5556 916 5627 qui
971 5555 1257 5614 dimittitur
1304 5553 1562 5609 voluntati
1615 5570 1745 5617 sate,

229 5709 376 5778 (582)
416 5710 492 5764 Ha
528 5710 804 5782 exemplar
841 5707 1246 5782 Marcianeuse:
1279 5711 1367 5779 qui
1400 5710 1746 5782 characteres

156 5781 522 5852 cltrtmuiogici
567 5780 762 5836 desunt
795 5782 932 5852 apud
977 5781 1215 5852 Surium,
1267 5789 1322 5835 et
1371 5780 1577 5834 insitiui
1625 5795 1744 5835 esse

163 5851 435 5920 videntur,
459 5853 532 5908 uti
563 5862 614 5908 et
643 5853 734 5922 qui
764 5851 985 5909 inferius
1017 5854 1082 5909 de
1106 5853 1166 5908 S.
1195 5851 1468 5908 Rictrudis
1503 5859 1660 5909 aetate
1690 5861 1742 5907 et

1859 1985 2076 2048 torquet
2125 1993 2460 2048 germanam,
2512 1977 2605 2032 sed
2659 1977 2893 2033 fraterna
2948 1979 3126 2049 potius
3173 1979 3442 2034 charitate

1857 2069 2009 2139 quasi
2031 2069 2374 2128 insolentem.
2395 2079 2450 2124 et
2471 2069 2553 2140 (ttt
2579 2070 2649 2123 ita
2680 2071 2881 2126 dictum
2912 2070 3006 2141 sit)
3032 2070 3195 2128 veluti
3227 2075 3441 2142 parenli

1856 2158 2276 2225 inobedientem,
2309 2171 2368 2214 ut
2399 2160 2510 2230 ipsa
2539 2160 2797 2230 poscebat
2833 2171 2966 2216 mtas
2997 2163 3228 2232 castigat
3266 2163 3442 2218 infan-

1855 2248 2044 2313 tulam,
2086 2249 2262 2305 sciens
2316 2251 2577 2321 scriptum
2631 2269 2644 2305 :
2705 2250 2810 2317 Qui
2861 2254 3030 2324 parcit
3090 2255 3266 2323 virgtv,
3331 2256 3440 2309 odit

1856 2340 2026 2409 filium
2050 2340 2233 2410 (Prov.
2267 2356 2386 2406 xttt,
2417 2342 2531 2413 24).
2568 2343 2634 2397 Et
2662 2344 2786 2412 quia
2818 2346 2964 2414 rirga
3007 2355 3162 2416 atque
3191 2348 3442 2400 correctio

1856 2426 2086 2480 tribuum
2115 2429 2424 2499 sapientiora
2453 2428 2632 2500 (Prov.
2667 2446 2816 2495 xxrx,
2844 2433 2951 2503 15).
2987 2434 3052 2488 Et
3082 2435 3209 2504 quid
3244 2437 3441 2490 mirum

1857 2519 1901 2574 si
1942 2528 2116 2574 mater
2137 2521 2352 2576 ctlilius
2375 2522 2610 2578 humano
2627 2523 3111 2594 ﬁtllunturjudicio
3151 2528 3202 2582 in
3228 2545 3440 2584 sacram

1857 2611 2200 2682 corripiendo
2257 2613 2539 2684 virginem,
2608 2615 2923 2687 ignorantes
2969 2619 3143 2674 adhuc
3203 2619 3438 2674 divinam

1857 2703 2168 2771 qttzeinerat
2213 2705 2286 2760 ἰιιί
2317 2706 2567 2776 gratiam,
2619 2721 2742 2762 cum
2793 2709 3071 2777 propheta:
3122 2711 3296 2765 sancti
3357 2711 3437 2765 sit:

1858 2795 2148 2864 aliquando
2182 2809 2247 2849 ex
2273 2811 2370 2851 suo
2400 2795 2694 2850 humanam
2752 2797 2907 2868 quasi
2966 2811 3030 2852 ex
3098 2797 3192 2853 Dei
3244 2799 3438 2868 spiritu

1858 2888 2139 2957 proferant
2176 2889 2537 2944 sententiam?
2570 2888 2800 2946 Cessent
2825 2906 2984 2962 ergo,
3025 2899 3240 2947 cessent
3276 2890 3442 2945 stulta

1857 2979 2147 3034 stultorum
2181 2980 2488 3050 vaniloquia
2531 2999 2544 3035 :
2574 2995 2678 3036 non
2711 2982 2854 3036 enim
2889 2991 3141 3051 poterunt
3169 2981 3438 3054 assignari

1857 3070 2110 3140 operibus
2147 3071 2477 3140 iniquitatis,
2518 3087 2638 3142 qua:
2675 3073 2943 3142 prodeunt
2989 3085 3053 3127 ex
3091 3073 3275 3127 radice
3311 3074 3441 3126 cha-

1859 3163 2054 3228 ritatis,
2077 3163 2187 3231 ipsa
2217 3171 2510 3217 attestante
2537 3162 2797 3226 Veritate,
2823 3176 2943 3232 qua:
2965 3161 3096 3217 dicit
3126 3177 3140 3216 :
3171 3161 3231 3217 Si
3256 3162 3440 3216 oculus

1855 3261 1976 3304 tuus
2030 3251 2189 3320 fuerit
2236 3251 2498 3323 simplex.
2561 3262 2726 3305 totum
2780 3268 2968 3323 τοι-μαι
3023 3261 3171 3305 tuum
3205 3251 3440 3306 lucidum

1855 3343 1950 3396 erit
2004 3342 2218 3413 (Matth.
2252 3344 2353 3416 γι).

2442 3434 2668 3490 CAPUT
2707 3434 2846 3489 XIX.

2351 3525 2483 3580 Item
2513 3526 2606 3580 alii
2641 3527 2936 3596 objectioni.

1923 3617 2003 3672 Ad
2027 3618 2129 3672 hoc
2154 3631 2282 3672 vero
2301 3617 2445 3686 quod
2473 3617 2631 3687 hujus
2647 3617 2932 3672 occasione
2959 3613 3083 3670 facti
3108 3616 3258 3686 virgo
3282 3616 3436 3671 beata

1853 3707 2121 3777 corporali
2149 3706 2276 3761 dum
2303 3707 2508 3762 viveret
2534 3705 2870 3777 suhjacuisse
2892 3705 3090 3761 dicitur
3110 3705 3438 3770 inﬁrmitati;

1853 3801 1974 3870 quis
2003 3816 2108 3855 non
2133 3799 2311 3854 videat
2342 3799 2444 3856 hoc
2470 3801 2537 3854 ad
2562 3798 2839 3856 cumulum
2868 3796 2982 3868 jam
3013 3798 3222 3854 collattc
3251 3799 3441 3870 gratiae

1852 3893 2150 3966 profecisse
2199 3893 2363 3959 illius,
2411 3902 2472 3948 ut
2505 3895 2631 3949 dum
2668 3893 2923 3949 deﬁceret
2965 3909 3191 3963 corpore
3221 3894 3444 3949 robora-

1855 3996 2005 4040 retur
2024 3985 2213 4055 spiritu
2233 3983 2388 4054 juxta
2413 3984 2539 4039 illud
2559 3985 2801 4055 Apostoli
2830 4001 2841 4038 :
2861 3982 2992 4039 Cum
3015 3985 3152 4038 enim
3176 3983 3440 4052 inﬁt-mor,

1853 4087 1977 4130 tunc
2027 4089 2206 4147 potens
2248 4093 2364 4131 sum
2411 4075 2496 4147 (II
2526 4075 2646 4130 Cor.
2679 4077 2826 4140 xu)?
2855 4076 3180 4133 Obstruatur
3225 4092 3355 4148 ergo
3381 4091 3444 4131 os

1852 4167 2186 4238 loquentium
2215 4167 2421 4237 iniqua,
2461 4167 2717 4237 quoniam
2743 4168 2918 4222 dehis
2950 4183 3046 4238 per
3088 4166 3280 4222 Isaiam
3320 4182 3444 4237 pro-

1852 4261 2072 4330 phetam
2107 4276 2211 4315 vox
2250 4261 2457 4315 intonat
2501 4259 2683 4314 divina
2718 4277 2732 4314 :
2770 4279 2787 4311 ‹
2818 4261 2966 4316 Dabo
2991 4275 3126 4330 Opus
3166 4275 3354 4315 eorum
3387 4260 3443 4313 in

1852 4353 2105 4417 veritate,
2131 4361 2188 4408 et
2217 4350 2391 4407 foedus
2431 4360 2748 4421 perpetuum
2795 4350 2984 4406 feriam
3025 4351 3127 4416 eis,
3157 4359 3213 4405 et
3241 4351 3445 4406 scietur

1854 4448 1906 4504 in
1930 4447 2180 4518 gentibus
2210 4461 2391 4502 semen
2420 4461 2609 4501 eorum
2635 4453 2689 4501 et
2713 4459 2934 4518 germen
2963 4459 3150 4500 eorum
3179 4443 3232 4498 in
3262 4443 3442 4499 medio

1853 4538 2192 4610 populorum.
2225 4536 2425 4593 Omnes
2445 4537 2588 4592 enim
2612 4537 2705 4608 qui
2726 4535 2960 4592 viderint
2985 4550 3078 4591 eos
3105 4545 3445 4604 cognoscent

1858 4632 1999 4696 illos,
2038 4629 2166 4700 quia
2201 4629 2287 4686 isti
2325 4639 2451 4685 sunt
2498 4643 2682 4684 semen
2733 4630 2821 4684 cui
2867 4627 3143 4684 benedixit
3184 4625 3444 4682 Dominus

1859 4725 2016 4797 (lsai.
2048 4740 2164 4790 th,
2185 4722 2243 4788 8,
2265 4722 2344 4795 9).
2375 4742 2394 4775 ι
2429 4721 2688 4778 Discessit
2715 4731 2896 4777 autem
2923 4737 3049 4779 vere
3073 4721 3215 4776 bona
3243 4721 3442 4775 cultrix

1857 4815 1951 4871 Dei
1981 4814 2209 4870 Eusebia
2241 4812 2531 4867 virtutibus
2561 4811 2717 4882 plena
2749 4800 3112 4867 sextodecimo
3134 4811 3218 4864 die
3241 4807 3440 4869 Martii,

1857 4906 1948 4977 qui
1993 4913 2080 4962 est
2109 4903 2550 4974 septimodecimo
2590 4902 2816 4958 Kalend.
2863 4901 3086 4974 Aprilis,
3129 4916 3270 4955 anno
3311 4899 3439 4964 689,

1857 4997 2033 5052 atatis
2059 5011 2179 5052 ιι.κί
2211 4994 2378 5065 (582).

2461 5085 2690 5143 CAPUT
2728 5085 2844 5140 XX.

2133 5179 2352 5234 Amatne
2381 5180 2604 5234 moritur
2631 5196 2649 5246 ;
2674 5179 2792 5233 item
2822 5176 3156 5230 Mattrontus.

1924 5271 2221 5342 Postquam
2243 5288 2374 5328 vero
2404 5282 2652 5328 sanctum
2679 5271 2988 5341 episcopum
3027 5268 3126 5322 sibi
3149 5265 3437 5322 amabilem

1856 5375 1911 5420 et
1931 5365 2256 5420 monachum
2303 5365 2556 5419 Amatum
2603 5364 2864 5418 Dominus
2905 5363 2970 5414 ad
3018 5360 3291 5415 caelestem
3345 5375 3438 5430 pa-

1858 5455 2018 5512 triam
2079 5470 2147 5510 ex
2211 5454 2314 5510 hac
2367 5454 2604 5509 molestae
2680 5452 3129 5523 peregrinationis
3197 5463 3436 5505 erumna

1850 5549 2032 5607 Idibus
2061 5549 2400 5620 Septembris
2436 5548 2583 5621 (583)
2630 5546 2944 5618 assumpsit,
2997 5560 3212 5601 sacrum
3241 5559 3439 5616 corpus

1847 5706 2162 5790 prfclalurtn'
2191 5701 2545 5759 diuturnitate
2592 5697 2919 5758 referuntur.
2978 5697 3053 5755 De
3099 5693 3156 5754 S.
3203 5691 3436 5752 Eusebia

1846 5779 2064 5921 ωῗῖῗέὸ)
2101 5844 2379 5903 Conscntit
2423 5843 2590 5900 codex
2629 5841 3011 5898 Marciaaeusis
3040 5840 3097 5896 S.
3131 5839 3308 5894 Amoti
3335 5851 3435 5893 ex-
