3916 6410
97 445 222 503 8&9

1285 445 1441 502 \‘lTA
1485 441 1777 502 SANCTA".
1818 441 2208 500 RICTRUDIS.

3279 439 3383 498 850

69 577 212 631 cap.
247 558 346 626 40,
381 577 439 618 Se
461 564 780 620 monaclmm
810 571 1038 619 testatur
1069 563 1234 620 fuisse
1264 563 1458 618 abbate
1478 560 1682 616 Joanne
1715 569 1756 625 Α
1788 562 1853 616 Et
1889 559 2048 616 infra.
2083 581 2102 614 ι
2145 561 2221 617 De
2247 560 2488 631 reliquiis
2517 559 2682 632 igitur
2709 559 2770 614 B.
2805 557 3070 616 Mauronti
3119 577 3186 617 ex
3227 569 3384 632 parte

73 635 490 692 Marcianensi.
551 635 641 688 illo
693 635 902 689 scilicet
937 635 1027 702 qui
1071 651 1212 688 anno
1252 635 1396 688 circa
1445 634 1582 688 1158
1623 635 1680 686 Β.

73 707 316 778 Hngoni
369 709 646 778 successit.
689 706 766 760 Ex
805 705 1002 778 quibus
1044 705 1370 778 conjicimus
1411 715 1685 778 auctorem

77 775 270 832 istum
320 779 460 832 hami
511 777 677 832 alium
737 791 860 830 esse
918 777 984 830 ab
1029 776 1243 830 Andrea
1296 775 1466 830 Silvio
1507 775 1689 844 priore

75 847 493 910 Marcianensi,
533 862 675 901 anno
714 845 851 902 1196
875 856 1108 908 mortuo,
1137 847 1228 916 qui
1273 846 1442 900 libros
1474 855 1592 916 tres
1623 845 1690 900 de

77 921 286 974 Rebus
310 917 588 972 Francicis
614 918 933 988 composuit.
953 915 1409 988 Chronographus
1433 915 1540 988 ille,
1563 916 1686 986 qui-

77 1005 321 1058 cunque
347 989 562 1043 tanzlem
593 989 686 1051 sit,
709 987 912 1054 judicio
941 989 1074 1042 satis
1101 987 1318 1042 maturo
1355 987 1549 1058 varias
1577 999 1691 1039 cm-

81 1057 246 1115 nohii
299 1059 688 1114 Marcianensis
718 1059 961 1128 fortunas
994 1058 1180 1122 refert,
1208 1073 1271 1112 ac
1302 1057 1502 1128 passim
1541 1057 1686 1128 inse-

83 1132 164 1184 rit
210 1130 476 1184 miracula
515 1145 618 1182 non
662 1145 828 1200 pauca
878 1127 936 1184 S.
985 1128 1280 1200 Rietrudis,
1306 1127 1536 1200 ejusque
1565 1127 1690 1180 reli-

81 1199 762 1324 quiarumdtranslationes
788 1209 1198 1266 commemorat,
1232 1199 1298 1255 de
1325 1199 1522 1269 quibus
1558 1213 1690 1268 pau-

83 1287 174 1324 εις
207 1287 348 1324 aaen
395 1287 504 1324 um.
1531 1319 1538 1324 .

83 1287 174 1327 εις
207 1287 504 1342 agentium.

164 1365 226 1418 2.
272 1364 331 1420 In
375 1363 466 1418 lib.
505 1380 522 1418 ι
557 1379 676 1434 cap.
719 1363 820 1426 18,
869 1363 1117 1420 meminit
1147 1361 1456 1432 diplomatis
1509 1359 1686 1434 Garoli

85 1437 452 1506 imperatoris
479 1433 726 1498 Romani,
755 1451 862 1506 quo
891 1455 909 1486 ι
932 1436 1186 1506 praecepit
1208 1435 1388 1506 omnia
1411 1449 1536 1506 qua;
1549 1433 1692 1506 juris

85 1503 264 1560 erant
305 1503 856 1565 Marci:mensium.'et
893 1503 1218 1560 a’fratribus
1249 1505 1359 1559 Deo
1399 1503 1690 1559 servienti-

89 1580 202 1632 bus
234 1579 356 1632 sine
406 1577 552 1632 omni
597 1577 841 1632 saeculari
873 1577 1152 1632 exactione
1187 1576 1354 1630 libera
1405 1575 1458 1629 in
1500 1587 1692 1644 perpe-

91 1659 256 1702 tuum
285 1647 573 1719 possideri.
621 1649 718 1719 Est
744 1657 944 1712 autem,
975 1649 1142 1718 inquit
1182 1655 1385 1719 auctor,
1421 1645 1690 1719 in_arcbi-

88 1721 184 1774 vis
244 1714 494 1776 ecclesia:
553 1717 882 1788 subscriptio
933 1714 1304 1788 imperatoria,
1328 1714 1690 1788 annuli_ejns

91 1792 464 1862 impressione
522 1785 823 1862 roborata,
876 1789 941 1862 in,
981 1785 1134 1858 cujus
1183 1787 1450 1862 privilegii
1502 1785 1692 1840 ultimo

93 1857 264 1916 versu
309 1861 455 1930 regia
495 1859 862 1914 munificentia
896 1861 965 1914 ob
994 1857 1235 1930 amorem
1263 1857 1536 1930 praedicta:
1578 1871 1690 1910 ma-

79 1943 278 1988 ‘tronze
299 1927 620 2004 (Bictrudis)
655 1931 908 2004 instituit,
939 1939 999 2004 ut
1036 1931 1080 1984 si
1127 1927 1322 2004 fratres
1353 1927 1435 2004 vel
1475 1941 1691 2004 sorores
1722 1936 1764 1994 Β

94 2005 278 2058 eidem
309 1998 637 2056 famulantes
667 2001 846 2066 aliquo
891 2003 1211 2072 indigerent,
1259 2000 1326 2072 de
1355 1998 1688 2072 domiuieatu

97 2075 254 2144 regio
295 2073 656 2142 suppleretur.
697 2092 716 2124 ι
753 2073 890 2144 lline
924 2069 1178 2144 apparet,
1221 2071 1384 2144 etiam
1413 2069 1608 2144 sgeculo
1635 2085 1686 2123 ιιι

95 2141 409 2200 monachos
427 2159 548 2198 cum
573 2141 1074 2198 sanctimonialilnis
1099 2141 1385 2196 Marcianis
1407 2141 1622 2194 vixisse.

173 2217 229 2270 3.
263 2215 390 2270 Post
420 2223 784 2268 narrationem
807 2215 978 2268 cladis
1013 2213 1412 2267 Nortmannicze
1447 2211 1686 2279 ejusdem

99 2287 230 2340 libri
267 2301 382 2356 cap.
409 2287 482 2341 20
503 2283 722 2349 factam,
757 2295 950 2339 auctor
979 2287 1082 2339 ista
1105 2282 1416 2356 subiungit;
1437 2301 1454 2332 ι
1489 2282 1690 2356 Dirutis

105 2351 348 2426 quoque'
371 2357 716 2410 monasteriis
741 2371 862 2426 qua:
906 2371 1068 2426 super
1112 2351 1330 2426 fluvium
1371 2351 1544 2426 δραι-ρ
1587 2353 1688 2426 sita

104 2423 288 2488 érant.
329 2429 490 2482 etiam
535 2423 942 2481 Marchiauense
973 2423 1314 2487 “cuinobium,
1369 2423 1422 2477 in
1468 2439 1574 2494 quo
1627 2425 1686 2480 Β.

105 2498 383 2552 ltictrudis
431 2513 640 2568 corpus
667 2499 999 2565 quiescebat,
1041 2497 1240 2552 accolis
1289 2506 1448 2548 terra:
1493 2495 1690 2562 fugatis

99 2569 187 2622 vel
211 2567 538 2632 interfectis,
560 2567 794 2622 deletum
823 2579 926 2622 cst.
956 2569 1196 2638 Corpora
1229 2575 1688 2638 vero-sanctorum

98 2655 226 2708 qua:
273 2640 324 2692 in
359 2639 702 2694 destruendis
744 2639 990 2694 ccclesiis
1030 2635 1310 2692 recondita
1359 2635 1590 2708 fuerant,
1623 2637 1688 2690 ad

99 2707 220 2764 lucu
259 2711 456 2766 tutiora
497 2725 592 2780 per
619 2709 856 2764 divinam
889 2709 1286 2780 providentiam
1324 2707 1470 2780 salva
1513 2717 1692 2780 trans-

97 2789 318 2852 portata
366 2779 516 2852 sunt.
559 2779 614 2834 lu
663 2795 768 2848 qua
824 2780 1189 2852 destructione
1235 2779 1690 2852 deperiitomnis

97 2848 330 2907 ornatus
361 2851 787 2906 Marchianensis
815 2851 1076 2915 ecclesize,
1119 2851 1170 2904 in
1205 2849 1410 2904 chartis
1442 2848 1690 2902 videlicet

99 2933 154 2976 et
187 2921 488 2992 privilegiis
516 2929 572 2976 et
597 2921 772 2984 libris,
817 2930 870 2974 et
897 2923 1076 2990 gestis
1105 2929 1419 2992 sanctorum
1447 2927 1502 2974 et
1531 2929 1690 2992 ciete-

102 2989 202 3046 ris‘
231 2989 409 3046 rebus
429 2993 494 3046 ad
530 2992 776 3046 decorem
827 2989 1078 3046 et’usum
1129 2993 1228 3046 loci
1272 2989 1685 3060 pertinentibus.

103 3063 262 3130 Quod
299 3064 342 3116 si
390 3063 527 3118 forte
573 3064 694 3132 quis
725 3063 986 3132 requirat,
1036 3063 1122 3116 ubi
1158 3061 1329 3132 fuerit
1369 3059 1688 3116 translatum

103 3149 306 3204 corpus
351 3131 676 3204 supradiCtte
727 3131 940 3188 feminae
969 3135 1038 3188 ob
1085 3131 1486 3204 infestationem
1530 3147 1692 3202 paga-

103 3201 302 3260 norum
324 3245 338 3268 ,
371 3201 587 3259 noverit
623 3205 766 3272 quod
792 3204 968 3260 adhuc
1000 3204 1050 3258 in
1079 3203 1286 3258 tumqu
1321 3201 1543 3272 lapideo
1563 3201 1689 3257 ante

103 3277 280 3330 altare
305 3275 360 3329 Β.
389 3273 612 3330 Joannis
633 3273 888 3344 Baptiste
911 3275 1044 3330 satis
1065 3275 1324 3328 decenter
1350 3273 1682 3342 quiescebat.

103 3346 333 3414 Quando
359 3354 536 3399 autem
567 3345 690 3398 inde
715 3345 980 3400 elevatmn
1011 3345 1236 3414 sitvela
1264 3344 1461 3412 quibus
1495 3359 1684 3414 perso-

107 3413 216 3478 nis,
249 3431 350 3470 non
381 3417 512 3471 satis
547 3416 706 3484 plane
745 3417 900 3470 nobis
936 3417 1130 3470 elucet.
1163 3413 1360 3470 Verum
1397 3415 1448 3485 in
1479 3413 1688 3485 disqui-

109 3487 306 3543 sitione
337 3483 654 3542 (levationis
698 3485 756 3540 S.
787 3485 966 3540 Junati
997 3487 1230 3548 abbatis,
1263 3486 1352 3554 qui
1391 3483 1494 3538 fuit
1519 3483 1686 3540 disci-

107 3557 266 3628 pulus
291 3557 494 3626 egregii
525 3555 854 3612 confessoris
896 3557 1144 3628 Amaudi.
1179 3555 1688 3628 scriptumuinveui-

111 3625 254 3690 hius,
281 3625 686 3698 quod’tempore
712 3629 1000 3698 abbatissa:
1025 3626 1234 3690 Judith,
1271 3625 1391 3696 quae
1413 3625 1686 3698 Marchia-

111 3699 264 3752 ηειιεὶ
300 3697 644 3752 monasterio
691 3697 904 3767 pnefuit
945 3708 1187 3766 tempore
1239 3697 1480 3752 Letharii
1542 3697 1686 3768 regis

107 3769 460 3832 Francorum,
491 3768 664 3824 adhuc
695 3769 1048 3838 quiescebant
1091 3769 1142 3822 in
1175 3768 1395 3824 tumulis
1439 3768 1688 3838 lapideis,

113 3839 372 3892 altaribus
408 3849 534 3893 ante
570 3839 782 3908 positis,
809 3855 1037 3908 corpora
1075 3849 1404 3902 sanctorum,
1437 3839 1690 3896 videlicet

109 3909 174 3962 Β.
207 3908 478 3964 Rictrudis
515 3909 710 3964 nobilis
733 3919 1016 3974 matronae,
1053 3919 1106 3964 ct
1129 3913 1390 3964 bonorum
1415 3909 1690 3966 confesso-

111 3995 236 4034 rnm
275 3978 534 4034 Mauroati
565 3991 726 4050 atque
751 3981 1044 4050 supradicti
1071 3979 1269 4036 Jonati.
1301 4003 1319 4034 ι
1349 3981 1417 4034 Ει
1445 3997 1564 4050 cap.
1585 3981 1645 4035 2l
1671 3997 1686 4038 :

117 4067 139 4100 ι
161 4051 396 4121 (Suntque
423 4067 517 4121 per
539 4051 774 4104 divinam
801 4051 1182 4108 revelatioucm
1212 4051 1454 4121 reliquia:
1475 4053 1686 4120 praefati

111 4119 436 4194 confessoris
447 4122 668 4194 elevata:
697 4121 946 4194 fuissent,
971 4129 1132 4194 atque
1161 4119 1686 4194 lienes—te_inc:-ypta

111 4191 420 4262 reconditae,
451 4193 564 4262 ipse
597 4192 736 4246 idem
779 4191 983 4247 relator
1007 4191 1097 4261 qui
1141 4194 1256 4248 huic
1282 4191 1471 4248 scribit
1501 4191 1690 4249 subin-

113 4261 218 4334 fert
245 4278 256 4313 :
281 4259 350 4334 lbi
397 4259 610 4334 quoque
651 4272 834 4332 postea
879 4259 1137 4334 apposita:
1187 4272 1313 4318 sunt
1349 4263 1590 4333 reliquite
1623 4266 1683 4320 Β.

113 4331 384 4386 Rictrudis
414 4331 606 4387 nobilis
635 4331 892 4388 matrona:
916 4331 977 4388 et
1018 4335 1286 4390 Mauronti
1312 4331 1482 4405 prolis
1517 4351 1686 4391 venu-

115 4411 234 4474 stae,
264 4413 720 4474 etvenerauturﬂa
761 4405 1270 4473 supervenientibus
1309 4406 1519 4474 pupulis
1562 4409 1687 4461 reli-

113 4473 258 4547 giosa
299 4473 602 4547 devotione1
651 4473 759 4528 Nos
799 4491 926 4530 vero
969 4477 1109 4531 diem
1164 4473 1482 4532 elevatidnis
1519 4479 1687 4547 ipsius

113 4543 433 4598 beatissimte
477 4560 548 4598 vn
587 4544 708 4600 ldus
747 4547 1048 4612 Februarii,
1077 4551 1371 4602 secundum
1409 4543 1610 4603 morem
1654 4566 1682 4604 a

115 4615 598 4688 prredecessorihus
647 4618 855 4688 nostris
893 4619 1182 4682 traditum,
1223 4618 1336 4686 jam
1377 4633 1474 4688 per
1513 4635 1685 4674 annos

115 4685 341 4762 sexigies
379 4685 456 4756 [id
507 4696 582 4740 est
635 4686 860 4762 senties]
915 4690 1104 4760 viginti
1161 4685 1508 4746 devotissime
1554 4693 1686 4747 cele-
1716 4693 1765 4750 D

115 4753 350 4810 breuius.
379 4753 396 4809 ὀ

183 4845 239 4928 ἦ.
263 4847 330 4928 _ln
507 4865 544 4905 ιι
571 4865 691 4928 cap.
731 4849 1234 4928 {6,__S._1ilauroknti
1279 4857 1562 4928 translatio
1599 4860 1692 4914 de-

119 4919 363 4998 scribitur
391 4919 474 4974 his
503 4919 680 4998 verbis
713 4941 725 4976 :
776 4941 794 4974 ι
827 4923 1197 4998 ReliquiteUS.
1251 4927 1522 4984 Mauronti
1566 4946 1687 4985 cum

125 4989 356 5072 reliquiis
395 4992 584 5072 matris
626 4992 678 5044 iu
727 4989 1056 5050 monasterio
1094 4995 1490 5054 Marchiauensi
1531 5000 1690 5072 longo

125 5069 352 5140 tempore
379 5069 740 5140 quiescentes.
771 5069 1180 5140 postcanesciu
1202 5085 1292 5123 seu
1323 5069 1688 5140 permittente,

123 5145 214 5183 seu
245 5129 445 5185 volente
489 5134 616 5196 Deo,
657 5129 838 5188 furtim
865 5137 1112 5200 sublatae,
1150 5129 1390 5194 Duacthu
1417 5129 1692 5196 translate

123 5201 384 5280 sunt:u_bi
430 5202 486 5280 in
534 5203 760 5280 ecclesia
815 5216 1018 5280 suumn:
1059 5208 1171 5280 Dei;
1203 5212 1482 5278 genitricis
1510 5253 1522 5276 ,
1569 5229 1690 5280 qua:

125 5287 258 5324 nunc
303 5271 358 5325 ὃ.
413 5273 592 5349 _Amati
633 5276 867 5349 dicitur,
919 5276 1073 5342 juvta
1129 5271 1368 5345 cdedem
1419 5271 1689 5349 pontificis

122 5355 306 5408 corpus
339 5345 423 5411 qui
460 5355 584 5398 tunc
633 5346 700 5398 ibi
746 5346 852 5400 Deo
879 5349 1210 5413 serviebant,
1239 5365 1332 5404 eas
1377 5345 1431 5405 in
1469 5353 1688 5406 vasculo

124 5415 370 5469 deaurato
397 5431 518 5470 cum
547 5417 908 5473 exsultatione
951 5420 1204 5476 decenter
1245 5433 1623 5494 reposuerunt.
1661 5444 1680 5477 ι

1794 633 2028 687 maxima
2055 633 2294 686 Duacum
2327 633 2552 688 sublatis
2577 633 2904 687 connivent‘e
2929 633 3074 687 clero
3099 643 3153 688 et
3185 632 3384 702 populo

1793 713 2054 772 statutum
2085 713 2188 766 est,
2213 713 2276 757 ut
2298 720 2356 758 ιιι
2383 703 2564 760 Nonas
2591 702 2735 766 Maii,
2763 718 2882 772 qum
2909 713 2992 758 est
3023 704 3140 758 dies
3167 703 3384 772 deposi-

1793 773 1956 830 tionis
1977 771 2114 841 ejus,
2158 773 2226 828 ab
2255 775 2522 846 universis
2565 773 2636 828 ibi
2671 771 3014 830 manentibus
3052 775 3118 828 de
3149 790 3215 829 eo
3241 771 3384 843 qno-
3443 819 3458 846 ;

1795 845 1972 901 talmis
1995 847 2252 898 memoria
2283 844 2600 914 solemniter
2630 853 3136 914 reprresentaretur.
3175 863 3194 896 ι

1861 915 1915 970 5.
1945 917 2002 970 ln
2041 915 2282 986 ejusdem
2311 916 2402 970 lib.
2427 930 2546 986 cap.
2577 913 2670 980 20,
2692 913 3047 984 reliquiarum
3081 914 3137 969 S.
3169 915 3384 968 ltietru-

1793 987 1878 1042 dis
1901 987 2438 1044 translatiosecunda
2465 985 2569 1040 tale
2605 995 2892 1040 enarratur
2921 1003 2933 1040 :
2965 1006 2981 1037 ι
3016 986 3380 1056 Antiquorum

1793 1057 2007 1112 devotio
2055 1057 2296 1126 ejusdem
2346 1065 2546 1112 sancta:
2598 1057 2830 1112 loculum
2883 1073 3016 1112 auro
3043 1066 3098 1111 et
3155 1066 3385 1126 argento

1792 1127 2152 1198 pretiosisque
2191 1128 2458 1198 lapidibus
2507 1132 2638 1184 satis
2687 1128 2942 1182 decenter
2993 1128 3209 1198 orna\it
3238 1125 3252 1182 ξ
3285 1125 3387 1182 sed

1794 1197 1982 1254 eorum
2010 1197 2300 1267 posteritas
2330 1215 2450 1269 quae
2481 1199 2646 1271 longo
2695 1207 2936 1271 tempore
2979 1197 3080 1271 fuit
3105 1207 3232 1271 ante
3261 1211 3382 1262 nos,

1793 1279 2044 1325 ornatmn
2068 1271 2304 1326 exterius
2332 1268 2678 1334 renitentem,
2696 1270 2762 1322 ad
2786 1268 3231 1324 cousentiemlum
3254 1283 3385 1322 con—

1795 1340 2140 1408 cupiscentiis
2158 1341 2468 1396 carnalibus
2491 1351 2658 1396 totum
2679 1341 2982 1410 expendere
3007 1355 3111 1396 non
3135 1340 3332 1393 timuit.
3357 1357 3379 1389 ι

1793 1411 2016 1466 Abbatis
2041 1421 2094 1465 et
2121 1411 2346 1466 fratrum
2377 1413 2603 1468 consilio
2648 1431 2664 1462 ι
2703 1419 3077 1480 prteparantur
3113 1419 3386 1479 sumptus.

1793 1489 1850 1535 et
1879 1497 2073 1554 novum
2113 1499 2206 1538 vas
2245 1483 2360 1537 auri
2391 1493 2445 1538 et
2485 1483 2692 1554 argenti
2727 1497 2834 1536 non
2877 1481 3146 1554 modicam
3181 1481 3386 1554 habens

1795 1553 2156 1624 quantitatem
2183 1555 2535 1608 instauratur.
2554 1549 2812 1624 'lprenses
2837 1553 3036 1624 aliique
3065 1549 3252 1624 incola:
3276 1551 3387 1604 cirs-
3425 1558 3436 1568 ‘

1795 1621 2079 1692 cumposili
2115 1643 2134 1676 ι
2169 1626 2418 1678 abbatem
2451 1621 2854 1694 (Lietberttuu)
2891 1625 3152 1694 adeuntes
3193 1621 3388 1694 devota

1797 1691 2168 1763 postulant,nt
2194 1697 2332 1767 apud
2357 1691 2656 1767 Ritu—eligam
2686 1691 2986 1767 antiquitus
3009 1693 3190 1767 villam
3218 1691 3388 1760 ipsius

1795 1774 1996 1835 sancta:
2025 1763 2570 1835 corpus’solemniter
2599 1765 3052 1834 tranSjmuendmu
3083 1763 3382 1835 deferatur.

1797 1833 2074 1890 Decimam
2107 1833 2162 1892 et
2188 1837 2324 1890 alios
2353 1838 2596 1892 redditus
2629 1833 2766 1905 quos
2793 1837 3026 1890 ecclesia
3055 1851 3152 1904 per
3179 1833 3388 1903 praede—

1799 1921 2078 1962 cessorum
2119 1908 2384 1962 incuriam
2417 1908 2620 1966 amisit.
2669 1927 2688 1962 δ
2727 1907 3016 1962 restituere
3043 1907 3384 1974 promittunt.

1799 1995 1816 2028 ι
1848 1977 2055 2032 Αιιιιιιίι
2096 1979 2262 2034 abbas
2296 1981 2502 2034 devotae
2539 1993 2727 2033 eorum
2766 1976 3152 2045 postulationi,
3200 1985 3254 2028 et
3301 1989 3388 2028 res

1791 2063 1914 2104 cum
1955 2049 2042 2103 dic
2081 2050 2446 2120 delet-minata
2491 2050 2744 2120 episcopo
2785 2045 3386 2120 Tervancnsi(Milone)

1791 2121 2094 2174 nuntiatur.
2129 2119 2282 2187 Quod
2327 2137 2450 2176 cum
2501 2117 2554 2175 iu
2595 2117 2818 2175 dimcesi
2853 2134 2947 2178 sua
2997 2117 3388 2172 celebrandum

1791 2191 2053 2254 audisset,
2093 2192 2313 2260 gavisus
2343 2201 2446 2254 est,
2479 2191 2824 2262 prtesentiam
2877 2205 3042 2262 suam
3075 2187 3386 2242 adfuturam

1791 2262 1936 2316 omni
1967 2259 2142 2332 sopita
2172 2259 2522 2318 excusatione
2544 2259 2896 2332 respondens.
2929 2260 3388 2332 Alvisusqnoque

1793 2329 2124 2389 reverendus
2150 2333 2524 2390 Atrebatensis
2549 2329 2838 2403 episcopus
2872 2339 3092 2400 rogatus
3121 2330 3188 2382 ab
3213 2329 3386 2384 eccle-

1791 2403 1870 2459 sia
1921 2405 2273 2459 nihilominus
2312 2421 2433 2460 cum
2485 2405 2634 2460 clero
2683 2417 2782 2458 suo
2831 2403 2958 2456 illuc
2999 2415 3056 2456 se
3095 2407 3386 2454 venturum

1791 2476 2096 2530 constituit.
2133 2475 2284 2532 T-nnc
2315 2477 2612 2547 assumptis
2651 2473 2862 2547 duobus
2894 2471 3084 2547 loculis
3124 2471 3384 2528 sacratis-

1791 2547 1988 2618 simum
2011 2561 2208 2618 corpus
2244 2563 2365 2602 cum
2392 2543 2602 2602 summa
2635 2545 2878 2618 omnium
2908 2543 3388 2618 devotioneustpie

1792 2617 1858 2672 ad
1902 2613 2200 2690 lieniugam
2231 2619 2543 2684 deducitur,
2572 2615 2870 2690 supradicti
2900 2615 3136 2684 episcopi
3173 2613 3386 2690 Iliilonis

1792 2685 2135 2756 praesentiain
2184 2690 2452 2758 corporali
2505 2685 2753 2744 molestia
2807 2695 3125 2758 excusante.
3177 2685 3386 2758 Quarto

1792 2759 1956 2828 igitur
1983 2760 2070 2815 die
2097 2756 2446 2816 Pentecostes
2485 2759 2826 2814 adstantibus
2849 2757 2997 2811 clero
3024 2765 3080 2810 et
3105 2756 3390 2828 optimati-

1790 2825 1890 2902 bus
1920 2841 2104 2896 terras,
2135 2841 2186 2890 ct
2210 2831 2388 2902 populi
2425 2831 2768 2902 multitudine
2792 2827 2997 2902 infinita
3032 2828 3202 2902 sacris
3227 2825 3388 2902 Atre-

1793 2901 2030 2973 batensis
2059 2899 2296 2973 episcopi
2323 2901 2572 2958 manibus
2598 2899 2938 2973 sanctissimi
2951 2899 3204 2973 corporis
3230 2899 3390 2973 gleba

1793 2971 1844 3024 in
1877 2987 2074 3026 uovmu
2096 2969 2339 3028 loculum
2375 2975 2582 3028 reclusa
2609 2981 2716 3036 est,
2747 2985 2889 3024 anno
2924 2969 3086 3024 Verbi
3120 2969 3386 3024 iucaruati

1791 3041 1948 3114 U40.
1987 3044 2190 3099 Deinde
2230 3053 2516 3114 postquam
2563 3045 2704 3098 idem
2741 3042 3029 3114 episcopus
3077 3053 3390 3114 sern‘ionetn

1791 3111 1858 3167 ad
1899 3115 2166 3184 populum
2205 3111 2262 3170 et
2314 3111 2606 3172 missarum
2645 3111 3210 3184 explevit__solcmuia,
3261 3125 3390 3184 cum

1791 3181 1928 3256 pari‘
1961 3181 2376 3242 honorificentia
2420 3201 2579 3242 sacro
2609 3181 2842 3256 corpore
2883 3181 3171 3238 Marcianis
3213 3181 3389 3237 relato

1792 3253 1858 3327 ad
1881 3256 2099 3327 pr0pria
2125 3260 2326 3313 reversi
2355 3267 2503 3313 sunt.
2538 3277 2556 3311 ι

1863 3345 1916 3400 6.
1945 3346 2186 3416 Denique
2219 3349 2417 3404 iterum
2444 3349 2727 3419 spoliatam
2757 3347 2816 3402 Β.
2847 3347 3128 3403 Rictrudis
3171 3349 3386 3419 thecam

1789 3417 1968 3472 denuo
1991 3419 2362 3474 instaurarunt
2385 3417 2821 3475 Marchiancuscs
2845 3420 3111 3481 monachi,
3145 3435 3162 3468 ι
3199 3417 3396 3472 Fratre

1792 3487 2014 3559 llugone
2044 3491 2252 3558 argenti
2311 3505 2525 3545 marcas
2573 3507 2640 3545 ιιι.
2693 3509 2712 3542 ι
2747 3489 2956 3544 occulte
2985 3490 3384 3559 suppeditante.

1795 3577 1813 3610 ι
1847 3557 2076 3614 vasculo
2095 3557 2262 3632 igitur
2285 3576 2408 3616 cum
2441 3577 2636 3632 magno
2657 3560 2776 3614 auri
2803 3557 3390 3632 etargentiuapparatu

1791 3629 2188 3696 consummato,
2231 3629 2292 3684 D.
2348 3629 2615 3686 llenrieus
2661 3629 2990 3686 venerabilis
3056 3629 3389 3684 lihemorum

1791 3700 2235 3772 archiepiscOpus
2277 3711 2500 3757 venerat
2547 3704 2600 3757 in
2633 3701 2965 3772 Flandriam.
2996 3699 3092 3754 llic
3119 3717 3177 3754 ιιι
3207 3699 3390 3754 Nouus

1789 3771 2017 3842 Augusti
2053 3771 2196 3828 anno
2224 3774 2386 3830 Verbi
2433 3773 2702 3829 incarnati
2739 3771 2912 3838 1164,
2953 3772 3390 3841 archiepiscopa-

1793 3851 1880 3896 tus
1916 3853 2100 3899 autem
2149 3847 2232 3900 sui
2279 3845 2446 3900 tertio
2495 3845 2562 3900 ad
2599 3860 2698 3900 nos
2742 3844 2964 3900 divertit
2997 3862 3010 3898 :
3041 3851 3100 3897 et
3141 3859 3390 3898 armuens

1789 3913 2014 3970 Joannis
2055 3916 2268 3972 abbatis
2295 3925 2350 3971 et
2381 3917 2548 3974 totius
2583 3916 2826 3972 ecclesia:
2857 3915 3132 3986 precibus,
3165 3915 3264 3986 sub
3297 3929 3390 3967 eo-

1791 3987 1912 4040 dem
1941 3986 2030 4041 die
2061 3987 2121 4040 Β.
2155 3987 2434 4042 Rietrudis
2464 3987 2722 4056 reliquias
2765 3985 3016 4039 manibus
3050 3986 3163 4038 suis
3192 3985 3258 4056 de
3297 4000 3388 4038 ve-

1791 4057 1892 4111 teri
1927 4058 2145 4112 vaseulo
2173 4067 2478 4128 assumptus
2505 4059 2560 4112 in
2585 4055 2794 4111 ’novum
2827 4056 3136 4128 collocavit.
3183 4055 3394 4110 Aderat-

1790 4128 2040 4183 Andreas
2091 4125 2468 4184 Atrebateiisis
2501 4127 2788 4197 episcopus
2823 4142 2948 4181 cum
3001 4125 3150 4180 clero
3195 4140 3293 4182 suo
3331 4137 3386 4180 et

1793 4199 1984 4254 vicinis
2027 4199 2330 4256 abbatibus.
2399 4199 2718 4268 Quicunque
2763 4213 2862 4268 pro
2901 4201 3230 4268 auctoritate
3283 4211 3382 4250 sua

1789 4271 2066 4340 quippiam
2117 4269 2183 4324 de
2223 4266 2467 4339 reliquiis
2511 4266 2952 4340 illis—ababbate
2978 4267 3167 4340 potuit
3215 4266 3388 4340 impe-

1791 4337 1960 4405 trare,
2006 4353 2120 4394 rem
2151 4337 2408 4409 grandem
2459 4357 2517 4394 se
2553 4339 2830 4409 accepisse
2870 4339 3086 4406 gavisus
3127 4345 3230 4392 est.
3267 4337 3391 4407 Ipse

1789 4427 2003 4481 quoque
2051 4411 2491 4482 archiepiscopus
2523 4411 2724 4480 aliquid
2765 4409 2866 4482 sibi
2903 4423 3172 4477 reponens
3195 4410 3266 4463 ob
3295 4423 3384 4464 so-

1790 4482 2023 4536 lemnem
2057 4481 2403 4546 memoriam,
2423 4498 2548 4538 eum
2571 4483 2754 4536 debito
2795 4481 3002 4536 honore
3029 4495 3215 4536 secum
3253 4495 3384 4552 por—

1791 4553 1926 4608 tavit
1955 4553 2010 4608 iu
2035 4553 2343 4608 Frmnciam.
2379 4572 2397 4605 ι

1864 4647 1915 4702 7.
1956 4648 2034 4702 Ex
2067 4647 2152 4703 his
2205 4647 2523 4718 intelligitur
2557 4646 2885 4718 Rapbaelem
2923 4646 3382 4715 Beauchampium

1793 4720 2120 4774 ccenobitam
2147 4719 2575 4774 Marciaueuscm
2609 4721 2661 4772 iu
2694 4719 2988 4787 appcudiee
3016 4718 3080 4772 ad
3105 4719 3382 4788 syllepsim

1795 4789 2210 4861 Merovingicam
2264 4806 2369 4845 non
2431 4800 2578 4844 recte
2635 4790 2979 4861 interpretari
3045 4799 3378 4861 postremam

1793 4861 1937 4916 hanc
1964 4859 2397 4924 translationem,
2429 4861 2584 4930 quasi
2619 4860 2810 4914 relatio
2833 4859 2996 4914 fuerit
3025 4859 3378 4930 reliquiarum

1795 4931 1854 4986 S.
1897 4931 2170 4986 Rictrudis
2201 4948 2230 4988 e
2267 4927 2516 4988 coenobio
2545 4931 2882 4986 Andernensi
2925 4929 3174 4984 diuae-esis
3217 4927 3380 4981 Illuri—

1796 5003 1997 5066 nensis,
2038 5003 2190 5070 cujus
2221 5003 2452 5056 eocuobii
2487 5003 2733 5056 nionachi
2762 5003 2827 5054 de
2863 5010 3060 5054 sancta:
3101 4997 3382 5070 Rictrudis

1795 5071 1978 5142 (quam
2014 5069 2303 5126 fiotruzlem
2343 5075 2559 5140 vocant)
2603 5073 2944 5142 possessione
2989 5069 3232 5142 corporis
3261 5069 3374 5142 glo-

1797 5140 2098 5196 riabantur.
2153 5143 2292 5212 Lege
2335 5140 2642 5198 Chronico]:
2703 5141 2934 5212 cmuobii
2980 5140 3378 5212 rAfnderneusis

1789 5223 2013 5266 auctore
2061 5210 2334 5268 Willehuo
2383 5215 2578 5270 abbate
2625 5223 2768 5268 toruo
2805 5211 2867 5264 ΙΧ
2899 5210 3170 5280 Spirilcgii
3201 5211 3378 5264 Ache-

1789 5285 1944 5336 riaui.
1972 5285 2240 5352 Quidquid
2265 5284 2404 5353 juris
2431 5283 2595 5339 fuerit
2625 5283 2904 5338 monachis
2925 5281 3372 5336 Amierueusilnts

1787 5353 1840 5406 in
1869 5367 2073 5409 saneta:
2109 5356 2383 5410 liictrudis
2425 5355 2701 5423 reliquias,
2748 5367 2840 5408 eas
2867 5361 3082 5409 constat
3127 5353 3286 5408 modo
3318 5353 3382 5408 in.

1787 5423 2180 5482 Marchianeusi
2207 5427 2434 5506 ecclesia
2467 5424 2755 5480 asservari.

1503 5693 1937 5707 ——.———_~.—-.—_..-
