3878 5540
503 413 608 471 851

1067 417 1411 474 ιίυωΒΑιοι
1449 416 1615 474 MON.
1653 417 1714 474 S.
1754 414 2016 472 AMANDI
2053 414 2074 470 (

2161 417 2203 467 Ρ.
2245 412 2424 468 PARS
2463 413 2501 467 l.
2532 445 2600 452 —
2640 413 3214 478 lIAGiOGliAPHICA;

3645 429 3733 486 85%

517 538 3734 576 Μ

905 723 1260 854 PASSIO
1347 722 1490 853 SS.
1582 719 1972 862 QUIRICI
2052 722 2186 850 ET
2265 720 2721 849 lULlT'Mi
2803 721 3381 854 MARTYRUM

1485 962 2030 1058 AUCTORE
2103 963 2779 1058 HUCBALDO.

1385 1163 1558 1238 (Ap‘dd
1588 1164 1953 1224 Monbritium,
1981 1163 2114 1221 Acta
2137 1163 2481 1233 Sanctorum,
2515 1181 2569 1237 p.
2601 1181 2663 1233 rt,
2689 1181 2743 1219 n.
2771 1166 2881 1237 i8.)

1880 1326 2262 1341 ψη*

567 1484 891 1540 Sanctorum
916 1480 1117 1539 Christi
1153 1489 1448 1552 martyrum
1474 1477 1561 1549 pia
1587 1487 1883 1534 certamina
1911 1491 2076 1534 vene-
2104 1483 2152 1540 Α
2182 1473 2316 1531 mira
2343 1473 2577 1531 strictim
2606 1489 2830 1531 narrare
2872 1476 3210 1549 suscepimus
3253 1477 3593 1543 certamina,
3631 1480 3748 1534 abdi-

494 1578 706 1634 ratione
730 1576 910 1632 debita
939 1575 1261 1641 recolentes,
1307 1573 1610 1628 mirabilem
1642 1573 1694 1628 in
1735 1571 1940 1628 sanctis
1967 1572 2080 1628 suis

492 1668 780 1724 Dominum
812 1665 1194 1729 coiiaudemus,
1221 1663 1312 1737 qui
1332 1664 1493 1722 beato
1518 1661 1707 1718 infanti
1736 1661 1979 1730 Quirieo,
2011 1660 2080 1718 ab

488 1759 608 1829 ipso
652 1757 948 1815 nativitatis
973 1757 1091 1824 die,
1139 1765 1249 1812 toto
1294 1755 1522 1811 necdum
1561 1753 1776 1809 evoluto
1815 1752 2075 1818 triennio,

490 1849 713 1920 ejusque
741 1864 912 1905 sacra:
945 1847 1191 1921 genitrici
1221 1847 1441 1912 Julittre,
1475 1845 1747 1901 natalibus
1789 1860 1853 1901 ac
1893 1843 2078 1915 probis

489 1941 730 1997 moribus
749 1954 1044 2012 generosae,
1068 1939 1307 1994 muneris
1329 1937 1544 2007 superni
1567 1935 1736 2006 gratia
1766 1935 2072 2000 roborante,

483 2031 658 2087 :ctatis
681 2039 735 2086 et
750 2046 911 2087 sexus
931 2029 1157 2086 inﬁrma:
1180 2045 1278 2100 pro
1305 2028 1472 2100 ipsius
1498 2027 1732 2083 nominis
1756 2041 1940 2082 amore
1963 2025 2076 2081 vin-

480 2121 758 2183 centibus,
814 2119 920 2176 illis
959 2120 1176 2190 quidem
1218 2120 1449 2191 gloriosa
1495 2125 1793 2190 martyrum
1837 2117 2073 2188 palmam

483 2210 710 2266 contulit
741 2211 796 2266 in
825 2210 1156 2268 caelestibus.
1188 2211 1356 2269 Nobis
1390 2219 1569 2266 autem
1609 2207 1836 2280 plurima
1865 2208 2076 2265 confert

479 2303 776 2371 beneficia,
830 2305 1074 2373 eisdem,
1121 2314 1178 2360 ut
1226 2305 1527 2368 credimus,
1583 2302 2068 2372 patrocinantibus.

482 2393 842 2466 Quapropter,
885 2395 1043 2452 sicuti
1087 2396 1404 2466 quoudiana
1433 2395 1799 2464 admonitione
1823 2409 1920 2466 per
1944 2408 2071 2451 suos

477 2487 756 2558 praesules,
781 2496 1132 2559 sanctamque
1159 2497 1389 2545 matrem
1425 2489 1721 2546 Ecclesium
1759 2503 1859 2544 nos
1887 2489 2072 2542 horta-

488 2587 577 2631 tur
601 2592 783 2647 agere,
812 2578 1029 2650 dignum
1048 2577 1366 2651 justumque
1394 2589 1478 2637 est
1499 2589 1552 2638 et
1579 2580 1753 2646 nobis,
1782 2581 1836 2634 in
1861 2577 2070 2636 cunctis

479 2667 770 2724 salubriter
798 2670 1081 2726 Dominum
1109 2670 1278 2726 Deum
1303 2679 1548 2727 nostrum
1572 2672 1628 2727 in
1657 2669 1802 2726 omni
1829 2679 2068 2740 tempore

475 2771 532 2815 et
555 2762 610 2816 in
643 2762 790 2817 omni
828 2763 946 2820 loco
979 2763 1246 2820 laudando
1281 2764 1618 2836 gloriﬁcare,
1656 2773 1818 2835 atque
1851 2761 2064 2835 gratiﬁ-

2186 1574 2394 1631 cantes,
2435 1565 2543 1629 imo
2574 1574 2632 1620 ut
2677 1565 2860 1620 foetida
2891 1576 3229 1636 respuentes,
3266 1577 3523 1624 stercora
3563 1571 3643 1623 illa
3675 1571 3747 1624 fti-

2182 1654 2301 1710 vola
2347 1670 2467 1726 qua:
2509 1670 2540 1710 a
2584 1655 2820 1726 quodam
2859 1655 3025 1711 idiota
3059 1659 3447 1728 mimograpbo
3488 1668 3546 1713 et
3589 1657 3747 1714 falsiiu-

2180 1761 2288 1818 quo
2328 1747 2393 1802 de
2421 1747 2566 1820 iipsis
2604 1747 2861 1805 scabroso
2899 1749 3060 1803 nimis
3103 1749 3233 1807 stilo
3269 1759 3404 1806 sunt
3448 1750 3747 1821 ineptissime

2179 1835 2321 1892 edita
2351 1853 2366 1896 :
2409 1847 2464 1894 et
2495 1837 2695 1894 idcirco
2723 1854 2752 1894 a
2781 1838 3025 1894 ﬁdelibus
3045 1838 3416 1906 Christicolis,
3444 1842 3745 1911 maximi-qs:

2179 1947 2209 1988 a
2243 1933 2400 1991 beato
2430 1934 2610 1990 Blasio
2635 1950 2770 2006 papa
2791 1933 2913 2006 jure
2939 1935 3084 1991 inter
3111 1935 3284 1993 multa
3312 1945 3451 1992 sunt
3481 1945 3543 1991 ut
3571 1951 3746 2009 δραι]-

2178 2025 2282 2097 plta
2311 2027 2611 2097 repudiata.

2248 2117 2359 2176 Nos
2401 2128 2582 2175 autem
2611 2120 2931 2177 admirabile
2974 2122 3185 2178 cunctis
3227 2131 3506 2192 tropteum
3548 2123 3742 2190 Quiriti,

2175 2209 2327 2278 parvi
2373 2208 2592 2266 infantis
2613 2221 2666 2266 et
2696 2212 2876 2282 magni
2904 2213 3177 2284 martyris,
3219 2211 3289 2268 ad
3326 2213 3605 2269 honorem
3631 2230 3745 2269 reca-

2173 2297 2334 2356 limus
2374 2302 2546 2357 sancti
2589 2302 2667 2357 tui
2721 2303 2988 2366 nominis,
3016 2304 3282 2370 Domine;
3327 2307 3455 2376 qui,
3497 2318 3741 2376 namnam

2173 2397 2226 2448 te
2273 2393 2412 2448 scire
2458 2404 2642 2464 posset
2685 2411 2780 2465 per
2816 2404 3029 2450 nitatem
3075 2397 3358 2466 corporis,
3401 2416 3426 2450 ι
3470 2400 3737 2470 prmeuisti

2171 2499 2293 2540 eum
2326 2486 2378 2540 in
2408 2485 2873 2542 benedictionibus
2899 2487 3211 2554 dulcedinis,
3243 2499 3301 2546 et
3329 2506 3405 2545 ex
3434 2507 3538 2546 ore
3564 2490 3737 2545 infantis

2171 2583 2226 2631 et
2255 2574 2504 2631 lactentis
2531 2575 2805 2647 perfecisti
2832 2577 3040 2632 laudem
3071 2577 3247 2650 (Psal.
3277 2595 3441 2645 xx",
3475 2581 3533 2653 4)
3563 2602 3583 2634 ι
3614 2581 3740 2634 adrni-

2171 2667 2355 2722 rabilis
2377 2667 2609 2723 nominis
2635 2669 2708 2723 tui
2727 2709 2741 2733 ,
2766 2678 2825 2724 ut
2843 2685 2938 2739 per
2962 2685 3083 2724 eum
3109 2670 3436 2728 destrueres
3462 2673 3741 2728 mirabiliter

2171 2759 2420 2817 inimicos
2454 2761 2768 2817 resistentes
2801 2762 2894 2818 tibi
2917 2804 2931 2827 ,
2963 2779 3025 2818 ac
3063 2779 3159 2833 per
3199 2772 3254 2820 te
3293 2764 3478 2821 alacri
3527 2780 3739 2822 consul.

477 2850 652 2908 cando
678 2851 898 2908 laudare
928 2867 1142 2925 semper
1167 2832 1326 2926 atque
1369 2832 1809 2921 benedicereput
1838 2832 2061 2924 implere
2092 2832 2137 2893 Β
2168 2859 2312 2905 mato
2347 2851 2630 2922 martyrio,
2661 2851 2942 2920 (mli/icain
2977 2832 3094 2908 eum
3127 2855 3181 2908 in
3221 2857 3431 2925 gaudio
3479 2875 3599 2910 cu
3635 2858 3740 2910 testu

472 2941 751 3000 valeamus
778 2945 908 3000 illud
942 2944 1283 3004 Psaltuisttez
1331 2947 1648 3003 Beaedicam
1685 2945 1967 3001 Dominum
2003 2945 2058 2999 in

474 3038 615 3092 omni
659 3048 928 3108 tempore;
965 3029 1165 3109 semper
1206 3041 1323 3096 laus
1362 3041 1475 3111 ejus
1513 3041 1567 3098 in
1605 3057 1693 3096 ore
1718 3057 1830 3095 meo
1871 3039 2053 3110 (Psal.

475 3142 645 3182 xxxiii
669 3167 684 3192 ,
719 3128 803 3199 i).
837 3129 948 3185 lloe
973 3141 1056 3186 est
1083 3133 1226 3186 enim
1255 3132 1614 3198 sacriﬁcium,
1651 3146 1759 3202 quo
1794 3131 1935 3186 Deus
1973 3131 2058 3200 pie

471 3217 668 3272 colitur
688 3218 755 3274 ab
780 3220 1046 3276 universis
1067 3222 1322 3294 gradibus
1342 3223 1478 3277 bene
1499 3223 1810 3288 viventium,
1827 3223 1951 3276 dum
1983 3221 2056 3276 illi

470 3311 735 3380 condigne
777 3311 1034 3376 referunt,
1076 3321 1337 3384 quantum
1383 3315 1637 3385 possibile
1663 3322 1774 3380 est,
1815 3314 2056 3370 actiones

469 3402 800 3470 gratiarum,
819 3404 961 3475 quod
1001 3413 1056 3459 et
1101 3405 1216 3475 ipse
1249 3421 1347 3461 nos
1375 3421 1471 3476 per
1511 3405 1726 3461 beatum
1763 3405 1930 3460 David
1961 3405 2054 3459 ad-

466 3503 654 3548 mouet
682 3494 904 3552 dicens:
948 3495 1176 3551 [minoia
1205 3497 1315 3552 Deo
1339 3499 1654 3568 sacriﬁcium
1675 3498 1850 3554 laudis
1877 3497 2050 3571 (Psul.

465 3600 613 3649 κως,
646 3584 754 3655 14).
782 3586 893 3643 iloe
923 3596 1006 3643 est
1033 3588 1261 3658 denique
1290 3588 1508 3658 dignum
1533 3605 1630 3660 pro
1660 3590 1939 3646 immensis
1965 3591 2054 3646 be-

468 3674 856 3745 neﬁciiscjus,
897 3678 1212 3748 justumque
1252 3681 1451 3737 nostris
1494 3681 1767 3751 obsequiis
1804 3682 1918 3752 ipsa
1965 3681 2051 3736 die

467 3778 630 3824 tanta:
656 3771 908 3838 mquitate
942 3771 1189 3838 rationis,
1215 3773 1429 3830 salubre
1471 3782 1554 3830 est
1579 3773 1741 3830 etiam
1770 3774 2050 3830 animabus

465 3874 518 3918 et
548 3866 863 3934 corporibus
893 3868 1090 3922 nostris
1118 3887 1130 3921 :
1171 3883 1295 3922 nam
1339 3877 1596 3938 quantum
1619 3870 1775 3924 nobis
1801 3870 1903 3924 hoc
1928 3885 2048 3939 pro-

465 3955 534 4009 sit
560 3955 842 4011 evidenter
872 3971 1031 4013 sacra
1053 3959 1230 4028 prodit
1263 3958 1565 4030 Scriptura.
1592 3959 1722 4028 Quae
1746 3976 1867 4016 cum
1891 3962 2048 4017 dixis-

461 4056 584 4101 set:
626 4045 856 4102 Immola
893 4048 1000 4104 Deo
1041 4051 1358 4118 armi/icium
1390 4049 1596 4118 laudis,
1627 4062 1673 4107 et
1707 4052 1861 4108 redde
1885 4053 2046 4109 Altis-

460 4137 594 4191 simo
635 4147 750 4191 rota
787 4148 903 4196 tua.
946 4139 1128 4194 statim
1166 4139 1449 4195 subinlulit
1482 4141 1704 4197 dicens:
1747 4141 1816 4196 Et
1859 4143 2042 4198 inroca
2076 4182 2112 4199 ,η

457 4243 541 4280 me
566 4228 618 4280 iu
646 4227 729 4281 die
755 4227 1138 4295 tribulationis,
1182 4240 1228 4284 et
1271 4246 1451 4285 eruam
1488 4241 1554 4298 te,
1587 4241 1633 4286 et
1675 4232 2042 4302 honoriﬁcabis

456 4335 539 4374 nte
581 4318 752 4389 (Psal.
796 4337 945 4386 nix,
988 4320 1096 4392 15).
1141 4322 1382 4394 itemque
1423 4323 1554 4380 alias
1583 4325 1751 4381 dicit:
1795 4325 2042 4380 Laudans

455 4409 706 4464 inrocabo
749 4409 1072 4477 Dominum,
1110 4422 1158 4467 et
1197 4413 1260 4467 ab
1303 4413 1527 4468 inimicis
1569 4415 1694 4469 meis
1733 4414 1910 4468 salvus
1955 4432 2042 4468 ero

456 4497 630 4568 (Psal.
661 4515 790 4563 xvu,
817 4500 894 4571 4).
923 4500 1160 4572 Denique
1185 4504 1308 4574 quia
1336 4505 1437 4561 hoc
1462 4506 1804 4561 devotissit‘ne
1829 4521 1894 4561 ac
1914 4521 2044 4561 con-

453 4589 804 4654 stantissime,
837 4600 891 4645 et
929 4591 982 4646 lii
1013 4595 1191 4649 sancti
1229 4595 1345 4661 Dei,
1388 4611 1616 4666 quorum
1660 4612 1801 4651 nunc
1833 4612 2038 4652 memo-

453 4679 590 4738 riam
623 4680 978 4750 celebramus,
1015 4694 1070 4741 et
1111 4688 1290 4742 caeteri
1337 4688 1499 4742 divini
1534 4690 1787 4761 martyris
1817 4690 1917 4743 hoc
1947 4688 2039 4742 ad-

459 4769 682 4841 implere
711 4775 1052 4842 studuerunt,
1087 4775 1366 4836 laudantes
1395 4789 1450 4835 et
1485 4780 1796 4836 invocantes
1829 4797 1953 4836 eum
1985 4783 2036 4835 in

451 4875 559 4914 sua.
591 4861 969 4932 tribulatione,
1011 4866 1207 4936 eripuit
1229 4884 1322 4923 eos
1348 4869 1416 4925 ab
1442 4869 1662 4923 instanti
1694 4869 2034 4925 inimicorum

449 4967 670 5008 suorum
702 4956 1008 5024 afﬂictione,
1041 4969 1096 5015 et
1119 4961 1294 5016 salvos
1326 4960 1453 5018 fecit
1490 4974 1584 5016 eos
1628 4960 1680 5016 in
1729 4977 1894 5033 regno
1939 4977 2036 5018 suo

449 5044 678 5112 cmlesti,
709 5047 760 5101 in
793 5066 900 5118 quo
930 5054 1182 5120 perennis
1211 5051 1481 5114 fclicitatis
1507 5053 1574 5106 ab
1599 5067 1662 5108 eo
1683 5053 2032 5125 gioriatijnre

447 5144 505 5188 et
531 5137 704 5205 ipsum
731 5139 803 5194 illi
837 5142 1195 5199 honorificam
1225 5143 1381 5197 iaude
1403 5145 1645 5213 perenni.
1683 5146 1792 5201 Nos
1815 5160 2031 5216 quoque

449 5225 504 5278 in
552 5226 713 5297 hujus
756 5234 924 5287 nostri
972 5235 1232 5290 incolatus
1260 5237 1479 5301 exsilio,
1530 5238 1672 5293 inter
1708 5239 2030 5309 multiplices

447 5317 573 5370 Vili!)
599 5327 877 5378 DI'TSPNJS
899 5329 1170 5378 angustias
1207 5329 1362 5374 "Mill
1415 5328 1692 5382 laudantes
1724 5332 2030 5382 invocemus

2161 2956 2252 3000 tuo
2285 2943 2469 3016 (Psal.
2500 2962 2594 3011 xx,
2622 2947 2710 3014 7).
2743 2945 2896 3002 Unde
2923 2947 3066 3002 sicut
3091 2956 3144 3002 et
3173 2948 3226 3002 in
3256 2951 3532 3005 omnibus
3553 2950 3744 3004 benedi-

2161 3046 2246 3092 cta
2278 3036 2347 3092 sit
2375 3036 2772 3107 magnificentia
2807 3037 3020 3093 virtutis
3056 3047 3190 3104 tute,
3236 3056 3366 3110 qua:
3415 3042 3504 3096 sic
3550 3040 3744 3095 miriﬁce

2164 3129 2446 3198 antiquum
2475 3129 2604 3184 vicit
2632 3128 2932 3196 inimicum,
2971 3145 3068 3200 per
3099 3130 3360 3186 dilectum
3398 3133 3512 3188 sibi
3541 3133 3743 3186 invicem

2160 3221 2457 3288 Quiricum,
2492 3221 2646 3292 cujus
2682 3219 2949 3292 suﬁ'ragiis
2982 3222 3157 3288 nobis,
3186 3239 3538 3294 quaesumus,
3576 3227 3743 3296 largis-

2162 3312 2235 3368 ris
2281 3312 2345 3368 de
2371 3310 2613 3381 ejusdem
2661 3312 2879 3384 maligni
2922 3313 3093 3369 hostis
3141 3313 3496 3384 triumphare
3538 3315 3740 3370 insidiis.

2157 3402 2297 3475 Ergo
2343 3402 2410 3457 ad
2457 3403 2571 3459 lucc
2617 3401 2843 3460 ﬁdeliter
2891 3403 3204 3476 explicanda
3242 3402 3362 3474 jam
3412 3422 3564 3461 nunc
3613 3421 3736 3459 acce-

2157 3495 2370 3552 damus.

2227 3585 2423 3652 Sextee,
2456 3602 2576 3658 quae
2603 3601 2745 3642 nunc
2766 3585 2942 3659 agitur
2964 3587 3138 3642 uitatis
3159 3587 3336 3652 initio,
3362 3602 3479 3658 quo
3503 3586 3736 3641 Domina;

2151 3675 2309 3731 Jesus
2338 3675 2606 3743 Christus,
2641 3677 2778 3731 Deus
2805 3691 2964 3730 verus
2985 3685 3039 3730 et
3059 3676 3220 3729 homo
3245 3691 3407 3730 suum
3435 3688 3731 3731 consecrare

2153 3769 2402 3838 dignatus
2441 3778 2525 3825 est
2569 3769 2892 3834 adventura,
2943 3769 3366 3841 quadragesimo
3414 3769 3628 3824 scilicet
3664 3783 3735 3821 se-

2151 3861 2326 3916 cundo
2351 3862 2561 3930 imperii
2591 3861 2869 3917 Octaviani
2899 3861 3128 3918 Caesaris
3156 3861 3388 3934 Augusti
3417 3878 3591 3926 anno,
3610 3860 3733 3931 quod

2150 3955 2365 4026 quidem
2395 3956 2625 4012 obtinuit
2655 3972 2752 4027 per
2785 3971 2955 4011 annos
2985 3956 3378 4026 quinquaginta
3417 3970 3519 4009 sex
3555 3970 3732 4008 secun-

2150 4051 2274 4105 dum
2307 4059 2495 4105 nutum
2539 4051 2708 4121 ipsius
2737 4067 2876 4105 vene
2904 4051 3058 4105 Pacis
3093 4058 3220 4104 tunc
3261 4049 3317 4104 in
3369 4064 3540 4103 carne
3581 4063 3732 4118 appa-

2151 4143 2340 4208 rentis,
2368 4143 2707 4212 postmodum
2753 4158 2848 4213 per
2877 4149 3043 4196 totum
3086 4141 3275 4196 oceani
3309 4141 3581 4194 ambitum
3613 4156 3730 4194 cun-

2147 4233 2251 4288 etis
2279 4250 2382 4289 una
2409 4249 2540 4305 pace
2567 4235 2816 4306 gentibus
2843 4233 3156 4303 compositis
3187 4242 3445 4302 pacatum
3473 4234 3636 4295 rexit,
3662 4240 3730 4284 at—

2147 4343 2248 4395 que
2274 4327 2438 4381 totius
2461 4327 2606 4382 orbis
2633 4327 2998 4381 mouarebiam
3029 4324 3291 4394 possedit,
3319 4340 3554 4393 eamque
3577 4325 3730 4391 ῑυψὺ

2149 4419 2209 4471 rii
2239 4427 2561 4488 potestatem
2593 4417 2864 4485 relinquit.
2905 4415 2947 4469 Ε
2973 4415 3172 4484 quibus
3198 4417 3435 4485 posteris
3467 4423 3591 4484 post
3621 4427 3730 4463 eum

2144 4508 2393 4563 Aurelius
2421 4508 2743 4570 Alexander,
2779 4507 3073 4575 imperator
3107 4505 3422 4567 vicesimus,
3457 4502 3733 4557 [nossetis

2144 4619 2173 4654 a
2218 4601 2504 4655 nativitate
2549 4599 2756 4654 Domini
2790 4601 2855 4654 ad
2888 4599 3016 4653 illud
3057 4614 3226 4668 usque
3253 4605 3471 4666 tempus
3498 4596 3620 4666 pius
3645 4594 3734 4645 mi-

2143 4711 2308 4748 nusve
2339 4694 2585 4748 ducentis
2615 4693 2800 4764 viginti
2825 4709 2915 4748 sex
2945 4690 3103 4744 anuis
3127 4689 3355 4745 exstitit.
3383 4688 3557 4759 Hujus
3580 4688 3732 4757 igitur

2143 4786 2508 4853 tenuioribus,
2556 4799 2676 4837 cum
2728 4783 2960 4837 maxima
2994 4781 3209 4836 vexatio
3257 4779 3521 4834 Ecclesiis
3563 4787 3733 4835 εδει.

2140 4876 2392 4945 praeclara
2429 4889 2459 4928 a
2504 4874 2761 4928 militibus
2789 4873 2990 4928 Christi
3041 4887 3139 4940 pro
3186 4870 3392 4939 pietate
3433 4867 3734 4923 certamina

2139 4967 2379 5038 martyrii
2411 4967 2760 5037 gerebantur,
2795 4964 2882 5034 qui
2922 4981 3017 5033 pro
3057 4962 3449 5032 suppliciorum
3481 4958 3735 5030 patientia

2137 5057 2473 5111 donabantur
2502 5070 2531 5108 a
2582 5055 2690 5110 Deo
2719 5052 3140 5108 immortalitatis
3178 5065 3405 5104 corona.
3448 5049 3509 5104 In
3545 5049 3736 5118 quibus

2136 5158 2190 5205 et
2219 5149 2406 5203 beatus
2436 5158 2588 5218 pater
2616 5147 2887 5207 Callistus,
2923 5145 3268 5200 sacerdotum
3296 5142 3567 5212 dignitate
3600 5155 3736 5210 papa

2136 5237 2440 5304 Romanus,
2485 5256 2512 5292 a
2544 5239 2854 5294 beatissimo
2887 5237 3044 5290 Petro
3086 5235 3459 5304 apostolorum
3494 5235 3738 5304 principe

2133 5332 2319 5380 ordine
2366 5339 2549 5384 sextus
2598 5331 2872 5395 decimus,
2923 5331 3048 5383 dunt
3101 5328 3242 5382 fixus
3279 5337 3455 5382 staret
3489 5328 3543 5382 in
3576 5329 3739 5382 domo

3372 5427 3410 5441 -.
3447 5420 3504 5452 ιη
3549 5429 3738 5471 um
