3916 6428
166 421 277 480 853
1210 424 1452 486 PASSIO
1491 426 1589 484 SS.
1625 425 1877 495 QUIRICI
1915 425 2003 481 ET
2032 424 2353 485 JULlTT.~E‘.
3328 424 3434 479 854

166 536 225 591 in
262 542 483 607 puteum
515 534 874 604 demergitur,
925 535 978 593 in
1022 551 1253 607 eumque
1300 540 1528 610 desuper
1563 541 1755 597 rudera
1789 546 1833 605 Α
1860 541 1989 598 orbe
2026 549 2291 596 terrarum
2334 538 2608 605 diffusam,
2654 554 2722 595 ne
2761 554 2789 593 a
2832 552 2941 594 suae
2990 545 3269 593 moveatur
3311 540 3434 593 ﬁdei

166 625 490 681 tumulatur.
517 626 696 697 Atque
740 627 814 683 ita
858 642 889 683 a
934 626 1045 684 Deo
1090 642 1288 684 corona
1318 629 1561 700 martyrii
1599 630 1759 685 deco-
1859 630 2180 695 stabilitate,
2238 646 2370 685 neve
2418 629 2744 701 praevaleant
2795 629 3051 684 adversus
3107 644 3227 684 eam
3278 629 3433 685 inferi

166 725 354 771 ratur.
1856 728 2025 791 portae
2054 719 2265 791 (Matth.
2298 720 2444 789 ιη),
2482 721 2595 791 ipse
2622 735 2716 789 per
2745 718 3007 789 Spiritum
3053 727 3298 774 sanctum
3343 720 3434 774 ﬁr-

239 805 413 878 llujus
458 822 741 864 successor
784 816 1002 865 sanctus
1050 808 1150 865 fuit
1192 808 1437 865 Urbanus
1463 850 1477 876 ,
1517 809 1755 879 ejusdem
1858 827 2002 868 mam
2030 812 2176 867 dedit
2214 812 2573 867 constantiam
2610 811 2825 865 virtutis
2864 825 2974 865 sua:
3019 810 3071 864 in
3115 811 3293 865 dilecti
3330 809 3443 865 sibi.

166 907 375 955 sanctae
397 897 654 954 Romanae
686 899 830 955 sedis
865 900 1169 971 episcopus,
1205 902 1294 971 qui
1339 901 1582 955 doctrina
1612 899 1758 954 salu-
1855 901 2079 955 infantis
2099 900 2300 967 Quirici
2325 900 2512 965 corde,
2541 908 2594 955 et
2623 901 2889 955 sermonis
2917 899 3220 954 facundiam
3245 901 3295 954 in
3318 898 3436 970 ejus

171 991 280 1046 tari
324 991 522 1047 multos
555 991 620 1045 ad
652 992 967 1062 martyrium
1015 1008 1313 1062 provocans
1342 990 1565 1047 calicem
1597 1006 1756 1060 quem
1855 992 2032 1063 posuit
2058 1006 2173 1057 ore,
2209 1010 2227 1043 ι
2255 992 2345 1061 (ιυί
2379 992 2586 1060 aperuit
2616 1006 2710 1045 ora
2733 999 3001 1045 mutorum
3031 999 3083 1046 et
3112 991 3323 1062 linguas
3354 992 3439 1046 in-

168 1083 296 1138 aliis
320 1081 624 1154 propinavit
653 1083 768 1154 ipse
792 1099 1004 1154 quoque
1030 1085 1253 1156 potavit.
1856 1084 2083 1139 fantium
2123 1083 2253 1139 facit
2286 1084 2514 1138 disertas
2561 1082 2713 1154 (Sep.
2759 1082 2834 1150 ι).
2875 1100 2894 1133 r
2938 1081 3089 1137 Unde
3131 1083 3258 1137 dum
3311 1091 3440 1136 ante

240 1174 320 1229 Ea
350 1175 513 1245 igitur
542 1172 684 1228 facta
714 1176 1107 1244 persecutione,
1147 1176 1287 1231 sicut
1315 1175 1568 1243 diximus,
1599 1174 1757 1232 Cliri-
1856 1179 2138 1250 przesidem
2179 1186 2345 1235 staret
2379 1177 2672 1232 secundum
2703 1185 2911 1246 tempus
2936 1175 3167 1246 elinguis
3202 1174 3440 1229 infantu-

166 1262 470 1318 stianorum
498 1262 597 1317 sub
621 1261 927 1319 Alexandro
968 1264 1315 1336 imperatore,
1354 1281 1475 1319 cum
1506 1281 1644 1321 saeva
1671 1281 1758 1319 su-
1856 1268 1960 1331 lus,
1994 1283 2097 1324 non
2130 1268 2240 1333 ille,
2270 1267 2363 1322 sed
2391 1268 2444 1321 in
2478 1281 2543 1321 eo
2570 1274 2625 1321 et
2648 1281 2744 1336 per
2770 1281 2892 1321 eum
2923 1264 3243 1335 loquebatur
3270 1265 3439 1336 Spiri-

171 1369 273 1425 pra
323 1353 541 1409 modum
584 1354 965 1410 exardesceret
1010 1356 1248 1426 undique
1276 1371 1432 1413 secus
1478 1372 1571 1413 eos
1616 1357 1759 1412 inse-
1859 1371 1946 1416 tus
1991 1368 2239 1426 sanctus,
2274 1358 2426 1427 cujus
2476 1358 2632 1428 adipe
2669 1366 2725 1414 et
2764 1357 3088 1428 pinguedine
3132 1356 3440 1427 replebatur

171 1443 358 1498 ctandi
406 1443 666 1511 intentio,
710 1444 1050 1499 orientalium
1100 1460 1314 1516 quoque
1360 1445 1755 1518 provinciarum
1858 1452 2034 1507 anima
2059 1460 2114 1507 et
2144 1467 2240 1507 cor
2269 1449 2404 1519 ejus.
2452 1450 2596 1504 Dixit
2630 1457 2807 1503 autem
2837 1449 2885 1503 ei
2926 1448 3270 1503 Alexander:
3305 1447 3441 1502 Volo

170 1534 311 1591 ﬁnes
353 1534 725 1605 apprehendit.
766 1535 820 1589 In
853 1551 1079 1605 quarum
1125 1538 1367 1607 partibus
1409 1552 1608 1607 praeses
1635 1536 1759 1592 Ale-
1856 1540 1987 1594 mibi
2021 1548 2079 1595 ut
2105 1540 2375 1594 veraciter
2401 1538 2603 1608 pandas
2626 1538 2745 1606 quis
2772 1536 2931 1605 hujus
2958 1545 3157 1592 sanctae
3180 1536 3443 1591 doctrinae

170 1626 383 1682 under
408 1635 656 1696 prmerat,
687 1627 775 1696 qui
801 1627 942 1682 sicut
971 1629 1187 1684 nomine
1216 1628 1295 1685 sic
1320 1629 1629 1700 imperatori
1660 1643 1758 1684 suo
1856 1627 2125 1683 exstiterit
2150 1627 2423 1698 magister,
2470 1627 2736 1697 simrulque
2773 1627 2841 1682 ab
2878 1627 2980 1682 hac
3022 1625 3251 1681 desistas
3276 1625 3441 1695 perti-

168 1724 293 1773 erat
319 1730 419 1786 par
449 1714 748 1772 ferocitate.
780 1717 878 1773 llic
908 1718 1049 1774 inter
1072 1718 1400 1786 innumeros,
1428 1735 1563 1791 quos
1591 1721 1757 1775 variis
1857 1721 2031 1786 nacia,
2060 1736 2221 1791 quam
2249 1720 2520 1781 celeriter,
2553 1733 2620 1773 ne
2644 1732 2741 1788 pro
2767 1718 2987 1772 deorum
3018 1724 3072 1771 et
3100 1714 3443 1786 imperatoris

164 1808 504 1865 cruciatibus
542 1817 599 1865 et
626 1810 943 1881 excogitatis
978 1810 1235 1867 affecerat
1275 1813 1485 1882 poenis,
1514 1811 1759 1869 Julittam
1860 1822 2169 1882 contemptu
2200 1813 2376 1883 poenis
2402 1811 2603 1866 acriter
2629 1810 2901 1865 aﬁiciaris.
2949 1808 3030 1864 Ad
3069 1808 3187 1865 lucc
3220 1807 3438 1865 infans:

171 1907 483 1954 matronam
513 1898 745 1958 nobilem
781 1899 835 1955 in
878 1899 994 1973 lege
1032 1900 1244 1957 Domini
1290 1902 1640 1957 meditantem
1672 1902 1759 1957 die
1788 1895 1834 1956 B
1863 1905 2053 1972 Tuam,
2082 1905 2177 1972 ait,
2207 1920 2240 1961 ο
2266 1919 2485 1976 praeses,
2516 1904 2684 1959 miror
2712 1902 3071 1973 insipientiam
3099 1918 3113 1969 ;
3142 1900 3232 1973 qui
3270 1901 3324 1956 in
3357 1916 3443 1956 me

169 2003 240 2043 ac
268 1996 445 2055 nocte,
476 1990 619 2045 fama
643 1990 768 2046 boni
793 1993 972 2049 odoris
1000 1992 1287 2060 celebrem,
1310 1994 1489 2051 missis
1513 1994 1760 2052 ofﬁciali-
1862 2011 2088 2053 cernens
2134 1996 2401 2051 tantillam
2438 2004 2649 2049 aetatem
2670 2034 2685 2060 ,
2734 1992 2929 2049 nedum
2976 2000 3248 2049 transacto
3281 1992 3442 2048 trium

178 2080 291 2136 bus
320 2080 432 2136 suis
453 2080 615 2152 jussit
650 2083 962 2154 praesentari
1004 2084 1378 2141 tribunalibus.
1422 2085 1553 2141 Erat
1580 2095 1759 2142 autem
1862 2103 2127 2143 annorum
2168 2086 2437 2143 curriculo
2478 2085 2731 2141 discenda
2776 2085 2939 2143 etiam
2983 2084 3210 2140 scientia
3257 2083 3439 2137 minus

173 2168 365 2226 Julitta
394 2171 636 2228 serviens
660 2173 885 2230 Domino
913 2175 964 2229 in
997 2174 1189 2231 timore
1226 2185 1377 2232 casto
1398 2217 1412 2242 ,
1442 2191 1562 2247 quae
1593 2176 1759 2231 ﬁlium
1861 2178 2114 2236 idoneum
2141 2180 2511 2252 percunctaris
2547 2182 2667 2252 quis
2697 2196 2782 2236 me
2824 2180 3067 2236 docuerit
3092 2179 3327 2236 divinam
3357 2194 3443 2234 sa-

175 2258 359 2314 alebat
402 2262 681 2331 parvulum
727 2263 1040 2330 Quiricum:
1083 2264 1170 2321 cui
1218 2281 1341 2321 eum
1398 2267 1535 2324 lacte
1582 2268 1763 2324 carnis
1862 2272 2139 2342 pientiam.

181 2350 515 2420 disciplinam
545 2354 762 2409 tradidit
788 2355 978 2411 divinae
1006 2354 1156 2427 legis.
1195 2356 1340 2413 Inter
1372 2359 1568 2415 charos
1612 2358 1764 2414 deni-
1864 2423 1873 2430 _
1930 2361 2147 2417 Auditis
2181 2375 2383 2431 praeses
2424 2358 2729 2429 lmjusmodi
2777 2360 3116 2416 sermonibus
3157 2369 3439 2429 correptus

183 2461 293 2517 que
321 2448 593 2518 amplexus
617 2458 671 2505 et
701 2458 956 2505 maternae
979 2450 1194 2521 pictatis
1219 2450 1423 2515 oscula,
1444 2466 1553 2521 quo
1574 2464 1762 2506 verum
1861 2459 1945 2507 est
1970 2451 2170 2518 furore,
2207 2466 2269 2506 ac
2294 2450 2456 2522 jussit
2491 2448 2748 2504 infantem
2778 2449 2909 2505 cmdi
2946 2449 3436 2504 vehementissime.

178 2546 458 2605 parentem
505 2550 841 2612 agnosceret,
874 2541 1077 2597 coleret
1118 2551 1279 2612 atque
1314 2541 1590 2614 diligeret,
1636 2541 1762 2597 dum
1862 2540 1954 2597 ille
1981 2556 2132 2607 vero,
2164 2540 2290 2597 dum
2322 2540 2649 2606 caederetur,
2690 2540 2888 2595 erectis
2925 2540 2991 2594 ad
3021 2539 3215 2595 caelum
3240 2539 3441 2605 oculis,

177 2626 322 2681 lacte
348 2628 490 2685 dulci
521 2645 586 2685 ex
616 2629 732 2699 ejus
776 2631 1014 2687 aleretur
1037 2633 1325 2700 uberibus,
1372 2633 1453 2711 ab.
1473 2632 1640 2703 ipsius
1669 2645 1763 2689 ore
1862 2640 1915 2688 et
1940 2632 2123 2703 parvis
2152 2632 2400 2687 manibus
2429 2632 2601 2701 passis
2633 2631 2795 2687 veluti
2837 2631 3038 2688 athleta
3084 2631 3238 2688 fortis
3273 2632 3443 2687 bene-

182 2730 286 2787 pro
323 2727 560 2790 tempore
589 2736 738 2792 pune
764 2721 887 2777 ﬁdei
918 2722 1258 2779 imbuebatur
1282 2723 1641 2794 dogmatibus.
1679 2723 1762 2779 ln-
1863 2725 1994 2780 dicit
2022 2724 2312 2780 Dominum
2353 2724 2406 2778 in
2432 2722 2692 2780 excelsis:
2717 2722 2934 2779 Gratias
2959 2723 3052 2779 tibi
3079 2739 3197 2796 ago,
3222 2724 3445 2779 Domine

178 2810 525 2878 surgentibus
552 2811 1002 2883 igitur.adversus
1041 2829 1159 2869 eam
1189 2816 1625 2884 persecutoribus
1664 2830 1763 2885 pro
1863 2816 2035 2881 Deus,
2078 2824 2129 2871 te
2177 2815 2445 2871 benedicit
2490 2815 2670 2871 anima
2716 2830 2835 2870 mea
2881 2824 2934 2871 et
2965 2816 3145 2871 omnia
3188 2816 3445 2871 interiora

178 2916 279 2957 sua
324 2904 637 2974 parvulique
684 2906 853 2962 salute
883 2907 948 2961 ad
977 2905 1261 2963 Dominum
1305 2908 1591 2964 clamabat.
1625 2908 1764 2966 Ante
1864 2923 2004 2963 mea.
2032 2908 2154 2964 Tibi
2178 2907 2310 2973 laus,
2335 2908 2595 2961 virtutum
2625 2907 2869 2973 Domine,
2896 2908 3018 2976 quia
3042 2908 3294 2963 virtutem
3319 2924 3445 2979 per-

179 3001 528 3062 conspectum
561 2996 791 3066 denique
822 3007 1143 3067 przesentata
1191 3000 1457 3069 prmsidis,
1498 3009 1555 3056 et
1600 2999 1666 3055 ab
1698 3016 1763 3056 eo
1864 3000 1981 3055 ﬁcis
2009 3000 2059 3055 in
2086 3014 2204 3054 mea
2240 2998 2551 3053 inﬁrmitate
2577 2998 2626 3069 (1
2660 2997 2782 3053 Cor.
2810 3000 2934 3069 xu).
2961 2997 3111 3055 Tunc
3134 3015 3260 3055 vero
3280 3000 3446 3057 veluti

185 3082 445 3151 requisita
473 3085 625 3156 cujus
654 3095 795 3141 esset
820 3087 1108 3156 provincia:
1136 3088 1218 3143 vel
1246 3088 1504 3157 civitatis,
1528 3098 1618 3144 aut
1645 3104 1763 3160 quae
1866 3089 2130 3145 insultans
2155 3088 2502 3144 carniﬁcibus
2528 3088 2672 3143 clara
2706 3104 2835 3144 voce
2860 3104 2958 3159 pro
2986 3089 3191 3145 viribus
3226 3089 3446 3145 insona-

184 3172 385 3241 proprii
431 3174 481 3229 ei
532 3186 677 3231 esset
729 3177 965 3245 cognitio
1002 3179 1265 3247 nominis,
1319 3180 1638 3251 respondit:
1687 3182 1761 3235 De
1801 3243 1833 3251 Δ
1865 3180 1958 3235 bat
1986 3178 2358 3248 frequentius:
2402 3175 2598 3249 Utique
2624 3177 2965 3233 Christianus
2985 3193 3125 3243 sum,
3158 3187 3213 3233 et
3239 3179 3452 3248 quoties

182 3259 390 3316 Isauria
417 3264 631 3333 quidem
655 3268 947 3335 provincia,
988 3278 1042 3323 et
1079 3270 1145 3324 de
1178 3270 1502 3339 primoribus
1532 3270 1764 3327 civitatis
1791 3243 1835 3305 Ο
1866 3270 2123 3325 emiserat
2152 3269 2292 3323 hanc
2321 3282 2506 3323 vocem
2546 3268 2649 3337 pi:e
2690 3266 3054 3337 professionis,
3095 3269 3252 3323 toties
3287 3269 3335 3323 ei
3366 3284 3449 3323 re-

185 3352 552 3425 llyboniarum
584 3361 884 3430 progenita,
912 3362 977 3416 ad
1004 3361 1199 3417 Siliciae
1230 3372 1349 3419 tuas
1378 3364 1618 3419 devitans
1646 3378 1765 3433 per-
1865 3361 2196 3429 parabantur
2223 3373 2372 3415 novze
2411 3358 2655 3427 corporis
2676 3358 2836 3420 vires,
2878 3357 2952 3412 ita
2989 3366 3046 3412 ut
3070 3366 3125 3412 et
3153 3370 3356 3428 prmses
3397 3365 3452 3412 et

185 3445 495 3502 secutiones
544 3449 837 3521 demigravi
893 3451 1048 3517 loca;
1090 3453 1366 3524 Tarsoque
1414 3469 1531 3509 sum
1576 3455 1765 3509 immo—
1865 3448 2040 3504 cuncti
2068 3448 2157 3517 qui
2186 3449 2409 3502 aderant
2437 3455 2639 3500 tantam
2667 3446 2949 3501 imbecillis
2977 3446 3304 3500 mirarentur
3329 3455 3451 3501 teta-

185 3542 324 3589 rata.
371 3536 439 3590 Et
479 3552 599 3592 cum
641 3538 743 3594 sim
770 3555 897 3595 vere
933 3540 1260 3609 Christiana,
1295 3551 1377 3599 est
1404 3543 1531 3599 mihi
1571 3559 1763 3599 nomen
1868 3538 1936 3593 tis
1980 3536 2335 3592 tolerantiam.
2389 3535 2529 3593 Deus
2573 3536 2770 3605 quippe
2810 3534 3033 3606 justitia:
3066 3536 3156 3605 qui
3200 3535 3346 3589 illum
3396 3536 3451 3589 in

184 3624 395 3680 Julitta.
427 3627 523 3684 Cui
554 3644 793 3699 praeses:
836 3631 1051 3694 Hortor,
1084 3634 1279 3703 inquit,
1309 3643 1391 3701 te;
1428 3644 1480 3689 tu
1515 3634 1606 3690 tibi
1638 3650 1764 3690 θοι·
1866 3631 2053 3701 primis
2077 3630 2232 3684 annis
2262 3628 2499 3683 infantiae
2525 3644 2618 3683 sua
2641 3629 2811 3700 gratia
2838 3626 3172 3697 justificavit,
3202 3626 3253 3681 in
3284 3627 3449 3681 tribu-

187 3714 337 3781 W'e;
394 3717 737 3788 imperatoris
775 3721 925 3791 jussa
969 3722 1201 3793 perﬁce,
1244 3732 1405 3794 atque
1439 3724 1617 3779 debita
1663 3725 1765 3781 diis
1868 3722 2066 3776 latione
2099 3722 2164 3776 ad
2195 3735 2254 3777 se
2273 3720 2597 3775 clamantem
2628 3718 3046 3774 misericorditer
3072 3718 3363 3781 exaudivit,
3397 3726 3452 3771 et

188 3806 390 3862 nostris
424 3806 559 3864 oﬁ‘er
588 3809 864 3865 libamina.
899 3813 1061 3869 Beata
1091 3812 1278 3870 Julitta
1310 3817 1622 3885 respondit:
1654 3815 1766 3887 Ego
1863 3794 1920 3865 “in
1944 3818 2230 3881 conspectu
2259 3808 2499 3865 omnium
2524 3806 2807 3879 magniﬁce
2842 3806 3165 3862 ῐηίτίῧοανὶῑο
3206 3806 3453 3862 Gloriosa

189 3896 481 3953 immundis
509 3914 614 3953 non
649 3901 898 3956 sacriﬁco
929 3901 1240 3969 daemoniis,
1288 3906 1413 3973 quia
1463 3906 1619 3961 unius
1662 3905 1766 3961 vivi
1868 3916 1996 3956 vero
2018 3908 2191 3955 mater
2220 3899 2272 3955 in
2301 3898 2558 3970 ejusmodi
2595 3913 2764 3969 agone
2791 3913 2912 3953 eum
2940 3898 3171 3968 positum
3198 3913 3448 3961 cernens,

189 3993 248 4040 et
277 3987 389 4042 veri
416 3988 511 4043 Dei
548 4004 673 4045 vera
713 4006 830 4047 sum
876 3992 1092 4048 cultrix.
1126 3994 1215 4049 Ait
1239 4010 1476 4065 praeses:
1512 3996 1766 4053 Sacritiea
1872 3999 1982 4045 toto
2011 3991 2175 4045 corde
2214 3988 2525 4053 exsultans,
2570 3986 2622 4042 in
2670 3987 2977 4050 Dominum,
3006 3986 3347 4055 extensisqlle
3395 3986 3448 4039 ίιι

189 4077 296 4133 diis
322 4088 607 4151 antequam
630 4082 991 4146 adtormenta
1022 4085 1257 4141 ducaris.
1289 4086 1355 4141 Et
1381 4086 1469 4141 illa
1495 4104 1509 4143 ;
1538 4086 1646 4146 Nec
1668 4089 1770 4145 diis
1870 4080 2063 4135 emittm
2102 4079 2379 4143 manibus,
2411 4092 2542 4133 voce
2575 4077 2953 4136 exsultationis
2996 4084 3052 4131 et
3098 4073 3450 4130 confessionis

195 4168 301 4222 tuis
328 4171 641 4228 sacriﬁcabo
669 4174 844 4240 vanis,
886 4190 986 4231 nec
1022 4186 1287 4233 tormenta
1315 4194 1561 4248 pavesco.

1906 4168 2204 4225 loriﬁcabat
2242 4168 2527 4224 Dominum
2547 4209 2561 4233 ,
2601 4177 2655 4221 et
2693 4174 2752 4221 ut
2782 4166 2833 4220 in
2860 4164 3257 4236 perseverantia
3283 4164 3452 4234 persi-

264 4258 504 4327 lnterim,
530 4261 656 4317 dum
686 4264 739 4319 bi
768 4266 908 4319 inter
924 4280 1016 4322 eos
1041 4281 1317 4324 sermones
1342 4267 1601 4335 rel-"mur,
1627 4270 1767 4326 alma
1870 4267 2036 4314 steret
2065 4257 2187 4313 ﬁdei
2213 4272 2369 4313 suum
2394 4255 2711 4311 hortabatur
2730 4253 2946 4310 Filium.
2969 4252 3270 4309 Verebatur
3289 4252 3451 4321 siquia

194 4349 425 4418 genitrix
451 4350 650 4418 Quirici
675 4367 780 4408 non
800 4356 1012 4411 modico
1036 4357 1333 4428 angebatur
1352 4372 1587 4414 maerore
1606 4360 1769 4415 animi
1872 4350 1992 4405 dem
2031 4364 2098 4405 ne
2127 4347 2265 4404 forte
2298 4349 2515 4404 cederet
2553 4345 2775 4416 ﬂagellis
2800 4359 2911 4415 prae
2946 4343 3304 4399 teneritudine
3327 4358 3452 4399 cor—

192 4441 338 4509 quod
366 4442 500 4512 ipsa,
531 4445 704 4514 posita
745 4446 798 4500 in
842 4452 1131 4517 praecincta
1157 4448 1279 4503 belli
1316 4464 1412 4518 pro
1436 4450 1736 4506 confession

1907 4440 2034 4496 orls.
2066 4438 2170 4495 Sed
2200 4454 2320 4494 cum
2364 4452 2499 4509 pene
2536 4436 2649 4506 jam
2691 4434 3086 4491 resolverentur
3111 4444 3166 4491 et
3208 4435 3452 4491 concide-

194 4530 343 4594 ﬁdei,
373 4533 455 4587 sui
484 4544 629 4589 esset
663 4536 913 4591 destituta
950 4537 1142 4593 solatio
1168 4540 1396 4608 parvuli,
1436 4541 1513 4595 Ad
1545 4540 1663 4611 ejus
1693 4550 1771 4596 ia-
1803 4588 1847 4611 ἢ
1874 4539 1997 4586 rent
2024 4530 2342 4586 caedentium
2370 4545 2560 4587 manus
2612 4529 2725 4600 ipse
2750 4529 2820 4584 ab
2847 4529 3183 4584 inbabitante
3205 4529 3256 4583 in
3280 4544 3338 4584 se
3359 4528 3453 4583 Dei

196 4636 321 4675 men
352 4625 749 4695 suggestionem
774 4625 995 4696 jubente
1031 4588 1289 4699 praeside,
1335 4640 1389 4686 et
1430 4588 1604 4688 matre
1648 4648 1770 4688 eum
1802 4588 1848 4646 Β
1876 4620 2102 4690 Spiritu,
2132 4620 2344 4675 ﬁrmum
2366 4634 2562 4691 gerens
2590 4588 2827 4674 animum
2852 4618 3250 4675 instaurabatur
3277 4634 3457 4674 recen-

195 4705 364 4768 veluti
406 4717 685 4783 prodente.
709 4721 1037 4789 perquisitus
1077 4722 1300 4779 tenellus
1329 4724 1502 4780 infans
1527 4725 1773 4794 Quiricus
1877 4710 1983 4765 “"5
2010 4711 2075 4766 ad
2102 4708 2481 4766 “uerendum-

195 4812 252 4854 et
282 4817 310 4855 a
344 4805 601 4861 militibus
626 4809 868 4876 praesidis
892 4819 1170 4879 repertus,
1212 4821 1335 4868 ante
1366 4814 1539 4884 ipsum
1580 4816 1741 4887 perdu

1946 4800 2144 4856 lterum
2168 4815 2366 4869 praeses
2387 4798 2548 4869 jussit
2571 4799 2673 4855 sibi
2698 4807 2926 4855 matrem
2947 4814 3069 4854 cum
3098 4798 3206 4853 lilio
3227 4812 3455 4869 praesen-

196 4900 321 4947 ctus
349 4904 451 4948 est.
479 4895 661 4951 Primo
688 4899 903 4967 quidem
935 4901 1316 4958 blandimentis
1347 4905 1579 4971 lenibus,
1610 4916 1668 4961 ut
1698 4907 1742 4961 in

1910 4890 2002 4944 ari.
2036 4890 2102 4944 Et
2130 4905 2251 4945 cum
2295 4903 2390 4944 eos
2428 4888 2572 4943 nullo
2616 4888 2775 4943 modo
2814 4902 3066 4942 revocare
3107 4903 3135 4939 a
3180 4887 3456 4955 proposito

198 4979 349 5047 iam,
397 4984 769 5053 demulcetur;
812 4988 1004 5043 deinde
1056 4991 1215 5046 minis
1262 5003 1629 5063 exasperatur,
1684 4994 1774 5051 me
1878 4996 2019 5037 verte
2051 4981 2171 5036 fidei
2205 4988 2417 5049 posset,
2471 4979 2595 5034 fecit
2639 4992 2732 5034 eos
2779 4977 3005 5032 diversis
3032 4990 3311 5046 pinnarum
3344 4991 3457 5029 mo-

196 5086 329 5126 Vel’o
364 5073 722 5130 blandientem
748 5091 898 5146 mque
929 5087 987 5133 ut
1022 5080 1313 5136 minantem
1347 5085 1769 5153 parvipendens,
1879 5075 1961 5131 dis
2000 5074 2259 5142 torqueri,
2303 5088 2366 5127 ac
2397 5074 2467 5127 ita
2502 5072 2715 5127 demum
2759 5069 3106 5124 ltorribilibus
3150 5068 3458 5123 carceribus

201 5169 381 5216 mente
409 5163 611 5232 majore
643 5173 698 5219 et
732 5165 1091 5221 disertissimo
1134 5184 1380 5225 sermone
1410 5170 1773 5227 Christianum
1880 5163 2218 5233 mancipari,
2272 5164 2443 5217 sancti
2498 5176 2627 5217 vero
2680 5159 2772 5215 Dei
2831 5167 3096 5228 martyres
3152 5158 3459 5212 arctissimo

199 5266 262 5307 se
290 5266 411 5309 esse
439 5264 753 5312 constanter
774 5266 856 5312 est
882 5258 1180 5327 professus,
1219 5268 1327 5316 eta
1358 5261 1693 5331 professione
1719 5278 1777 5320 se
1883 5254 2076 5311 reclusi
2129 5252 2400 5323 ergastqu
2446 5254 2530 5308 his
2574 5250 2752 5307 verbis
2802 5248 2908 5303 laeti
2952 5247 3250 5317 psallebant
3300 5249 3409 5302 Deo
3444 5267 3453 5300 :

203 5340 313 5395 ullo
343 5344 501 5400 modo
526 5345 706 5400 divelli
747 5362 852 5402 non
891 5363 1050 5417 posse
1092 5348 1400 5405 ﬁrmissime
1427 5360 1749 5423 protestetur

1961 5364 1979 5399 ι
2019 5346 2130 5402 Fac
2159 5346 2435 5401 nobiscum
2460 5386 2475 5411 ,
2526 5343 2782 5407 Domine,
2832 5340 3044 5409 signum
3076 5340 3128 5394 in
3173 5340 3371 5395 bonum
3403 5352 3459 5395 ut

205 5432 321 5487 ch
350 5444 604 5502 alemus,
637 5438 779 5495 Deus
804 5451 987 5497 noster
1012 5442 1100 5511 qui
1141 5458 1405 5513 apparens
1437 5444 1487 5499 in
1520 5461 1683 5501 came
1711 5446 1779 5501 ad
1886 5440 2102 5493 videant
2131 5438 2221 5509 qui
2247 5439 2478 5494 oderunt
2525 5451 2621 5489 nos
2645 5444 2698 5487 ct
2723 5431 3149 5497 confundantur,
3198 5433 3456 5503 quoniam

204 5524 511 5582 bellandum
536 5528 729 5585 fortem
757 5542 1021 5588 armatum
1046 5533 1195 5601 (Luc.
1222 5536 1319 5605 xi),
1346 5538 1706 5607 mundumque
1730 5537 1782 5592 in
1887 5542 1973 5596 tu.
2022 5530 2276 5595 Domine.
2343 5525 2593 5597 θάὶιιτίειί
2623 5540 2751 5589 ηοξ,
2800 5530 2858 5578 ει
2905 5522 3217 5579 conmittit”
3258 5539 3317 5577 es
3363 5539 3463 5576 "05

204 5615 347 5669 malu
382 5620 611 5688 positum
640 5620 704 5690 (Ι
732 5622 890 5677 Joan.
926 5624 1013 5693 v),
1059 5639 1169 5679 sure
1210 5640 1268 5680 se
1313 5624 1608 5693 majestatis
1643 5640 1779 5695 prm-
1886 5621 2057 5692 (Paul.
2096 5619 2315 5690 Lxxxv).
2358 5637 2374 5669 ι
2413 5618 2580 5672 Erant
2628 5626 2807 5670 autem
2840 5613 3195 5684 persistentes
3242 5615 3292 5667 in
3340 5628 3462 5666 ora-

205 5704 375 5759 cinxit
415 5708 617 5764 virtute
663 5708 833 5779 (Psal.
882 5716 1048 5783 xvn),
1091 5714 1289 5783 quique
1337 5713 1567 5769 firmavit
1596 5714 1782 5769 orbem
1890 5712 2123 5767 tionibus
2176 5720 2228 5767 et
2259 5709 2536 5763 laudantes
2569 5708 2756 5772 Deum,
2788 5708 3231 5777 postulantesque
3256 5718 3316 5758 se
3346 5703 3462 5770 ejus

208 5807 363 5853 terra!
392 5797 561 5867 (Psal.
600 5803 729 5870 χρη)
774 5813 1011 5859 sanctam
1040 5805 1282 5861 \ielelicet
1321 5805 1635 5871 Ecclesium,
1669 5814 1777 5859 toto
1890 5804 2127 5877 putentia
2175 5802 2390 5857 virtutis
2440 5801 2572 5871 eripi
2605 5800 2872 5876 alaqueis
2904 5802 3236 5872 malignitate
3266 5796 3459 5851 diaboli
