3878 5532
501 572 563 616 ut
606 570 687 620 eis
730 570 1102 641 multiplicium
1133 594 1414 648 poenarum
1462 596 1732 654 acerbitas
1760 570 2071 673 pararetur,

500 669 837 727 nequaquam
867 663 967 761 sibi
997 671 1257 735 proximis
1286 676 1673 739 infructuosam
1721 663 1834 743 fore
1862 663 2076 761 patiun;

503 754 590 835 tur
614 760 855 835 poenam.
889 751 1129 824 Namque
1165 761 1481 823 fortitudine
1505 772 1668 826 animi
1692 783 1747 828 et
1772 751 2074 835 constantia

490 832 623 901 fidei
650 845 705 889 et
737 840 992 906 patientia
1021 845 1280 906 tolerandi
1312 852 1637 915 infirmiores
1664 876 1905 932 quosque
1946 832 2074 937 pro:

500 926 768 984 vocabant
814 933 882 986 ad
926 935 1277 997 imitationem
1326 946 1428 1000 sui.
1479 949 1533 1003 In
1575 926 1761 1008 eadetu
1808 926 2075 1025 siquidem

500 1017 745 1072 custodia
774 1020 1113 1082 habebantur
1138 1031 1188 1084 in
1222 1033 1448 1092 vinculis
1471 1039 1667 1095 detenti
1693 1017 1911 1101 circiter
1940 1063 2073 1118 qua-

500 1104 769 1200 dringenti
795 1115 1153 1188 quadraginta
1183 1132 1416 1191 quatuor
1442 1128 1560 1195 viri,
1612 1146 1746 1200 quos
1774 1104 2074 1192 hortaban-

489 1204 592 1260 tur
637 1198 689 1251 hi
740 1205 913 1259 sancti
959 1206 1059 1263 Dei
1101 1214 1341 1268 converti
1373 1216 1441 1271 ad
1468 1198 1643 1274 [idem
1666 1220 1887 1291 Christi,
1932 1235 2075 1283 atte-

494 1293 709 1343 stautes
737 1306 851 1347 non
882 1309 1007 1351 esse
1028 1298 1171 1354 aliud
1210 1317 1401 1359 nomen
1448 1307 1548 1363 sub
1576 1308 1714 1366 calo
1760 1312 1941 1369 datum
1975 1315 2077 1372 ho-

497 1376 667 1443 mini,
728 1380 781 1435 in
835 1399 943 1452 quo
984 1389 1155 1456 possit
1199 1391 1320 1461 quis
1364 1394 1548 1452 salvus
1591 1397 1733 1454 ﬁerit
1779 1399 1929 1474 (Act.
1971 1402 2070 1474 tv).

499 1466 741 1540 Cumque
770 1483 825 1529 et
872 1478 1051 1534 verbis
1080 1491 1133 1535 et
1161 1485 1423 1554 exemplis
1451 1487 1566 1543 lucc
1610 1466 1902 1560 probarent
1946 1510 2072 1551 vera

498 1558 652 1626 esse,
696 1565 864 1633 gratia
894 1567 1041 1631 illius.
1062 1568 1317 1645 operante
1356 1578 1446 1647 qui
1474 1579 1579 1634 vult
1612 1558 1806 1637 omnes
1837 1584 2071 1641 homines

497 1650 668 1706 «deos
692 1654 809 1722 ﬁeri
834 1668 879 1711 et
906 1662 976 1715 ad
1020 1665 1337 1733 agnitionem
1366 1670 1596 1726 veritatis
1632 1674 1808 1730 uenire
1836 1674 1900 1745 (1
1934 1675 2069 1733 Tim.

498 1742 589 1840 tt),
613 1743 708 1811 illi,
737 1748 1180 1812 abremmtiautes
1222 1759 1472 1817 omnibus
1498 1765 1754 1834 operibus
1777 1742 2067 1840 et‘pompis
2097 1779 2141 1840 Β

503 1831 743 1903 Satante,
766 1841 997 1898 confessi
1025 1855 1149 1901 sunt
1181 1863 1238 1903 se
1266 1849 1318 1904 in
1348 1866 1510 1906 ttnum
1535 1831 1744 1910 ivernm
1777 1831 1941 1912 Deum
1968 1858 2068 1915 Pa-

498 1934 637 1982 trem
666 1934 1108 2005 omnipotentem,
1158 1948 1213 1995 et
1242 1941 1295 2003 in
1344 1941 1527 2000 Iesum
1569 1945 1842 2004 Christum
1873 1949 2066 2006 Filium

496 2016 616 2087 ejus
641 2020 857 2076 unicum
876 2024 1195 2095 Dominum,
1224 2039 1275 2086 et
1306 2031 1357 2086 in
1385 2031 1643 2104 Spiritum
1674 2047 1923 2094 sanctum
1953 2055 2074 2098 cre-

500 2110 659 2175 dere;
691 2120 745 2167 et
768 2112 884 2169 haec
911 2116 1007 2172 tria
1041 2134 1144 2172 non
1178 2130 1286 2176 tres
1312 2122 1448 2179 Deos
1474 2124 1568 2180 sed
1598 2141 1761 2181 unum
1792 2142 1933 2194 esse,
1979 2130 2070 2198 qui

497 2199 643 2255 solus
688 2212 879 2271 potens
922 2216 1004 2262 est
1045 2209 1226 2267 ﬁdeles
1269 2228 1395 2269 suos
1424 2229 1488 2269 cx
1524 2216 1669 2271 omni
1725 2218 2073 2278 tribulatione

496 2290 726 2361 eripere,
771 2304 828 2349 et
847 2296 1052 2352 salvum
1080 2299 1140 2355 in
1168 2316 1387 2373 regnum
1434 2321 1588 2361 suum
1620 2308 1842 2364 caeleste
1869 2308 2067 2367 facere.

496 2377 743 2473 inbujus
771 2399 898 2455 ergo
945 2389 1218 2449 soliditate
1262 2394 1627 2469 confessionis
1666 2401 1836 2473 magis
1862 2400 2072 2461 fundati

492 2468 707 2547 habiles
736 2472 861 2529 facti
893 2490 1019 2533 sunt
1045 2480 1097 2534 in
1124 2497 1289 2554 regno
1320 2485 1433 2542 Dei.

570 2557 858 2652 Dostquam
912 2582 1040 2624 vero
1087 2574 1350 2640 comperit
1415 2574 1720 2635 Alexander
1765 2583 1906 2652 quod
1955 2583 2071 2642 iure

494 2648 653 2742 turba
703 2656 954 2724 neophita
1004 2659 1104 2729 piae
1130 2664 1317 2721 matris
1346 2663 1545 2724 Julittte
1574 2648 1913 2742 filiique—ejus
1943 2673 2071 2742 Qui-

498 2741 599 2796 rici
657 2743 919 2801 industria
968 2750 1035 2805 ad
1079 2760 1379 2823 tyronatum
1426 2756 1626 2816 Christi
1672 2741 1882 2819 militia:
1925 2741 2071 2822 esset

492 2834 747 2905 ascripta,
782 2838 945 2894 nimia
977 2856 1234 2911 pervasus
1262 2845 1461 2911 furoris
1484 2853 1724 2919 vesania,
1754 2870 1972 2911 omnem
2007 2857 2070 2913 il-

488 2921 598 3016 lam
646 2926 965 2984 laudabilem
995 2932 1256 3007 phalanga
1302 2938 1368 2993 ad
1408 2954 1504 2994 sua
1555 2944 1810 3014 praecepit
1844 2946 2069 3016 produci

446 3052 455 3061 .
491 3015 804 3072 tribunalia.
844 3018 943 3075 Ubi
974 3021 1099 3076 dum
1146 3034 1388 3092 starent,
1434 3028 1640 3100 absque
1681 3015 1853 3089 animi
1890 3045 2069 3091 muta-

492 3106 640 3162 tione
678 3123 737 3165 se
765 3111 898 3167 nihil
925 3113 1069 3171 aliud
1094 3130 1255 3185 quam
1296 3118 1634 3178 Christianos
1677 3138 1919 3180 consona
1938 3140 2071 3182 voce
2098 3127 2142 3189 C

494 3208 616 3251 esse
645 3196 900 3255 fatentur.
951 3201 1102 3260 Tunc
1124 3220 1326 3275 praeses
1369 3207 1476 3265 lata
1505 3213 1773 3267 sententia
1795 3210 1946 3281 jubet
1974 3230 2070 3271 eos

493 3291 821 3357 quantocius
840 3292 1000 3362 plecti
1029 3296 1244 3366 capitali
1272 3311 1452 3367 poena.
1492 3300 1560 3354 At
1590 3300 1662 3356 illi
1694 3312 1873 3358 mente
1901 3303 2067 3361 alacri

499 3380 777 3449 signantes
804 3399 863 3439 se
890 3385 1047 3455 signo
1089 3387 1285 3443 Christi
1317 3392 1564 3447 certatim
1615 3408 1738 3450 suas
1784 3397 2072 3466 protende~

491 3472 628 3527 baut
652 3474 892 3530 cervices
919 3479 1251 3547 percussori,
1273 3480 1459 3552 sicque
1485 3482 1664 3538 seculi
1694 3484 1850 3555 hujus
1875 3503 2071 3543 terum-

491 3562 578 3616 nis
604 3564 841 3636 adempti
871 3566 1034 3625 vitam
1084 3583 1181 3637 per
1204 3583 1326 3624 eum
1359 3580 1411 3625 et
1436 3586 1558 3627 cum
1589 3587 1655 3628 eo
1685 3582 1740 3629 et
1768 3575 1820 3629 in
1847 3591 1914 3629 eo
1944 3584 2067 3646 per-

493 3654 758 3722 cipientes
784 3666 1039 3714 aeternam
1068 3678 1081 3715 :
1114 3675 1212 3731 pro
1236 3662 1390 3731 cujus
1408 3678 1591 3721 amore
1618 3678 1723 3722 non
1751 3676 1877 3723 sunt
1901 3683 2067 3724 cunc-

492 3748 596 3802 tati
623 3759 849 3811 mortem
877 3754 1068 3810 subire
1093 3756 1462 3825 temporalem.
1534 3766 1539 3769 '

494 3900 499 3903 _
565 3839 790 3896 Peracta
842 3844 1006 3914 igitur
1039 3856 1147 3901 tam
1197 3846 1368 3904 felicis
1412 3851 1834 3907 commutatione
1870 3854 2068 3908 merci-

493 3932 697 3995 monii,
767 3934 855 3989 isti
902 3938 1075 3992 sancti
1126 3940 1488 4009 negotiatores
1551 3941 1643 3996 Dei
1687 3942 2068 4012 quadringenti

491 4022 849 4094 quadraginta
882 4037 1118 4096 quatuor
1160 4030 1260 4084 viri
1284 4030 1534 4085 obierunt
1558 4032 1733 4103 pridie
1758 4032 1940 4089 Nonas
1972 4032 2069 4087 Ju-

492 4114 646 4180 nias,
699 4116 906 4174 similes
952 4120 1158 4176 homini
1213 4124 1533 4195 negotiatori
1582 4125 1843 4195 quaerenti
1895 4125 2066 4181 bonas

402 4250 417 4257 -
490 4209 835 4277 margaritas.
857 4209 1205 4286 invenientes
1234 4215 1376 4269 enim
1405 4232 1563 4271 unam
1596 4217 1888 4286 pretiosam
1922 4234 2066 4273 mar-

493 4297 725 4367 garitam
772 4283 1037 4356 dederunt
1085 4318 1192 4358 non
1240 4304 1410 4359 solum
1461 4283 1643 4361 omnia
1693 4322 1821 4373 sua,
1869 4310 1963 4363 sed
2011 4316 2067 4364 et

493 4388 703 4457 seipsos
745 4397 802 4445 et
844 4406 1297 4463 comparaverunt
1337 4411 1455 4451 eam
1488 4415 1502 4452 :
1531 4413 1693 4468 quam
1735 4402 1897 4455 etiam
1939 4399 2064 4471 jure

2095 430 2145 492 A
2176 434 2295 540 trici
2325 440 2548 543 ejusque
2578 456 2855 522 tyronculo
2891 455 3129 527 iusserat
3152 469 3466 534 pneparari,
3514 479 3571 524 et
3616 473 3750 543 ipsis

2175 527 2382 628 singula
2428 540 2708 609 applicari.
2746 544 3024 606 Cestiebat
3052 527 3285 623 denique
3311 527 3547 628 singulis

2174 619 2287 677 bris
2313 628 2567 694 specialia
2595 632 2794 692 inferre
2823 648 3105 697 tormenta.
3150 619 3221 699 At
3242 661 3369 703 vero
3400 619 3486 705 illi
3532 665 3754 721 postea-

2175 726 2336 802 quam
2388 717 2698 791 frequenter
2755 730 3097 797 passionibus
3141 737 3256 792 suis
3315 748 3367 794 et
3411 717 3751 802 cruciatibus

2174 801 2610 873 glorificaverunt
2636 815 2828 885 Deum,
2857 822 2982 878 dum
3011 826 3076 881 de
3104 828 3335 886 vinculis
3358 834 3428 887 ad
3452 801 3749 893 tribunalia

2173 900 2227 985 et
2255 910 2284 948 a
2316 897 2567 958 tribunali
2600 920 2983 969 revocarentur
3016 910 3090 972 ad
3119 920 3353 978 vincula.
3393 923 3546 980 Inter
3573 928 3750 985 horri-

2175 982 2274 1040 lica
2304 997 2360 1043 et
2387 994 2803 1061 exquisitissime
2834 1011 3224 1066 tormentorum
3268 1028 3470 1082 genera
3509 1018 3750 1074 vicissim

2174 1076 2277 1131 sibi
2303 1084 2680 1154 succedentia,
2732 1106 2855 1147 cum
2901 1099 3136 1165 pretiosa
3187 1076 3393 1160 Christi
3444 1118 3747 1180 martyrum

2173 1171 2415 1227 membra
2445 1176 2608 1233 variis
2654 1181 3089 1244 distenderentnr
3116 1194 3473 1259 cruciatibus,

2175 1258 2317 1315 tione
2343 1278 2560 1333 semper
2595 1268 2801 1328 caelesti
2847 1290 2877 1328 a
2915 1281 3123 1336 cunctis
3163 1258 3503 1341 emebantur
3534 1287 3747 1345 tribula-

2176 1348 2431 1418 tionibus.
2458 1357 2737 1426 quoniam,
2790 1371 2849 1417 ut
2894 1365 2972 1420 ait
3013 1366 3310 1426 Psalmista
3336 1390 3351 1427 :
3381 1393 3403 1427 ι
3438 1375 3604 1431 Oculi
3652 1378 3748 1434 ιιυ-

2172 1442 2304 1497 mini
2356 1459 2518 1515 super
2560 1450 2740 1519 justos
2786 1463 2841 1509 et
2889 1470 3047 1515 aures
3092 1458 3210 1528 ejus
3260 1463 3317 1516 in
3343 1480 3543 1534 preces
3570 1483 3744 1525 eam

2172 1529 2346 1628 (-Psaf.
2395 1538 2609 1611 χχχιιι).
2651 1560 2672 1594 ι
2698 1542 2974 1616 Itemque:
3009 1570 3028 1602 ι
3063 1529 3457 1612 Clamaveritnt
3496 1558 3656 1628 justi,
3700 1572 3744 1617 et

2172 1621 2430 1683 Dominus
2454 1633 2728 1691 exaudivit
2773 1652 2887 1704 eos,
2922 1650 2978 1696 ct
3000 1658 3067 1697 ex
3095 1646 3353 1711 omnibus
3391 1650 3745 1706 tribulationi-

2172 1711 2273 1812 l_tus
2305 1732 2489 1773 eorum
2523 1720 2766 1781 liberavit
2808 1742 2902 1785 eos
2929 1729 3139 1803 (Ibid.).
3169 1754 3189 1786 ι
3229 1734 3601 1808 Perpendens
3634 1758 3744 1812 ergo

2173 1803 2457 1877 Tyrannus
2483 1825 2698 1873 sanctos
2728 1817 2821 1875 Dei
2866 1821 2918 1875 in
2948 1823 3229 1882 tolerando
3254 1803 3503 1898 alacres,
3553 1834 3608 1887 in
3650 1850 3745 1889 ecr-

2174 1899 2338 1956 tando
2365 1901 2778 1977 insuperabiles,
2829 1913 2952 1969 tulit
2989 1920 3316 1975 sententiam
3344 1938 3358 1976 :
3389 1920 3601 1994 Capita
3653 1927 3746 1983 illo-

2173 2006 2290 2047 rum
2337 1995 2496 2050 avelli
2543 2014 2575 2052 a
2606 2002 2926 2061 cervicibus.
2977 2008 3096 2075 Quo
3142 2009 3351 2067 factum
3399 2022 3495 2068 est
3529 2025 3591 2068 ut
3622 2029 3742 2085 post-

2172 2100 2334 2155 quam
2384 2096 2463 2143 tot
2510 2105 2709 2162 agones
2761 2100 3001 2170 martyrii
3052 2103 3511 2174 desudaverunt,
3586 2108 3743 2165 felices

2173 2190 2360 2232 eorum
2392 2181 2586 2237 anima:
2614 2186 2838 2244 nexibus
2885 2189 3073 2247 solutae
3117 2198 3408 2266 corporeis
3463 2202 3741 2256 candidate

2174 2279 2481 2327 sanctorum
2513 2286 2812 2349 martyrum
2842 2283 3059 2340 sociata:
3102 2297 3231 2343 sunt
3254 2289 3477 2356 choris,
3508 2294 3744 2363 recipies-

2173 2368 2257 2416 tes
2294 2378 2324 2417 a
2373 2365 2631 2438 magistro
2658 2382 3064 2431 remuneratore
3092 2392 3192 2432 suo
3215 2377 3347 2435 Jesu
3380 2380 3637 2453 benigno
3657 2386 3743 2438 sia-

2171 2452 2326 2522 gulas
2377 2454 2799 2517 immortalitatis
2844 2478 2953 2519 sua:
2982 2466 3181 2533 stolas,
3244 2479 3300 2524 et
3354 2452 3743 2542 requieseeutts

2171 2545 2274 2599 sub
2302 2545 2460 2602 altari
2493 2548 2583 2604 Dei
2615 2565 2810 2619 aureo,
2842 2562 3001 2623 atque
3043 2567 3167 2625 post
3209 2558 3611 2617 velamentum
3642 2564 3742 2617 inte-

2171 2637 2285 2693 rius
2314 2640 2547 2708 positum
2577 2640 2813 2721 offerunt
2837 2645 2885 2700 ei
2916 2646 3249 2704 tbimiamata
3296 2649 3532 2718 laudis,
3561 2662 3622 2708 ct
3646 2654 3742 2722 qui:

2173 2731 2224 2786 in
2258 2732 2478 2801 primori
2507 2720 2851 2790 tabernaculo
2874 2738 3183 2795 obtulerunt
3209 2741 3311 2809 illi,
3344 2758 3463 2798 non
3491 2744 3741 2800 hircorum

2171 2828 2265 2874 aut
2291 2820 2577 2876 vitulorum
2605 2826 2944 2894 sanguinem,
2974 2827 3067 2883 sed
3099 2845 3331 2900 corpora
3365 2847 3497 2897 sua,
3535 2834 3745 2888 hostiam

2170 2912 2461 2980 viventem,
2490 2924 2752 2980 sanctam,
2786 2917 2895 2972 Deo
2921 2917 3241 2989 placentem,
3269 2939 3427 2979 nunc
3456 2925 3747 2996 gratiﬁcant

2171 3004 2535 3074 gratissimam
2577 3006 2910 3078 jubilationis
2937 3010 3168 3066 hostiam
3197 3028 3420 3084 magna:
3461 3015 3743 3069 devotionis

2175 3113 2238 3152 ac
2267 3099 2522 3155 desiderii
2571 3102 2652 3157 sui
2687 3103 3060 3172 praestolantes
3105 3104 3273 3168 diem,
3303 3121 3423 3174 quo
3452 3106 3603 3161 binis
3628 3122 3743 3176 gae.

2176 3190 2340 3245 deant
2385 3192 2556 3257 stolis,
2589 3193 2714 3248 dum
2745 3194 3091 3266 corruptibile
3133 3195 3239 3251 hoc
3284 3196 3543 3251 induerit
3582 3200 3741 3253 iocor.

2174 3284 2607 3353 ruptibilitatem,
2643 3288 2871 3344 mortale
2912 3289 3016 3343 hoc
3044 3288 3527 3344 immortalitatem
3557 3289 3611 3360 (I
3639 3288 3733 3343 Car.

2174 3374 2264 3445 xv)
2298 3384 2352 3430 ct
2397 3393 2418 3428 ι
2455 3376 2509 3431 ἰιι
2563 3386 2709 3433 terra
2749 3393 2847 3433 sua
2893 3377 3127 3448 duplicia
3175 3379 3533 3448 possideant,
3568 3376 3737 3446 rjum

2172 3467 2538 3538 proplteticam
2580 3469 2730 3524 lsaia:
2766 3469 3207 3540 pollicitationem
3243 3470 3388 3539 (cap.
3414 3470 3561 3533 ut).
3584 3468 3741 3524 ,ΑΕ-ια-

2172 3576 2253 3618 tue
2281 3575 2415 3632 ergo
2443 3561 2708 3617 claritatis
2735 3561 2919 3616 amicti
2946 3561 3099 3617 stolis
3128 3560 3455 3631 palmasque
3483 3561 3737 3622 victoris,

2170 3671 2235 3711 co
2265 3656 2407 3725 quod
2460 3656 2729 3713 diabolum
2758 3665 2814 3714 et
2847 3657 3103 3713 sectilem
3143 3658 3196 3712 in
3227 3656 3458 3711 Christo
3489 3657 3733 3715 vicerunt.

2172 3755 2418 3803 tenentes
2442 3748 2495 3802 in
2526 3748 2775 3804 manibus
2799 3749 2934 3813 suis,
2964 3750 3260 3813 canticum,
3285 3762 3396 3803 non
3423 3746 3728 3807 oﬂiciooris,

2168 3842 2265 3898 sed
2292 3857 2515 3917 summm
2545 3842 2826 3897 dulcedine
2868 3841 3153 3898 cbaritatis
3183 3841 3434 3895 dicentes
3460 3856 3476 3891 :
3506 3835 3729 3892 Alleln’n.

2169 3934 2310 3991 Laus
2336 3944 2392 3990 et
2418 3933 2585 4005 gloria
2615 3942 2669 3989 et
2695 3934 2871 3989 virtus
2900 3934 3006 3989 Deo
3033 3941 3222 3988 nostro
3245 3940 3356 3994 est,
3388 3933 3522 4001 quia
3551 3942 3671 3983 vera
3688 3932 3735 3978 et

2162 4025 2305 4096 justa
2343 4024 2548 4094 judicia
2595 4024 2712 4094 ejus
2738 4033 2866 4080 sunt
2894 4024 3076 4095 (Apoc.
3111 4022 3247 4087 ιιι).
3300 4021 3369 4076 Et
3413 4020 3615 4075 iterum
3650 4018 3732 4071 ite-

2167 4131 2395 4187 rumque
2418 4116 2790 4186 frequentatur
2817 4131 2832 4171 :
2855 4115 3040 4170 Amen.

2240 4207 2366 4265 Haec
2394 4216 2506 4272 tua,
2564 4207 2791 4262 Domine
2840 4206 3125 4271 virtutum,
3154 4203 3418 4275 prmelara
3446 4201 3730 4297 gratiarum

2164 4297 2408 4368 praemia,
2440 4305 2497 4351 et
2524 4297 2639 4352 haec
2682 4295 2919 4365 jucunda
2944 4294 3264 4365 gaudiorum
3299 4305 3531 4347 munera
3575 4294 3732 4344 coasi-

2168 4391 2387 4453 derans,
2436 4387 2724 4445 Psalmista
2757 4387 2853 4442 tibi
2887 4385 3087 4457 psallit.
3114 4391 3298 4440 mente
3327 4383 3531 4438 devota
3554 4399 3571 4434 :
3594 4376 3731 4432 Beati

494 4493 643 4534 nunc
667 4482 1003 4550 p0ssiden‘tcs
1035 4484 1393 4552 hiereditario,
1436 4487 1658 4558 ejusque
1706 4469 2063 4558 pulchritudi-

2174 4482 2255 4552 qui
2288 4481 2527 4534 habitant
2556 4480 2611 4533 in
2634 4477 2788 4551 domo
2813 4486 2925 4541 tua,
2971 4475 3226 4531 Domine:
3274 4475 3329 4527 in
3353 4471 3557 4527 secula

504 4584 630 4626 nem
675 4574 857 4628 mundi
888 4576 1067 4632 cordis
1116 4579 1506 4648 conspicientes
1551 4581 1708 4635 oculo
1757 4583 1952 4653 gaudio
1996 4584 2067 4639 ob

495 4675 616 4715 eam
665 4662 901 4733 gaudent
946 4664 1104 4735 pleno
1148 4677 1308 4737 atque
1353 4669 1612 4739 perfecto.
1663 4669 1844 4725 Eliuso
1887 4681 2067 4726 autem

488 4753 754 4822 sanguine
779 4765 1088 4811 sanctorum
1116 4757 1314 4813 Christi
1350 4769 1645 4831 martyrum
1674 4769 1935 4816 cruentus
1956 4760 2068 4830 jus-

493 4843 568 4896 sit
591 4857 791 4911 praeses
818 4846 1051 4914 pretiosa
1101 4848 1337 4902 membra
1364 4865 1551 4904 eorum
1581 4850 1816 4915 concidi,
1857 4860 1912 4907 et
1938 4868 2062 4908 ossa

491 4946 557 4986 ac
582 4932 795 4988 viscera
821 4935 1056 5004 dispergi
1107 4947 1165 4992 ut
1210 4953 1314 4991 non
1345 4948 1490 4994 esset
1514 4939 1603 5009 qtti
1633 4939 1917 5010 sepeliret,
1966 4942 2069 4996 im-

488 5022 636 5090 pleta
685 5024 966 5082 Psalmista
1035 5030 1297 5084 sententia
1342 5046 1357 5082 :
1414 5030 1719 5086 Posuerunt
1780 5033 2064 5088 morticina

494 5125 773 5167 servorum
805 5125 1015 5170 tuorum
1041 5133 1196 5172 escas
1220 5118 1524 5174 volatilibus
1551 5120 1694 5183 caeli,
1725 5136 1918 5178 carnes
1942 5135 2067 5176 san-

494 5208 706 5254 ctorum
740 5213 953 5258 tuorum
984 5206 1170 5262 bestiis
1203 5217 1380 5263 terra).
1413 5207 1728 5277 Eﬂ'uderunt
1758 5212 2066 5280 sanguinem

496 5289 729 5356 ipsorum
753 5301 1003 5355 tanquam
1030 5311 1219 5362 aquam
1260 5298 1316 5350 in
1361 5298 1583 5351 circuitu
1630 5296 1964 5365 Jerusalem,
2015 5308 2069 5354 et

497 5393 605 5431 non
626 5388 737 5434 erat
762 5382 852 5451 qui
875 5384 1109 5453 sepeliret
1134 5384 1304 5454 (Paul.
1339 5388 1588 5458 LXXVIII).

573 5467 667 5519 His
710 5471 869 5524 initur
893 5476 1215 5526 mnrlvrihns
1258 5478 1648 5528 annm-mutatis
1672 5517 1684 5522 -
1735 5479 1918 5532 statim
1948 5476 2068 5526 Ale-

2166 4571 2339 4625 lorum
2362 4568 2650 4627 laudabunt
2676 4576 2725 4621 te
2751 4566 2921 4637 (Paul.
2953 4564 3205 4635 Lxxxnt).
3257 4563 3408 4617 lianc
3436 4559 3649 4617 cunctis
3672 4555 3733 4610 ie-

2169 4664 2358 4719 licibus
2399 4660 2814 4718 desiderabilem
2856 4657 3074 4712 domum
3103 4664 3278 4719 tuam,
3309 4652 3563 4717 Domine,
3591 4648 3734 4705 uele-

2167 4761 2304 4808 st'uu
2332 4752 2561 4808 dilectus
2605 4760 2728 4805 tuus
2761 4747 3015 4815 Qttiricus
3038 4759 3147 4800 non
3178 4744 3292 4799 suis
3317 4743 3525 4796 viribus
3553 4739 3733 4797 ﬁdens,

2168 4858 2260 4898 seu
2284 4857 2335 4896 tn
2366 4840 2710 4897 multitudine
2752 4835 3139 4893 misericordiae
3170 4828 3436 4887 introivit.
3487 4829 3557 4883 Et
3594 4825 3735 4896 quia,

2173 4941 2259 4987 tua
2312 4930 2573 5002 largiente
2598 4928 2770 4999 gratia
2819 4926 3083 4982 innocens
3128 4922 3362 4987 exstitit,
3398 4929 3457 4975 et
3484 4919 3609 4973 sine
3632 4930 3737 4971 ma-

2171 5022 2293 5079 cula
2319 5022 2442 5091 quia
2478 5020 2706 5077 nescivit
2737 5018 2958 5083 malum,
2996 5029 3100 5070 nec
3116 5013 3309 5087 idolum
3337 5011 3452 5079 egit
3479 5009 3538 5063 in
3567 5007 3738 5074 lingua

2169 5134 2289 5183 sua,
2315 5118 2383 5172 ab
2407 5131 2471 5172 ea
2500 5130 2605 5170 non
2629 5114 2931 5170 movebitur
2956 5112 3010 5166 in
3037 5108 3259 5172 saecula,
3283 5106 3378 5162 sed
3411 5104 3567 5203 ibi-in

2169 5224 2298 5266 num
2321 5208 2619 5273 exsultans,
2646 5207 2736 5262 ubi
2761 5205 2876 5261 dies
2896 5211 2980 5259 est
3003 5202 3121 5258 sine
3141 5209 3322 5263 nocte,
3349 5195 3612 5267 gaudium
3631 5195 3741 5247 sine

2169 5313 2438 5364 maerore,
2496 5296 2614 5351 laus
2640 5296 2761 5351 sine
2789 5293 3043 5360 defectu,
3084 5289 3351 5362 gloriatur
3382 5301 3516 5342 cum
3549 5284 3629 5339 eis
3655 5279 3740 5352 qui

2117 5443 2130 5459 ,
2171 5390 2400 5460 diligunt
2428 5400 2620 5445 nomen
2650 5395 2821 5441 tuum.

2241 5480 2349 5520 Nnc
2373 5493 2502 5520 νρνη
2530 5478 2582 5518 in
2607 5477 2711 5520 ιιειρ
2736 5473 2982 5526 convalle
3006 5484 3375 5526 mammarum
3399 5468 3551 5525 inter
3570 5464 3743 5520 varias
