3916 6416
103 399 228 452 8ἶῖ

1198 393 1356 451 VlTA
1399 395 1456 452 S.
1497 390 1934 450 ALDEGUNDIS
1978 394 2291 452 VIRCINIS.

3271 405 3374 462 858

103 515 222 566 des
260 509 686 566 benedictionem
717 519 820 566 tua:
857 509 1062 581 gratiae,
1097 520 1360 582 quatenus
1393 511 1701 582 gradientes
1726 509 1775 569 Α
1804 507 1946 564 Deus
1977 509 2027 563 in
2055 510 2249 566 saecula
2281 510 2620 578 saeculorum,
2665 513 2818 586 cujus
2847 515 3017 586 gratia
3048 527 3376 587 cooperante

103 601 268 657 felici
289 617 514 656 ascensu
539 603 604 656 de
626 601 824 656 virtute
855 602 907 655 in
932 601 1184 656 virtutem
1212 603 1496 672 pervenire
1523 601 1698 656 valea-

105 708 246 746 mus
275 693 463 745 horum
492 691 790 746 interventu
820 702 1148 755 sanctorum,
1174 700 1233 746 ut
1256 702 1306 747 te
1333 693 1514 747 videre
1537 701 1698 762 atque

104 795 248 832 cum
283 779 363 833 eis
407 777 623 832 laudare
669 793 974 833 mereamur
1019 780 1070 832 in
1103 781 1230 834 Sion
1276 781 1505 835 ccelesti.
1553 779 1698 835 Sane

104 870 342 923 interim
393 869 517 922 dum
553 869 606 923 in
638 871 740 924 hoc
775 872 1104 942 corruptibili
1137 888 1412 928 moramur
1437 888 1694 942 corpore,

102 971 171 1012 et
198 958 608 1028 peregrinantur
632 974 663 1014 a
697 969 782 1025 te,
831 963 1198 1016 meditandum
1229 963 1383 1018 nobis
1413 969 1492 1016 est
1525 962 1578 1016 in
1611 962 1694 1016 via

101 1052 251 1119 quid
279 1053 542 1121 agendum
589 1059 799 1106 constet
830 1053 880 1106 in
910 1054 1102 1124 patria.
1157 1054 1261 1108 Sed
1301 1063 1356 1108 et
1397 1069 1494 1123 pro
1537 1066 1695 1122 posse

103 1141 280 1196 nobis
302 1142 388 1196 hic
418 1142 610 1212 partim
642 1144 903 1214 agendum
926 1153 1007 1198 est
1031 1145 1172 1214 quod
1201 1143 1308 1198 illic
1337 1158 1551 1212 semper
1574 1158 1695 1214 per-

101 1231 408 1286 ficiendum
437 1232 572 1297 erit,
620 1243 680 1287 ut
727 1242 776 1288 te
807 1233 1188 1288 benedieamus
1217 1235 1364 1288 omni
1417 1243 1689 1303 tempore,

103 1336 335 1390 Semper
369 1321 483 1376 laus
514 1331 601 1376 tua
650 1324 718 1378 sit
762 1323 812 1376 in
841 1339 936 1377 ore
971 1333 1156 1378 nostro
1199 1323 1369 1393 (Psal.
1401 1325 1542 1395 xm),
1575 1337 1695 1394 qua:

101 1411 247 1465 licet
276 1427 380 1465 non
408 1413 477 1466 sit
507 1413 747 1482 speciosa
781 1415 832 1468 in
869 1429 962 1469 ore
987 1423 1324 1484 peccatorum
1355 1413 1544 1485 (Eccli.
1577 1417 1689 1485 xv),

102 1511 200 1556 est
238 1512 413 1558 tamen
443 1520 563 1558 vere
596 1505 817 1574 pulchra
854 1506 906 1559 in
937 1505 1172 1561 Ecclesia
1203 1515 1536 1571 sanctorum,
1573 1521 1692 1577 qua:

102 1595 214 1648 tibi
247 1611 457 1663 semper
487 1605 671 1650 cantat
700 1599 964 1652 canticum
992 1614 1205 1661 novum,
1241 1598 1329 1652 ubi
1363 1607 1583 1653 sanctus
1603 1599 1694 1667 lin-

101 1683 238 1739 fans
283 1684 532 1752 Quiricus
565 1695 618 1742 et
661 1686 776 1755 ejus
811 1697 982 1742 mater
1015 1688 1102 1759 pia
1147 1684 1333 1741 Julitta
1381 1697 1690 1744 sanctorum

103 1785 422 1848 martyrum
467 1779 640 1848 juncti
688 1781 854 1836 choro
908 1789 958 1836 te
1020 1775 1300 1836 laudantes
1343 1780 1594 1836 lzetantur
1635 1782 1688 1836 in

1800 600 2200 669 compleverunt
2238 604 2291 656 hi
2315 604 2484 659 sancti
2533 603 2656 660 felix
2687 606 3004 678 martyrium
3035 608 3372 674 certaminis,

1797 699 1950 744 sexto
1978 690 2186 745 decimo
2228 690 2343 746 Kal.
2371 693 2502 758 .lul.,
2535 703 2777 765 tempore
2815 695 3106 750 Alexandri
3133 696 3371 767 impera-

1797 779 1952 842 toris,
1996 780 2085 849 qni
2113 782 2278 850 coepit
2307 796 2448 836 anno
2477 782 2686 838 Domini
2718 785 3086 840 ducentesimo
3109 785 3372 857 vigesimo

1794 877 2009 937 quarto,
2041 870 2429 940 imperavitque
2462 873 2618 927 annis
2650 875 2933 929 tredecim.

1817 1001 1820 1004 .
1865 957 2087 1029 Expleta
2135 960 2316 1031 igitur,
2365 971 2522 1032 prout
2545 964 2699 1018 nobis
2721 964 2904 1019 datum
2927 973 3005 1020 est
3039 978 3197 1021 nosse
3226 964 3371 1022 lldeli

1794 1059 1849 1105 et
1871 1053 2195 1119 competenti
2225 1053 2484 1108 relatione
2519 1054 2848 1110 admirandae
2881 1057 3148 1126 passionis
3178 1067 3303 1122 tuae,
3336 1073 3372 1114 ο

1793 1143 2028 1212 gratiose
2063 1143 2266 1198 Christi
2299 1154 2524 1215 martyr,
2577 1145 2814 1213 Quirine,
2857 1146 3022 1216 hujus
3048 1149 3216 1202 nostri
3245 1149 3372 1204 licet

1747 1263 1750 1266 ~
1792 1236 1969 1306 exigui
1999 1236 2196 1292 laboris
2225 1252 2434 1306 magna:
2457 1254 2564 1306 quo
2591 1239 2860 1307 possimus
2903 1240 3169 1294 mercedis
3195 1239 3367 1295 vicem

1792 1326 2116 1394 rependere,
2185 1337 2348 1398 atque
2393 1343 2515 1382 cum
2562 1327 2751 1384 Julitta
2803 1330 2966 1402 nobili
3009 1332 3273 1402 genitrice
3313 1338 3370 1386 et

1791 1414 2073 1468 candidata
2101 1416 2340 1469 omnium
2373 1425 2679 1470 sanctorum
2711 1426 3006 1489 martyrum
3030 1434 3163 1474 esse
3193 1419 3367 1474 socie-

1792 1511 1924 1570 tate,
1976 1519 2072 1574 pro
2099 1505 2254 1560 nobis
2283 1506 2422 1574 apud
2468 1505 2615 1576 pium
2654 1505 2938 1560 Dominum
2968 1507 3260 1570 intercede,
3311 1515 3370 1561 ut

1791 1608 1890 1648 nos
1918 1608 2130 1664 semper
2156 1602 2208 1650 et
2231 1610 2340 1650 sua:
2368 1595 2554 1666 gratia:
2578 1603 2631 1650 et
2661 1603 2850 1650 vestra:
2873 1594 3034 1649 faciat
3061 1612 3180 1650 esse
3205 1596 3372 1664 parti-

1790 1673 1936 1754 Cipes
1965 1684 2167 1754 gloriae,
2208 1686 2291 1739 cui
2325 1694 2408 1740 est
2433 1700 2554 1738 cum
2585 1695 2787 1739 aeterno
2817 1685 2977 1740 Patre
3020 1684 3130 1739 Deo
3156 1694 3373 1740 sancto.

1792 1789 1896 1844 que
1926 1774 2129 1844 Spiritu
2163 1775 2354 1842 honor,
2385 1775 2558 1830 virtus
2584 1784 2638 1829 et
2693 1774 2978 1845 imperium
3027 1789 3124 1845 per
3152 1774 3363 1830 inﬁnita

102 1875 403 1922 aeternum.
431 1869 666 1934 Quorum
717 1886 856 1926 nunc
885 1871 1118 1941 gloriosa
1154 1871 1452 1928 recolentes
1489 1873 1689 1928 solcm-
1720 1857 1766 1915 Β
1795 1859 1988 1922 εωοιιιίι
2017 1867 2362 1922 saeculorum.

102 1955 224 2017 nia,
253 1965 311 2008 et
331 1972 450 2025 qua:
479 1956 580 2011 illis
611 1967 699 2012 tua
730 1959 953 2014 contulit
983 1961 1154 2030 gratia
1196 1962 1551 2030 praedicantes
1577 1977 1690 2014 ma-

103 2045 316 2115 gnalia,
359 2057 408 2101 te
437 2048 821 2114 benedicimus,
854 2058 904 2104 te
929 2050 1312 2121 gloriﬁcamus,
1350 2067 1382 2106 ο
1407 2051 1688 2106 benedicta

105 2143 167 2188 et
196 2135 428 2204 gloriosa
455 2136 714 2202 Trinitas,
740 2155 876 2192 unus
907 2139 1074 2194 Deus!
1100 2139 1320 2210 Oquam
1351 2155 1577 2211 magnus
1605 2147 1686 2206 es,

111 2223 358 2289 Domine,
384 2235 438 2280 et
467 2226 749 2282 laudabilis
769 2229 945 2296 valde,
976 2229 1178 2286 faciens
1200 2230 1438 2301 prodigia
1467 2231 1519 2285 in
1551 2231 1687 2286 cmlo

113 2323 172 2368 et
199 2316 253 2368 in
286 2319 458 2371 terra!
497 2319 667 2385 Quam
717 2321 980 2376 mirabilis
1012 2337 1072 2377 es
1116 2321 1168 2376 in
1199 2323 1399 2377 sanctis
1429 2322 1552 2387 tuis,
1595 2322 1686 2392 qui

115 2415 308 2458 sancto
334 2406 521 2460 infanti
550 2409 768 2474 Quirico
797 2411 1022 2464 necdum
1072 2411 1230 2464 trium
1259 2426 1520 2465 annorum
1549 2419 1681 2464 teta-

113 2502 220 2547 tcm
271 2496 505 2565 implenti
553 2507 756 2553 tantam
801 2501 1050 2555 virtutem
1097 2501 1290 2556 dedisti
1318 2509 1372 2555 et
1415 2499 1686 2554 fortitudi-

105 2599 275 2647 nem,
330 2595 389 2640 ut
432 2603 530 2659 per
577 2601 628 2644 te
675 2590 995 2646 naturaliter
1038 2593 1303 2647 excedens
1334 2591 1500 2661 legem
1549 2606 1578 2645 a
1630 2600 1684 2648 te

103 2671 334 2742 singulis
373 2677 703 2744 attributam,
736 2680 822 2734 hic
852 2681 1070 2734 tantilla:
1096 2683 1270 2736 (etatis
1307 2681 1602 2738 infantulus
1629 2694 1685 2738 et

102 2769 274 2822 animi
305 2769 566 2838 sapientia
607 2778 661 2823 et
693 2769 887 2838 lingua:
917 2772 1184 2838 facundia,
1212 2772 1344 2827 etin
1377 2771 1681 2829 suﬂ'erenda

103 2864 497 2911 tormentorum
539 2858 820 2913 tolerantia
855 2869 962 2914 tam
995 2860 1118 2916 l'orti
1151 2863 1354 2932 vigeret
1378 2863 1682 2918 constantia

99 2956 160 3003 et
183 2965 352 3019 usque
375 2949 438 3004 ad
467 2949 625 3004 [luem
651 2967 747 3021 pro
775 2953 878 3008 ﬁde
905 2962 958 3008 et
983 2969 1166 3009 amore
1193 2956 1268 3008 tui
1298 2955 1529 3009 nominis
1559 2970 1682 3025 per-

100 3043 445 3097 severantia!
496 3031 578 3098 Sit
600 3059 796 3098 nomen
829 3053 974 3099 tuum
998 3085 1012 3112 ,
1045 3044 1186 3101 Deus
1206 3085 1222 3114 ,
1253 3045 1594 3102 benedictum
1625 3046 1679 3122 in

99 3133 302 3188 szccula
321 3134 333 3188 !

179 3230 286 3286 Vos
311 3246 524 3302 quoque
550 3233 720 3288 sancti
752 3241 808 3288 et
849 3231 1080 3288 humiles
1106 3233 1267 3288 corde
1291 3231 1472 3288 cuncti
1511 3239 1677 3288 testes

96 3323 305 3378 Christi
337 3323 516 3379 fideles
550 3339 721 3394 usque
744 3325 809 3378 ad
843 3325 1006 3380 vestri
1033 3324 1310 3395 sanguinis
1335 3322 1678 3388 ell'usionem,

97 3413 386 3468 nobiscum
422 3412 720 3468 benedicite
754 3413 1056 3478 Dominmn,
1086 3414 1173 3482 qui
1215 3413 1515 3469 innocentis
1553 3413 1682 3481 Qui-

97 3505 203 3558 rici
229 3503 450 3574 collegio
479 3513 771 3578 martyrum
805 3505 1126 3560 laudabilem
1173 3505 1448 3560 decoravit
1492 3518 1682 3558 nume.

96 3610 242 3650 rum.
299 3586 576 3664 Supplices
631 3594 796 3649 etiam
862 3596 1201 3667 exposcimus
1239 3605 1296 3649 ut
1337 3595 1449 3664 ipse
1500 3602 1677 3650 vester

96 3684 342 3739 concivis
389 3701 584 3755 parvus
609 3695 768 3740 zelate
807 3685 1055 3752 Qniricus
1083 3702 1308 3756 magnus
1337 3686 1392 3740 et
1419 3687 1678 3757 martyrio

97 3772 356 3843 inclytus,
396 3775 479 3827 cui
513 3773 798 3828 mirificum
846 3775 1038 3830 divinae
1068 3777 1255 3846 gratiae
1300 3775 1554 3832 collatum
1593 3783 1678 3830 est

97 3881 327 3931 munus,
379 3866 702 3922 interveniat
730 3881 828 3936 pro
859 3867 1014 3923 nobis
1066 3869 1316 3923 omnibus
1347 3867 1487 3938 apud
1519 3884 1674 3922 suum

97 3959 534 4020 Glorilicatorem
588 3959 640 4014 in
687 3960 999 4017 caelestibus
1034 3961 1126 4030 qui
1164 3970 1250 4017 est
1295 3976 1458 4030 super
1496 3961 1677 4018 omnia

1862 1956 2124 2025 Quoniam
2167 1973 2295 2012 vero
2325 1962 2496 2014 sancti
2528 1957 2736 2026 Quirici
2785 1965 2839 2014 et
2883 1956 3084 2013 Julitta:
3115 1954 3373 2028 martyris

1790 2047 1906 2117 ejus
1937 2048 2240 2102 veneranda
2287 2049 2492 2118 passio,
2542 2049 2758 2104 diverso
2786 2049 3004 2119 quidem
3035 2046 3227 2111 relatu,
3275 2045 3370 2100 sed

1793 2155 1920 2194 vero
1948 2147 2001 2194 et
2031 2139 2146 2208 pari
2179 2140 2438 2211 martyrio
2467 2155 2601 2210 pene
2629 2147 2843 2194 constat
2869 2153 2988 2192 esse
3017 2146 3139 2191 nota
3171 2134 3371 2206 populo

1788 2231 2127 2294 Christiano,
2197 2230 2263 2284 de
2311 2230 2658 2300 insuperabili
2704 2227 3088 2284 miraculorum
3148 2239 3369 2280 suorum

1788 2320 2182 2391 profunditate,
2233 2320 2428 2388 quibus
2472 2319 2526 2374 in
2575 2317 2806 2382 sazculo,
2861 2317 3177 2385 disponente
3220 2313 3369 2376 Deo,

1787 2411 2118 2477 claruerunt,
2150 2409 2313 2464 veluti
2347 2408 2634 2480 quemdam
2670 2406 2899 2462 rivulum
2945 2405 3215 2459 deducens
3241 2418 3368 2472 pau-

1786 2517 1847 2556 ca
1900 2501 2068 2555 libare
2099 2499 2323 2565 curavi,
2394 2508 2449 2554 et
2497 2498 2564 2554 ad
2588 2498 2850 2553 honorem
2899 2495 3156 2550 Ecclesia:
3196 2493 3369 2549 sacris

1784 2592 1996 2664 paginis
2025 2592 2284 2662 indagare
2318 2590 2520 2646 studui.

1855 2683 2133 2736 Annorum
2181 2682 2347 2750 igitur
2385 2681 2674 2734 multorum
2701 2692 2930 2733 excurso
2959 2684 3198 2745 tempore
3245 2685 3368 2744 post

1783 2783 2092 2845 perceptam
2139 2772 2384 2844 martyrii
2440 2785 2694 2825 coronam
2729 2777 2951 2823 sanctus
2996 2767 3218 2820 Amator
3253 2766 3364 2819 Eu-

1783 2863 2184 2918 tissiodorensis
2207 2863 2510 2933 episcopus,
2537 2875 2656 2916 cum
2687 2857 2990 2914 clarissimo
3017 2857 3136 2910 viro
3162 2855 3365 2910 Savino

1783 2956 1980 3012 comite
2005 2955 2139 3010 fines
2162 2954 2463 3008 Antiochiae
2490 2966 2806 3022 peragrans,
2846 2948 3211 3004 sacratissima
3239 2962 3366 3000 cor-

1780 3033 1913 3120 pora
1943 3049 2157 3104 illorum
2207 3047 2410 3104 Christi
2439 3047 2612 3118 gratia
2659 3046 2880 3115 reperit.
2915 3044 3043 3111 Quae
3094 3059 3216 3098 eum
3251 3057 3369 3095 ina-

1781 3156 1899 3212 gna:
1932 3140 2297 3196 venerationis
2342 3138 2552 3194 cultura
2604 3138 2806 3192 ducens
2857 3136 2909 3190 in
2943 3144 3125 3205 partes
3167 3131 3367 3187 Gallia-

1785 3247 1902 3285 rum
1932 3230 2131 3296 attulit,
2181 3238 2236 3285 et
2280 3229 2518 3284 Autricze
2579 3226 2696 3282 urbi
2745 3225 2942 3288 delata,
2991 3223 3105 3278 solo
3160 3228 3366 3276 tantum

1782 3323 1934 3396 pueri
1972 3323 2200 3378 brachio
2247 3321 2419 3377 sancti
2467 3319 2652 3374 Savini
2704 3317 2954 3386 precibus
2983 3327 3263 3376 concesso,
3311 3311 3367 3364 in

1784 3415 1945 3470 domo
1987 3429 2082 3468 sua
2113 3413 2241 3483 quia
2283 3412 2423 3466 idem
2455 3408 2651 3480 przesul
2683 3408 2999 3462 meritorum
3045 3404 3213 3474 gloria
3253 3402 3368 3472 pol-

1783 3507 1899 3562 lens
1927 3522 1958 3560 a
2000 3505 2248 3559 fidelibus
2299 3502 2684 3566 venerabatur,
2739 3499 3040 3566 iterumque
3068 3493 3366 3548 honorifice

1787 3597 2088 3654 tumulavit.
2141 3595 2295 3648 llunc
2343 3607 2471 3664 ergo
2522 3588 3000 3660 incomparabilem
3051 3587 3364 3640 thesaurum

1783 3689 1904 3745 ideo
1932 3688 2124 3743 civitas
2173 3685 2261 3739 illa
2292 3683 2591 3755 promeruit
2629 3682 2729 3736 sibi
2775 3696 2805 3733 a
2844 3680 2953 3733 Deo
2983 3677 3119 3741 dari,
3162 3674 3361 3729 multo-

1780 3799 1899 3838 rum
1929 3791 2241 3838 sanctorum
2277 3776 2447 3831 titulis
2478 3783 2761 3838 exornata,
2804 3781 2863 3826 ιιι
2900 3770 3046 3825 salus
3074 3780 3362 3838 corporqu

1781 3881 1836 3929 et
1863 3873 2168 3928 animarum
2201 3869 2341 3924 idem
2371 3867 2570 3939 p0pulo
2594 3880 2692 3921 suo
2717 3861 3043 3936 proveniret.

110 4094 3338 4134 Μ

355 4249 704 4368 VITA
791 4249 1390 4367 SANCT/E
1471 4241 2370 4363 ALDEGUNDIS
2450 4229 3092 4360 VIRGINIS

1088 4481 1633 4575 AUCTORE
1703 4478 2379 4572 HUCBALDO.

918 4672 1093 4747 (Apud
1124 4671 1388 4737 Bolland.,
1421 4671 1490 4727 50
1518 4668 1661 4734 Jan.,
1693 4685 1758 4724 ex
1789 4669 2068 4724 veteribus
2092 4683 2223 4725 mss.
2253 4676 2310 4724 et
2337 4665 2542 4738 Surio.)

1743 4825 1951 4840 —

989 4905 1797 5115 DEDICATORIA
1861 4965 2486 5060 AUCTORIS.

166 5167 215 5219 l.
250 5162 366 5220 Non
404 5163 685 5219 immemor
712 5163 897 5229 vestri,
941 5177 1048 5217 non
1081 5162 1323 5232 ingratus
1353 5169 1460 5232 tam
1501 5162 1674 5223 admi:
1703 5165 1754 5224 D
1783 5163 1934 5217 vobis
1981 5177 2086 5216 non
2131 5177 2342 5234 parere.
2392 5160 2448 5216 Si
2494 5159 2578 5216 cui
2629 5166 2806 5214 tamen
2849 5156 2970 5211 ideo
3011 5155 3354 5226 displicuero,

86 5255 352 5310 rabilibus
382 5270 506 5324 erga
545 5270 632 5312 me
681 5263 874 5309 vestra:
925 5253 1222 5308 sedulitatis
1255 5251 1476 5316 ciliciis,
1517 5251 1670 5321 parui

86 5346 358 5400 voluntati
405 5354 601 5401 vestra:
642 5363 655 5400 :
702 5345 748 5400 si
801 5343 1035 5408 tardius,
1078 5359 1241 5413 quam
1290 5343 1569 5409 voluistis,
1625 5344 1670 5398 si

89 5436 276 5490 minus
323 5444 465 5505 apte,
497 5451 656 5506 quam
687 5435 956 5506 oportuit;
991 5449 1095 5487 non
1139 5434 1322 5487 animo
1351 5447 1471 5487 meo
1515 5431 1670 5500 quasi

90 5543 200 5583 non
247 5527 485 5592 curanti,
538 5528 632 5582 sed
682 5527 759 5582 rei
805 5525 1099 5580 dillicultati
1141 5524 1319 5594 potius
1361 5523 1663 5578 ascribatis.

90 5616 272 5670 Cruda
301 5632 478 5672 massa
510 5633 614 5672 non
645 5616 802 5671 facile
831 5618 1040 5672 modico
1061 5623 1236 5686 potest
1275 5614 1396 5684 igne
1427 5614 1664 5684 purgari.

93 5708 151 5762 Si
181 5707 302 5776 quis
324 5707 696 5763 iuconcinnam
738 5707 1149 5763 subsannaverit
1172 5705 1489 5770 orationem,
1516 5703 1666 5758 vobis

93 5801 372 5866 imputate.
405 5797 563 5853 Malui
607 5807 750 5854 certe
790 5799 1022 5856 derideri
1063 5814 1090 5853 a
1123 5795 1463 5867 quibusdam,
1506 5810 1664 5866 quam

1762 5253 1916 5323 quod
1962 5267 2262 5323 purpureos
2309 5252 2416 5306 late
2466 5250 2828 5320 splendentes,
2879 5262 2983 5300 non
3031 5248 3203 5301 solum
3249 5263 3355 5300 non

1774 5343 2068 5406 assuerim,
2126 5341 2222 5396 sed
2269 5343 2430 5396 etiam
2483 5339 2739 5394 demet-im
2796 5351 3034 5406 pannos,
3085 5337 3223 5389 sciat
3272 5350 3356 5388 me

1773 5435 2009 5490 noluisse
2045 5447 2197 5488 more
2236 5433 2532 5504 puellarum
2579 5439 2764 5498 aptare
2803 5443 3007 5498 puppas
3057 5428 3258 5495 alisque
3288 5425 3354 5480 li-

1771 5526 2076 5581 neamentis
2105 5525 2493 5585 membrorum,
2523 5528 2616 5573 aut
2637 5520 2961 5573 inanimatas
2989 5518 3040 5571 in
3061 5518 3355 5588 parietibus

1773 5615 1974 5685 elligies
2009 5615 2277 5679 colorare;
2312 5612 2403 5668 sed
2450 5609 2663 5665 femina:
2707 5609 2932 5664 solidum
2985 5617 3200 5678 peetus,
3245 5608 3353 5660 imo

1773 5705 1984 5760 virilem
2019 5703 2280 5766 animum,
2309 5697 2598 5754 virtutibus
2629 5699 2861 5768 plenum,
2898 5705 3150 5766 tauquam
3181 5694 3352 5748 lucer-

1775 5811 1897 5852 nam
1925 5794 2182 5851 divinitus
2212 5806 2517 5858 accensam,
2547 5790 2752 5846 cunctis
2782 5789 2847 5844 ad
2872 5787 3188 5844 imitandum
3217 5784 3316 5840 sim
