3916 6406
581 373 690 431 859

1133 369 1472 429 llUCBALDl
1511 370 1675 430 MON.
1717 372 1774 429 S.
1810 371 2070 430 AMANDI
2107 373 2256 431 OPP.
2297 377 2476 436 PARS
2515 379 2558 436 1.
2597 411 2667 424 --
2703 377 3275 444 HAGIOCRAPHICA'.
3664 399 3732 458 ιω

582 487 794 561 pliciter
835 485 1253 578 demonstrare.
1277 485 1334 542 Si
1360 485 1550 578 placet
1591 487 1954 578 transcribere
1973 529 1989 555 ,
2034 488 2158 544 dili—
2187 495 2236 555 Α
2263 501 2345 548 est
2387 495 2603 565 praefixa
2634 497 2781 571 (586)
2810 498 3060 568 capitulis
3088 510 3408 571 anteponere
3432 516 3605 562 curate.
3628 511 3732 578 Quod

582 588 774 650 genter
823 575 1092 648 (obsecro)
1132 576 1505 634 distinctiones
1544 577 1902 647 capitulorum
1935 593 2155 634 conser-

585 677 726 724 vate.
785 666 1164 722 Praefationem
1211 681 1376 732 vero,
1423 681 1543 736 qum
1583 668 1802 737 quidem
1837 668 2159 740 generaliter

584 759 697 829 agit
733 757 801 812 de
838 764 1147 812 sanctorum
1180 757 1376 827 gestis,
1400 765 1456 812 et
1481 757 1548 812 ad
1587 773 1680 815 eos
1711 759 2028 815 imitandum
2059 774 2156 816 ex-

582 849 790 904 hortari
817 857 1037 904 cunctos
1066 847 1327 914 intendit,
1369 857 1422 904 et
1464 849 1731 921 ignaviam
1769 852 2034 922 praecipue
2060 867 2158 908 ne-

581 941 896 1011 gligentium
934 955 1196 1010 arguens,
1229 956 1328 996 nec
1373 941 1440 996 de
1484 941 1784 1013 ignorantia
1835 957 2160 1014 quemquam

583 1029 837 1084 excusari
882 1044 1036 1100 posse
1081 1029 1478 1096 demonstrans,
1525 1042 1840 1103 operantem
1873 1034 2159 1092 Dominum

588 1119 640 1174 in
669 1121 876 1176 sanctis
899 1121 1186 1176 amandum
1213 1129 1266 1177 et
1295 1121 1704 1194 glorificandum
1738 1116 1993 1193 ostendit,
2021 1127 2162 1183 sicut

2264 583 2309 642 si
2359 587 2508 643 vobis
2550 588 2714 643 etiam
2772 604 2879 644 non
2932 589 3221 660 placuerit,
3268 601 3361 648 aut
3402 593 3660 653 doctoribus
3692 606 3734 656 al

2264 691 2492 747 quorum
2529 677 2855 734 audientiam
2889 679 3029 735 forte
3055 679 3376 748 retuleritis,
3403 684 3627 740 moriatur
3643 687 3735 746 inter

2267 781 2458 822 manus
2485 776 2696 822 vestras
2723 769 2911 823 odiosa
2943 776 2998 823 et
3040 769 3222 838 inepta
3267 771 3567 837 membrana,
3592 784 3661 827 aut
3679 778 3736 832 dc-

2267 855 2469 924 leatur,
2525 865 2619 912 aut
2660 856 2770 929 igni
2820 858 3082 912 tradatur.
3134 858 3488 930 Quodcunque
3527 863 3734 928 acciderit.

2265 961 2361 1017 per
2385 947 2676 1002 amicitiam
2702 961 2856 1018 rogo,
2885 963 2954 1005 ne
2983 954 3227 1004 nostrum
3250 961 3438 1004 nomen
3459 949 3504 1004 in
3530 951 3612 1008 hoc
3630 968 3737 1024 opere

2265 1038 2548 1093 sentiatur.

601 1240 3733 1275 mm

1581 1315 2205 1410 PROLOGUS
2284 1319 2863 1412 EJUSDEM.

656 1437 712 1495 2.
786 1437 1060 1498 Miseratio
1125 1440 1321 1499 divinae
1381 1441 1638 1498 bonitatis
1686 1441 1934 1499 humanae
2001 1443 2162 1499 saluti
2196 1455 2238 1514 Β
2268 1453 2611 1510 sanctorum,
2645 1445 2737 1514 qui
2788 1444 3052 1516 proximis
3098 1443 3358 1502 exstitere
3387 1445 3736 1518 temporibus,lc-

592 1533 962 1604 multipliciter
985 1535 1130 1588 omni
1161 1543 1401 1606 tempore
1429 1533 1728 1602 consuluit,
1759 1543 1812 1592 et
1847 1544 1968 1604 post
1994 1534 2171 1592 homi—

595 1625 680 1680 nis
706 1625 938 1695 lapsum,
973 1635 1083 1681 tam
1121 1641 1218 1696 per
1244 1627 1385 1682 dicta
1413 1643 1572 1697 quam
1603 1641 1700 1697 per
1727 1625 1970 1697 exempla
1994 1626 2172 1697 justo-

599 1734 740 1784 rum,
787 1729 1032 1774 errantes
1074 1720 1140 1774 ad
1187 1720 1329 1775 viam
1377 1721 1620 1776 veritatis
1669 1720 1900 1785 reduxit,
1945 1727 2001 1775 et
2048 1727 2174 1776 ante

597 1808 771 1879 legem
811 1818 866 1864 et
923 1811 1022 1865 sub
1063 1809 1180 1882 lege
1225 1819 1280 1867 et
1323 1811 1422 1866 sub
1463 1811 1635 1882 gratia
1684 1809 1913 1867 formam
1961 1810 2176 1866 virtutis

595 1897 911 1953 imitandam
955 1898 1174 1954 rudibus
1219 1899 1273 1954 in
1319 1909 1550 1969 utroque
1592 1915 1721 1955 sexu
1754 1899 2176 1955 misericorditer

595 1989 859 2044 exhibuit.
898 1989 1060 2044 Plena
1096 2000 1180 2046 est
1208 1991 1486 2061 utriusque
1517 1990 1845 2047 Testamenti
1872 1989 2173 2062 Scriptura,

601 2089 858 2150 tanquam
908 2081 1104 2136 cce-lum
1161 2081 1543 2151 resplendens,
1595 2097 1700 2137 non
1743 2081 1915 2137 solum
1969 2081 2178 2153 magnis

601 2157 980 2237 luminaribus,
1012 2171 1126 2228 sole
1157 2172 1405 2227 videlicet
1427 2188 1491 2228 ac
1521 2173 1663 2238 luna,
1696 2173 1790 2228 sed
1817 2172 1980 2228 etiam
2007 2171 2180 2228 mino-

604 2261 754 2316 ribus
793 2259 995 2327 stellis;
1043 2262 1146 2317 hoc
1191 2271 1310 2327 est,
1345 2277 1450 2318 non
1501 2271 1705 2317 tantum
1754 2261 1998 2318 claritate
2038 2275 2180 2317 vero:

603 2352 760 2417 lucis,
798 2368 918 2423 quae
956 2354 1271 2409 rationalem
1307 2363 1614 2410 creaturam
1650 2353 1946 2420 illuminat,
1975 2362 2031 2410 et
2057 2352 2180 2408 uni-

606 2443 831 2500 versalis
857 2443 1113 2499 Ecclesiae
1137 2444 1553 2514 pulchritudine,
1582 2459 1702 2515 qua:
1726 2452 1894 2500 totum
1921 2443 2184 2500 clarificat

2275 1553 2408 1610 gens
2429 1535 2512 1591 vel
2536 1536 2781 1601 audiens,
2811 1535 3042 1607 gratiam
3065 1533 3374 1592 Conditoris
3403 1538 3452 1590 in
3473 1538 3636 1592 sanctis
3653 1553 3737 1592 sem-

2273 1645 2371 1700 per
2418 1635 2732 1699 operantem
2779 1635 3075 1695 agnoscat;
3133 1641 3454 1696 agnoseens,
3498 1628 3545 1682 in
3581 1643 3737 1682 amatr

2279 1721 2448 1792 ipsius
2485 1717 2794 1775 incalescat.
2828 1717 2886 1774 Si
2916 1718 3038 1790 quis
3074 1718 3239 1773 etiam
3267 1719 3512 1774 delicatus
3541 1735 3628 1787 pra
3647 1729 3736 1773 tene-

2275 1811 2509 1868 ritudine
2553 1809 2735 1866 carnis
2776 1811 2922 1865 viros
2968 1809 3170 1864 imitari
3222 1810 3471 1881 trepidat,
3516 1809 3734 1865 feminaset

2276 1901 2481 1974 puellas
2512 1909 2725 1958 teneras
2743 1941 2758 1968 ,
2784 1915 2904 1971 quae
2944 1901 3026 1957 sui
3057 1901 3429 1972 Redemptoris
3454 1917 3605 1958 amore
3634 1918 3738 1957 sacu-

2277 1992 2391 2049 lum
2440 1993 2720 2059 vicerunt,
2776 1991 3127 2047 considerans
3177 1991 3472 2046 erubescat.
3529 1990 3738 2061 Ignorantia

2277 2083 2547 2140 neminem
2573 2123 2588 2151 ,
2631 2083 2724 2153 qui
2764 2082 2941 2154 legere
2979 2082 3060 2138 vel
3088 2082 3278 2138 audire
3315 2083 3528 2154 potuerit
3551 2084 3738 2155 legentem,

2278 2173 2576 2230 excusabit.
2606 2172 2709 2230 Ubi
2749 2173 2863 2246 jam
2895 2172 3192 2242 Scriptura:
3218 2173 3381 2230 verba
3420 2188 3515 2229 non
3550 2175 3741 2229 resonant?

2279 2260 2336 2319 lu
2363 2261 2606 2319 ecclesiis
2632 2278 2660 2317 a
2694 2261 2985 2318 lectoribus
3019 2262 3263 2332 quotidie
3291 2263 3740 2331 recitantur,acanlo-

2284 2354 2434 2411 ribus
2461 2353 2852 2429 delectabiliter
2882 2361 3173 2410 caulanlur
3193 2394 3208 2422 ,
3237 2369 3266 2410 a
3303 2355 3672 2425 praedicatoribus
3687 2354 3743 2406 uti

2281 2445 2406 2504 liter
2449 2457 2813 2518 exponuntur.
2845 2445 2975 2514 Quae
3007 2447 3206 2517 patria,
3237 2463 3356 2518 quae
3393 2447 3585 2512 civitas,
3608 2447 3670 2515 qui
3688 2460 3740 2513 p.1-

608 2535 901 2600 mundum;
933 2535 1027 2590 sed
1069 2537 1230 2591 etiam
1263 2535 1594 2605 singulorum
1642 2535 1925 2605 splendore
1970 2543 2188 2590 sancto-
2285 2553 2404 2612 gus,
2431 2550 2591 2608 quem
2638 2552 2746 2592 non
2774 2535 3052 2592 decoravit
3081 2535 3315 2607 alicujus
3353 2535 3507 2590 sancti
3542 2533 3741 2604 patrocinio

607 2641 748 2690 rum,
777 2626 867 2696 qui
913 2641 1011 2682 nos
1055 2626 1108 2681 in
1141 2625 1297 2695 hujus
1323 2625 1500 2682 saeculi
1537 2634 1694 2682 nocte
1735 2625 1897 2682 veluti
1925 2625 2186 2697 fulgentes
2287 2629 2502 2701 speciali
2533 2629 2866 2700 providentia
2893 2627 3212 2685 Creatoris?
3255 2627 3452 2699 Ubique
3491 2641 3569 2696 per
3592 2624 3740 2679 mean

605 2717 774 2773 stella:
821 2717 1188 2773 consolantur.
1222 2717 1324 2785 Qui
1369 2733 1528 2788 ergo,
1579 2717 1811 2774 donante
1856 2717 1996 2784 Deo,
2024 2731 2187 2774 sanos
2291 2735 2386 2778 sua
2416 2719 2665 2776 Salvator
2693 2728 2960 2776 coruscat.
2995 2717 3186 2776 Oleum
3232 2717 3451 2788 effusum
3485 2713 3739 2780 nomenejus;

604 2811 770 2866 habet
797 2810 1012 2874 oculos,
1040 2809 1276 2864 ambulet
1321 2809 1385 2864 ad
1429 2809 1606 2864 lumen
1654 2807 1818 2872 solis,
1848 2807 2068 2878 vestigia
2099 2809 2258 2873 se-C
2289 2813 2487 2882 ubique
2533 2819 2716 2879 tonat,
2768 2811 2968 2881 ubique
3016 2810 3153 2881 pluit
3203 2825 3301 2880 per
3346 2807 3662 2876 Evangelium,
3691 2818 3742 2874 per

610 2909 811 2970 quatur
852 2899 1064 2954 Domini
1104 2897 1419 2954 Salvatoris.
1469 2898 1569 2966 Qui
1602 2915 1730 2955 vero
1763 2906 1970 2953 tantum
2011 2897 2188 2969 fulgo-
2289 2901 2596 2974 apostolos,
2650 2916 2750 2972 per
2787 2902 3067 2968 doctores,
3116 2915 3218 2970 per
3253 2898 3484 2969 exempla
3521 2905 3739 2952 sanctum.

620 3004 734 3043 rem
784 2987 1179 3044 infirmantibus
1207 2987 1378 3044 oculis
1409 2988 1586 3043 minus
1628 2988 1769 3043 valet
1800 2987 2030 3054 intueri,
2057 3003 2187 3043 con-

613 3091 790 3138 vertat
834 3093 1109 3154 aspectum
1154 3083 1220 3138 ad
1262 3093 1493 3150 montes,
1519 3084 1631 3154 jam
1675 3083 1789 3138 veri
1834 3083 1962 3139 solis
1991 3082 2194 3138 lumiae

614 3175 944 3240 candentes,
991 3183 1207 3230 sanctos
1270 3173 1479 3229 scilicet
1530 3174 1836 3245 apostolos,
1901 3187 2196 3244 eorumque

614 3279 985 3330 successores,
1015 3265 1257 3321 doctrina
1293 3266 1495 3335 pariter
1523 3275 1578 3320 et
1605 3266 1866 3337 exemplis
1906 3272 2074 3320 totum
2107 3279 2195 3320 ora

615 3357 738 3412 hem
769 3357 1158 3423 illuminantes;
1193 3365 1450 3426 sequatur
1481 3357 1604 3412 fidei
1648 3357 1843 3423 duces,
1876 3355 2024 3413 velut
2055 3356 2196 3411 arie-

619 3457 740 3512 tes,
787 3463 1002 3519 gregem
1051 3449 1117 3503 ad
1165 3464 1364 3518 pascua
1413 3449 1537 3503 vita:
1584 3457 1904 3518 pra-euntes.
1952 3447 2103 3513 Quod
2151 3447 2197 3502 si

618 3541 822 3596 tardior
843 3541 1035 3610 aliquis
1058 3541 1420 3610 evangelicum
1448 3549 1502 3596 et
1523 3539 1872 3610 apostolicam
1895 3539 2197 3595 doctrinam

616 3633 850 3698 fastidit,
910 3633 1051 3704 quod
1113 3633 1273 3688 nimis
1325 3631 1684 3703 periculosum
1749 3638 1868 3696 est;
1934 3629 1978 3684 si
2035 3627 2195 3683 fortia

619 3732 766 3793 gesta
815 3739 1126 3793 magnorum
1168 3731 1416 3791 patrum,
1473 3730 1566 3775 aut
1615 3721 1933 3774 documenta
1978 3727 2199 3789 propter

622 3811 1040 3866 imbecillitatem
1081 3812 1201 3866 lidei
1246 3827 1356 3866 sua:
1397 3809 1730 3881 negligenter
1771 3808 2022 3874 attendit,
2055 3808 2198 3878 quod

623 3899 764 3955 male
805 3901 1104 3970 languentis
1131 3900 1324 3956 animae
1364 3899 1616 3954 indicium
1659 3908 1775 3963 est;
1823 3896 2013 3953 saltem
2046 3896 2197 3954 Vitas

2291 2993 2359 3048 Et
2388 3001 2446 3048 ut
2490 3007 2553 3048 ex
2602 2991 2786 3048 multis
2830 2991 2898 3048 ad
2940 3007 3106 3046 unum
3150 2988 3580 3058 veniamus,quis
3609 2985 3697 3038 alius
3715 2984 3742 3035 in

2291 3081 2402 3139 vita
2432 3081 2604 3138 beata:
2634 3082 2857 3152 virginis
2881 3081 3218 3152 Aldegundis
3241 3082 3505 3144 amandus,
3527 3075 3743 3147 sequendus.

2296 3172 2728 3243 amplecteudus,
2775 3171 2878 3226 nisi
2911 3171 3157 3227 Christus
3205 3171 3458 3233 innuitur,
3482 3182 3608 3239 quem
3640 3161 3745 3217 adole

2297 3264 2540 3320 scentula
2585 3265 2737 3336 virgo
2798 3262 3060 3332 diligens,
3114 3263 3311 3318 merito
3354 3259 3584 3318 castitatis
3619 3259 3744 3324 Agunt!

2298 3358 2543 3427 sequitur
2567 3372 2890 3428 quocunque
2923 3355 3080 3411 ierit?
3121 3354 3181 3410 In
3217 3355 3334 3426 ejus
3363 3355 3524 3424 itaque
3554 3343 3746 3411 laudeqni

2300 3462 2421 3502 cum
2468 3447 2539 3502 sit
2586 3446 2725 3502 idem
2773 3447 2826 3500 in
2870 3445 3158 3512 omnibus,
3194 3453 3441 3516 operatur
3465 3455 3618 3511 magna
3639 3433 3746 3490 eluti-

2301 3538 2446 3594 nitna
2491 3546 2545 3594 et
2586 3538 2796 3594 diversa
2846 3553 2954 3593 non
3003 3538 3285 3604 diversus,
3334 3552 3392 3592 ac
3441 3530 3658 3590 dissimilia
3688 3540 3747 3579 non

2300 3629 2596 3695 dissimilis,
2642 3629 2708 3684 de
2747 3629 2853 3684 vita
2888 3629 3042 3700 hujus
3091 3629 3320 3701 virginis
3364 3627 3406 3683 si
3443 3627 3665 3694 loquamur
3691 3617 3746 3669 ali-

2307 3721 2457 3791 quid,
2504 3736 2810 3776 sermonem
2856 3721 3169 3791 impositum
3207 3721 3382 3777 nullus
3421 3719 3671 3776 abhorreat.
3696 3707 3747 3762 sed

2303 3811 2446 3883 quod
2469 3811 2622 3868 effari
2660 3811 2908 3878 nitimur,
2941 3813 3203 3867 attendat.

624 3981 3742 4024 ___________________________________________..—

1836 4064 2300 4155 INCIPIT
2363 4061 2686 4155 VITA.

1130 4193 1358 4255 CAPUT
1395 4193 1685 4252 PRIMUM.

744 4292 954 4348 Sancta:
984 4287 1306 4361 Aldequndis
1337 4297 1502 4351 ortus,
1530 4285 1806 4349 institutio,
1839 4284 2077 4339 risiones.

2304 4190 2588 4261 prosapia,
2638 4196 2792 4261 patre
2836 4189 3150 4256 Walberto,
3206 4198 3378 4246 matre
3422 4183 3619 4244 Bertilia.
3655 4173 3749 4270 Cujuf

2307 4298 2461 4340 soror
2487 4281 2855 4338 Waldetrudis
2892 4283 3069 4354 major
3093 4293 3256 4350 natu,
3288 4282 3486 4338 cuidam
3511 4275 3614 4332 satis
3633 4269 3749 4323 illustri

697 4383 750 4436 5.
782 4381 937 4435 Anno
981 4358 1269 4434 Dominica:
1308 4375 1698 4433 lncarnationis
1741 4375 1962 4430 circiter
1989 4373 2203 4430 evolulo
2236 4409 2282 4470 υ
2310 4376 2426 4431 viro
2474 4374 2836 4445 Maldegario,
2887 4384 3247 4445 cognomento
3298 4371 3578 4430 Vincentio,
3603 4358 3748 4470 legium”.

629 4472 1020 4532 sexcentesimo
1069 4470 1371 4537 tricesimo,
1422 4469 1567 4525 circa
1617 4469 1731 4524 haec
1793 4476 2034 4536 tempora
2099 4479 2204 4520 non

632 4565 784 4634 longe
832 4561 1056 4616 multum
1093 4559 1350 4616 Romanas
1398 4559 1510 4614 sedi
1559 4557 1868 4630 apostolicae
1912 4555 2207 4626 praesiden-

637 4655 777 4712 tibus
807 4667 900 4722 per
941 4651 1312 4707 successiones
1346 4648 1687 4720 pontificibus
1720 4648 1866 4718 (587)
1891 4688 1906 4713 ,
1944 4645 2202 4710 Honorio,

635 4745 917 4809 Severino,
965 4740 1194 4807 Joanne,
1242 4741 1546 4804 Theodoro,
1597 4739 1862 4805 Martino,
1910 4739 2208 4807 imperante

633 4835 772 4906 apud
819 4832 1336 4902 Constantinopolim
1377 4830 1521 4903 (588)
1551 4829 1834 4892 Heraclio,
1884 4829 1936 4882 iu
1982 4826 2210 4882 Francia

635 4939 893 5001 regnante
924 4927 1226 4998 Dagoberto
1246 4966 1260 4990 ,
1290 4924 1398 4978 lilio
1437 4921 1683 4985 Clotarii,
1715 4919 1806 4988 qui
1847 4926 2071 4989 quartus
2090 4925 2208 4972 erat

635 5038 664 5078 ει
695 5020 984 5082 Clodoveo,
1029 5033 1185 5087 quem
1215 5015 1273 5070 S.
1303 5014 1580 5084 Remigius
1604 5009 1918 5081 baptizavit,
1965 5018 2080 5064 orta
2125 5014 2208 5064 est

637 5114 690 5170 in
722 5125 860 5183 pago
897 5109 1042 5183 (589)
1073 5105 1367 5163 llainoensi
1399 5105 1545 5173 virgo
1582 5100 1908 5173 Aldegundis
1940 5115 2004 5155 ex
2045 5098 2207 5168 regali

709 5226 856 5295 (586)
887 5223 1038 5278 Hunc
1067 5221 1424 5296 capitulorum
1452 5217 1743 5296 iudiculutu
1771 5212 2207 5296 Vitzeprteﬁxum

639 5286 902 5366 nusquam
946 5286 1277 5366 reperimus,
1315 5305 1485 5360 neque
1513 5287 1867 5366 capitulorum
1895 5286 2210 5366 divisienem

637 5353 880 5421 rain-dem
923 5353 1119 5432 ubi-que
1153 5379 1166 5416 :
1200 5353 1317 5416 ideo
1361 5353 1422 5414 ea
1473 5353 1618 5414 more
1664 5365 1890 5421 nostro,
1939 5363 1999 5408 ut
2043 5353 2214 5407 visum

642 5437 759 5491 fuit.
785 5435 1088 5488 divisimus.

715 5505 861 5574 (587)
892 5503 1156 5574 Honorius
1186 5496 1559 5574 Bonifacioﬂ,
1582 5495 1654 5549 ‘25
1679 5494 1798 5548 Oct.
1819 5508 1917 5574 an.
1945 5491 2050 5545 625
2079 5505 2219 5574 rnor-

645 5561 738 5630 ιιιό
783 5561 1070 5638 successit;
1113 5573 1160 5626 ei
1209 5569 1386 5625 caueri
1433 5567 1521 5623 hic
1575 5562 1854 5619 memorati
1886 5577 1951 5616 ex
1999 5561 2210 5616 ordine.

645 5646 703 5704 S.
741 5644 997 5712 Manium
1021 5658 1111 5712 an.
1135 5640 1238 5695 655
1259 5639 1680 5712 exsulumortuus
1708 5641 1808 5712 ςξῑ.
1853 5703 1888 5712 ”
1920 5701 2007 5712 Μ,
2049 5699 2060 5712 ο

719 5715 866 5778 (588)
904 5711 1176 5765 Heraclia:
1199 5711 1266 5765 ah
1284 5725 1376 5782 an.
1401 5709 1508 5782 6th
1528 5707 1592 5760 ad
1626 5706 1685 5759 ll
1714 5701 2010 5782 Martii
2049 5701 2214 5782 impe-

651 5789 808 5840 ravit.
840 5783 1156 5851 Dngoberlus
1187 5783 1238 5836 in
1269 5778 1564 5851 Austrasia
1585 5790 1808 5851 regnare
1852 5778 2037 5841 cwpit,
2062 5780 2213 5851 patre

653 5855 886 5913 Clutario
917 5847 984 5917 ll,
1013 5859 1302 5918 annuente,
1343 5865 1466 5906 anu.
1511 5847 1642 5913 (ili;
1683 5860 1745 5901 eo
1774 5853 2014 5906 mortuo,
2051 5847 2212 5895 ctiam

2309 4466 2482 4521 fuerat
2509 4465 2755 4536 copulata
2795 4483 2808 4519 :
2843 4465 2938 4534 qui
2983 4475 3169 4535 postea
3198 4465 3445 4520 divinitus
3483 4451 3750 4539 inspirantes!

2308 4557 2688 4612 exhortatione
2711 4555 3086 4626 religiosorum
3111 4554 3346 4610 virorum
3369 4551 3613 4606 animatus,
3629 4539 3750 4607 spreti!

2309 4649 2588 4715 mundum,
2611 4655 2829 4703 secutus
2872 4655 2957 4702 est
2985 4655 3097 4702 toto
3139 4647 3302 4701 corde
3347 4629 3748 4720 Salvatoremlrsfm'

2309 4735 2603 4794 Cluistum.
2633 4736 2707 4792 Eo
2733 4745 2975 4805 tempore
3007 4733 3161 4789 multi
3192 4731 3418 4804 religiosi
3441 4727 3540 4787 viri,
3566 4717 3750 4780 Domini“

2311 4827 2482 4882 vinea:
2525 4824 2905 4881 studiosissimi
2953 4825 3212 4888 cultores,
3258 4817 3511 4876 Amandus
3548 4806 3749 4872 Trajecten-

2314 4919 2452 4975 sium
2513 4917 2836 4988 episcopus,
2897 4915 3042 4969 velut
3102 4909 3374 4968 imbrifera
3422 4903 3564 4960 nubes
3607 4895 3750 4988 circuth

2312 5021 2526 5080 quaque
2548 4975 2799 5078 .pluendo
2823 4975 3147 5060 discurrens
3195 5000 3377 5073 (590x;
3424 4988 3664 5059 Ατηυιριιιιε
3687 4975 3749 5030 lle-

2321 5217 2373 5299 εει
2408 5179 3749 5299 Weslriaasea_Nesseis1-33'"2..2?§i.§"£ii'3””

2317 5285 2652 5371 fraltjlinparte
2672 5252 3435 5371 Equitanimlcoticessa3%le
3456 5252 3733 5371 ο

2389 5331 3340 5440 (Mitis:'t‘?!i§5a{§€l“‘atrfff‘iz.
3364 5331 3615 5440 12.115532.
3634 5331 3746 5440 ’ἓέἒῖἷέῐ

2318 5403 2859 5495 q..‘.'51.';.;.‘;;.a.3ts;
2878 5419 2994 5496 ﬂuit
3009 5458 3023 5482 ,
3049 5426 3244 5496 _at_que_
3277 5403 3359 5496 ad

2320 5467 2989 5566 ὶῖἰὶὲέὲίἶῐιῖῘίκῖευενηείνε
3010 5467 3165 5566 ’ἀίξίὸ
3206 5467 3745 5566 ιιειίιιοεξ¹ῗξῗ.ηΐὶἳ¹³;.ἐέἕῖ

2321 5529 2598 5557 "naucula,
2647 5529 2830 5563 ,ιιι-δυο,
2877 5529 2989 5544 ιη...
3032 5529 3163 5542 ...ην
3571 5535 3580 5546 ,
3673 5539 3720 5566 ,γ

2321 5566 2427 5620 lale
2467 5564 2660 5619 deinde
2703 5561 2976 5631 ampliata,
3015 5557 3168 5626 vulgo
3199 5566 3335 5607 nunc
3370 5545 3604 5600 llannoma
3638 5529 3721 5589 3H“

2323 5636 2536 5724 Ιᾶιξέἷξηι
2561 5701 2821 5724 n-l-........
2857 5699 2908 5724 ιε
2956 5697 3122 5724 ,ωηατ
3171 5688 3463 5724 Α.....ι..1ηη,
3497 5677 3548 5724 18
3567 5652 3744 5724 Jul-ou"

2391 5677 2538 5776 (suo)
2560 5701 2821 5776 Coluntur
2846 5699 2910 5776 tu
2931 5677 3658 5776 _sanclinsrzrrriplrarhlfnflg-z

2321 5749 2808 5846 gi
2826 5749 3102 5822 A'tt'rlot’utts
3125 5764 3191 5818 ‘24
3215 5749 3366 5829 Aug.”
3393 5749 3528 5808 (iisin
