3916 6428
95 421 224 476 861

1213 411 1368 467 νιΤΑ
1411 411 1468 468 S.
1509 409 1940 466 ALDEGUNDIS
1981 408 2296 467 VIRGINIS.

3276 413 3381 471 862

97 534 358 606 tensium
386 572 400 596 ,
469 529 768 588 Autbertus
826 525 1298 584 Cameracensium
1375 527 1656 595 pontifices
1678 563 1694 590 ,
1723 526 1774 592 Α
1800 526 1989 592 vellet,
2021 526 2336 597 Christique
2366 525 2690 583 voluntatem
2716 529 2766 583 in
2797 543 2855 585 se
2899 529 3014 586 fleri
3060 541 3382 604 praeoptare.

91 625 328 696 Eligius
389 621 801 688 Noviomeusis,
855 619 1148 675 Audoenus
1205 617 1696 688 Rothomagensis,

91 712 373 768 Gislenus
413 713 484 767 ab
527 711 754 766 Athenis
789 708 1108 780 peregrinus
1142 706 1434 763 adveniens
1477 707 1532 762 in
1573 705 1701 762 Gal-

89 804 274 871 liam,
317 812 374 858 et
417 801 508 857 alii
558 799 738 872 plures
787 799 840 854 in
881 799 1121 855 Ecclesia
1161 807 1418 866 tanquam
1468 797 1522 851 in
1561 795 1700 852 caelo

91 893 272 948 clara
313 892 621 955 luminaria,
649 897 828 959 partes
867 888 1016 944 orbis
1061 885 1425 942 occidentales
1467 885 1694 940 irradia-

91 988 286 1051 bant,
330 995 386 1040 et
431 983 629 1039 multos
671 989 778 1036 tam
823 979 1208 1050 praedicatione
1253 993 1413 1048 quam
1453 975 1698 1046 exemplo

91 1080 246 1134 vita:
271 1078 326 1132 in
351 1075 491 1129 viam
522 1071 712 1128 salutis
743 1070 1098 1124 deducebant.

179 1171 244 1224 4.
283 1166 465 1223 Puella
517 1179 646 1220 vero
689 1159 1052 1232 Aldeguudis,
1106 1168 1388 1231 parentum
1437 1170 1564 1212 cura
1615 1154 1697 1209 di-

91 1241 346 1328 ligenter
379 1257 650 1319 enutrita,
703 1252 880 1310 divina
919 1251 1092 1321 gratia
1129 1257 1487 1320 procurante,
1531 1245 1700 1300 sacris

97 1349 317 1405 litteris
351 1357 436 1402 est
488 1344 690 1399 imbuta
734 1360 748 1396 :
799 1355 1026 1411 quarum
1080 1337 1304 1394 scientia
1345 1335 1498 1390 valde
1545 1333 1702 1404 profl-

93 1440 299 1500 ciens,
332 1451 398 1494 ac
425 1435 671 1503 dogmata
697 1429 1016 1486 Christianam
1059 1426 1332 1498 religionis
1352 1424 1530 1481 animo
1561 1437 1704 1479 com-

93 1532 388 1602 plecteus,
437 1539 622 1580 amore
671 1521 906 1579 cmiestis
929 1520 1108 1591 sponsi
1128 1519 1239 1590 jam
1266 1519 1319 1572 in
1349 1517 1478 1588 ipsis
1501 1514 1705 1586 puella-

99 1624 272 1678 ribus
317 1617 476 1673 annis
533 1615 883 1670 vehementer
923 1610 1154 1682 ﬂagrare
1203 1608 1386 1680 cmpit.
1441 1606 1702 1663 Parentes

93 1711 260 1768 enim
326 1707 496 1770 illius,
565 1719 875 1775 quanquam
933 1701 1150 1772 superbi
1216 1697 1359 1754 fastu
1425 1695 1702 1768 sanguinis

93 1811 298 1859 essent
339 1799 486 1871 (591)
538 1795 696 1860 elati,
741 1791 1032 1849 Christiani
1091 1799 1269 1846 tamen
1322 1787 1555 1843 nominis
1590 1801 1704 1842 me-

99 1907 296 1950 mores
323 1891 462 1960 quod
484 1887 776 1958 gerebant,
803 1883 966 1938 tiliam
997 1897 1148 1936 suam
1171 1881 1245 1934 ita
1271 1879 1566 1935 secundum
1597 1877 1692 1932 Dei
1727 1877 1770 1936 Β

105 1987 366 2043 timorem
391 1983 724 2044 educarunt,
755 1986 814 2030 ut
839 1977 890 2030 in
915 1975 1028 2046 ipsa
1041 1973 1154 2044 jam
1185 1983 1366 2029 tenera
1388 1977 1547 2025 actate
1596 1969 1701 2026 Do-

105 2077 260 2132 mino
289 2072 504 2130 Christo
523 2069 694 2138 magis
720 2083 882 2138 quam
903 2064 1098 2120 smequ
1119 2063 1330 2134 placere
1345 2062 1699 2116 desideraret.

181 2169 236 2224 5.
275 2167 483 2222 interea
517 2164 646 2220 dum
687 2163 866 2216 adhuc
907 2167 1052 2214 esset
1084 2159 1136 2212 in
1175 2158 1334 2212 domo
1383 2161 1699 2224 parentum,

109 2255 322 2314 caelesti
373 2253 682 2323 frequenter
721 2263 982 2320 suspensa
1020 2244 1508 2315 contemplatione,
1542 2239 1702 2296 modo

115 2352 374 2422 vigilans,
425 2349 586 2406 modo
643 2362 738 2418 per
801 2345 1122 2423 somniuth
1151 2341 1332 2398 divina
1383 2337 1484 2395 sibi
1531 2335 1703 2410 gratia

115 2442 416 2508 rcvelante,
447 2440 612 2511 erepit
641 2437 806 2492 multa
849 2435 1117 2490 visionum
1159 2446 1354 2503 genera
1382 2428 1658 2500 percipere
1685 2442 1700 2484 :

109 2549 252 2604 quas
295 2533 410 2604 ipsa
461 2531 772 2588 describens
824 2527 1006 2599 (592),
1061 2524 1242 2580 abbati
1301 2522 1514 2578 cuidam
1573 2518 1706 2574 reli-

109 2625 300 2694 gioso,
351 2623 565 2678 nomine
613 2621 844 2686 Sobino,
895 2620 962 2673 de
997 2616 1324 2672 monasterio
1375 2611 1700 2678 Nivialensi,

109 2714 406 2770 commisit.
475 2712 620 2780 Quas
665 2711 768 2766 etsi
834 2707 1084 2779 quidam,
1135 2707 1314 2762 minus
1369 2705 1526 2775 digne
1575 2718 1706 2774 pen-

105 2815 298 2862 santes
327 2819 446 2874 quae
490 2803 674 2874 legunt
717 2801 798 2858 vel
845 2801 1103 2866 audiunt,
1133 2797 1432 2868 superﬂuas
1473 2804 1566 2852 aut
1598 2811 1704 2850 non

105 2897 412 2954 credendus
461 2910 582 2951 esse
631 2902 856 2964 putant.
910 2892 1038 2947 nulli
1087 2900 1262 2946 tamen
1322 2889 1552 2960 sapienti
1607 2889 1708 2946 mi-

107 3005 238 3044 rum
283 2995 378 3042 aut
425 2987 738 3042 incredibile
791 2985 1041 3048 videtur,
1097 2983 1140 3038 si
1209 2982 1386 3053 puella
1435 2981 1528 3038 Dei
1593 2991 1706 3037 toto

107 3081 424 3136 deserviens
471 3078 695 3144 aﬂ‘eetu,
751 3077 1126 3147 frequentibus
1179 3085 1490 3132 sanctorum
1543 3089 1684 3146 auge

107 3173 292 3226 lorum
323 3169 646 3234 visionibus,
689 3183 784 3224 seu
833 3167 1090 3239 vigilans,
1141 3183 1236 3224 seu
1273 3167 1576 3232 dormiens,
1609 3181 1704 3236 pa-

1800 619 1946 674 V'idit
1967 619 2282 689 frequenter
2316 621 2535 690 angelos
2563 623 2914 680 exhortantes
2943 639 3002 680 se
3044 645 3058 680 :
3089 626 3223 682 vidit
3252 626 3384 682 bea-

1798 718 1912 765 tum
1931 709 2172 776 Petrum,
2198 712 2575 768 admonentem
2597 729 2658 770 se
2681 715 2746 771 de
2769 731 2936 786 regno
2953 717 3068 772 Dei.
3092 717 3386 788 Conspexit

1798 803 1962 858 etiam
1991 803 2274 858 Dominum
2305 805 2577 860 Christum
2597 846 2611 870 ,
2645 807 2696 862 in
2749 808 2926 878 specie
2956 809 3084 865 solis
3125 819 3180 866 et
3209 811 3382 876 lunae,

1801 893 1853 948 iu
1910 893 2076 963 figura
2132 894 2282 965 regni
2333 894 2426 950 Dei
2475 895 2579 951 sibi
2629 906 2997 967 apparentem.
3053 899 3109 954 in
3173 901 3382 956 cunctis

1799 982 2100 1053 huiusmodi
2147 985 2564 1043 revelationibus
2620 989 2771 1060 virgo
2807 991 3042 1060 prudens
3071 993 3242 1062 magis
3272 1008 3379 1048 ma-

1799 1075 1986 1146 gisque
2029 1091 2088 1132 se
2137 1077 2487 1146 humiliabat,
2545 1095 2703 1150 regnc
2760 1081 2855 1136 Dei
2905 1083 3123 1153 propior
3179 1083 3382 1152 ﬂebat,

1801 1181 1998 1236 sponso
2040 1167 2247 1224 cmlesti
2288 1169 2567 1225 adhmrere
2609 1170 2907 1228 ferventius
2966 1173 3230 1230 inhiabat.

1871 1259 1922 1314 6.
1962 1259 2020 1314 Si
2051 1260 2172 1332 quis
2198 1269 2376 1316 autem
2399 1261 2702 1318 istiusmodi
2732 1264 2966 1321 visiones
2989 1263 3198 1336 plenius
3229 1279 3388 1322 nosse

1803 1349 2092 1416 desiderat,
2123 1349 2299 1407 Vitam
2329 1351 2498 1422 ipsius
2538 1353 2796 1422 revolvat,
2830 1355 2896 1410 de
2932 1370 3036 1425 qua
3077 1371 3175 1413 nos
3205 1353 3383 1428 pauca

1803 1440 2188 1510 deeerpentes,
2224 1442 2470 1498 notitiam
2519 1445 2892 1501 tantummodo
2929 1461 3111 1504 rerum
3143 1447 3388 1504 indicare

1801 1531 2110 1586 summatim
2157 1547 2418 1588 conamur
2462 1533 2604 1590 scire
2651 1536 2989 1604 cupientibus
3031 1539 3217 1608 quanti
3273 1555 3388 1596 me-

1801 1620 1890 1678 riti
1933 1622 2006 1678 sit
2037 1622 2152 1678 haec
2191 1623 2378 1694 virgo,
2430 1640 2550 1695 quae
2595 1627 2754 1683 toties
2789 1627 3047 1700 angelicis
3105 1632 3390 1686 recreaba-

1803 1721 1892 1768 tur
1973 1714 2430 1772 consolationibus
2469 1757 2486 1784 ,
2561 1719 2856 1775 secundum
2927 1721 3390 1778 ordinatissimam

1803 1805 2076 1863 Creatoris
2119 1807 2568 1878 dispensationem
2589 1851 2603 1877 ,
2637 1813 2730 1882 qui
2768 1812 2916 1869 novit
2943 1813 3233 1886 unicuique
3261 1831 3390 1870 con-

1801 1905 2080 1968 gruentem
2123 1898 2382 1956 adhibere
2435 1900 2732 1958 dulcedinis
2781 1919 2892 1960 suae
2939 1905 3387 1962 moderationem.

1803 1985 1902 2051 Et,
1950 1995 2009 2042 ut
2067 1988 2258 2044 barum
2313 1989 2508 2044 seriem
2559 1991 3053 2048 manifestationum
3112 1995 3224 2066 jam
3281 2003 3390 2050 ter-

1803 2076 2100 2144 minemus,
2155 2079 2318 2134 beata
2379 2079 2532 2150 virgo
2585 2081 2916 2152 Aldegundis
2971 2083 3038 2139 de
3086 2084 3285 2140 virtute
3332 2085 3388 2141 in

1803 2167 2056 2222 virtutem
2111 2167 2492 2240 progrediens,
2543 2171 2598 2226 in
2649 2179 2852 2226 tantam
2923 2175 3228 2232 sanctitatis
3277 2175 3391 2230 eel-

1800 2255 2092 2312 situdinem
2151 2271 2184 2312 a
2237 2257 2466 2316 Domino
2521 2261 2718 2316 meruit
2784 2261 3096 2327 sublimari,
3153 2272 3212 2319 ut
3279 2280 3388 2320 non

1801 2349 1974 2406 solum
2035 2349 2092 2406 in
2145 2351 2404 2417 summis,
2459 2361 2553 2406 aut
2605 2367 2702 2422 per
2750 2355 3007 2410 exstasim
3043 2354 3383 2426 frequenter,

1803 2442 1898 2498 sed
1946 2442 2110 2497 etiam
2157 2443 2398 2514 vigilanti
2459 2443 2746 2501 manifeste
2795 2445 3016 2518 angelus
3067 2457 3385 2518 appareret,

1804 2532 2070 2589 familiare
2125 2533 2272 2606 (595)
2325 2534 2654 2604 colloquium
2717 2536 2785 2592 de
2833 2537 3111 2608 proposito
3170 2554 3390 2594 conser—

1805 2626 1992 2682 vandae
2041 2625 2366 2697 virginitatis
2412 2628 2722 2696 exhiberet,
2777 2629 2926 2700 virgo
2959 2639 3144 2686 sancta
3191 2647 3388 2687 nomen

1804 2718 1920 2788 ejus
1963 2718 2283 2776 [iducialiter
2331 2720 2724 2792 interrogaret,
2768 2730 2822 2776 et
2859 2721 2929 2776 ab
2975 2738 3042 2778 eo
3100 2723 3388 2795 gloriosum

1805 2819 1862 2868 et
1910 2811 2156 2867 mirabile
2209 2825 2366 2867 suum
2411 2827 2532 2868 esse
2581 2827 2778 2868 nomen
2835 2813 3064 2870 audiret.

2429 2921 2656 2980 CAPUT
2693 2923 2757 2979 li.

1960 3023 2297 3071 trovosttum
2333 3016 2603 3070 servanda;-
2645 3017 2955 3088 virginitatis
2993 3036 3026 3072 a
3063 3029 3226 3075 matre

2415 3097 2793 3157 oppugnatum.

1877 3178 1929 3232 7.
1961 3177 2097 3234 Cum
2143 3191 2272 3233 vero
2313 3185 2564 3248 parentes
2604 3177 2828 3249 virginis
2859 3177 2971 3247 jam
3015 3195 3133 3234 eam
3175 3181 3391 3237 tradere

105 3261 368 3316 seebatur
398 3277 412 3313 2
443 3275 566 3316 cum
607 3267 830 3316 econtra
893 3258 1146 3329 quaelibet
1198 3259 1378 3312 anima
1427 3231 1774 3326 Spitl'CiliiSc
1807 3271 2004 3326 mal-ilo
2056 3231 2434 3340 ἀίεροικῃιὲιη,
2497 3231 2726 3326 θάγοςᾶ
2774 3231 2948 3325 malet
3000 3269 3197 3337 (ﬂiam,
3253 3288 3386 3342 ιιι-ω.

107 3353 342 3408 luxuria:
407 3352 736 3424 negligenter
803 3351 1014 3415 dedita,
1077 3349 1390 3405 dmmonicis
1459 3363 1706 3402 nonnun-

105 3459 280 3512 quam
333 3443 670 3498 illusiouibns
734 3442 1036 3498 deludatur.
1096 3441 1300 3510 igitur,
1359 3447 1418 3492 ut
1469 3439 1705 3493 breviter

107 3549 180 3588 ea
237 3533 348 3588 visa
399 3531 952 3602 comprehendamus,
1003 3529 1210 3584 audivit
1257 3529 1484 3598 quadam
1549 3535 1704 3582 nocte

107 3628 218 3682 sibi
264 3626 502 3696 promitti
551 3641 648 3695 per
691 3625 952 3680 visionem
1009 3620 1410 3678 inarstimabiles
1441 3619 1698 3674 divitias:

109 3731 252 3784 quas
294 3717 465 3786 primo
517 3724 759 3770 terrenas
808 3713 1122 3778 aestimans,
1174 3711 1356 3766 statim
1414 3711 1466 3765 in
1511 3709 1702 3779 spiritu

111 3804 220 3862 sibi
271 3804 506 3873 promitti
554 3803 802 3858 emlestes
851 3802 1086 3872 agnovit.
1138 3800 1340 3855 Deinde
1387 3817 1482 3871 per
1531 3801 1703 3855 visum

115 3895 172 3950 in
227 3894 455 3948 sublime
502 3901 686 3963 rapta,
745 3901 1051 3948 mouentem
1106 3892 1257 3946 audit
1317 3890 1586 3960 aliquem,
1647 3899 1705 3944 ut

116 3986 324 4042 calduca
369 3991 723 4054 postponens,
779 3981 990 4038 faciiius
1035 3981 1366 4052 adipiscatur
1414 3981 1700 4038 ccelestiua:

117 4076 279 4134 modo
306 4075 538 4144 denique
576 4087 760 4130 vocem
801 4073 990 4126 audit;
1023 4071 1139 4127 Non
1171 4072 1334 4127 alium
1370 4072 1463 4127 tibi
1490 4086 1704 4140 quaeras

117 4181 404 4237 sponsum,
467 4180 626 4236 quam
677 4163 774 4219 Dei
822 4163 1012 4218 Filium
1063 4181 1076 4216 :
1123 4164 1279 4219 modo
1324 4163 1598 4218 Christum
1649 4163 1702 4218 in

117 4258 300 4328 specie
349 4257 502 4326 pueri
559 4254 940 4326 speciosissimi
991 4253 1166 4309 cernit
1221 4251 1534 4308 aﬂerentem
1599 4252 1703 4327 sibi

119 4350 314 4406 stulam
339 4349 654 4414 candidam,
684 4347 1024 4417 palmamque
1054 4345 1322 4410 victoria};
1362 4360 1506 4400 nunc
1536 4345 1702 4400 etiam

117 4440 346 4508 erigitur
375 4439 426 4492 in
471 4453 620 4507 spem
658 4435 994 4501 caelestium,
1037 4436 1164 4491 dum
1199 4435 1350 4490 audit
1395 4450 1496 4506 per
1528 4436 1702 4490 visum

117 4548 178 4586 se
255 4528 488 4584 futuram
547 4529 600 4582 in
668 4527 930 4582 societate
989 4535 1320 4582 sanctorum.
1383 4525 1528 4580 inter
1601 4524 1702 4580 has

120 4620 354 4676 visiones
404 4617 598 4687 aspicit
647 4616 951 4682 diabolum,
1001 4616 1213 4671 invidiae
1253 4614 1458 4672 facibus
1512 4617 1704 4672 arden-

117 4725 264 4780 tem,
315 4715 382 4768 de
433 4726 530 4766 sua
578 4709 788 4765 tristem
835 4707 1148 4764 electione:
1187 4716 1298 4764 tum
1327 4709 1574 4780 angelum
1609 4711 1702 4765 Dei

112 4825 242 4866 sese
301 4808 710 4870 cohortantem,
771 4811 830 4858 ut
893 4809 1200 4873 perseveret
1251 4803 1305 4856 in
1357 4803 1702 4873 virginitate,

113 4909 176 4954 et
227 4898 382 4968 longe
429 4911 487 4952 se
551 4894 714 4950 faciat
763 4909 794 4946 a
843 4892 1025 4948 saeculi
1078 4893 1333 4945 vanitate.
1386 4889 1702 4958 Ilujusmndi

113 4988 416 5044 visionibus
473 5001 578 5041 non
643 4983 990 5040 mediocriter
1057 4990 1331 5046 recreata,
1393 4981 1459 5036 de
1514 4981 1598 5035 die
1648 4980 1700 5034 in

115 5080 264 5134 diem
317 5079 368 5131 in
421 5089 604 5130 amore
649 5073 912 5126 virtutum
964 5070 1310 5142 proficiebat,
1369 5079 1424 5126 et
1470 5079 1528 5124 ut
1576 5083 1700 5138 per—

117 5165 416 5224 severando
467 5163 638 5234 magis
693 5160 1009 5232 proliceret,
1061 5161 1301 5230 quotidie
1363 5159 1568 5228 majora
1627 5157 1705 5211 vi-

117 5259 300 5316 debat.
355 5257 632 5326 Siquidem
687 5262 908 5324 apparet
950 5253 998 5306 ei
1051 5253 1260 5322 puella,
1311 5251 1464 5320 quasi
1509 5250 1576 5304 de
1621 5250 1704 5302 iti-

119 5365 252 5408 nere
291 5349 552 5413 veniens,
597 5355 652 5400 et
695 5361 726 5400 a
769 5345 862 5400 Dei
894 5344 1156 5414 genitrice
1210 5359 1268 5398 se
1319 5342 1535 5396 missam
1567 5337 1706 5394 aﬂir-

119 5456 304 5504 mans,
351 5450 405 5492 ut
434 5437 577 5508 quod
627 5434 790 5490 vellet
839 5433 1154 5503 postularet.
1201 5433 1270 5485 At
1312 5432 1398 5486 illa
1435 5447 1556 5486 mox
1595 5431 1704 5484 ala-

119 5534 288 5592 criter
319 5529 625 5602 reSpoudit,
675 5527 730 5582 id
783 5541 842 5582 se
879 5525 1216 5591 desiderare,
1255 5523 1396 5594 quod
1444 5523 1704 5582 Dominus

195 5753 462 5822 (iiQIHIs.
517 5750 810 5809 Lmtiensc,
861 5755 916 5822 et
961 5762 1123 5802 unum
1169 5742 1375 5800 Malbod
1423 5739 1669 5797 :elcrati.

197 5819 342 5894 r592)
393 5824 490 5875 Μ».
553 5822 797 5888 LL:!bod.,
857 5819 982 5871 viro.

1803 3363 2050 3418 dulcibus
2120 3363 2368 3418 hortatur
2426 3362 2711 3434 alloquiis,
2755 3377 2824 3419 ne
2885 3365 2986 3420 sibi
3059 3365 3388 3426 voluntatem

1802 3469 1954 3510 suam
2001 3455 2316 3510 abscondat.
2367 3455 2547 3511 Patris
2598 3471 2662 3512 ac
2719 3471 2875 3510 suum
2935 3457 3134 3512 iudicat
3183 3459 3390 3515 deside-

1805 3545 1978 3610 rium,
2033 3545 2136 3610 uti,
2175 3547 2474 3601 secundum
2527 3547 2608 3601 sui
2657 3547 2868 3616 generis
2915 3547 3248 3618 dignitatem,
3299 3565 3390 3619 ge-

1805 3653 2054 3694 nerosum
2105 3655 2214 3694 non
2264 3650 2477 3696 recuset
2525 3641 2772 3710 accipere
2816 3655 3094 3712 sponsum.
3125 3642 3391 3698 Monstrat

1806 3729 2020 3788 familiae
2069 3733 2542 3799 numerositatem,
2573 3734 2896 3804 praediorum
2940 3733 3342 3804 amplitudinem
3370 3774 3385 3798 ,

1804 3824 1997 3880 forulos
2015 3866 2030 3892 ,
2063 3840 2242 3880 rerum
2267 3826 2652 3882 abundantiam
2671 3867 2685 3891 ,
2711 3841 2874 3896 gazas
2901 3825 3206 3881 divitiarum
3235 3826 3389 3895 copia

1804 3919 2064 3983 refertas,
2125 3916 2400 3985 cuiusdam
2447 3915 2664 3988 juvenis
2711 3917 2957 3982 divitias,
3009 3915 3387 3979 nobilitatem,

1805 4005 2258 4074 pulchritudinem
2289 4007 2338 4061 ei
2385 4007 2710 4062 blandiendo
2737 4006 3039 4074 praetendit.
3073 4005 3389 4077 ilujusmodi

1805 4095 2078 4151 blanditiis
2125 4095 2292 4152 instat
2341 4107 2546 4160 mater,
2613 4096 2852 4150 animum
2919 4095 3044 4150 filia:
3111 4097 3178 4151 ad
3235 4111 3390 4152 suam

1803 4188 2155 4254 voluntatem,
2217 4197 2443 4245 conatur
2489 4187 2779 4244 inﬂectere.
2857 4188 3050 4260 Igitur,
3116 4190 3388 4258 Aldegun-

1803 4281 1918 4346 dis,
1971 4281 2194 4336 honesta
2257 4281 2526 4347 moribus,
2581 4281 2794 4352 eloquio
2862 4283 3078 4346 suavis,
3136 4283 3391 4354 frequens

1805 4375 1858 4429 in
1920 4374 2101 4429 divina
2153 4374 2408 4438 lectione,
2443 4387 2504 4428 ae
2537 4373 2720 4428 sedula
2758 4373 2810 4428 in
2839 4381 3038 4428 sanctae
3093 4373 3388 4443 Scripturie

1805 4464 2184 4530 meditatione,
2215 4479 2374 4534 quem
2423 4477 2678 4533 sponsum
2725 4461 2981 4533 eligeret,
3011 4479 3169 4533 quem
3209 4461 3390 4518 cordis

1734 4571 1990 4645 Damore
2055 4563 2335 4627 gestaret,
2403 4555 2686 4608 Dominum
2755 4553 3006 4610 videlicet
3066 4553 3340 4610 Christum
3368 4595 3391 4621 ,,

1807 4661 1967 4716 quem
2023 4645 2250 4715 legendo
2299 4651 2659 4716 cognoverat,
2709 4644 2794 4700 cui
2843 4660 2901 4700 se
2949 4653 3114 4700 totam
3147 4643 3260 4713 jam
3292 4646 3387 4699 dc-

1810 4745 2058 4803 vovcrat,
2114 4737 2202 4791 tali
2257 4743 2468 4805 sumpta
2519 4735 2802 4790 occasione
2837 4735 3066 4804 amplius
3115 4734 3391 4790 occultare

1811 4829 2083 4899 nequibat.
2129 4827 2298 4895 Quid,
2345 4827 2556 4896 inquit,
2589 4842 2622 4880 ο
2649 4825 2863 4880 domina
2910 4824 3174 4895 genitrix,
3215 4831 3395 4878 mater

1809 4921 2144 4985 dulcissima,
2193 4919 2320 4989 quid
2371 4920 2499 4974 mihi
2553 4917 2852 4972 blandiris?
2899 4915 3035 4982 Quid
3093 4923 3169 4970 tot
3202 4929 3390 4968 suaso-

1811 5015 1907 5069 riis
1955 5013 2136 5070 verbis
2183 5025 2380 5067 oueras
2435 5010 2673 5064 animum
2726 5007 2950 5064 meum?
2995 5005 3112 5061 Non
3161 5005 3394 5074 amplius

1813 5103 1906 5156 tibi
1955 5101 2142 5155 celabo
2191 5100 2520 5154 voluntatem
2573 5111 2779 5163 meam,
2835 5094 3158 5150 desiderium
3208 5107 3387 5149 meum

1808 5189 1918 5260 iam
1974 5197 2098 5244 ante
2153 5189 2242 5244 diu
2307 5189 2360 5242 in
2415 5189 2577 5243 corde
2631 5201 2749 5240 meo
2805 5192 3120 5254 conceptum
3178 5183 3390 5252 patefa-

1811 5279 1970 5332 ciam.
2029 5277 2106 5332 Tu
2161 5276 2292 5331 mihi
2339 5277 2520 5332 nescio
2563 5290 2722 5344 quem
2773 5287 3062 5343 pauperem
3121 5285 3394 5330 memoras

1809 5383 2094 5438 sponsum;
2147 5368 2238 5423 sed
2285 5381 2384 5438 ego
2424 5366 2580 5421 talem
2632 5379 2696 5419 ac
2743 5372 2850 5417 tam
2881 5363 3096 5417 divitem
3129 5377 3386 5430 sponsum

1809 5462 2168 5532 concupisco,
2222 5461 2373 5530 cujus
2421 5457 2620 5527 praedia
2676 5461 2800 5509 sunt
2841 5453 3064 5518 coelum,
3114 5459 3168 5506 et
3223 5459 3386 5515 terra,

1807 5563 1861 5610 et
1913 5569 2062 5608 mare
2159 5551 2312 5608 cuius
2374 5547 2518 5604 fundi
2573 5558 2849 5615 nunquam
2897 5542 3181 5610 deficient,
3237 5540 3394 5610 cujus

1884 5740 2028 5814 (595)
2080 5738 2175 5795 Ms.
2234 5731 2462 5791 Malbod.
2518 5729 2830 5802 obsequium.
