3878 5350
493 424 598 483 803

1044 374 1383 482 HUC‘BALDI
1423 425 1589 483 ΜΘΝ.
1631 425 1688 482 S.
1730 427 1992 483 AMANDI
2026 424 2175 484 OPP.
2217 429 2395 487 PARS
2436 438 2475 486 l.
2517 461 2586 473 --
2620 382 3196 488 llAGlOGBAPIllCA.
3650 406 3751 483 ἐει

494 537 695 595 divitia:
743 551 958 609 semper
1007 546 1260 594 crescunt
1302 548 1357 594 et
1409 540 1686 610 nunquam
1739 541 2071 597 minuuntur.
2104 543 2150 606 Α
2180 544 2469 616 Evangelio
2514 562 2764 611 sorores,
2825 546 3087 601 Martinam
3131 555 3188 600 et
3237 538 3493 604 nimiam,
3542 543 3753 599 Domine

494 630 551 687 Si
579 638 765 701 potes,
812 640 1018 696 mater,
1076 631 1235 686 talem
1287 631 1419 687 mihi
1463 631 1609 704 (ὅθι)
1659 634 1842 703 accipe
1912 649 2076 704 spon-

492 735 652 785 sum,
705 736 810 775 non
863 721 1134 776 hominem
1177 731 1551 792 peccatorem,
1605 725 1970 795 petulantem,
2015 740 2079 782 ac

493 800 606 865 cito
653 811 998 866 moriturum.
1057 811 1170 869 lloc
1233 812 1458 868 audiens
1526 822 1733 878 mater,
1796 815 1922 871 licet
1972 830 2077 870 non

492 910 676 961 nosset
712 913 947 958 mentem
978 902 1200 972 virginis
1229 920 1258 958 a
1301 920 1398 960 sua
1430 907 1733 962 constantia
1774 908 2078 974 dimovere,

497 988 728 1046 feminea
799 1000 976 1047 tamen
1043 992 1489 1063 importunitate,
1566 1010 1706 1066 saepe
1766 1000 2080 1068 repetebat,

497 1080 793 1141 admonens
851 1082 1013 1138 filiam
1082 1084 1149 1139 de
1213 1085 1519 1154 nuptiarum
1594 1088 1920 1143 conditione.
1977 1089 2083 1146 Sed

496 1170 668 1239 quid?
716 1172 985 1227 incassum
1048 1174 1210 1228 verba
1266 1173 1525 1230 fundebat
1556 1189 1570 1229 :
1602 1176 1790 1246 pnelhe
1848 1189 2082 1234 mentem

498 1260 551 1317 in
599 1261 815 1319 Christo
857 1264 1133 1320 fundatam
1161 1307 1175 1332 ,
1223 1268 1374 1336 quasi
1413 1268 1607 1323 turrim
1650 1286 1756 1324 non
1797 1286 2081 1339 casuram,

497 1352 699 1410 frustra
748 1357 996 1426 pulsabat
1032 1372 1047 1411 :
1082 1359 1362 1415 Dominum
1419 1359 1727 1426 Christum,
1778 1364 2083 1433 speciosum

496 1442 671 1500 forma
705 1462 816 1518 pra:
843 1447 985 1503 filliis
1011 1449 1323 1512 hominum.
1350 1453 1494 1507 hunc
1528 1454 1906 1517 adamaverat,
1943 1457 2086 1512 hunc

497 1535 746 1591 esuriens
802 1537 1047 1603 sitiebat,
1104 1540 1247 1595 hunc
1302 1542 1492 1598 sitiens
1549 1545 1843 1600 csuriehat.
1880 1546 2088 1603 Miseri-

498 1625 716 1681 cordetn
768 1628 819 1682 iu
871 1644 1134 1699 pauperes
1176 1632 1415 1689 animum
1455 1637 1711 1707 gerebat,
1762 1638 1959 1695 divinis
2011 1640 2091 1695 le-

498 1716 767 1774 ctiouibus
817 1732 1051 1778 mentem
1114 1725 1328 1782 assidue
1365 1730 1639 1798 pascebat
1686 1747 1700 1784 :
1756 1731 1809 1785 in
1865 1746 2090 1803 respon-

497 1807 674 1864 dendo
728 1810 1077 1880 cautissima,
1131 1818 1276 1873 mitis
1328 1820 1618 1882 omnibus,
1679 1822 1824 1877 inter
1882 1824 2089 1881 nobiles

2181 633 2448 690 Salvatori
2495 636 2742 691 certatim
2788 635 3188 698 ministrantes,
3240 636 3337 689 sed
3368 650 3472 687 non
3506 634 3663 689 facile
3688 638 3754 688 di-

2179 740 2461 782 scerueres
2499 743 2619 796 quae
2653 727 2825 798 magis
2850 727 3041 781 harum
3076 727 3305 797 eligeret
3335 726 3403 779 ad
3435 726 3601 795 pedes
3630 726 3756 782 illius

2180 817 2397 883 sedere,
2447 833 2568 873 cum
2609 817 2663 872 id
2713 828 2939 887 utraque
2992 825 3294 887 satageret,
3351 825 3407 871 et
3441 814 3591 870 curis
3620 825 3757 871 exte-

2182 908 2417 963 rioribus
2454 909 2621 963 invita
2659 909 2951 964 deserviret
2995 908 3145 978 (Luc.
3192 910 3270 975 χ).

2251 999 2301 1054 9.
2343 998 2457 1053 Non
2485 1000 2711 1054 multum
2732 1001 2970 1069 elapsum
3002 1009 3084 1055 est
3112 1000 3398 1069 temporis,
3432 1011 3488 1053 et
3511 1014 3759 1054 eccema-

2184 1099 2266 1145 ter
2288 1090 2498 1144 illarum
2518 1132 2532 1154 ,
2581 1090 2812 1146 feminea
2839 1103 3085 1161 suspecta
3116 1090 3488 1147 sollicitudine
3509 1133 3526 1155 ,
3567 1109 3634 1146 ne
3652 1093 3757 1147 ﬁlix

2184 1195 2295 1235 suae
2330 1179 2555 1250 virginis
2597 1181 2833 1235 animum
2862 1197 3018 1237 soror
3036 1182 3152 1253 ejus
3190 1182 3459 1237 alienaret
3488 1197 3523 1235 a
3561 1185 3752 1245 seculo,

2184 1285 2508 1340 sacrumque
2549 1270 2792 1327 velamen
2855 1271 3000 1327 illam
3052 1273 3335 1341 suscipere
3384 1273 3752 1341 persuaderet,

2185 1360 2346 1415 mittit
2367 1362 2433 1416 ad
2453 1361 2858 1426 monasterium,
2887 1372 3105 1417 revocat
3127 1363 3197 1416 ad
3223 1377 3284 1417 se
3302 1362 3471 1416 filiam
3496 1363 3754 1431 virginem.

2184 1450 2245 1505 Β.
2277 1451 2645 1507 Waldetrudis
2673 1452 2837 1506 invita
2867 1453 3083 1522 quidem
3118 1452 3355 1508 remittit
3377 1468 3660 1516 sororem,
3702 1469 3754 1508 Is

2184 1552 2414 1599 matrem
2443 1541 2703 1610 offendat,
2733 1544 2826 1599 sed
2855 1545 3053 1600 obnixe
3077 1545 3436 1615 deprecando
3469 1545 3755 1599 exhortatur

2186 1648 2305 1689 eam
2334 1643 2446 1689 uta
2475 1634 2672 1689 saeculo
2702 1634 2862 1690 faciat
2890 1648 2947 1689 se
2974 1650 3198 1705 prorsus
3241 1634 3514 1697 alienam,
3572 1634 3756 1687 itaut-ar-

2191 1723 2280 1779 tali
2311 1737 2370 1779 se
2417 1732 2681 1795 prmparet
2716 1724 2959 1796 Sponso;
3005 1740 3171 1795 quam
3218 1726 3387 1780 citius
3423 1726 3663 1787 valeret,
3705 1724 3755 1777 ad

2188 1815 2492 1872 coenobium
2519 1827 2840 1872 revertatur.
2871 1816 2962 1871 Illa
2986 1826 3200 1883 moesta,
3225 1816 3573 1872 valefacieus
3600 1819 3754 1880 sorori,

500 1895 720 1954 humilis
753 1900 960 1975 (594⁸),
984 1904 1285 1962 minoribus
1308 1908 1722 1979 veluttuqnalis;
1748 1913 1800 1966 in
1823 1914 2087 1983 parcitate
2118 1890 2162 1952 Β
2193 1908 2485 1963 revertitur
2513 1908 2580 1963 ad
2616 1917 2868 1974 matrem,
2899 1924 3017 1978 qua:
3060 1918 3173 1962 tum
3208 1909 3550 1963 morabatur
3576 1909 3627 1961 in
3657 1923 3758 1977 pra»

497 1987 603 2045 cibi
653 1998 710 2043 et
752 2000 910 2061 potus
962 1993 1229 2050 intantum
1276 1998 1614 2056 abstinentia:
1656 2002 1867 2068 dedita,
1900 2012 1959 2060 ttt
1984 2004 2085 2061 sibi

499 2075 643 2131 nulla
674 2080 934 2136 sodalium
961 2086 1285 2154 :equiparari
1312 2089 1533 2148 valeret.

568 2174 622 2230 8.
662 2175 767 2233 Sed
814 2179 940 2235 dum
985 2182 1201 2239 animus
1236 2192 1436 2241 tenera:
1464 2187 1690 2258 virginis
1723 2191 1938 2246 assidue
1975 2207 2088 2248 ma-

499 2266 669 2321 ternis
698 2265 1015 2339 fatigaretur
1058 2270 1469 2341 blandimentis,
1519 2286 1581 2332 ut
1629 2278 1697 2334 de
1746 2272 2088 2351 suscipiendo

499 2368 697 2424 sponso
725 2359 983 2415 voluntati
1014 2372 1297 2431 parentum
1347 2366 1715 2438 satisfaceret;
1751 2371 1946 2441 quibus
1975 2374 2091 2443 qui-

499 2444 620 2500 dem
652 2462 756 2503 non
786 2449 1005 2507 obedire
1032 2452 1314 2509 videbatur
1342 2455 1698 2528 incongruum
1717 2500 1734 2527 ,
1784 2462 2088 2520 obediendo

500 2549 628 2592 vero
677 2537 796 2608 plus
850 2554 943 2597 eos
991 2557 1175 2598 amare
1225 2560 1387 2615 quam
1439 2548 1724 2606 Dominum
1776 2551 2083 2622 Christum,

500 2628 805 2685 aastimabat
867 2633 1433 2705 perniciosissimum;
1489 2641 1839 2709 providentiae
1897 2645 2090 2702 divinae

501 2716 818 2788 miseratio,
893 2724 1073 2781 taliter
1145 2740 1267 2781 eam
1337 2728 1586 2785 liberavit
1647 2733 1717 2788 ab
1785 2732 2086 2804 lmjusmodi

502 2809 740 2881 periculo
804 2816 1135 2872 tentationis.
1184 2816 1352 2877 Soror
1401 2822 1602 2891 ipsius,
1657 2835 1951 2880 memorata
1999 2842 2093 2882 διι-

501 2903 713 2969 perius,
753 2904 907 2960 beata
956 2906 1354 2977 Waldetrudis,
1405 2913 1475 2968 ob
1505 2928 1742 2970 amorem
1774 2926 1974 2971 sanctae
2003 2932 2089 2973 re-

501 2992 745 3064 ligionis,
788 3012 819 3052 a
864 2998 980 3053 viro
1026 3014 1125 3056 suo
1176 3002 1290 3071 pari
1348 3018 1617 3059 consensu
1674 3004 1788 3075 jam
1847 3008 2092 3078 sejuncta

502 3084 707 3153 fuerat;
771 3087 966 3160 illoque
1012 3092 1259 3164 religiose
1311 3094 1364 3149 in
1414 3097 1744 3152 monasterio
1789 3099 1930 3168 quod
1961 3099 2094 3154 dici-

508 3184 599 3231 tur
645 3178 799 3234 Altus
851 3180 1043 3248 Mons,
1090 3192 1482 3251 conversante,
1537 3186 1652 3256 ipsa
1704 3190 2089 3244 monasterium

507 3271 994 3330 sanctimonialium
1019 3314 1036 3343 ,
1069 3276 1295 3332 consilio
1340 3278 1663 3335 venerabilis
1707 3280 1808 3335 viri
1854 3280 2055 3337 Gisleni
2078 3322 2093 3348 ,
2122 3247 2167 3309 C

509 3357 564 3416 in
619 3373 834 3431 monte,
885 3365 976 3435 qui
1015 3369 1324 3423 vocabatur
1373 3370 1868 3438 Castrorumlocus,
1930 3373 2097 3428 aedifi-

508 3462 729 3508 caverat
758 3471 772 3508 :
805 3454 986 3526 ibique
1014 3472 1137 3513 cum
1165 3458 1285 3517 aliis
1315 3460 1409 3516 Dei
1460 3461 1670 3518 ancillis
1710 3476 1943 3534 superna
1971 3478 2098 3520 con-

508 3542 861 3614 templatione
913 3546 1144 3604 dulciter
1198 3551 1437 3607 animum
1490 3553 1763 3623 pascebat.
1831 3553 2097 3625 Suscepe-

509 3641 595 3687 rat
651 3642 833 3690 autem
879 3651 1092 3693 sacrum
1153 3639 1426 3707 velamen,
1486 3643 1728 3698 habitum
1779 3644 1984 3700 scilicet
2016 3660 2099 3700 re-

510 3723 757 3793 ligionis,
788 3727 854 3783 de
880 3744 1041 3785 manu
1067 3730 1210 3787 beati
1231 3733 1476 3789 Autberti
1521 3720 1888 3793 Atrebatensus
1914 3746 1969 3793 et
1996 3738 2097 3793 Ca-

511 3817 844 3873 meracensis
892 3819 1132 3893 ecclesiae
1159 3823 1458 3893 pontificis,
1486 3826 1575 3896 qui
1606 3834 1733 3882 tunc
1751 3867 1765 3893 ,
1796 3826 1939 3882 inter
1966 3828 2101 3883 alios

512 3902 609 3957 Dei
653 3905 965 3963 sacerdotes
1014 3924 1080 3964 eo
1134 3918 1370 3982 tempore
1416 3911 1667 3971 florentes
1693 3955 1707 3981 ,
1754 3917 1878 3972 ovili
1915 3919 2097 3974 Domi-

514 3996 637 4052 nico
701 4014 806 4053 non
859 3998 1096 4072 segniter
1146 3990 1478 4077 invigilabat.
1528 4007 1697 4079 Igitur
1752 4021 1817 4063 ex
1867 4010 2100 4079 inspira-

516 4088 662 4145 tione
704 4090 883 4147 divina
931 4086 1131 4151 famula
1169 4097 1284 4163 Dei,
1315 4097 1706 4169 Waldetrudis,
1756 4117 1962 4158 memor
1991 4118 2103 4159 sua:

515 4179 827 4236 charissinae
881 4185 1083 4241 sororis
1125 4185 1492 4258 Aldegundis,
1546 4199 1601 4245 et
1655 4191 1809 4248 valde
1858 4201 2103 4249 metuens

517 4286 586 4326 ne
647 4271 860 4327 vinculo
911 4275 1144 4332 carnalis
1202 4277 1511 4347 alligaretur
1564 4280 1804 4347 amoris,
1858 4288 1915 4335 et
1970 4296 2101 4338 exo-

517 4371 675 4432 ptans
711 4362 806 4436 [αι.
838 4366 1021 4422 carnis
1048 4367 1343 4438 illigaretur
1368 4385 1557 4426 amans
1581 4379 1637 4426 et
1661 4370 1945 4445 exoptans]
1991 4380 2102 4429 toto

518 4453 783 4510 desiderio
838 4471 1019 4514 secum
1087 4458 1232 4514 illam
1289 4461 1489 4518 habere
1543 4463 1746 4519 sociam
1812 4463 1866 4518 in
1917 4448 2102 4521 habitu

520 4553 719 4627 saneta:
781 4549 1239 4621 conversationis,
1291 4551 1437 4606 misit
1497 4551 1705 4608 litteras
1760 4553 1950 4619 matri,
2000 4569 2099 4624 po-

518 4634 723 4691 stulans
767 4651 889 4693 cum
936 4638 1308 4711 obsecratione
1358 4656 1599 4699 sororem
1642 4642 1742 4698 sibi
1799 4642 2097 4710 destinari,

521 4738 705 4781 secum
766 4724 1074 4796 aliquandiu
1130 4729 1273 4785 illam
1329 4731 1516 4787 dicens
1558 4732 1694 4787 velle
1755 4733 2023 4789 demorari
2081 4752 2095 4790 :

520 4830 625 4870 non
655 4832 844 4886 parum
891 4819 1273 4877 consolationis
1303 4838 1369 4877 ex
1417 4822 1558 4878 illius
1599 4824 1885 4894 prmsentia
1930 4824 2100 4880 videri

520 4908 621 4964 sibi
676 4909 911 4964 conferri
949 4930 961 4965 :
995 4913 1208 4980 quando
1255 4914 1411 4968 matri
1454 4914 1720 4983 placeret‘,
1760 4915 1943 4969 statim
1979 4930 2101 4970 eam

517 5012 581 5054 se
628 4999 977 5055 remissuram
1023 4999 1118 5073 [aL
1152 5001 1395 5074 remitti].
1426 5003 1630 5058 Annuit
1674 5014 1881 5072 mater;
1935 5005 2100 5062 filiam

523 5089 729 5118 3:-:~3._
766 5100 805 5110 ,ι
916 5091 1031 5116 ξιιμ..
1070 5107 1111 5112 --
1163 5102 1175 5110 -
1385 5110 1459 5116 μη·
1512 5112 1519 5113 κ
1558 5095 1595 5112 δ
1675 5096 1775 5120 -ἶ--ι-
1808 5097 2071 5128 ιλιηυῖΛο-ιιε

2190 1998 2279 2052 dio
2308 2012 2407 2052 suo
2450 1998 2592 2069 quod
2621 2006 2964 2069 nuncupatur
3014 1998 3384 2053 Curtissolra.
3452 1997 3574 2051 Non
3619 2010 3756 2052 autem

2187 2088 2491 2155 immemor,
2515 2089 2665 2159 juxta
2690 2089 3049 2160 Scripturam,
3076 2091 3444 2145 honorandos
3469 2106 3595 2146 esse
3613 2106 3760 2159 parea-

2190 2190 2291 2245 tes,
2329 2181 2485 2237 bonae
2521 2181 2712 2237 indolis
2758 2181 2931 2251 puella
2978 2183 3377 2237 conderentem
3436 2183 3754 2236 reverentiae

2190 2272 2406 2327 exhibet
2435 2272 2611 2338 matri,
2638 2272 2888 2327 humiliat
2911 2288 2969 2328 se
2994 2274 3061 2328 ad
3088 2273 3255 2342 pedes
3294 2272 3451 2341 ejus,
3484 2273 3760 2342 deprecatur

2189 2376 2310 2418 eam
2340 2362 2618 2435 lacrymis,
2642 2372 2700 2417 ut
2729 2362 2782 2418 in
2818 2363 3125 2419 habitaculo
3150 2367 3301 2433 quod
3342 2373 3477 2419 erat
3515 2366 3665 2434 juxta
3699 2380 3757 2419 er-

2190 2454 2429 2519 clrsiam,
2463 2455 2562 2511 sibi
2596 2456 2748 2510 daret
2771 2454 3043 2509 licentiam
3078 2456 3372 2510 habitandi
3393 2497 3410 2520 ,
3458 2457 3653 2511 dicens
3691 2472 3757 2509 nat

2191 2547 2292 2602 sibi
2322 2562 2621 2618 congruum
2650 2546 2788 2602 inter
2817 2548 2960 2601 viros
2987 2558 3040 2601 et
3068 2547 3333 2602 mulieres
3353 2548 3658 2603 saeculares
3677 2563 3763 2601 rna-

2191 2637 2421 2692 versari.
2462 2635 2725 2691 Memorat
2753 2637 2915 2693 etiam
2952 2637 3199 2707 genitrici
3231 2652 3353 2691 suae
3388 2652 3571 2705 quam
3603 2645 3763 2692 sancte.

2192 2742 2355 2798 quam
2395 2726 2643 2797 religiose
2668 2741 2825 2781 soror
2847 2742 2942 2781 sua
2972 2726 3357 2782 Waldetrudis
3387 2727 3449 2781 in
3478 2727 3768 2781 monasteria

2194 2833 2252 2875 se
2284 2819 2531 2882 haberet,
2559 2817 2791 2888 qualiter
2819 2817 3041 2872 ancillas
3075 2815 3280 2873 Christi
3336 2818 3411 2872 de
3436 2818 3646 2873 smeulo
3676 2832 3769 2871 caa-

2198 2924 2388 2965 versas
2433 2908 2749 2964 instruendo
2779 2916 3050 2973 moneret,
3089 2923 3253 2978 quam
3270 2907 3548 2963 sublimia
3575 2906 3769 2976 quotidi

2196 3002 2263 3057 de
2293 3016 2457 3072 regno
2494 3000 2752 3057 caelorum
2794 3001 3089 3055 admonens
3124 3000 3410 3055 edoceret.
3484 2999 3624 3053 Dum
3674 2997 3770 3051 talia

2197 3091 2357 3146 matri
2384 3090 2535 3160 virgo
2563 3088 2817 3154 referret,
2841 3098 2895 3145 et
2928 3103 2993 3144 ea
3018 3090 3178 3144 matri
3206 3099 3374 3162 grata
3399 3091 3547 3145 satis
3567 3089 3770 3143 aestim-

2199 3189 2302 3245 ret,
2335 3180 2423 3235 illa
2451 3195 2559 3235 non
2575 3180 2733 3235 modo
2757 3180 2859 3236 sibi
2874 3195 2977 3235 non
3005 3179 3229 3251 placita,
3244 3181 3345 3236 sed
3369 3181 3549 3235 etiam
3571 3180 3771 3235 multum

2197 3259 2425 3327 onerosa
2452 3272 2852 3336 demonstrans,
2877 3271 3016 3326 irata
3039 3271 3379 3327 comminata
3403 3282 3499 3327 est
3522 3272 3576 3327 ei
3601 3270 3769 3342 plagas.

2197 3365 2243 3418 si
2284 3363 2350 3419 de
2396 3362 2592 3417 talibus
2622 3362 2764 3416 ultra
2813 3361 2913 3417 sibi
2965 3360 3149 3418 facere
3187 3376 3513 3417 sermonem
3557 3361 3764 3416 auderet.

2199 3454 2362 3526 Virgo
2391 3453 2608 3522 sapiens
2636 3467 2742 3507 non
2766 3451 2936 3507 solum
2959 3451 3103 3507 illius
3132 3452 3313 3505 minas
3338 3451 3622 3521 patienter
3639 3449 3768 3505 mti-

2197 3548 2335 3613 nnit,
2364 3546 2459 3602 sed
2480 3545 2642 3601 etiam
2668 3545 2891 3601 verbera
2916 3544 3187 3598 sustinere
3216 3553 3410 3613 parata
3441 3583 3459 3607 ,
3509 3542 3769 3613 prudenter

2198 3640 2367 3695 siluit.
2400 3638 2568 3695 Mater
2603 3646 2808 3704 autem,
2855 3637 3055 3706 optima
3116 3635 3438 3690 linteamina
3498 3635 3767 3704 proferatis

2200 3732 2323 3787 filice
2365 3730 2604 3795 tradidit,
2644 3736 2700 3784 et
2742 3737 2801 3783 ut
2849 3728 2971 3783 inde
3007 3727 3279 3799 sponsalia
3319 3726 3427 3782 sibi
3479 3726 3766 3780 vestimenta

2198 3830 2548 3895 praepararet,
2579 3820 2895 3892 imperavit,
2944 3819 3238 3889 disponens
3283 3832 3410 3871 eam
3457 3817 3515 3871 in
3552 3815 3770 3887 prosilio

2199 3915 2364 3971 nobili
2389 3914 2600 3969 cuidam
2633 3911 2815 3983 juveni
2843 3911 2959 3983 lege
2980 3912 3296 3982 nuptiarum
3329 3908 3605 3979 copulari.
3629 3906 3772 3972 Virgo

2200 4004 2513 4077 linteamina
2542 4003 2785 4073 suscipit,
2842 4000 3223 4058 domunculam
3260 4015 3423 4055 secus
3465 3999 3765 4054 oratorium.

2199 4110 2359 4167 quam
2381 4110 2411 4150 a
2430 4104 2604 4151 matre
2622 4094 3023 4164 impetraverat,
3041 4091 3364 4163 ingreditur;
3387 4101 3569 4145 vestes
3582 4091 3652 4143 ad
3664 4099 3773 4140 usus

2198 4190 2595 4262 baptizatorum
2624 4188 2677 4244 in
2708 4187 2925 4242 nomine
2955 4193 3157 4241 sanctae
3184 4182 3479 4238 Trinitatis
3499 4184 3585 4253 pia
3608 4180 3775 4235 fraude

2201 4279 2492 4350 componit,
2518 4292 2817 4349 corpusque
2839 4291 2994 4332 suum
3016 4276 3375 4330 vehementer
3395 4272 3669 4344 afﬂigens;
3703 4269 3773 4323 die

2201 4381 2474 4441 noctuque
2518 4370 2804 4425 Dominum
2846 4383 2970 4423 cum
3002 4366 3259 4437 lacrymis
3286 4368 3641 4435 deprecatur,
3664 4376 3726 4415 ne
3746 4376 3772 4413 ι

2201 4462 2464 4519 societate
2505 4470 2814 4517 sanctarum
2852 4458 3124 4529 virginum
3159 4456 3521 4519 alienaretur,
3565 4468 3666 4509 nec
3699 4449 3775 4504 ali

2204 4567 2402 4623 sponso
2429 4566 2589 4622 quam
2635 4549 2861 4605 Domino
2881 4546 3098 4602 Christo
3124 4547 3457 4601 sociaretur.
3490 4544 3777 4600 Exaudian-

2209 4654 2296 4701 tur
2314 4659 2503 4716 preces
2521 4642 2769 4713 virginis,
2785 4625 3004 4710 nuptize,
3020 4653 3157 4707 quas
3181 4639 3328 4692 intra
3348 4636 3660 4707 quindecim
3678 4633 3778 4685 dies

2205 4747 2380 4793 mater
2410 4735 2531 4790 filia:
2563 4735 2823 4804 parabat,
2853 4730 3176 4787 differuntur
3222 4747 3237 4783 :
3280 4728 3531 4797 juvenis,
3576 4726 3660 4781 cui
3700 4724 3781 4778 cle-

2205 4829 2473 4900 spondere
2497 4825 2741 4898 parabat,
2773 4838 2843 4881 ne
2861 4822 3071 4880 veniret
3097 4836 3195 4892 per
3221 4820 3433 4877 multos
3451 4821 3572 4875 dies
3588 4829 3781 4890 pape-

2206 4921 2372 4977 ditur.

2819 5002 3047 5062 CAPUT
3075 5001 3159 5056 Ill.

2318 5102 2444 5154 mus
2472 5101 2791 5154 uronositum
2818 5096 3119 5156 ρηνεηιίθκε
3144 5094 3365 5148 tandem
3390 5095 3694 5154 Μοδασιηο
