3916 6404
59 363 180 419 865

61 561 519 633 patronamque],
549 570 862 631 patremque
887 559 1157 628 delegerat
1187 559 1348 612 ductu
1379 555 1580 610 conﬁsa
1602 565 1658 611 et

63 654 346 710 sodalitio.
375 653 418 707 0
445 652 572 706 felix
599 651 934 718 multmnque
959 648 1228 702 laudanda
1271 647 1464 701 matris
1509 647 1658 700 ﬁlia:-

63 763 182 816 que
209 745 278 799 ab
303 745 526 798 invicem
559 741 827 810 separatio
855 781 869 806 ,
905 741 956 794 in
997 755 1102 809 qua
1145 739 1344 794 Christi
1393 737 1654 793 tiruncula

61 851 232 904 cujus
257 835 396 902 apud
427 835 592 888 Deum
622 840 766 888 esset
793 831 968 886 meriti
995 830 1414 894 demonstratur,
1443 839 1498 884 et
1525 829 1656 884 ﬁde-

63 925 220 978 libus
249 925 360 978 suis
395 937 666 990 nunquam
698 921 998 974 Salvatoris
1043 919 1232 974 abesse
1281 920 1652 987 praesentiam,

65 1017 222 1067 sicut
267 1012 380 1080 ipse
409 1009 1172 1080 promiseratcomprobatur!
1209 1007 1448 1078 'Fugiens
1495 1008 1656 1079 igitur

65 1107 231 1174 virgo
260 1103 457 1158 Christi
498 1104 566 1156 ad
605 1102 883 1172 cujusdam
925 1101 1162 1156 ﬂuminis
1187 1141 1202 1167 ,
1253 1102 1396 1171 quod
1428 1101 1654 1158 Sambra

67 1195 294 1256 dicitur,
329 1193 498 1261 ripam
527 1193 762 1255 devenit,
800 1207 1174 1262 nasquamque
1205 1194 1473 1265 navigium
1499 1236 1514 1259 ,
1547 1209 1655 1266 quo

65 1284 217 1337 ultra
261 1283 454 1336 ﬁumen
498 1282 765 1336 transuehi
797 1292 1012 1351 posset,
1051 1283 1240 1338 adesse
1277 1283 1653 1353 conspiciens,

69 1375 130 1426 in
173 1387 424 1442 supremo
469 1370 615 1426 ﬁuvii
657 1372 900 1440 margine
954 1373 1214 1426 constitit.
1261 1372 1396 1439 Quid
1437 1375 1656 1443 ageret?

69 1464 198 1529 Quo
225 1477 283 1520 se
307 1462 582 1518 verteret?
611 1460 882 1531 Nusquam
906 1461 1007 1516 sibi
1037 1463 1102 1516 ad
1133 1463 1366 1518 ﬁumiuis
1399 1461 1655 1518 transfre-

69 1555 335 1608 tationem
367 1553 580 1623 aliquod
606 1561 788 1622 patere
813 1553 1021 1608 videbat
1045 1553 1351 1618 consilium,
1374 1563 1569 1624 printer
1593 1553 1656 1608 il-

69 1646 202 1710 lius,
241 1659 348 1714 quo
381 1659 654 1712 nunquam
693 1642 928 1698 ﬁdelium
957 1653 1202 1698 cassatur
1225 1646 1428 1712 petitio,
1472 1644 1655 1700 indeli-

71 1736 226 1790 cicus
255 1735 549 1789 Salvator-is
570 1733 853 1804 refugium.
883 1733 998 1788 Non
1029 1735 1312 1790 iimnenior
1348 1737 1512 1806 igitur
1553 1739 1656 1794 Do-

1169 355 1342 413 ,YlTA
1377 354 1436 410 S.
1476 353 1912 411 ALDEGUNDIS
1951 351 2260 412 YlBGlNlS.

61 472 395 530 deliberavit
417 469 671 541 collegio;
711 469 856 523 illius
883 483 1044 538 quem
1069 469 1169 522 sibi
1229 481 1484 536 sponsum
1543 465 1652 537 [αι.
1687 472 1736 528 Α

3233 357 3338 416 866

1834 465 1921 522 12.
1961 465 2127 520 Mater
2147 481 2296 531 vero,
2323 465 2484 520 ﬁliam
2509 481 2572 523 ac
2595 467 2639 522 si
2667 446 2930 523 mortuam
2959 467 3164 540 lugens,
3188 481 3337 529 tanto

1761 556 1948 611 dolore
1985 555 2348 628 adiciebatur,
2387 565 2445 610 ut
2475 571 2646 627 usque
2681 559 2748 614 ad
2785 561 3100 616 divisionem
3140 577 3336 634 corpo-

1759 650 1836 704 ris
1874 659 1928 704 et
1975 651 2168 704 animm
2199 649 2383 719 (Hebr.
2427 665 2502 714 tv,
2550 651 2636 718 12)
2667 653 3080 720 periclitaretur.
3135 653 3337 715 Videns

1759 751 1939 796 autem
1991 757 2237 812 superna:
2293 743 2550 797 bonitatis
2604 743 2888 799 clementia
2912 746 3197 816 benignam
3225 764 3337 806 ma-

1761 843 1894 888 trem
1948 835 2244 889 absentiam
2299 835 2420 889 ﬁliae
2459 835 2596 890 ultra
2647 839 2864 892 modum
2899 840 3138 908 graviter
3167 841 3330 907 ferre,

1759 923 1925 994 ipsius
1973 924 2195 980 immisit
2247 927 2452 995 pectori
2506 927 2834 981 desiderium
2887 929 3098 984 videndi
3144 931 3336 996 ﬁliam,

1758 1015 1910 1084 cujus
1943 1032 2048 1070 non
2083 1015 2276 1070 leniter
2303 1017 2412 1086 pati
2439 1025 2648 1086 poterat
2671 1019 2995 1073 absentiam.
3021 1020 3326 1090 Assumptis

1759 1109 1922 1180 igitur
1963 1109 2249 1164 comitibus
2273 1111 2546 1166 nonnullis
2563 1151 2578 1176 ,
2603 1123 2855 1181 properat
2881 1113 3046 1168 ﬁliam
3077 1114 3331 1180 invisere,

1756 1199 1906 1268 cujus
1945 1200 2176 1253 adventu
2219 1201 2325 1254 tilia
2375 1211 2578 1270 quanto
2635 1203 2925 1278 exsultavit
2969 1203 3182 1274 gaudio,
3220 1221 3328 1258 non

1755 1297 1836 1343 est
1863 1299 2062 1343 nostrtr-
2088 1290 2456 1360 possibilitatis
2505 1291 2772 1346 evolvere.
2817 1292 3122 1362 Suscipiens
3150 1295 3333 1364 itaque

1757 1389 1984 1434 matrem
2014 1381 2141 1444 ﬁlia,
2171 1391 2290 1451 post
2329 1381 2681 1438 salutationes
2727 1393 2782 1438 et
2825 1385 3010 1439 oscula
3043 1401 3164 1440 cum
3203 1387 3338 1442 dile-

1755 1470 1934 1524 ctione
1959 1471 2240 1524 charitatis
2278 1472 2539 1536 exhibita,
2574 1481 2773 1538 mouet,
2811 1473 3163 1546 hortaturque
3191 1475 3334 1546 piam

1757 1569 1986 1614 matrem
2017 1568 2074 1612 ut
2097 1561 2309 1630 penitus
2337 1571 2556 1631 spernat
2600 1565 2897 1625 terrestria,
2935 1573 3152 1635 appetat
3176 1565 3337 1621 cmic-

1756 1651 1860 1704 stia
1881 1691 1896 1714 ,
1929 1653 2242 1721 amicosque
2291 1667 2350 1707 se
2377 1653 2540 1706 faciat
2569 1669 2634 1708 ex
2669 1653 2966 1726 iniquitatis
3005 1671 3335 1722 mammona,

1757 1745 2010 1813 aquibus
2048 1745 2098 1798 in
2151 1755 2351 1799 acterna
2397 1746 2558 1814 recipi
2605 1747 2773 1815 possit
2809 1747 3152 1804 tabernacula
3182 1747 3334 1819 (Luc.

75 1828 283 1880 minum
331 1825 576 1880 ﬁdelibus
610 1825 720 1879 suis
761 1826 1142 1896 spopondisse,
1189 1827 1469 1884 credentes
1505 1829 1560 1882 in
1595 1843 1654 1884 se
1689 1817 1728 1875 ΙῙ
1757 1849 1868 1900 xvi,
1899 1834 1974 1904 9),
2001 1837 2080 1890 sic
2113 1835 2439 1906 subjungcns
2463 1837 2606 1890 inter
2634 1837 2736 1892 alia
2769 1855 2784 1892 :

79 1933 202 1985 qua:
228 1916 356 1972 fecit
377 1917 686 1986 majoraque
713 1917 902 1970 horum
927 1915 1164 1972 facturos
1191 1934 1310 1974 esse
1335 1919 1514 1987 (Jomt.
1539 1937 1652 1987 xiv,

78 2006 217 2076 12),
262 2021 516 2075 mareque
568 2007 667 2060 sub
719 2005 942 2074 pedibus
989 2007 1248 2076 principis
1291 2008 1654 2076 apostolorum

79 2112 140 2150 se
169 2097 424 2150 calcabile
444 2097 734 2165 praebuisse
761 2095 942 2168 (Joan.
967 2097 1174 2168 xx:,7.)
1201 2097 1390 2152 Manli.
1419 2116 1525 2164 xw,
1555 2100 1650 2164 l9;

77 2186 406 2256 Paulumque
454 2186 754 2255 apostolum
809 2195 1002 2252 nocte,
1047 2188 1240 2258 dieque
1295 2187 1542 2245 ﬂuctibus
1581 2206 1655 2246 te-

83 2279 302 2346 quoreis
335 2279 642 2332 immersam
673 2278 874 2332 milium
912 2279 1034 2332 vita:
1061 2278 1438 2334 detrimentum
1471 2292 1654 2350 pertu-

85 2370 212 2422 lisse
243 2368 320 2438 Ul
350 2369 467 2422 Cor.
497 2384 574 2434 χε,
617 2369 744 2439 25);
793 2369 1152 2438 perfectaeque
1199 2370 1321 2426 ﬁdei
1369 2371 1512 2425 nulla
1553 2372 1654 2426 im-

81 2460 354 2528 possibilia
379 2474 525 2526 esse;
558 2460 734 2514 crucis
775 2461 1065 2514 Dominicte
1094 2461 1248 2532 signo
1275 2477 1468 2531 corpus
1498 2478 1652 2518 suum

79 2551 318 2617 undique
351 2551 592 2612 munivit,
621 2552 803 2620 sicque
826 2552 912 2620 pie
941 2552 1006 2606 de
1028 2552 1253 2608 Domino
1289 2569 1650 2622 praesumens,

81 2645 252 2696 undas
277 2641 508 2698 ﬂuminis
535 2651 592 2696 ut
618 2643 720 2697 iter
744 2643 972 2698 solidum
1017 2644 1350 2698 conscendit.
1393 2643 1652 2700 Graditur

74 2748 243 2802 super
261 2748 447 2802 aquas,
475 2733 718 2788 dextram
761 2733 1056 2803 laevamque
1088 2733 1345 2802 angelicis
1374 2734 1652 2803 spiritibus

73 2824 524 2890 sustentantibus,
566 2824 823 2878 extremis
852 2825 1080 2878 vestium
1119 2823 1344 2878 timbn'is
1371 2839 1470 2879 nec
1499 2825 1654 2878 inun-

73 2915 354 2970 dationem
383 2914 615 2970 ﬁuminis
641 2915 1094 2986 contingentibus.
1123 2913 1236 2968 Non
1267 2924 1445 2970 autem
1486 2930 1516 2968 a
1564 2931 1654 2969 ca-

77 3005 292 3060 tholicae
334 3005 602 3075 religionis
645 3005 826 3075 regula
877 3006 1117 3060 videatur
1141 3005 1396 3071 alicnmn,
1438 3005 1655 3076 angelos

75 3109 294 3152 sanctos
319 3097 634 3166 obsequium
663 3097 986 3167 impendisse
1011 3097 1223 3168 virgini,
1249 3113 1368 3153 cum
1395 3098 1652 3167 scriptum

75 3193 184 3254 sit,
239 3191 482 3247 cmlestes
531 3193 752 3260 spiritus
814 3192 864 3246 in
919 3191 1274 3246 ministerium
1337 3201 1648 3248 sanctorum

79 3281 277 3336 missos
332 3281 548 3350 angelos
596 3280 730 3336 ellici
773 3279 964 3352 (Paul.
1011 3296 1078 3335 xc
1134 3281 1650 3353 ll,);!sanctosque

73 3374 228 3427 viros
247 3373 409 3427 vitam
439 3373 696 3428 imitando
726 3373 1020 3442 angelicam
1049 3373 1266 3442 angelos
1291 3373 1468 3428 vocari
1491 3373 1648 3443 (Mal.

77 3477 164 3514 ιιι.
215 3462 303 3532 1).
349 3461 528 3526 Unde,
585 3477 690 3530 quo
745 3461 914 3530 major
973 3461 1114 3516 inter
1159 3470 1316 3518 natos
1364 3463 1650 3518 mulierum

79 3570 191 3608 non
227 3556 476 3620 surrexit,
501 3554 732 3612 Joannes
763 3555 1025 3626 Baptista,
1058 3556 1278 3626 angelus
1303 3571 1422 3614 esse
1456 3559 1652 3613 meruit

73 3651 137 3696 et
166 3644 343 3696 vocari
377 3643 600 3714 (Matth.
644 3661 732 3711 xi,
766 3643 979 3716 lO-tl’).
1023 3645 1311 3714 Postquam
1343 3661 1470 3702 vero
1499 3663 1650 3702 sacra

75 3734 234 3804 virgo
288 3735 342 3788 in
395 3735 628 3790 ulteriori
675 3735 907 3790 ﬂuminis
955 3736 1072 3806 ripa
1119 3736 1378 3802 constitit,
1425 3737 1650 3794 Domino

75 3831 377 3898 gratiarum
405 3830 640 3882 actiones
683 3829 932 3892 reddidit,
971 3829 1120 3900 cujus
1167 3831 1338 3901 gratia
1377 3832 1518 3900 quod
1557 3849 1653 3887 na-

77 3931 216 3973 tura:
245 3927 502 3990 repugnat
525 3927 576 3972 et
602 3919 773 3986 potuit
797 3929 851 3973 ct
877 3917 1023 3974 fecit.

157 4013 243 4064 Η.
287 4010 482 4065 Deinde
510 4009 794 4063 Dominum
817 4009 1092 4065 humiliter
1121 4025 1375 4074 exorans,
1405 4019 1464 4064 ut
1493 4025 1650 4066 suum

79 4103 138 4158 in
195 4103 332 4156 bono
387 4101 641 4171 dirigeret
681 4102 1032 4171 propositum,
1075 4103 1126 4156 in
1157 4103 1444 4174 quemdam
1476 4102 1650 4156 locum

77 4194 416 4250 multimodis
458 4194 803 4247 arbustorum
847 4193 1410 4264 generibusincultum
1437 4233 1451 4258 ,
1493 4210 1650 4263 quem

79 4285 254 4340 sortis
281 4283 632 4338 luereditarize
648 4281 771 4353 jure
793 4291 1046 4352 parentes
1068 4283 1184 4353 ejus
1204 4293 1389 4338 contra
1422 4283 1652 4337 sanctis-

77 4379 273 4434 simam
305 4375 649 4440 Certrudem,
673 4391 824 4429 suam
851 4375 1096 4430 videlicet
1121 4385 1331 4446 neptem
1355 4415 1370 4439 ,
1399 4375 1652 4444 possede-

79 4483 228 4536 rant,
285 4469 517 4524 devenit.
577 4467 634 4521 ln
689 4482 796 4536 quo
847 4467 1222 4522 brevissimam
1287 4465 1647 4530 ecclesiolam,

75 4562 352 4618 eradicata
409 4559 648 4628 veprium
699 4573 803 4613 non
857 4560 1076 4612 niinima
1132 4557 1472 4628 quantitate,
1521 4573 1650 4612 cou-

75 4651 298 4706 struxit.
332 4649 595 4706 Continuo
631 4665 717 4704 res
761 4659 908 4720 gesta
942 4659 1106 4704 totam
1147 4649 1379 4718 undique
1417 4649 1652 4718 complet

77 4746 380 4815 regionem,
412 4751 570 4796 tantae
598 4741 802 4796 scilicet
837 4743 1112 4814 dignitatis
1144 4741 1429 4812 virginem,
1463 4741 1647 4796 relicta

77 4839 241 4893 domo
267 4839 530 4906 rebusque
553 4837 738 4905 patris,
766 4835 932 4912 eretui
955 4835 1316 4898 solitudinem,
1337 4833 1650 4888 Dominum-

75 4947 206 5002 quc,
243 4921 459 4984 crucem
489 4927 657 4996 ipsius
677 4913 986 4993 bajulahdo,
1027 4935 1262 4980 secutam
1291 4925 1471 4979 fuisse.

171 5025 403 5084 Percipit
425 5021 537 5084 inde
571 5027 707 5081 pater
743 5031 852 5084 rem
881 5026 1100 5080 gestam,
1133 5017 1359 5084 claraque
1393 5025 1584 5078 mater,

173 5079 335 5146 Atque
367 5083 510 5130 simul
546 5079 964 5146 natamdeplorat
997 5079 1204 5146 uterque
1241 5079 1430 5128 beatam

171 5148 239 5196 Se
256 5143 648 5205 contempsisse,
681 5144 752 5192 sic
782 5143 840 5205 ad
872 5143 1076 5205 deserta
1095 5144 1306 5205 petisse:

169 5209 434 5268 'Iurbaque
465 5201 744 5256 cunctorum
775 5202 998 5264 deplorat
1031 5203 1161 5251 idem
1193 5201 1498 5251 faniulorum.

147 5289 255 5344 Sed
277 5295 432 5358 pater
465 5287 586 5356 pius
633 5285 893 5340 inanimo
945 5293 1202 5352 reputans
1239 5283 1378 5338 hanc
1423 5299 1544 5338 esse
1594 5285 1646 5338 in

77 5383 185 5438 ﬁlia
217 5381 449 5435 dextera
488 5377 700 5432 Excelsi
742 5375 1089 5430 mutationem
1116 5371 1288 5444 (Psal.
1319 5390 1500 5440 Lxxw,
1537 5374 1645 5444 11),

75 5457 256 5530 divina
305 5472 358 5526 id
401 5477 656 5539 operante
705 5453 896 5539 gratia,
955 5481 1061 5522 non
1117 5467 1392 5520 minimam
1447 5467 1648 5524 doloris

76 5564 320 5636 percepit
344 5563 745 5626 reievationem,
781 5561 1004 5614 Domino
1039 5560 1422 5615 commcmlans
1452 5559 1652 5631 propo-

75 5658 163 5714 siti
201 5657 322 5712 ﬁlia:
346 5655 666 5726 principiqu
696 5663 748 5707 et
773 5653 950 5706 liuent.

147 5773 296 5845 (596)
339 5773 431 5830 Ms.
463 5771 663 5828 Lmticn
696 5788 707 5822 :
746 5767 1166 5837 Matrefumiliru.

1878 1951 2000 2022 gon
2019 1953 2187 2002 brevis
2219 1961 2302 2022 est
2329 1955 2502 2022 laudis,
2514 1955 2818 2022 _si_>Chr_isto,
2847 1963 3022 2022 mater,
3053 1958 3272 2022 ohaudis,

1879 2014 2034 2082 ﬁoxia
2059 2017 2336 2076 spernendo
2361 2019 2546 2082 mundi,
2575 2014 2930 2082 Dominamque
2951 2014 3205 2082 sequendo
3231 2035 3244 2071 :

1875 2075 1997 2126 Nam
2023 2075 2238 2140 peritura
2259 2081 2396 2142 Sequi
2421 2092 2515 2128 non
2538 2087 2632 2141 est,
2657 2079 2791 2130 velut
2812 2075 3038 2142 arbitror,
3061 2083 3208 2146 :equi.

1827 2181 2024 2238 Videas
2059 2185 2223 2252 igitur
2243 2185 2372 2241 felix
2403 2196 2578 2242 mater
2616 2187 2892 2244 meliorem
2917 2189 3020 2244 sibi
3050 2191 3190 2244 viam
3220 2188 3334 2244 ele-

1753 2272 1894 2343 gisse
1925 2272 2108 2338 tiliam,
2141 2289 2260 2342 qua:
2287 2273 2408 2342 jure
2428 2276 2774 2332 haereditario
2805 2279 2905 2348 ipsi
2931 2280 3108 2334 debita
3135 2295 3332 2350 propo-

1752 2375 1934 2420 suerat
2001 2368 2068 2420 ad
2129 2367 2456 2436 virginitatis
2509 2369 2872 2438 corruptelam
2940 2371 3218 2436 conferre,
3265 2373 3336 2428 ad

1755 2456 2174 2528 iucorruptionis
2209 2459 2433 2529 gloriam
2456 2470 2704 2530 properat
2725 2463 3042 2528 concedere,
3068 2479 3098 2517 a
3117 2463 3334 2520 Christo

1753 2549 2062 2618 centuplum
2089 2558 2394 2618 receptura,
2425 2550 2700 2620 vitamque
2745 2561 3002 2606 teter-nam
3031 2553 3254 2624 insuper
3277 2556 3332 2610 in

1753 2649 1954 2695 {eterna
1979 2640 2310 2696 beatitudine
2357 2641 2572 2712 (Matth.
2601 2658 2715 2707 nux,
2737 2642 2852 2714 29.)
2871 2643 3330 2714 lgiturutriusqne

1755 2745 1916 2790 Sexus
1941 2729 2160 2786 faiiiilia:
2177 2747 2214 2808 Ia
2237 2731 2323 2801 pia
2353 2743 2526 2786 matre
2549 2732 2667 2786 ﬁlia:
2693 2733 2840 2803 (596)
2867 2733 2925 2787 lit
2951 2734 3155 2804 absque
3179 2751 3328 2790 mora

1755 2821 1974 2876 traditio
1991 2823 2335 2890 prmdiorum,
2353 2819 2718 2892 silvarumque
2735 2824 2962 2878 traditur
2983 2840 3088 2879 non
3107 2825 3330 2880 minima

1751 2912 2044 2982 possessio.
2074 2912 2240 2984 Cujus
2293 2914 2366 2968 rei
2401 2923 2724 2969 testamento
2753 2915 2812 2968 ﬁt
2859 2930 3041 2970 coram
3079 2917 3330 2972 omnibus

1753 3006 2114 3062 conﬁrmatio.
2141 3006 2352 3062 Gaudet
2379 3005 2488 3060 ﬁlia
2538 3015 2766 3062 matrem
2793 3023 2888 3062 sua
2919 3008 3144 3062 Domino
3169 3009 3330 3064 tradi-

1755 3099 1936 3166 disse;
1970 3099 2184 3154 ltetatur
2217 3107 2410 3164 mater,
2445 3098 2606 3154 ﬁliam
2641 3100 2690 3154 in
2725 3100 2956 3154 maritali
3006 3100 3194 3169 copula
3221 3114 3328 3154 non

1679 3170 1722 3232 Ο
1754 3191 1856 3245 sibi
1893 3191 2156 3262 paruisse.
2213 3189 2304 3245 Sic
2349 3189 2601 3260 utrinque
2635 3191 2849 3246 ltetatur
2897 3200 3073 3247 mater
3107 3192 3172 3248 de
3199 3191 3325 3256 lilia,

1753 3291 1808 3338 et
1833 3283 1938 3337 lilia
1965 3283 2033 3339 de
2064 3293 2258 3338 matre.

2363 3375 2590 3432 CAPUT
2624 3375 2712 3431 IV.

1905 3464 2084 3521 Vatum
2111 3475 2424 3536 suscepium.
2457 3467 2835 3522 Monasterium
2863 3468 3184 3522 institutum.

1824 3557 1908 3612 l3.
1951 3557 2188 3625 Cumque
2213 3564 2388 3609 mater
2419 3554 2536 3624 ejus
2568 3564 2854 3624 aegrotaret
2885 3565 2938 3610 et
2970 3554 3082 3623 jam
3115 3557 3178 3609 de
3214 3555 3324 3608 vita

1753 3649 2085 3718 desperaret,
2111 3655 2266 3701 vocat
2286 3645 2544 3716 virginem
2571 3645 2734 3700 ﬁliam
2760 3661 2932 3710 suam,
2951 3646 3042 3700 dat
3063 3646 3112 3700 ei
3134 3661 3325 3700 aurum

1750 3748 1806 3793 et
1849 3745 2148 3806 argentum,
2193 3737 2516 3792 vestimenta
2571 3736 2830 3806 pretiosa,
2877 3736 3096 3806 praedia,
3152 3736 3327 3800 villas,

1751 3845 1937 3886 servos
1961 3869 1976 3895 ,
2005 3837 2060 3884 et
2088 3828 2342 3894 ancillas,
2377 3835 2432 3882 et
2469 3827 2648 3882 omnia
2677 3841 2795 3896 quae
2843 3828 3102 3891 habebat,
3134 3839 3330 3897 prazter

1755 3920 1840 3974 illa
1863 3935 1982 3990 qum
2010 3917 2336 3989 pauperibus
2365 3918 2418 3972 in
2465 3917 2714 3987 praesenti
2749 3931 2844 3986 pro
2874 3918 3112 3972 remedio
3134 3919 3328 3972 animm

1751 4027 1862 4068 sua:
1904 4011 2200 4073 distribuit,
2233 4022 2290 4064 et
2331 4025 2449 4078 qua:
2478 4011 2529 4062 in
2557 4025 2688 4064 usus
2710 4023 2989 4064 servorum
3021 4018 3076 4064 et
3103 4009 3334 4064 ancilla-.

1753 4117 1870 4156 rum
1912 4102 2028 4164 Dei,
2081 4102 2132 4156 in
2182 4101 2444 4156 emnobiis
2495 4099 2724 4154 Domino
2761 4099 3162 4166 l‘auiulantium,
3193 4099 3332 4154 dele-

1751 4193 1914 4263 gavit.
1947 4191 2209 4248 Del‘unCta
2243 4207 2372 4246 vero
2402 4201 2595 4257 matre,
2635 4201 2797 4260 atque
2845 4192 2898 4246 in
2923 4192 3176 4260 praedicta
3205 4191 3327 4246 villa

1751 4285 2096 4348 Curtissolra,
2129 4293 2185 4338 et
2213 4285 2264 4339 iu
2313 4283 2541 4340 ecclesia
2593 4293 2792 4338 sancta:
2817 4283 2909 4338 Dei
2937 4283 3231 4340 Genitricis
3255 4323 3268 4348 ,
3298 4299 3330 4338 a

1753 4373 1848 4429 Dei
1875 4375 2271 4439 sacerdotibus,
2295 4383 2352 4429 et
2373 4373 2492 4429 aliis
2538 4375 2921 4430 ecclesiastica:
2940 4373 3216 4442 dignitatis
3241 4389 3332 4430 or-

1756 4465 1988 4530 dinibus,
2039 4465 2194 4535 juxta
2227 4468 2398 4520 virum
2447 4481 2601 4522 suum
2647 4467 2852 4537 sepulta
2881 4483 2896 4532 ;
2932 4467 3155 4522 audiens
3179 4467 3331 4523 Eudo

1747 4556 1986 4626 juvenis,
2017 4556 2105 4610 cui
2134 4555 2351 4625 praefata
2381 4565 2556 4610 mater
2592 4555 2754 4610 ﬁliam
2783 4573 2934 4610 suam
2961 4556 3014 4610 in
3041 4555 3328 4626 eonjugem

1755 4648 1870 4702 dari
1897 4647 2256 4716 disposuerat,
2294 4647 2500 4700 obitum
2531 4647 2667 4717 ejus,
2701 4647 3051 4702 nihilominus
3082 4648 3248 4702 instat
3273 4657 3334 4701 ut

1755 4738 2015 4808 virginem
2043 4751 2264 4792 uxorem
2287 4739 2536 4807 accipiat,
2569 4739 2906 4807 imperatque
2937 4737 3186 4792 ﬁdelibus
3213 4739 3328 4793 suis

1753 4837 2066 4898 apparatum
2089 4843 2394 4898 praeparare
2421 4829 2746 4898 nuptiarum.
2773 4828 2923 4896 Quod
2947 4843 3069 4883 cum
3093 4828 3331 4882 audisset

1755 4927 1903 4992 virgo
1929 4921 2083 4976 valde
2135 4921 2314 4974 timuit
2343 4937 2358 4985 ;
2415 4918 2732 4988 fugiensque
2754 4929 2914 4976 noctu
2943 4919 2996 4972 in
3027 4918 3200 4972 locum
3233 4933 3330 4972 ue-

1757 5025 2050 5072 morosum,
2074 5011 2164 5079 qui
2202 5017 2424 5064 vocatur
2466 5009 2779 5074 Melbodius,
2811 5009 3015 5078 aliquot
3043 5009 3232 5064 diebus
3255 5009 3327 5062 ibi

1757 5100 1932 5154 latuit.
1974 5101 2080 5156 Sed
2115 5117 2237 5156 cum
2271 5100 2508 5155 audisset
2541 5101 2820 5156 advenisse
2847 5109 3094 5154 sanctum
3121 5101 3326 5154 Aman-

1758 5193 1881 5246 dum
1904 5201 2066 5260 atque
2095 5191 2452 5245 venerabilem
2482 5189 2800 5244 Autbertum
2823 5193 3104 5259 episcopos
3133 5189 3185 5242 in
3215 5203 3331 5243 mo-

1757 5282 2052 5336 nasterium
2067 5281 2374 5336 Altimnntis
2391 5321 2406 5346 ,
2445 5295 2566 5336 cum
2589 5295 2780 5350 magna
2801 5281 2980 5335 cordis
3003 5280 3324 5345 humilitate,

1755 5373 1912 5427 nudis
1963 5373 2188 5441 pedibus
2235 5371 2360 5426 illuc
2413 5371 2735 5442 properavit,
2783 5372 2848 5424 ad
2889 5371 3110 5440 vestigia
3139 5385 3326 5426 eorum

1749 5481 1868 5540 sese
1891 5464 2206 5536 prostravit,
2235 5463 2558 5519 desiderium
2602 5463 2682 5518 sui
2715 5464 2896 5518 cordis
2933 5465 3162 5534 aperuit,
3191 5479 3323 5519 con-

1751 5555 1946 5610 trarias
1997 5553 2349 5608 tentationum
2379 5552 2658 5621 passiones
2696 5553 2796 5606 sibi
2829 5569 2926 5622 per
2962 5554 3185 5609 insidias
3211 5555 3327 5608 dia-

1750 5646 1952 5706 bolieas
1999 5647 2265 5704 irruentes
2311 5643 2582 5700 iudicavit.
2617 5643 2768 5702 'l‘unc
2804 5645 2864 5700 D.
2889 5645 3186 5712 Amandus,
3211 5643 3324 5714 jam
