3916 6418
603 359 702 421 867

1157 349 1495 405 HUCBALDI
1536 348 1698 405 MON.
1741 347 1796 402 ὃ.
1842 344 2096 400 ΛΜᾹΝΒΙ
2139 345 2195 401 01

2284 391 2286 398 ι
2330 347 2508 403 rans
2548 349 2585 404 ι.
2624 381 2692 390 -
2735 350 3301 411 llAGICGRAPIllCA.
3559 344 3561 346 ’
3673 367 3737 423 δα

603 481 741 539 pene
769 465 863 520 toti
893 469 1050 517 notus
1077 460 1193 514 orbi
1218 460 1357 514 fama
1387 459 1737 514 celeberrima
1779 458 2058 520 virtutum,
2085 457 2175 525 qui
2207 464 2252 521 Α
2285 459 2426 514 tione
2455 464 2770 530 permansit,
2801 465 3115 535 cunctisque
3143 483 3199 520 sc
3227 467 3501 525 videntibus
3525 481 3736 548 exemptum

605 567 862 624 tanquam
901 552 954 606 in
995 565 1170 606 messe
1198 550 1289 604 Dei
1335 558 1586 603 strenrrus
1641 557 1930 618 cperator,
1983 548 2181 603 multas

603 663 700 718 per
724 647 1006 701 circuitum
1040 643 1283 698 nationes
1325 643 1389 696 ad
1420 641 1575 696 ﬁdern
1613 643 1944 712 perduxerat
1989 643 2178 696 carbo.

605 738 786 802 licam,
831 735 996 790 multa
1047 732 1292 788 emnobia
1349 732 1588 784 virorum
1630 729 2056 799 anciilarumque
2089 731 2180 785 Dei

605 835 1004 891 construxerat,
1050 826 1298 896 aperiens
1343 839 1405 878 os
1445 838 1600 877 suum
1656 823 1914 877 doctrina:
1949 822 2184 878 emlestis

607 923 778 992 imbre
799 919 1105 982 facundum,
1135 918 1206 972 ita
1229 915 1418 987 puellae
1458 912 1737 984 fatigatum
1764 914 2038 968 roboravit
2061 912 2180 967 ani-

607 1031 775 1080 mum,
809 1024 998 1068 utnon
1045 1011 1217 1066 solum
1257 1009 1431 1078 ipsum
1464 1015 1740 1077 respueret
1777 1007 2052 1071 mundum,
2085 1020 2180 1061 ve-

607 1124 728 1163 rum
770 1107 931 1162 etiam
976 1113 1162 1175 parata
1215 1103 1368 1157 ﬁeret
1416 1115 1515 1169 pro
1569 1099 1836 1154 salvatore
1871 1098 2106 1162 Christo,
2133 1098 2180 1154 si

607 1197 746 1253 foret
793 1195 1029 1260 occasio,
1071 1194 1254 1249 subire
1293 1191 1631 1261 martyrium.
1685 1189 1821 1256 Quid
1850 1188 2050 1258 plura?
2087 1190 2184 1245 De-

607 1291 768 1344 ducta
802 1299 878 1344 cst
904 1303 931 1341 a
957 1285 1158 1342 sanctis
1185 1283 1452 1354 episcopis
1482 1283 1534 1336 in
1572 1282 1869 1336 oratorium
1913 1281 2182 1351 quoddam

605 1378 846 1446 ejusdem
879 1374 1135 1440 ctenobii,
1179 1375 1230 1428 in
1273 1375 1475 1428 honore
1506 1381 1560 1426 et
1586 1372 1847 1427 memoria
1873 1370 1928 1426 S.
1964 1372 2184 1427 Vedasti

607 1468 912 1524 dedicatum
965 1483 980 1520 :
1029 1465 1120 1519 ubi
1179 1463 1552 1519 benedictione
1579 1462 1897 1517 sacerdotali
1955 1463 2024 1517 ab
2058 1463 2187 1532 ipsis

608 1559 767 1628 digne
787 1564 1124 1619 consecrata,
1148 1569 1451 1624 sponsoque
1471 1568 1568 1609 suo
1590 1553 1816 1608 Domino
1830 1551 2186 1627 .lcsutzhristo

607 1650 951 1718 desponsata,
1005 1660 1173 1702 saera:
1229 1644 1506 1717 religionis
1558 1645 1798 1702 velamen
1857 1645 2099 1702 suscepit
2131 1655 2186 1701 et

609 1741 874 1795 habitum.

2282 551 2544 605 bonorum
2588 567 2810 622 operum
2849 555 3067 621 dignum
3111 555 3398 612 imitatione
3437 561 3628 630 reliquit.
3660 569 3739 626 Em

2282 642 2426 696 enim
2473 642 2669 697 famula
2713 644 2806 697 Dei
2839 646 3070 700 ﬁdeliter
3100 648 3306 716 Sponsa
3333 665 3422 705 suo
3447 653 3686 718 deserviens
3709 667 3738 719 in

2284 732 2610 798 humilitate,
2643 734 2696 788 in
2728 735 3054 801 obedientia,
3089 737 3140 789 in
3182 740 3446 807 patientia,
3480 760 3635 815 corpus
3653 749 3738 818 jeju-
3817 707 3819 740 ⁵

2283 827 2387 881 niis
2416 836 2721 890 attenuans,
2748 836 3076 896 pernoctans
3117 829 3167 882 in
3205 830 3392 899 vigiliis
3417 842 3463 886 et
3486 837 3737 904 orationibus,

2285 917 2605 988 longanimis
2656 918 2708 972 in
2757 933 2870 987 spe,
2905 918 3213 974 domesticis
3255 921 3365 975 suis
3411 938 3740 993 mansaeta,mo

2283 1013 2432 1066 desta
2481 1011 2863 1081 colloquendo,
2911 1027 3005 1067 seu
3054 1027 3143 1068 res
3177 1015 3413 1070 ecclesiae
3450 1028 3740 1092 conservando,

2281 1102 2509 1172 benigna
2539 1104 2927 1160 distribuendo.

2355 1194 2442 1248 16.
2480 1195 2622 1248 Duas
2653 1205 2833 1250 autem
2886 1207 3106 1267 neptes,
3156 1197 3293 1254 ﬁlias
3336 1201 3520 1257 sororis
3548 1218 3643 1267 sum,
3669 1223 3740 1260 cum

2285 1302 2475 1358 magna
2522 1287 2800 1358 diligentia
2845 1289 3168 1358 regulariter
3203 1290 3255 1343 in
3296 1294 3586 1347 monasterio
3610 1298 3740 1351 erudie-

2285 1377 2407 1439 bat,
2456 1385 2508 1432 et
2553 1389 2613 1431 ut
2662 1377 2945 1432 Dominum
3005 1379 3277 1434 Christum
3325 1381 3418 1435 sibi
3459 1398 3656 1450 sponsum
3683 1387 3741 1440 cli~

2285 1479 2490 1540 gerent,
2526 1469 2594 1524 ab
2626 1470 2754 1539 ipsis
2793 1453 3033 1525 infantiae
3066 1473 3384 1527 rudimentis
3422 1474 3648 1546 diligenter
3669 1481 3741 1532 edo-

2286 1565 2460 1619 cebat.
2525 1563 2727 1618 Harum
2787 1580 2890 1619 una
2948 1563 3308 1629 Madelherta,
3357 1566 3506 1620 altera
3550 1569 3742 1623 vocabatur

2285 1655 2612 1712 Aldetrudis.
2657 1655 2788 1722 Qum
2831 1655 3084 1710 videlicet
3129 1657 3448 1722 Aldetrudis,
3481 1659 3617 1729 puella
3651 1660 3740 1717 born:

2291 1747 2504 1810 indolis,
2541 1755 2848 1802 nraterterze
2889 1763 2998 1801 suae
3038 1763 3219 1803 mores
3269 1758 3321 1804 et
3372 1749 3520 1804 vitam
3565 1757 3740 1822 satagetar

681 1831 769 1884 Ηο
811 1829 958 1902 (59η
989 1828 1243 1884 lIIClIOala
1274 1830 1440 1900 Igilii?
1489 1843 1518 1882 τι
1555 1827 1757 1883 Christi
1817 1829 2188 1885 sacerdOliblts
2219 1814 2261 1874 Β
2293 1836 2528 1903 imitari,
2582 1851 2844 1908 secusque
2900 1839 3064 1906 pedes
3117 1839 3474 1894 indesinenter
3510 1814 3740 1904 accumbas,

608 1922 676 1976 ad
697 1922 750 1976 id
765 1921 944 1990 operis
963 1919 1284 1988 competenti
1308 1918 1700 1982 benedictione,
1727 1932 1973 1988 supernae
1997 1918 2189 1974 Pietati

608 2029 670 2071 se
705 2029 812 2070 non
861 2015 1048 2069 abesse
1074 2012 1164 2067 ubi
1209 2011 1387 2080 aliqua
1413 2008 1686 2078 justorum
1724 2009 1776 2063 in
1814 2010 1932 2080 ejus
1973 2011 2191 2066 nomine

610 2110 674 2164 ﬁt
701 2106 1065 2178 congregatio,
1107 2104 1309 2175 placuit
1346 2102 1649 2158 ostendere.
1697 2101 1931 2171 Spiritus
1962 2116 2192 2172 namque

609 2209 835 2255 sanctus
884 2199 935 2254 in
991 2197 1253 2254 columba:
1304 2195 1482 2264 specie
1521 2194 1725 2250 sanctis
1764 2194 2106 2263 pontiﬁcibus
2135 2194 2188 2248 in

609 2293 837 2364 virginis
886 2291 1295 2346 consecratione
1341 2289 1570 2360 hymnos
1615 2287 1824 2344 debitos
1875 2289 2192 2343 canentibus

613 2383 880 2454 apparuit,
929 2381 1296 2452 paulatimque
1341 2393 1401 2434 se
1445 2378 1786 2444 submittens,
1829 2378 2006 2432 velum
2046 2379 2190 2448 quod

612 2475 1035 2528 consecrabatur
1086 2471 1356 2526 clevaturn
1394 2469 1622 2540 pedibus
1645 2477 1698 2523 et
1721 2484 1817 2524 ore
1847 2469 2082 2523 sustulit.
2117 2469 2193 2524 Nc

613 2574 794 2620 autem
816 2564 992 2634 aliqua
1018 2563 1170 2617 ﬂeret
1193 2560 1520 2629 ambiguitas
1546 2560 1676 2614 tanti
1701 2575 1862 2629 super
1882 2561 2193 2614 ostentione

616 2654 884 2720 miraculi,
931 2653 1235 2708 videntibus
1277 2651 1491 2706 cunctis
1518 2650 1610 2720 qui
1653 2650 1898 2715 aderant,
1928 2651 2105 2706 velum
2138 2651 2191 2705 in

613 2746 782 2801 altum
816 2761 844 2799 a
876 2754 1020 2800 terra
1047 2745 1304 2808 levatum,
1334 2742 1660 2798 beatissima:
1687 2741 1909 2813 virginis
1941 2743 2195 2811 imposuit

614 2837 798 2907 capiti.
830 2835 948 2904 Quo
969 2844 1204 2905 patrato,
1235 2833 1483 2888 columba
1511 2833 1726 2888 caelitus
1756 2834 1942 2897 ruissa,
1976 2834 2043 2887 ab
2067 2850 2194 2888 ocu-

613 2927 682 2982 lis
707 2927 1005 2982 videntium
1054 2927 1312 2981 continuo
1354 2925 1639 2994 disparuit.
1690 2924 1852 2997 Virgo
1883 2943 2012 2982 vero
2039 2943 2194 2981 sacra

614 3033 721 3074 non
747 3019 859 3073 suis
882 3018 1023 3087 quod
1049 3025 1326 3080 evenerat.
1349 3017 1446 3072 sed
1476 3017 1755 3071 beatorum
1786 3017 1986 3071 Christi
2013 3033 2193 3072 sacer-

615 3113 800 3168 dotum
825 3112 1104 3166 aseribens
1127 3111 1350 3173 meritis,
1383 3110 1509 3174 Deo,
1549 3109 1704 3178 cujus
1727 3125 1784 3164 se
1813 3112 1978 3164 tantis
2008 3111 2195 3166 imme-

2290 1930 2534 1984 doctrina
2582 1929 2706 1983 vita:
2755 1928 2971 1983 sitiebat
3018 1927 3323 1983 informari.
3355 1929 3474 1995 Quze
3511 1945 3606 1984 eum
3635 1934 3742 1986 multis

2291 2020 2505 2075 ﬂoreret
2540 2021 2852 2084 virtutibus,
2899 2020 3185 2074 humilitati
3226 2021 3480 2091 prmcipuc
3517 2030 3561 2076 et
3588 2021 3741 2076 obedien-

2293 2112 2379 2165 tite
2417 2111 2594 2165 dedita
2644 2119 2779 2164 erat.
2820 2110 2954 2165 Huic
3000 2111 3294 2178 aliquando
3333 2113 3476 2166 beata
3509 2113 3626 2182 virgo
3647 2113 3741 2166 Aldr-

2291 2203 2483 2273 gundis
2517 2209 2869 2270 praeceperat,
2901 2211 2960 2254 ut
2999 2199 3301 2270 fragmenta
3351 2216 3478 2256 certe
3517 2214 3742 2255 coacervare

2291 2292 2344 2346 in
2378 2307 2564 2355 unum,
2593 2290 2818 2345 sollicita
2854 2306 2920 2344 ne
2949 2289 3034 2343 vel
3074 2292 3298 2346 minima
3338 2307 3501 2346 rerum
3537 2292 3741 2346 monasterii

2292 2381 2620 2450 deperirent.
2653 2380 2742 2434 Illa
2791 2380 2933 2434 dicto
2983 2380 3144 2435 citius
3195 2383 3406 2451 paruit,
3450 2383 3640 2451 dispersa
3669 2394 3743 2434 cur

2295 2471 2596 2541 fragmenta
2637 2471 2871 2542 collegit,
2906 2472 3082 2543 ignem
3132 2473 3399 2540 accendit,
3429 2489 3511 2528 vas
3545 2474 3740 2532 :cnerrm.ii

2293 2571 2377 2618 est
2431 2564 2657 2633 pelviru,
2707 2579 2828 2616 cera
2883 2565 3100 2634 plenum
3156 2565 3542 2634 srrperimpouit.
3573 2565 3648 2617 Sed
3678 2578 3741 2615 mm

2295 2655 2607 2709 donriuan'e
2657 2653 2872 2708 ﬂamma
2924 2663 3103 2709 strues
3145 2654 3410 2725 lignorum
3445 2652 3540 2720 jam
3573 2654 3742 2708 combusta

2295 2745 2593 2809 deciderat,
2629 2754 2791 2814 atque
2840 2755 3057 2812 sartago
3106 2743 3344 2809 fervens,
3376 2745 3499 2815 ignis
3533 2745 3670 2796 ardore
3689 2743 3744 2793 cir-

2297 2837 2622 2899 cunrciueta,
2656 2835 2708 2889 in
2745 2844 2949 2904 partem
2992 2835 3222 2890 alteram
3265 2834 3550 2895 declinaret,
3575 2847 3621 2886 ac
3651 2829 3745 2897 magis

2299 2928 2423 2980 inde
2469 2927 2623 2981 focus
2669 2934 3016 2991 exrestuaret,
3051 2926 3251 2980 timens
3298 2918 3743 2996 virgunculamequil

2299 3019 2477 3074 damni
2523 3019 2881 3088 contingeret.
2917 3029 3122 3071 armata
3169 3017 3293 3081 ﬁde,
3325 3017 3544 3071 manihrrs
3569 3012 3744 3067 nudisrt-

2301 3108 2568 3177 tentisque
2639 3109 2874 3162 brachiis
2955 3109 3021 3162 dc
3107 3107 3289 3162 medio
3353 3106 3634 3160 ﬂammarum
3673 3099 3746 3150 Intr-

615 3200 777 3254 ritam
841 3199 1171 3270 prmdieabat
1226 3198 1535 3265 beneﬁciis,
1591 3177 1890 3269 gratiarum
1954 3201 2198 3256 actiones
2227 3177 2268 3238 (ἶ
2303 3216 2413 3254 rem
2452 3198 2598 3269 (598)
2631 3198 2944 3252 hullientem
2988 3197 3183 3253 festina
3238 3198 3462 3260 sustulit,
3497 3193 3672 3262 nihilque
3700 3203 3749 3256 Pe-

621 3293 934 3348 innumeras
956 3291 1207 3346 reddidit.

693 3383 782 3439 15.
823 3382 985 3437 Beata
1035 3382 1198 3453 igitur
1245 3381 1606 3453 Aldcgundis,
1648 3382 1714 3438 de
1763 3382 2068 3439 Altomonte
2117 3401 2198 3437 re-

625 3492 778 3532 versa
822 3477 874 3531 in
920 3476 1095 3531 locum
1125 3475 1214 3530 ubi
1248 3476 1399 3545 prius
1426 3475 1682 3539 latuerat,
1708 3491 1867 3546 quem
1912 3477 2026 3546 ipsa
2071 3476 2197 3529 Elch-

620 3570 842 3626 bodium
869 3570 1266 3634 nominaverat,
1290 3569 1379 3638 qui
1411 3569 1560 3624 locus
1589 3569 1762 3623 adlnre
1787 3570 2032 3624 desertus
2059 3578 2199 3632 erat,

624 3662 790 3731 erepit
819 3661 1165 3732 sagacissime
1199 3661 1375 3714 locum
1419 3660 1696 3724 excolere,
1739 3660 1991 3730 vepribus
2021 3669 2075 3715 et
2109 3676 2201 3714 aro

622 3752 798 3808 bustis
839 3753 1097 3807 radicitus
1139 3752 1482 3822 exstirpatis,
1524 3751 1828 3806 habitacula
1867 3761 2198 3814 construere.

623 3859 812 3899 servos
851 3852 908 3899 et
948 3843 1168 3898 ancillas
1206 3843 1299 3897 Dei
1347 3843 1544 3896 ibidem
1584 3857 1930 3912 congregare.
1969 3843 2205 3912 Denique

621 3949 746 4012 post
775 3942 892 3996 haec
924 3939 1213 3994 :ediﬂcavit
1243 3939 1313 3992 ibi
1343 3937 1628 3992 ecclesiam
1668 3937 1721 3991 in
1767 3938 1970 3991 honore
2003 3946 2058 3990 et
2094 3953 2205 3992 rne-

622 4031 798 4086 moria
843 4037 1045 4085 sanctze
1074 4028 1166 4083 Dei
1199 4027 1478 4098 genitricis
1515 4026 1728 4091 Μαι-ἰαὶ,
1775 4027 1828 4082 in
1872 4043 1976 4096 qua
2022 4026 2206 4082 laudes

624 4124 836 4178 divinas
889 4130 945 4178 et
1005 4121 1312 4176 orationum
1365 4129 1489 4174 vota
1542 4119 1782 4189 quotidie
1846 4118 2204 4190 persolvebat.

622 4212 779 4268 Tunc
806 4211 984 4267 surculi
1018 4210 1176 4280 lmjus
1200 4210 1416 4266 divitias
1442 4224 1540 4279 pro
1567 4211 1736 4265 nihilo
1762 4219 2044 4280 reputans,
2071 4226 2209 4280 prte—

623 4303 713 4359 dia
752 4317 849 4358 sua
877 4311 933 4356 et
976 4300 1260 4357 facultates
1287 4310 1342 4355 et
1367 4302 1546 4356 omnia
1575 4312 1914 4368 ornamenta,
1951 4318 2070 4373 qure
2105 4303 2204 4358 sibi

624 4402 878 4467 parentes
926 4393 1291 4464 reliquerant,
1339 4393 1404 4448 ad
1453 4393 1565 4447 loca
1611 4402 1921 4448 sanctorum
1969 4393 2211 4464 legalitcr

627 4486 907 4542 distribuit
935 4494 992 4540 et
1018 4484 1345 4555 pauperibus
1373 4485 1635 4555 erogavit,
1667 4492 1727 4538 ut
1752 4485 1894 4538 illam
1925 4485 2205 4555 perfectio-

626 4590 751 4630 nem
792 4574 1082 4644 attingeret
1106 4575 1246 4630 unde
1275 4574 1532 4628 Dominus
1561 4575 1693 4630 dicit
1721 4592 1733 4628 :
1765 4573 1823 4629 Si
1854 4577 1926 4629 eis
1951 4575 2206 4645 perfectus

622 4682 756 4730 esse,
785 4665 940 4728 vade,
967 4664 1126 4718 vende
1155 4666 1330 4718 omnia
1357 4682 1475 4734 qum
1497 4666 1672 4729 habes,
1701 4675 1746 4720 et
1775 4668 1841 4719 da
1869 4669 2203 4737 pauperibus,

621 4767 673 4812 et
707 4757 845 4818 veni,
867 4764 914 4810 et
937 4771 1146 4826 sequere
1167 4771 1248 4808 me
1274 4754 1487 4827 (Matth.
1519 4771 1676 4819 xvrtr,
1696 4756 1808 4827 2|).
1827 4755 2028 4811 Locum
2055 4773 2202 4821 vero,

620 4847 711 4902 ubi
756 4855 932 4902 mater
977 4855 1033 4902 et
1087 4855 1242 4916 pater
1271 4845 1390 4917 ejus
1435 4847 1627 4916 sepulti
1672 4846 1884 4902 fuerant
1922 4849 1974 4902 in
2016 4849 2206 4904 melius

619 4939 925 5009 reparavit,
967 4946 1023 4994 et
1069 4939 1268 4994 ibidem
1318 4939 1600 4994 duodecim
1655 4940 2091 4997 sanctimoniales
2141 4943 2206 4997 ad

621 5031 965 5088 serviendum
1015 5030 1231 5085 Christo
1280 5030 1510 5086 Domino
1565 5031 1863 5086 constituit.
1911 5032 1968 5086 ln
2023 5047 2211 5104 supra-

623 5121 768 5176 dicto
814 5135 944 5175 vero
982 5119 1101 5177 loco
1146 5119 1435 5184 Melbodio,
1504 5121 1730 5175 consilio
1773 5121 1917 5176 beati
1969 5121 2212 5192 prazsulis

623 5211 888 5277 Arnandi,
938 5221 994 5267 et
1049 5211 1251 5266 auxilio
1299 5211 1582 5281 Dagoberti
1626 5213 1798 5283 regis,
1835 5229 1956 5268 eum
2005 5214 2211 5269 duabus

621 5303 829 5358 sororis
870 5319 982 5359 sure
1011 5303 1186 5360 beatte
1212 5303 1582 5359 Waldetrudis
1623 5304 1833 5360 ﬁliabus
1867 5307 2207 5377 semetipsam

620 5395 969 5459 eontradidit,
1006 5404 1168 5464 atque
1203 5395 1385 5449 multis
1415 5395 1536 5450 aliis
1584 5397 1653 5450 ibi
1701 5411 1884 5452 secum
1920 5398 1972 5449 in
2012 5407 2209 5454 sancta:

624 5483 904 5556 religionis
945 5485 1131 5540 habitu
1178 5487 1548 5558 congregatis,
1595 5487 1648 5541 in
1695 5495 1885 5542 sancta
1927 5503 2210 5545 conversa-

694 5689 845 5762 (ti97)
877 5690 1003 5763 Haec
1023 5707 1192 5763 usque
1222 5693 1287 5748 ad
1317 5710 1464 5749 num.
1492 5694 1560 5749 15
1583 5694 1777 5750 desunt
1803 5693 1986 5750 Surio.

696 5761 846 5832 (598)
889 5761 1045 5818 Later
1071 5761 1215 5818 vasis
1244 5779 1412 5836 genus
1437 5775 1540 5832 est,
1573 5775 1662 5822 aut
1689 5767 1884 5836 pelvis.

2301 3289 2446 3343 nitus
2491 3289 2542 3342 in
2585 3296 2707 3342 cute
2735 3304 2845 3343 suze
2874 3289 3054 3343 carnis
3083 3304 3341 3359 perpessa
3376 3287 3590 3348 Iresionis,
3611 3285 3647 3336 in
3667 3280 3748 3349 pati-

2303 3389 2543 3434 mentum
2589 3379 2862 3449 deposrrit.
2901 3379 3134 3434 Tantum
3173 3380 3316 3450 apud
3359 3379 3506 3433 Deum
3531 3384 3573 3430 et
3597 3371 3749 3426 meritum

2297 3471 2556 3542 jrrbeutis,
2587 3479 2642 3525 et
2675 3471 2848 3526 virtus
2885 3471 3030 3542 (599)
3073 3471 3376 3526 obedientis
3406 3470 3509 3524 sine
3533 3462 3750 3522 dubitatione

2304 3561 2620 3632 promeruit.

2932 3651 3161 3708 CAPUT
3204 3653 3269 3708 ν.

2643 3745 2964 3817 Aldegtmdis
2996 3746 3236 3811 virtutes,
3266 3743 3522 3799 miracula.

2377 3859 2464 3913 l7.
2499 3858 2665 3913 Beata
2710 3873 2840 3913 vero
2878 3858 3211 3930 Aldegundis
3245 3875 3274 3912 a
3316 3858 3563 3929 proposito
3598 3865 3667 3908 suo
3695 3862 3753 3900 non

2306 3950 2622 4015 deﬁciebat,
2666 3950 2758 4004 sed
2811 3951 2876 4004 de
2921 3949 3124 4004 virtute
3167 3949 3451 4019 proﬁciens
3491 3947 3534 4000 in
3568 3944 3754 3998 virtutem.

2307 4041 2450 4096 sicut
2479 4057 2508 4094 a
2543 4041 2774 4110 pueritia
2811 4048 3068 4109 coeperat,
3102 4040 3155 4094 in
3194 4040 3394 4094 sanctis
3427 4035 3632 4106 operibus
3654 4027 3756 4098 quotio

2309 4133 2395 4189 die
2418 4140 2831 4202 perseveranter
2861 4129 3189 4184 abundabat.
3219 4130 3350 4185 Cum
3375 4129 3503 4184 enim
3529 4125 3660 4179 adhuc
3675 4123 3756 4170 esset

2312 4223 2364 4278 in
2399 4225 2556 4278 domo
2584 4233 2889 4294 parentum,
2918 4231 3077 4276 attate
3107 4223 3326 4294 quidem
3361 4220 3552 4280 tenella,
3577 4213 3645 4270 sed
3665 4206 3756 4264 οοτύε

2309 4321 2546 4378 matura,
2577 4312 2836 4382 quidquid
2875 4313 2955 4366 sui
2990 4312 3130 4380 juris
3160 4321 3294 4377 erat,
3325 4310 3608 4382 pauperibus
3631 4295 3757 4357 misell-

2310 4404 2549 4459 corditer
2595 4404 2872 4474 erogabat.
2916 4401 2973 4458 Si
3015 4403 3211 4474 virgini
3264 4413 3603 4469 nonnunquam
3633 4391 3756 4447 deem.

2313 4492 2562 4548 voluntas
2603 4501 2780 4547 tamen
2825 4492 3085 4562 largiendi
3136 4494 3241 4568 sibi
3287 4504 3538 4560 nunquam
3580 4485 3758 4539 decrem-

2315 4584 2426 4639 bat.
2463 4583 2630 4637 Mater
2657 4594 2834 4637 autem
2865 4582 2982 4652 ejus
3011 4583 3256 4650 Bertilia,
3290 4601 3390 4639 non
3419 4579 3637 4636 modicum
3661 4583 3756 4640 peak

2317 4676 2417 4730 nire
2449 4676 2763 4729 thesaurum
2795 4685 3220 4746 congregaverat
3252 4694 3266 4730 :
3298 4675 3384 4744 qui
3424 4674 3532 4727 licet
3563 4666 3679 4722 tiliam
3698 4670 3757 4746 οφ

2315 4765 2525 4828 lateret,
2559 4765 2864 4820 occultante
2909 4745 3086 4820 matre
3139 4766 3336 4830 locum,
3368 4762 3485 4819 nihil
3527 4770 3658 4815 tamen
3688 4745 3758 4802 i0de

2317 4855 2436 4908 tulit
2479 4863 2603 4909 ante
2651 4865 2878 4910 mortem
2927 4854 3090 4910 illius.
3133 4855 3299 4911 Facta
3333 4869 3451 4909 vero
3481 4853 3686 4918 superstes
3707 4849 3757 4903 νδ·

2316 4955 2552 5009 rentum,
2587 4944 2731 5001 illico
2775 4946 3101 5016 pauperibus
3143 4945 3309 5015 carpit
3351 4941 3517 4998 matris
3552 4936 3755 4991 thcaaul'um

2312 5051 2559 5107 erogare.
2591 5036 2926 5092 Procedente
2955 5046 3134 5092 autem
3166 5047 3420 5107 tempore,
3447 5046 3550 5088 curn
3569 5029 3650 5098 jam

2313 5127 2723 5182 materfamilias
2769 5143 2892 5182 cum
2941 5143 3127 5183 sorore
3173 5144 3288 5193 sua,
3334 5134 3475 5180 vocat
3513 5117 3669 5174 ﬁdelem
3702 5120 3756 5159 Ili

2312 5219 2564 5282 nistrum,
2601 5218 2808 5288 profert
2849 5228 3136 5288 argentum
3177 5218 3243 5272 ad
3291 5202 3756 5284 comparantltlthTSi”s

2312 5309 2364 5363 in
2395 5321 2529 5377 opus
2574 5322 2856 5362 servorum
2898 5315 2954 5362 et
2993 5323 3286 5379 pauperum
3327 5288 3754 5379 Christi,jub¢95"lr

2311 5398 2356 5455 si
2389 5397 2516 5468 quid
2547 5397 2613 5452 de
2645 5398 2869 5468 pecunia
2909 5377 3234 5469 superesset,
3267 5397 3364 5453 sibi
3401 5391 3572 5450 referre
3602 5377 3750 5436 debeat

2312 5491 2500 5562 Implet
2545 5505 2735 5548 servus
2769 5491 3000 5546 domina:
3059 5507 3169 5548 sua:
3213 5497 3542 5563 prmceplum:
3581 5472 3673 5532 emit
3703 5475 3754 5514 αν

2388 5699 2536 5772 (599)
2578 5698 2735 5757 Aliud
2771 5714 2871 5757 ms.
2911 5699 3230 5756 obedientia’.
