3878 5532
84 389 180 446 969

1163 393 1322 449 VITA
1361 391 1418 448 S.
1457 390 1894 448 ALDEGUNDIS
1939 391 2250 450 ViRGiNiS.

3219 403 3324 460 870

85 512 217 566 piam
252 497 514 564 vestium;
547 499 691 570 quod
737 499 998 556 remansit
1037 501 1276 570 pecuniae
1313 498 1478 556 refert
1509 517 1523 554 :
1553 515 1644 555 ar—
1675 507 1722 566 Α
1753 499 1984 557 vivebat.
2013 501 2116 556 Sed
2143 502 2350 559 Domini
2377 505 2672 564 Salvatoris
2697 497 3018 582 benignitas,
3047 521 3102 566 ut
3133 511 3187 568 in
3219 512 3324 570 ηδε

80 589 216 658 genti
255 589 529 657 quantitas
565 593 834 660 reperitur
859 608 922 646 ac
951 591 995 646 si
1027 591 1160 646 nihil
1189 606 1484 662 expensum
1515 590 1650 645 fuis-

82 685 178 732 set.
220 679 546 748 Stupefaetze
581 697 744 751 super
781 683 1042 738 immensa
1081 683 1328 753 largitate
1354 680 1648 746 Creatoris,

79 772 194 841 quis
221 771 490 842 explicare
521 773 666 828 valet
693 783 924 844 quantas
947 774 1056 830 Deo
1081 773 1281 845 gratias
1307 771 1552 843 egerint?

146 863 234 916 l8.
275 863 515 930 Quadam
547 863 708 918 etiam
749 874 908 920 nocte
941 865 1067 918 dum
1101 862 1272 918 ambae
1301 862 1520 918 Christo
1547 861 1651 916 Do-

75 950 223 1006 mino
257 951 462 1006 devota:
489 967 722 1017 sorores,
756 955 822 1009 de
847 953 1132 1010 dilectione
1165 955 1346 1024 sponsi
1387 951 1646 1016 cmlestis,

72 1049 126 1096 et
156 1042 570 1096 conversatione
598 1043 850 1113 regulari,
880 1051 936 1098 et
965 1043 1136 1098 salute
1163 1057 1410 1098 sororum
1441 1057 1470 1096 a
1503 1055 1650 1096 sum-

71 1146 160 1186 mo
188 1131 414 1188 Pastore
443 1133 544 1188 sibi
574 1135 922 1200 creditarum,
950 1134 1174 1190 sollicite
1213 1135 1498 1205 pervigiles
1537 1147 1642 1188 me-

68 1223 396 1290 ditarentur,
427 1224 653 1280 candela
686 1240 872 1280 coram
913 1227 1086 1296 posita
1125 1227 1302 1282 subito
1331 1227 1530 1282 cadens
1557 1241 1651 1282 ex-

66 1313 379 1382 stinguitur.
413 1312 652 1383 Cumque
691 1316 1134 1385 prmstolarentur
1167 1325 1224 1372 ut
1251 1316 1320 1372 ab
1347 1317 1526 1388 aliquo
1559 1333 1650 1372 su-

65 1399 419 1467 perveniente
460 1403 924 1466 reaccenderetur,
959 1413 1013 1460 et
1060 1405 1238 1475 aliqua
1285 1406 1436 1460 lieret
1475 1419 1648 1472 mora,

63 1493 227 1561 virgo
257 1491 391 1548 lucis
423 1494 653 1548 amatrix
694 1497 936 1564 porrexit
965 1511 1208 1564 manum,
1241 1497 1514 1554 lucernam
1561 1513 1650 1554 ac-

63 1583 249 1651 cepit;
303 1582 356 1635 in
409 1581 562 1650 cujus
613 1597 772 1638 manu
827 1586 1082 1642 continuo
1131 1587 1348 1642 lucerna
1396 1589 1650 1645 divinitus

63 1670 252 1724 lumen
301 1673 521 1744 recepit.
558 1674 674 1740 Quo
709 1675 966 1730 miraculo
997 1677 1256 1732 Dominus
1285 1685 1465 1734 noster
1494 1677 1650 1736 Iesus

63 1761 342 1824 Christus,
377 1765 468 1834 qui
512 1775 594 1820 cst
634 1765 722 1820 lux
761 1782 886 1822 vera
925 1767 1104 1838 (Joan.
1139 1784 1176 1834 ι,
1207 1769 1282 1841 9),
1313 1785 1372 1824 se
1415 1785 1650 1840 praesen-

1749 593 2124 648 corroboraret
2145 595 2352 651 animos
2388 597 2706 656 famularum
2737 618 2981 669 suarum,
3012 621 3117 660 non
3148 608 3322 662 distu-

1749 682 1812 737 lit
1835 685 2118 740 ostendere
2145 701 2306 756 quam
2353 691 2452 746 sibi
2487 702 2672 762 gratus
2717 704 2858 750 esset
2897 711 2995 765 pro
3033 697 3112 751 sui
3153 698 3322 752 nomi-

1751 771 1838 826 nis
1891 787 2074 828 amore
2141 779 2532 834 transeuntium
2575 787 2928 854 .‘coutcmptus
2991 799 3193 840 rerum.
3249 785 3327 842 Eo

1751 875 1984 930 namque
2031 861 2138 928 die,
2177 878 2284 932 quo
2321 863 2514 922 famula
2560 867 2652 924 Dei
2697 879 2802 924 tam
2851 872 3140 942 gloriosum
3191 889 3324 945 opus

1751 949 2046 1022 largitionis
2085 967 2194 1006 sua:
2229 955 2619 1024 compleverat,
2642 959 3159 1030 advesperasccnte,
3195 963 3320 1017 dum

1749 1037 1864 1108 ipsa
1911 1038 2132 1108 jubentc
2180 1041 2407 1096 ministri
2455 1044 2556 1099 sibi
2605 1045 2874 1102 deferrent
2921 1049 2988 1104 ad
3035 1051 3324 1119 potandum

1751 1144 1946 1198 aquam
1987 1130 2054 1184 de
2107 1130 2253 1186 fonte
2300 1133 2388 1202 qui
2440 1135 2744 1203 nuptiarum
2799 1139 3222 1196 celebratoribus
3267 1141 3322 1194 in

1748 1219 1892 1276 Cana
1912 1220 2128 1276 Galilea:
2149 1221 2328 1276 vinum
2356 1238 2422 1276 ex
2447 1239 2582 1292 aqua
2605 1225 2830 1296 largitus
2851 1238 2932 1282 est
2953 1228 3132 1299 (Joau.
3158 1247 3217 1294 ll,
3241 1232 3321 1301 9),

1749 1310 1864 1380 ipse
1891 1310 2052 1366 fontis
2077 1325 2268 1380 aquam
2307 1327 2514 1382 sponsa
2554 1329 2664 1370 sum
2701 1315 3062 1373 refocillanda:
3093 1322 3322 1376 mutavit

1749 1401 1803 1456 in
1837 1402 2096 1458 mirabilis
2136 1403 2246 1458 vini
2293 1418 2557 1474 saporem.
2591 1405 2740 1472 Quod
2777 1407 2975 1464 factum
3002 1425 3124 1466 cum
3151 1414 3325 1468 omni-

1747 1492 1850 1550 bus
1895 1494 2104 1550 ancillis
2155 1495 2246 1548 Dei
2296 1495 2348 1548 in
2395 1497 2725 1552 monasterio
2769 1498 3109 1568 iunotnisset,
3145 1511 3326 1558 tantus

1747 1601 1897 1640 amor
1929 1586 2134 1640 Domini
2173 1585 2373 1641 Christi
2405 1597 2612 1642 mentes
2637 1603 2822 1643 earmn
2857 1589 3232 1658 inflammavit,
3263 1602 3320 1647 ut

1749 1674 1941 1729 intuitu
1971 1675 2093 1729 dilei
2111 1675 2271 1729 tionis
2301 1675 2462 1741 illius,
2509 1677 2650 1730 nulla
2691 1679 2942 1750 deinceps
2979 1680 3177 1752 aliquid
3217 1689 3326 1737 tero

1749 1779 1934 1818 renum
1965 1765 2242 1834 possidere
2275 1775 2510 1820 curaret.

63 1863 177 1909 rem
223 1871 345 1912 esse
377 1857 585 1913 ancillis
619 1859 731 1914 suis
759 1860 1142 1926 manifestat-il,
1174 1877 1309 1932 quas
1339 1863 1390 1916 in
1421 1879 1519 1918 suo
1547 1877 1640 1918 no.
1677 1860 1720 1920 Β
1813 1854 1902 1907 2i.
1930 1855 2140 1909 Accidit
2159 1855 2464 1925 aliquando,
2496 1865 2674 1911 utnna
2705 1857 3024 1913 famularum
3045 1860 3318 1916 urceolum

51 1946 220 2001 mine
257 1957 612 2018 congregatas
651 1965 751 2006 nec
791 1952 860 2008 ad
895 1960 1226 2007 momentum
1257 1955 1466 2024 perpeti
1501 1964 1649 2010 tene-

61 2036 202 2092 bras
217 2030 494 2108 'pertnisit.

135 2129 230 2183 l9.
271 2129 385 2184 Non
419 2131 585 2187 multo
614 2141 734 2202 post
757 2141 1014 2206 tempore,
1045 2135 1170 2190 dum
1198 2138 1397 2192 eaedem
1438 2136 1646 2192 cmlesti

57 2219 284 2289 Sponso
330 2221 539 2278 dilecta:
570 2239 839 2292 germanae
875 2225 978 2280 sibi
1026 2227 1302 2282 commissi
1341 2228 1521 2297 gregis
1553 2242 1648 2282 cu-

59 2326 186 2363 ram
239 2321 509 2382 gererent,
559 2314 868 2368 incedentes
918 2330 1016 2384 per
1070 2317 1395 2382 cmnobium,
1447 2317 1646 2384 negotii

53 2401 198 2470 quid
231 2412 430 2456 acturae
475 2412 734 2458 venerunt
774 2404 840 2457 ad
877 2401 1154 2458 basilicam
1193 2406 1336 2460 beati
1377 2405 1649 2475 apostolo.

53 2507 190 2544 rum
243 2492 501 2562 principis
545 2491 716 2556 Petri,
766 2493 830 2546 ad
887 2492 1074 2546 horam
1121 2492 1382 2549 oraziouis
1421 2507 1645 2550 sextam.

45 2581 429 2638 Pulsaverunt
473 2585 690 2638 ostium.
719 2584 922 2637 Aberat
951 2584 1152 2654 janitor
1182 2587 1384 2656 templi,
1413 2587 1504 2642 sed
1542 2602 1648 2642 non

40 2673 259 2724 aberat
285 2673 404 2726 cadi
430 2670 661 2740 janitor:
695 2673 784 2740 qui
817 2673 998 2726 statim
1038 2673 1342 2730 faiuulabus
1367 2675 1479 2730 suis
1506 2675 1650 2732 fores

29 2759 316 2814 ecclesia:
369 2761 578 2816 clausas
629 2763 1002 2828 reseravit,ne
1049 2764 1219 2836 gratia
1277 2763 1650 2820 l‘raudarentur

13 2850 363 2916 orat'ionis;
395 2861 448 2906 et
474 2853 684 2910 animus
702 2871 906 2924 carum,
933 2859 1077 2914 velut
1098 2875 1256 2916 arcus
1287 2861 1340 2914 in
1369 2861 1649 2916 servitium

31 2940 313 2994 divinum
346 2951 613 3008 extentus,
639 2945 973 3003 relevaretur
999 2950 1065 3004 ab
1089 2949 1384 3004 intentione
1406 2965 1650 3020 superna:

35 3031 564 3102 contemplationis.
594 3037 740 3092 Tune
771 3039 1034 3095 intrantes
1080 3059 1098 3090 ι
1127 3041 1344 3095 domum
1387 3042 1650 3098 orationis

39 3121 285 3192 (ΜαιιΙι.
337 3139 448 3187 im,
499 3127 633 3196 13):
679 3129 835 3185 solito
886 3131 1130 3186 devotius
1167 3141 1222 3186 et
1265 3132 1451 3203 majori
1497 3149 1646 3190 com-

1745 1958 1882 2013 aqua
1916 1943 2167 2012 repleret,
2197 1960 2302 2014 qua
2336 1955 2521 1999 sancta
2547 1946 2694 2017 virgo
2725 1961 2916 2002 manus
2943 1963 3068 2002 suas
3105 1949 3328 2002 abluere

1745 2035 1984 2092 deberet.
2051 2036 2444 2092 lnte:cmrente
2495 2053 2624 2109 ergo
2681 2055 2863 2104 mora,
2919 2050 3173 2096 vacuatus
3235 2053 3324 2097 est

1746 2141 1941 2182 urceus
1969 2127 2034 2181 ad
2073 2127 2208 2183 alios
2231 2143 2390 2195 usus,
2420 2129 2506 2183 illa
2539 2131 2808 2185 nesciente
2833 2147 2952 2201 qua:
2995 2147 3089 2187 vas
3127 2133 3320 2202 implec

1752 2227 1923 2272 verat.
1948 2217 2188 2288 Cumque
2213 2217 2393 2273 fusura
2435 2229 2578 2276 esset
2618 2236 2811 2289 aquam
2849 2224 2900 2276 in
2929 2223 3176 2277 manibus
3205 2225 3322 2293 ejus

1747 2316 1800 2362 et
1826 2323 2053 2362 vacuum
2076 2310 2365 2378 reperisset
2391 2327 2608 2366 urceum
2627 2351 2640 2375 ,
2667 2313 3012 2368 tremebunda
3042 2329 3321 2370 recurrere

1747 2398 1929 2453 volens
1951 2400 2016 2454 ad
2045 2400 2272 2467 fontem,
2303 2403 2482 2456 Subito
2510 2404 2678 2458 sensit
2707 2419 2925 2458 urceum
2965 2421 3104 2474 aqua
3153 2406 3321 2475 reple-

1747 2498 1883 2542 tum.
1926 2487 2037 2544 lloc
2081 2490 2232 2559 signo
2277 2492 2488 2546 cunctis
2537 2493 2590 2546 in
2641 2494 2886 2548 ρωποι)ἰο
2937 2494 3319 2563 manifestato,

1750 2579 1998 2634 neritum
2053 2580 2280 2650 virginis
2334 2581 2704 2650 admirantur;
2767 2583 2954 2640 laudes
2979 2584 3047 2640 ab
3075 2586 3324 2641 omnibus

1747 2668 1976 2724 Domino
1999 2668 2124 2725 Jesu
2154 2671 2485 2726 referuntur.

1817 2760 1906 2814 22.
1947 2761 2188 2828 Quadam
2218 2763 2323 2828 die,
2369 2762 2540 2817 beata:
2570 2763 2760 2835 virgini
2799 2764 2998 2834 piscem
3031 2767 3206 2822 adhuc
3235 2769 3320 2821 vi-

1749 2858 1962 2905 ventem
1994 2851 2229 2920 piscator
2253 2851 2420 2921 ipsius
2449 2852 2659 2907 detulit.
2687 2853 2854 2920 Quem
2883 2855 3060 2909 studio
3088 2856 3324 2910 charita—

1752 2938 1819 2994 tis
1865 2938 1932 2992 ad
1983 2955 2262 2996 servorum
2312 2941 2404 2995 Dei
2437 2943 2930 3011 supervenientium
2980 2961 3110 3001 usus
3156 2947 3325 3014 magis

1749 3045 1910 3099 quam
1951 3031 2017 3086 ad
2049 3047 2176 3088 suos
2213 3047 2516 3098 reservans,
2555 3034 2608 3088 in
2656 3034 2856 3089 fontem
2903 3038 3205 3106 proximum
3237 3036 3321 3106 ja-

1751 3119 1884 3174 ctari
1913 3121 2182 3190 praecepit.
2213 3121 2312 3187 Qui
2339 3122 2465 3176 dttm
2509 3122 2798 3193 aliquando
2824 3141 2990 3195 prope
3023 3127 3192 3196 ripam
3233 3145 3326 3180 na-

41 3212 364 3281 punctione
409 3215 647 3272 debitmn
693 3221 1057 3289 persolventes
1095 3221 1346 3292 oliicium,
1389 3239 1508 3280 cum
1539 3223 1648 3280 ala-
1675 3203 1718 3266 C
1752 3216 1910 3272 ίπθίν
1939 3207 2134 3263 Sillim“
2163 3209 2214 3262 ίη
2240 3224 2366 3264 39"“
2392 3211 2558 3278 dedit»
2589 3220 2644 3267 ει
2681 3213 2734 3266 ίη
2764 3213 2967 3268 είθειηη
3011 3215 3324 3284 ἀθνοηίθπεν

37 3305 263 3357 critatc
295 3305 491 3360 mentis
517 3307 582 3360 ad
613 3324 704 3362 sua
737 3325 966 3366 reversm
994 3321 1137 3366 sunt.

118 3392 230 3446 9.0.
275 3393 380 3447 Sed
424 3403 482 3448 ut
521 3411 708 3465 parum
758 3400 1034 3468 superiora
1075 3416 1456 3470 memoremus,
1503 3413 1650 3473 post-

38 3498 232 3552 quam
266 3483 416 3554 virgo
445 3485 658 3555 sapiens
687 3487 1016 3559 Aldcgundis
1046 3506 1074 3545 a
1105 3493 1452 3548 saecularibus
1495 3509 1647 3563 pou-

33 3577 140 3645 pis
166 3573 430 3640 alienata,
457 3578 953 3636 sanctimonialibus
977 3583 1310 3639 vestimentis
1337 3592 1420 3638 est
1441 3585 1646 3649 induta,

37 3683 260 3723 rursus
313 3669 569 3737 angelicis
622 3671 1074 3728 admonitionibus
1119 3675 1394 3738 roborata,
1439 3675 1646 3730 visione

35 3759 347 3824 mirabili,
402 3775 506 3830 qua
561 3761 844 3827 Dominum
898 3762 1080 3819 Jesum
1146 3773 1418 3836 tamquam
1481 3766 1648 3821 solem

33 3847 444 3921 splendentem
475 3851 953 3910 circumstantibus
983 3855 1186 3926 angelis
1217 3858 1398 3912 videre
1433 3859 1646 3922 meruit,

34 3943 345 3998 lmtilicata
373 3959 386 3996 :
415 3958 625 3997 memor
650 3944 808 3998 etiam
839 3946 1102 4000 sermonis
1143 3945 1371 4001 Amandi
1399 3947 1499 4000 viri
1531 3947 1646 4012 Dei,

29 4039 113 4093 de
165 4035 491 4091 omnimodo
523 4044 830 4104 contemptu
877 4036 1275 4105 temporalium,
1319 4046 1373 4092 et
1419 4038 1650 4094 culmine

29 4126 441 4199 perfectionis,
484 4127 626 4196 quod
665 4129 814 4196 prius
851 4125 962 4196 jam
997 4127 1268 4198 complere
1313 4132 1648 4210 cmperat‘iu

29 4229 250 4291 parte,
284 4219 442 4272 modo
477 4218 738 4274 deliberat
785 4219 1033 4274 omnibus
1073 4235 1192 4290 quae
1241 4221 1546 4290 possidebat
1585 4238 1650 4276 ex

31 4320 176 4364 tuto
237 4308 575 4372 renuntiare,
629 4307 760 4360 nihil
807 4307 1034 4362 interra
1065 4307 1368 4378 possidens,
1419 4309 1470 4362 in
1517 4309 1651 4364 ccelo

29 4400 302 4468 cupiens
332 4397 716 4452 thesaurizare.
760 4397 908 4452 Fecit
951 4412 1078 4466 ergo
1123 4398 1352 4453 describi
1385 4397 1464 4452 sui
1505 4414 1652 4454 sum-

29 4505 212 4546 mam
253 4487 512 4552 thesauri,
541 4496 595 4542 et
642 4489 806 4542 totius
847 4489 1086 4558 pecuniae
1130 4503 1288 4558 quam
1326 4489 1555 4543 habebat
1595 4489 1648 4543 in

1747 3297 1800 3352 in
1828 3298 1978 3350 arida
2003 3298 2264 3368 palpitare
2287 3301 2471 3370 coepit.

1873 3407 2152 3472 Admittam
2185 3413 2316 3458 corvi
2334 3410 2396 3457 de
2420 3411 2578 3460 vicino
2611 3415 2920 3472 crocitantes,

1876 3467 2132 3531 Unguibus
2159 3477 2210 3518 et
2239 3474 2406 3521 rostris
2429 3475 2610 3533 piscem
2641 3473 2824 3523 laniare
2849 3467 3088 3524 volentes.

1749 3569 1988 3626 Mirabile
2027 3571 2191 3636 dictu,
2239 3580 2294 3626 et
2341 3573 2612 3628 insolitum
2659 3575 2814 3628 visu!
2865 3573 3024 3628 Juxta
3065 3577 3324 3645 pascebat

1747 3675 1918 3731 agnus
1941 3661 2054 3730 qui,
2085 3662 2260 3716 minor
2287 3665 2502 3718 cmteris
2524 3665 2827 3734 pecoribus,
2853 3665 3100 3721 celeriter
3129 3683 3320 3724 accur—

1749 3753 1852 3818 rit,
1893 3754 2098 3824 piscem
2144 3769 2175 3808 a
2231 3754 2615 3811 devorantibus
2669 3757 2920 3825 arripuit,
2969 3759 3224 3815 cornibus
3268 3767 3325 3814 et

1746 3847 1974 3916 pedibus
1997 3861 2062 3901 ac
2091 3847 2255 3901 totius
2283 3847 2525 3917 corporis
2551 3847 2672 3900 nisu
2702 3855 2888 3902 contra
2915 3863 3180 3920 pugnans,
3209 3864 3328 3904 cor-

1749 3957 1844 3997 vos
1867 3943 2064 4013 abegit.
2095 3941 2247 4010 Quod
2276 3957 2492 3998 sorores
2511 3983 2524 4007 ,
2568 3945 2634 3997 de
2662 3945 2988 3998 monasterio
3021 3959 3154 3999 nova
3191 3944 3326 4000 bella

1749 4033 2164 4103 prospicientes,
2201 4032 2526 4089 festinanter
2553 4033 2906 4101 advenerunt,
2931 4034 3128 4104 piscem
3177 4035 3328 4090 inco-

1751 4121 1948 4177 lumem
1977 4121 2312 4186 invenerunt,
2364 4135 2469 4175 non
2520 4122 2637 4176 sine
2688 4123 2876 4191 grandi
2929 4123 3324 4188 admiratione,

1751 4212 1965 4269 famula:
2033 4213 2127 4269 Dei
2177 4213 2474 4284 Aldegundi
2527 4221 2952 4282 reportaverunt.
3007 4211 3114 4266 Sed
3186 4214 3326 4267 idem

1752 4319 1922 4376 agnus
1946 4303 2200 4360 defensor
2225 4304 2406 4374 piscis,
2441 4313 2550 4358 tam
2591 4305 2682 4358 diu
2731 4303 2964 4357 ferentes
3009 4313 3329 4372 prosecutus

1751 4408 1864 4460 est,
1912 4396 2081 4451 donec
2125 4395 2178 4450 in
2213 4396 2555 4466 praasentiam
2587 4393 2808 4465 virginis
2835 4393 3122 4448 abbatissa:
3167 4393 3330 4464 piscis

1753 4486 1966 4541 oblatus
1991 4493 2093 4540 est.

26 4593 200 4634 auro
227 4585 285 4630 et
311 4585 554 4646 argento,
578 4555 908 4647 gemmisque
931 4586 982 4632 et
1003 4555 1337 4632 ornamentis
1363 4575 1648 4648 regalibus,
1681 4555 1728 4614 Ῑ)
1821 4575 1913 4631 25.
1954 4574 2193 4642 Quodam
2243 4588 2374 4628 vero
2442 4581 2684 4641 tempore
2741 4586 2957 4627 sorores
3013 4573 3331 4628 monasterii

13 4685 186 4742 'qme
237 4666 342 4721 sibi
375 4665 568 4720 collata
599 4667 811 4722 fuerant
841 4683 870 4721 a
909 4684 1036 4740 rege
1063 4678 1116 4723 et
1147 4667 1360 4739 reginaf,
1393 4667 1646 4738 principi-

27 4765 160 4817 bus
191 4775 259 4812 Cl
291 4755 535 4826 cognatis
559 4765 614 4810 et
651 4759 964 4827 parentibus
1008 4759 1140 4823 suis,
1177 4766 1298 4828 post
1328 4757 1650 4813 velationem

25 4849 272 4924 capitis
301 4849 405 4914 sui,
435 4863 498 4902 ac
527 4859 648 4917 post
675 4847 852 4920 largas
881 4850 1215 4916 donationes,
1243 4865 1377 4920 quas
1409 4849 1655 4922 pauperi-

25 4951 158 5004 bus
213 4940 446 5006 Christi,
477 4939 701 4994 consilio
731 4941 1008 4995 beatorum
1049 4943 1276 4996 Amandi
1314 4955 1478 5014 atque
1521 4943 1655 4995 Aut-

25 5035 209 5094 lierti
250 5031 644 5101 episcoporum,
669 5031 1050 5097 distribuerat;
1075 5041 1130 5086 et
1154 5032 1268 5088 hinc
1292 5033 1472 5087 omnia
1501 5031 1652 5102 virgo

25 5123 518 5202 prudentissima,
547 5120 736 5176 domus
779 5119 872 5174 Dei
899 5121 1144 5176 decorem
1172 5119 1332 5177 etiam
1369 5120 1656 5178 exterioris

27 5223 332 5290 diligens,
362 5219 426 5278 ad
455 5215 621 5270 decus
646 5213 1017 5282 ecclesiarum,
1045 5217 1235 5270 devota
1267 5224 1448 5272 mente
1488 5212 1654 5266 dona-

27 5317 152 5372 vit.
188 5309 406 5365 Praedia
435 5322 566 5363 vero
609 5306 1080 5377 possessionesque
1111 5305 1366 5376 inﬁnitas,
1411 5303 1484 5360 ad
1528 5317 1658 5356 usus

1753 4667 1930 4723 locum
1953 4666 2330 4728 accenderant,
2348 4673 2421 4729 et,
2442 4675 2500 4718 ut
2517 4665 2618 4718 sibi
2644 4664 2808 4718 moris
2828 4673 2965 4726 erat,
2981 4665 3046 4718 ad
3070 4664 3332 4718 abluenda

1753 4758 2066 4813 indumenta
2082 4754 2379 4810 caldarium
2402 4770 2522 4809 cum
2551 4769 2689 4822 aqua
2715 4767 2880 4824 super
2903 4753 3078 4808 focum
3103 4768 3336 4822 suspen-

1755 4850 1964 4905 derant.
2005 4846 2118 4901 lina
2163 4856 2339 4900 autem
2377 4863 2442 4900 ex
2489 4844 2616 4910 illis,
2650 4845 2884 4899 tunicam
2915 4846 3087 4899 beatae
3116 4844 3340 4912 virginis

1754 4937 2083 5009 Aldegundis
2109 4935 2313 4992 habens
2347 4937 2609 4997 indutam,
2651 4934 2801 5001 juxta
2831 4948 3034 5002 prunas
3062 4932 3332 4994 adstabat,

1759 5045 1882 5084 cum
1909 5041 2035 5082 ecce
2063 5039 2286 5094 serpens
2319 5025 2598 5092 aatiquus,
2622 5021 2868 5075 invidens
2893 5019 3084 5075 humili
3114 5017 3339 5071 famula-

1762 5137 1882 5176 rum
1913 5117 2115 5174 Christi
2143 5112 2344 5178 oﬂicio,
2370 5113 2592 5187 propius
2634 5111 2931 5165 adstantem
2953 5108 3084 5177 igni,
3112 5108 3347 5176 coniecit

1763 5211 1819 5266 in
1857 5209 2050 5268 focum,
2092 5215 2147 5260 et
2186 5219 2389 5272 aquam
2422 5204 2716 5258 ferventem
2757 5213 2917 5268 super
2942 5211 3112 5268 ipsam
3141 5197 3350 5250 ell’udit.

1765 5301 1836 5355 At
1858 5299 1966 5362 illa,
1995 5311 2116 5350 cum
2150 5292 2406 5360 caderet,
2444 5297 2646 5346 sancta:
2669 5287 2947 5341 Trinitatis
2983 5299 3174 5339 nomen
3205 5284 3354 5337 invo-

29 5403 206 5465 ίηίω
273 5400 381 5470 regi
424 5375 646 5454 Christo
694 5375 1068 5455 famulantium
1117 5399 1322 5467 publica
1354 5375 1661 5455 donatione
1768 5392 1929 5446 cavit.
1957 5385 2186 5442 Ancilla:
2216 5383 2316 5438 Dei
2346 5383 2668 5441 festinantes
2689 5384 3062 5439 accurrerunt,
3091 5375 3158 5429 de
3176 5375 3354 5429 medio

27 5493 344 5532 nn.‘n‘,cc:|
389 5509 401 5520 ο
434 5497 630 5532 ρφιριυι
682 5489 920 5522 ηηῖνηνιν-
