3916 6420
614 365 709 420 871

1229 467 1456 524 CAPUT
1499 469 1582 523 Vl.

930 558 1186 614 Visiones.
1217 557 1522 629 PrOphetia.
1553 558 1859 630 Αέρνὶιαάο.

685 651 778 708 24.
812 649 957 704 Inter
985 649 1087 702 alia
1115 649 1309 703 divina:
1336 648 2026 704 consolationissbeneficia
2059 662 2180 717 qua:

611 744 788 816 gratia
838 741 1047 796 Domini
1095 741 1378 794 salvatoris
1424 741 1549 795 huic
1593 741 1790 810 virgini
1845 741 2178 806 conferebat,

613 835 741 890 illud
774 849 877 887 non
920 831 1260 884 mediocriter
1305 830 1677 885 admirandum
1722 839 1823 884 est.
1881 831 2024 899 quod
2060 846 2180 885 eam

616 923 855 994 angelica
906 921 1216 974 visitatione
1273 933 1413 988 saepe
1472 918 1812 973 familiariter
1845 918 2180 983 confortans,

614 1016 792 1084 aliqua
837 1013 1089 1068 mmstitia
1115 1010 1255 1066 allici
1289 1012 1488 1065 diutius
1517 1026 1620 1064 non
1648 1012 2012 1080 permittebat.
2031 1011 2184 1076 Quod

613 1108 775 1162 etiam
799 1120 863 1158 ex
887 1106 1068 1172 parvis
1109 1101 1270 1156 facile
1346 1101 1640 1170 coniectari
1685 1109 1878 1171 potest.
1927 1102 2186 1156 Audierat

613 1198 757 1251 enim
798 1193 1086 1263 aliquando
1118 1194 1182 1248 de
1209 1207 1266 1247 se
1293 1192 1557 1262 prolatum
1585 1193 1932 1248 detractionis
1963 1194 2183 1248 verbum

613 1302 643 1340 a
671 1286 993 1356 quibusdam
1034 1283 1305 1352 perversis
1333 1291 1387 1338 et
1438 1282 1550 1337 otio
1584 1282 1902 1337 vacantibus
1927 1323 1942 1347 ,
1987 1283 2186 1352 quibus

613 1387 696 1433 est
727 1378 957 1445 pessima
978 1375 1310 1429 consuetudo
1336 1388 1549 1440 semper
1569 1371 1826 1443 derogare
1855 1373 2182 1428 melioribus.

614 1468 858 1536 Cumque
883 1465 1108 1534 virginis
1131 1465 1363 1527 animus,
1398 1472 1455 1516 ut
1477 1472 1560 1518 est
1581 1464 1826 1517 humana:
1848 1462 2182 1532 fragilitatis,

613 1556 1004 1626 aliquantulum
1037 1555 1160 1608 inde
1187 1555 1542 1618 cruciaretur,
1574 1554 1724 1607 adest
1773 1553 1998 1623 angelus
2029 1554 2188 1609 solito

613 1648 898 1704 consolans
921 1663 1062 1712 eam,
1080 1646 1362 1716 verbisque
1382 1645 1626 1700 dulcibus
1641 1647 1998 1714 permulcens.
2025 1646 2186 1714 Quid,

616 1737 811 1805 inquit,
871 1751 904 1789 ο
961 1734 1270 1789 dulcissima
1323 1735 1498 1803 virgo,
1559 1749 1756 1803 sponsa
1803 1734 2013 1788 Domini
2061 1735 2187 1789 Jesu

1157 354 1497 413 HUCBALDI
1538 354 1698 412 MON.
1741 353 1800 410 3.
1841 351 2100 408 AMANDI
2137 353 2287 412 OPP.
2326 353 2503 410 PARS
2541 355 2582 410 Ι.
2622 383 2689 394 -
2727 353 3292 415 HAGIOGRAPHICA.
3665 375 3730 432 δῖε

2205 475 2258 537 Α
2288 469 2662 537 ρηεείεηωιθι,
2715 469 2822 524 alte
2871 471 3152 542 suspirans
3189 473 3274 530 :0
3313 474 3591 537 charissima
3613 500 3728 556 soror,

2279 557 2472 626 inquit,
2498 557 2742 614 amabilis
2772 568 2826 613 et
2863 560 3055 615 devota
3085 556 3276 630 sponsa
3312 565 3458 637 Regis
3501 578 3731 633 aeternibo.

2279 647 2409 701 mini
2439 647 2618 702 Nostri
2655 648 2780 704 Jesu
2808 650 3034 717 Christi,
3063 654 3264 721 gratias
3297 671 3391 724 age
3410 659 3511 714 sine
3530 661 3732 726 intermis-

2280 737 2434 792 sione
2467 737 2664 793 divinte
2691 740 3009 808 dignationi,
3065 759 3185 813 qua:
3221 745 3310 799 tibi
3341 748 3594 806 dulcissimi
3614 770 3732 824 pasto-

2280 826 2356 881 ris
2372 836 2428 880 et
2468 827 2581 897 jam
2611 827 2811 882 factum
2849 832 2914 885 ad
2941 831 3179 887 ccelestia
3229 839 3505 901 transitum,
3548 851 3590 896 et
3639 855 3732 902 tau

2280 916 2333 971 in
2373 919 2625 1005 proximo
2685 918 2944 987 futurum,
3015 929 3458 993 prtemonstravit.
3517 931 3633 988 Unde
3655 942 3731 1005 qui:

2282 1004 2636 1075 caelestisjam
2661 1007 2995 1065 dulcedinem
3011 1015 3198 1081 patriae
3219 1030 3561 1088 saporemque.
3583 1004 3733 1083 Domino

2282 1097 2578 1163 revelante,
2611 1106 2978 1168 praegustasti,
3021 1109 3376 1160 necessarium
3433 1120 3520 1174 est,
3567 1123 3611 1166 ut
3643 1119 3731 1171 omni

2284 1189 2535 1244 instantia
2585 1191 2636 1243 in
2671 1191 2787 1258 ejus
2818 1194 3112 1264 "obsequio
3165 1212 3487 1266 perseveres,
3538 1203 3664 1259 donec
3696 1224 3732 1262 ea

2283 1294 2404 1347 qua:
2458 1295 2518 1336 se
2601 1281 2948 1353 diligentibus
3018 1289 3348 1356 repromisit,
3419 1296 3630 1351 merearis
3660 1300 3731 1352 ali.

2283 1383 2439 1438 plSCl.

2353 1471 2443 1526 26.
2478 1473 2620 1529 Vidit
2650 1475 2816 1530 etiam
2870 1476 3157 1548 aliquando
3221 1481 3373 1536 beata
3423 1483 3731 1556 Aldegundisin

2286 1563 2423 1630 visu,
2452 1566 2854 1623 demonstraute
2887 1571 3138 1636 Domino,
3172 1573 3327 1628 valde
3372 1575 3552 1630 tristem
3599 1584 3733 1647 generis

2287 1655 2506 1710 humani
2583 1657 2859 1713 inimicum
2900 1678 2914 1714 :
2945 1677 3009 1716 ac
3045 1676 3398 1732 percunctans
3424 1667 3547 1720 illum
3572 1670 3730 1734 sollicite,

2290 1747 2573 1815 requisivit
2596 1764 2715 1818 qua:
2749 1760 2893 1804 tanta
2927 1764 3114 1807 contra
3145 1771 3316 1825 genus
3369 1758 3616 1813 humanum
3649 1773 3734 1815 esset

615 1825 839 1891 Christi,
902 1825 1033 1894 quid
1110 1825 1164 1878 in
1213 1825 1393 1879 verbis
1435 1824 1728 1878 otiosormn
1781 1831 1837 1878 et
1885 1823 2184 1878 invidorum
2218 1829 2403 1908 Bcjus
2425 1842 2769 1906 pervicacia?
2829 1842 2967 1909 Quid
3026 1823 3372 1901 emolumenti
3435 1849 3520 1902 sibi
3581 1851 3732 1905 futurum

616 1916 976 1980 contristaris,
1007 1929 1128 1969 cum
1161 1913 1254 1968 tibi
1282 1915 1438 1968 sedes
1450 1921 1636 1982 parata
1658 1915 1727 1968 sit
1751 1913 1899 1984 regni
1929 1913 2188 1978 caelestis,

614 2009 723 2064 illis
762 2017 965 2072 autem,
1015 2007 1117 2061 nisi
1148 2006 1490 2074 resipiscam,
1551 2013 1810 2059 aeternum
1869 2003 2187 2073 supplicium

521 2142 527 2146 .
613 2106 667 2152 et
696 2111 855 2167 pmna
886 2105 1130 2150 servetur
1165 2093 1488 2149 infernalis?
1519 2093 1736 2147 Talibus
1767 2093 1917 2163 virgo
1949 2103 2186 2148 recreata

615 2186 976 2244 sermonibus.
1028 2183 1432 2254 obloquentium
1485 2182 1752 2237 vanitates
1804 2197 1913 2237 non
1967 2185 2190 2251 ,curavit

614 2275 858 2330 ulterius.

683 2367 777 2422 25.
807 2367 934 2421 Post
983 2366 1098 2421 haze
1137 2373 1355 2430 autem,
1387 2373 1445 2418 ut
1501 2363 1555 2418 in
1615 2361 1735 2417 Vita
1783 2361 1929 2418 beati
1979 2361 2183 2419 Gis‘eni

613 2458 822 2529 plenius
847 2459 1137 2522 invenitur,
1194 2458 1319 2511 dum
1351 2457 1544 2511 beatus
1600 2453 1876 2508 Amandus
1912 2453 2184 2508 Dominica

617 2559 775 2604 nocte
810 2549 997 2617 plenus
1022 2548 1249 2611 dierum,
1282 2555 1537 2614 tanquam
1559 2545 1892 2597 frumentum
1917 2552 2184 2596 maturum

615 2642 670 2697 in
693 2643 943 2696 horreum
969 2641 1188 2695 cmlcste
1201 2638 1554 2702 eondcndum,
1578 2635 1728 2708 palea
1749 2636 1928 2690 carnis
1947 2635 2188 2704 deposita

618 2734 911 2803 migraret;
966 2733 1018 2786 in
1073 2732 1186 2800 ipsa
1249 2745 1377 2784 vero
1431 2730 1585 2795 hora,
1639 2731 1809 2783 beatze
1861 2727 2186 2798 Aldegundis

618 2820 817 2890 vigiliis
869 2829 923 2874 et
959 2819 1177 2890 hymnis
1202 2819 1254 2872 in
1279 2817 1506 2871 ecclesia
1534 2815 1767 2870 emnobii
1791 2813 2186 2881 Melbodiensis,

617 2927 798 2965 coram
826 2911 978 2964 altari
1008 2910 1250 2980 gloriosae
1310 2908 1587 2979 genitricis
1623 2908 1831 2962 Domini
1855 2906 2036 2962 Nostri
2060 2906 2186 2962 Jesu

617 3002 815 3056 Christi
849 3001 1049 3064 Mariae,
1086 2998 1427 3053 incumbebat
1455 2996 1786 3066 suppliciter.
1839 2996 1904 3050 Et
1931 2997 2185 3066 quoniam

617 3090 765 3146 illum
798 3090 849 3143 in
889 3089 988 3143 hac
1030 3089 1136 3142 vita
1199 3086 1425 3142 t’i‘iultum
1477 3086 1758 3150 dilexerat,
1805 3094 1988 3154 utpote
2034 3087 2187 3156 cujus

617 3182 864 3236 doctrina
914 3180 1145 3234 culmina
1183 3179 1440 3232 virtutum
1505 3179 1694 3232 edocta
1783 3178 2184 3240 conscenderat,
2218 3169 2262 3230 C

618 3272 829 3326 Domini
860 3270 1142 3323 salvatoris
1167 3269 1334 3339 gratia
1365 3267 1621 3322 revelavit
1657 3267 1726 3331 ci,
1754 3275 1812 3321 et
1852 3265 2004 3334 cujus
2043 3275 2189 3320 esset

618 3363 818 3425 meriti,
846 3375 1002 3430 quem
1048 3360 1421 3418 exhortantem
1480 3364 1820 3426 susceperat;
1856 3357 2072 3424 etquod
2100 3356 2186 3410 illa

617 3462 932 3524 sequeretur
983 3452 1036 3505 in
1095 3451 1359 3520 proximo,
1402 3464 1510 3518 quo
1537 3449 1643 3502 dux
1692 3447 1780 3502 ille
1822 3447 2182 3517 przecedebat.

618 3543 791 3599 Oraus
815 3543 976 3605 enim,
1008 3543 1061 3595 in
1110 3542 1309 3596 exstasi
1342 3541 1535 3596 mentis
1588 3540 1816 3606 elevata,
1867 3541 2195 3610 contempla-

617 3635 778 3689 batur
805 3647 989 3687 senem
1017 3631 1214 3696 virum,
1238 3647 1373 3685 cano
1390 3631 1589 3685 vertice
1613 3631 1984 3695 reverendum,
2010 3645 2192 3686 sacer-

621 3725 890 3781 dotalibus
920 3731 975 3778 et
1017 3722 1292 3793 praeclaris
1347 3722 1589 3776 vestibus
1631 3721 1895 3784 indutum,
1945 3719 2193 3774 baculum

619 3832 779 3870 manu
812 3824 1100 3880 tenentem,
1181 3814 1246 3868 ad
1291 3829 1521 3883 superna
1573 3813 1826 3876 transire,
1879 3813 2196 3880 turbamque

618 3906 888 3974 copiosam
927 3904 1225 3958 albatorum
1275 3911 1400 3957 ante
1429 3911 1483 3956 et
1518 3910 1636 3970 post
1662 3917 1783 3957 eum
1815 3901 1915 3955 iter
1945 3900 2148 3954 habere
2178 3917 2193 3954 :

627 3997 860 4066 seipsam
888 4009 1100 4064 quoquc
1150 3993 1299 4061 virgo
1327 4001 1512 4048 sancta
1579 3991 1864 4045 lmtabatur
1913 3989 1967 4043 in
2006 3991 2194 4043 eodem

617 4086 876 4140 comitatu
905 4083 1062 4140 simul
1093 4097 1406 4154 preperare.
1465 4082 1708 4150 Cumque
1737 4081 2014 4151 requisita,
2071 4081 2193 4149 quis

617 4185 760 4232 esset
787 4176 892 4229 dux
923 4174 1009 4229 ille
1025 4183 1131 4228 tam
1147 4173 1393 4244 gloriosae
1415 4171 1790 4234 multitudinis,
1822 4169 2193 4240 respondisset

618 4285 678 4324 se
705 4269 934 4333 nescire,
959 4268 1038 4321 sic
1061 4265 1282 4336 angelus
1322 4264 1492 4334 inquit
1521 4282 1535 4318 :
1567 4263 1827 4317 Amabilis
1850 4262 1958 4316 Deo
1982 4261 2186 4314 Aman-

617 4362 716 4415 dus
741 4376 770 4414 a
799 4359 993 4414 sasculo
1013 4357 1280 4426 migravit,
1313 4365 1368 4410 et
1401 4355 1653 4425 quoniam
1709 4353 1762 4407 in
1808 4352 1916 4406 vita
1946 4367 2042 4406 sua
2071 4352 2188 4406 sine

621 4451 830 4508 macula
861 4450 1094 4518 seipsum
1131 4449 1302 4518 gratia
1346 4447 1438 4501 Dei
1488 4459 1705 4500 servare
1749 4443 1977 4508 curavit,
2026 4451 2186 4511 atque

619 4543 718 4595 sibi
743 4541 1027 4596 commissa
1058 4539 1255 4593 talenta
1285 4536 1643 4606 dispensando
1669 4533 1897 4589 fideliter
1948 4533 2190 4602 duplica-

620 4633 717 4695 vit,
768 4631 927 4685 modo
955 4644 1076 4683 cum
1127 4628 1330 4683 sanctis
1374 4625 1676 4688 animabus,
1723 4639 1857 4693 quas
1911 4623 2078 4677 verbo
2134 4631 2190 4677 et

619 4719 865 4790 exemplo
888 4719 1114 4773 Domino
1137 4715 1441 4786 acquisivit,
1489 4714 1554 4768 ad
1610 4712 1800 4783 gaudia
1855 4711 1936 4765 sui
1978 4711 2188 4765 Domini

617 4823 724 4866 tam
749 4811 1012 4883 gloriosus
1055 4807 1310 4862 ascendit.
1331 4805 1478 4858 llauc
1499 4803 1754 4856 visionem
1778 4799 2189 4870 prudentissima

616 4903 766 4970 virgo
819 4899 948 4954 nulli
1032 4913 1214 4953 secum
1273 4894 1629 4950 habitantium
1677 4906 1743 4944 co
1791 4890 1877 4944 die
1923 4889 2185 4954 revelans,

617 4991 776 5046 beato
803 4989 1020 5045 Gisleno
1056 4987 1347 5050 mandavit,
1400 4994 1459 5038 ut
1479 4999 1599 5038 eum
1663 4995 1848 5036 sorore
1889 4993 1984 5034 sua
2028 4977 2184 5032 beata

617 5082 966 5138 Waldetrude
991 5080 1159 5150 gratia
1189 5075 1412 5132 visionis
1451 5075 1516 5129 ad
1561 5088 1618 5129 se
1639 5072 1950 5143 dignaretur
1984 5069 2211 5126 venire..

618 5175 824 5242 Quibus
890 5172 1231 5228 venientibus
1285 5169 1339 5224 in
1393 5167 1609 5230 locum,
1668 5165 1758 5233 qui
1834 5163 2027 5220 dicitur
2081 5159 2211 5235 Me-l

619 5264 769 5319 ruius
801 5262 948 5334 (600)
977 5259 1246 5316 festinavit
1273 5258 1486 5313 obviam
1525 5257 1623 5310 ire.
1651 5254 1889 5322 Curaque
1925 5253 2186 5307 visionem

617 5367 772 5408 suam
825 5353 966 5406 inter
1010 5350 1115 5405 alia
1183 5348 1371 5421 salutis
1422 5346 1688 5414 colloquia
1759 5344 1915 5398 beato
1971 5342 2189 5397 Gisleno

619 5441 1042 5505 manifestasset,
1096 5437 1400 5508 intelligens
1449 5437 1532 5490 vir
1584 5434 1699 5499 Dei,
1745 5433 1873 5502 quid
1909 5431 2000 5486 illa
2054 5430 2191 5484 visio

692 5572 838 5644 (600)
861 5572 917 5626 In
932 5572 1052 5627 Vita
1070 5569 1127 5626 S.
1161 5569 1387 5644 Cisleni,
1406 5575 1623 5623 auclore
1646 5564 1878 5620 Reinero
1904 5559 2190 5626 monacho,

621 5640 711 5702 hic
739 5640 887 5697 locus
912 5651 1135 5696 vocatur
1166 5640 1471 5694 blegnrivus.

691 5684 1655 5786 quam
1693 5722 1756 5760 c.\
1786 5697 2184 5786 vctustisdeodi-
2209 5773 2227 5781 _

2287 1940 2546 1998 speraret,
2571 1934 2697 1987 dum
2729 1942 2806 1988 tot
2834 1936 2997 1988 millia
3026 1936 3301 1993 hominum
3328 1940 3399 1994 'ad
3440 1940 3650 1995 infernum
3675 1944 3731 1994 im-

2285 2022 2484 2092 pellere
2521 2039 2625 2077 non
2657 2027 2934 2080 cessaret?
2966 2025 3064 2081 Cui
3095 2028 3360 2099 malignus
3376 2032 3622 2100 respondit,
3654 2032 3734 2085 invi-

2287 2111 2388 2165 dite
2411 2127 2514 2167 non
2553 2115 2777 2169 modica:
2826 2131 2886 2170 se
2936 2117 3121 2172 dolore
3188 2122 3420 2189 torqueri
3467 2134 3616 2176 contra
3649 2123 3732 2177 filios

2288 2201 2446 2267 Adae;
2486 2205 2577 2272 qui
2605 2206 2847 2273 quotidie
2901 2207 3028 2263 illuc
3071 2211 3439 2278 ascenderent,
3483 2214 3597 2267 unde
3635 2215 3734 2268 miser

2287 2291 2402 2362 ipse
2422 2308 2545 2348 cum
2566 2297 2677 2348 suis
2698 2296 2989 2351 exsularet.

2355 2385 2443 2439 27.
2483 2384 2885 2441 Studiosissima
2922 2389 3116 2443 divinae
3136 2389 3294 2460 legis,
3325 2391 3635 2446 indesinenter
3663 2407 3734 2445 €50-

2287 2475 2431 2530 riens
2456 2478 2621 2531 verbo
2658 2478 2864 2532 caelesti
2903 2480 3110 2544 satiari,
3151 2481 3482 2550 virorumque
3527 2493 3731 2536 sanctorum

2287 2578 2352 2618 ac
2387 2563 2757 2634 religiosorum
2792 2568 2956 2620 vitam
2996 2568 3220 2636 cupiens
3264 2570 3468 2633 imitari,
3493 2569 3731 2622 llumbertum

2289 2655 2420 2729 (601
2451 2659 2468 2728 )
2515 2659 2655 2728 apud
2685 2658 2968 2714 Maricolas
2995 2661 3348 2728 habitantem,
3372 2663 3525 2716 virum
3549 2663 3732 2715 sanctitate

2288 2751 2658 2820 magnificum,
2697 2751 3020 2806 illustratum
3069 2754 3296 2808 scientia
3321 2755 3496 2809 divina:
3523 2753 3732 2822 Scriptura.

2287 2842 2497 2912 signum
2529 2843 2705 2898 crucis
2753 2845 2822 2899 ab
2867 2844 3056 2914 angelo
3111 2845 3427 2916 impressum
3455 2854 3678 2916 gestantem
3704 2845 3732 2894 in

2287 2934 2510 2998 vertice,
2576 2935 2726 3004 virgo
2779 2935 3016 3004 prudens
3067 2937 3593 2993 visitaverat.Palmlo
3636 2935 3732 2989 dixini

2289 3026 2436 3079 verbi
2462 3041 2559 3095 per
2601 3025 2800 3095 aliquot
2826 3027 2939 3081 dies
2965 3028 3235 3084 efﬂuentis
3267 3032 3332 3085 ab
3348 3046 3436 3086 ore
3462 3030 3557 3100 ejus
3587 3028 3732 3098 epulall.

2292 3131 2414 3171 cum
2457 3117 2548 3172 illo
2612 3119 2759 3172 circa
2816 3119 2988 3172 vicina
3051 3123 3362 3176 monasterii
3432 3122 3615 3192 quadarn
3667 3119 3733 3169 vice

2291 3208 2706 3265 deambulabat:
2739 3211 2831 3264 sed
2871 3219 3131 3267 aestuante
3165 3210 3375 3266 fervore
3403 3212 3515 3277 dici,
3549 3224 3637 3263 cum
3657 3219 3734 3276 pene

2290 3304 2379 3358 siti
2426 3305 2700 3369 deficeret,
2754 3315 2943 3361 orante
2988 3307 3105 3360 viro
3159 3304 3255 3362 Dei
3293 3323 3408 3362 cum
3460 3305 3554 3374 ipsa
3593 3300 3734 3367 virgine.
3828 3300 3829 3374 Ι

2291 3393 2413 3448 fons
2465 3394 2605 3448 illico
2655 3395 2820 3450 dulcis
2859 3411 2888 3449 e
2935 3407 3074 3452 terra
3115 3414 3290 3453 novus
3349 3395 3618 3453 emanavit:
3648 3391 3734 3457 virgo
3828 3389 3829 3406 ³

2292 3483 2560 3548 reficitur;
2589 3483 2708 3539 fons
2741 3502 2907 3556 usque
2937 3487 2987 3540 in
3023 3501 3264 3555 przesens
3284 3503 3382 3541 non
3411 3484 3580 3540 deficit.
3617 3479 3735 3532 Beatus

2293 3585 2472 3630 autem
2529 3577 2856 3632 llumbertus
2901 3579 3253 3648 depositionis
3306 3596 3409 3632 sua:
3461 3576 3574 3630 diem
3609 3582 3736 3642 prtito-

2295 3682 2472 3733 scens,
2505 3668 2674 3723 lineas
2697 3678 2873 3722 vestes
2906 3669 2972 3722 ad
3000 3685 3129 3724 usus
3154 3671 3512 3740 exsequiarum
3531 3675 3684 3719 suarum
3697 3657 3735 3708 ab

2296 3759 2408 3827 ipsa
2446 3759 2651 3827 virgine
2676 3760 2962 3830 postulavit
2995 3779 3007 3812 :
3045 3770 3269 3830 prepter
3295 3774 3423 3830 quas
3458 3758 3561 3810 dum
3585 3753 3735 3805 mitteret
3828 3749 3829 3774 ξ

2299 3848 2635 3916 deferendas,
2673 3852 2867 3906 missus
2897 3852 3035 3905 alter
3083 3867 3113 3904 a
3162 3852 3370 3920 virgine
3399 3838 3735 3920 praesagaluluri.
3828 3869 3829 3880 ι

2297 3941 2474 4011 legato
2493 3944 2628 3998 beati
2657 3944 2752 3998 viri
2782 3944 2833 3998 in
2859 3945 3033 3998 medio
3062 3944 3257 4000 itinere
3282 3959 3398 3999 cum
3420 3941 3733 4004 vestibuspostu-

2293 4032 2418 4087 latis
2445 4035 2699 4088 occurrit.

2362 4126 2452 4182 28.
2496 4127 2657 4182 Beata
2706 4129 2866 4199 igitur
2905 4128 3254 4199 Aldegundis,
3289 4143 3402 4198 quae
3439 4124 3526 4181 sibi
3550 4117 3734 4175 Dominum

2291 4220 2609 4277 salvatorem
2641 4221 2874 4291 elegerat
2917 4237 3194 4291 sponsum,
3235 4217 3566 4290 frequentibus
3605 4205 3735 4275 angelo-

2292 4328 2409 4369 rum
2448 4314 2744 4369 conl'ortata
2781 4313 3094 4377 visionibus,
3125 4312 3217 4381 qui
3247 4311 3433 4381 saepius
3482 4304 3596 4359 illam
3625 4291 3734 4351 multis

2290 4406 2481 4470 modis,
2513 4415 2698 4475 utpote
2737 4419 3049 4459 conservam
3080 4412 3136 4458 et
3164 4404 3430 4458 concivem
3457 4399 3734 4462 recognoscen-

2218 4530 2268 4589 Β
2295 4506 2396 4559 tes,
2422 4495 2621 4548 familia
2633 4495 2761 4549 riter
2786 4493 3216 4563 alloquebantur,
3247 4490 3512 4563 prazsciens
3534 4498 3583 4536 ex
3609 4475 3734 4572 Mf”

2300 4589 2442 4644 tione
2463 4577 2695 4658 Spiritus
2728 4588 2896 4642 sancti
2915 4586 3252 4640 dormitionis
3279 4597 3383 4639 suae
3403 4580 3522 4636 diem
3542 4565 3732 4642 appropil‘

2298 4697 2502 4750 quare,
2561 4680 2847 4748 deprecata
2901 4687 2983 4732 est
3037 4676 3350 4738 Dominum,
3394 4680 3448 4725 ut
3489 4665 3562 4736 qui
3599 4662 3733 4750 5190105

2297 4745 2599 4827 sanctificat
2629 4745 2826 4835 adhuc,
2860 4779 2913 4823 et
2938 4769 3113 4838 justus
3137 4765 3392 4835 justiﬁeat
3430 4759 3574 4813 adhuc
3597 4751 3612 4820 (
3633 4745 3730 4812 ΑΡθί·

2294 4878 2410 4927 ηε,
2465 4863 2589 4930 ll),
2639 4869 2694 4915 et
2755 4859 2844 4929 qui
2909 4857 3139 4928 flagellat
3193 4867 3398 4910 omnem
3455 4846 3588 4900 filium
3633 4841 3731 4926 qvet“

2299 4953 2489 5021 recipit
2529 4950 2725 5021 (Hebr.
2765 4965 2837 5003 xu
2857 4990 2871 5012 ,
2897 4948 2986 5018 6),
3014 4948 3322 5017 dignaretur
3352 4937 3564 4994 ancillam
3588 4931 3730 5021 suannn

2290 5045 2567 5118 praesenti,
2595 5045 2674 5098 sic
2707 5041 3021 5113 flagellando
3048 5052 3288 5099 carnem,
3312 5018 3730 5118 purgaretftufli‘ff

2291 5103 2468 5191 anima
2503 5142 2622 5206 post
2648 5134 2784 5186 hanc
2822 5132 2982 5184 vitam
3013 5129 3066 5181 in
3115 5126 3345 5195 requiem
3373 5110 3550 5172 Domini
3578 5119 3638 5206 sm
3663 5103 3731 5206 at}?

2291 5199 2734 5286 macula-valeret
2765 5223 3008 5279 introire.
3053 5219 3262 5275 Sciebat
3304 5213 3437 5270 enim
3477 5199 3728 5295 nemiuem:n

2293 5324 2393 5378 hac
2429 5321 2536 5374 vita
2563 5327 2670 5372 tam
2699 5314 2996 5386 perfectum
3026 5325 3167 5374 esse,
3197 5306 3284 5378 qui
3314 5306 3478 5375 ροεδθῑ
3499 5287 3634 5387 om"?

2293 5366 2393 5378 ⁸⁶“““’
2441 5366 2536 5374 ”’”“
2565 5366 2670 5372 "'"'
2702 5366 2877 5386 τν-ννν
3154 5366 3165 5374 ,
3212 5366 3229 5378 ,
3314 5366 3330 5375 ⁸
3625 5377 3633 5387 ⁸
3707 5366 3714 5373 ἱ

2291 5415 2398 5470 cati
2452 5408 2906 5468 contaniinatione
2954 5419 3174 5474 prorsus
3221 5409 3417 5454 carere.
3467 5387 3558 5442 Non
3596 5366 3728 5432 dist!!!"

2295 5554 2449 5608 cibus
2477 5545 2795 5605 nobilissimi
2825 5540 3193 5597 Marieolensis
3221 5530 3439 5593 camobii
3465 5507 3727 5608 nobi‘s‘siﬁ‘l’:

2298 5587 2892 5691 illis;ieius‘fejiisdeni
2947 5613 3048 5691 loci
3082 5611 3269 5682 abbas,
3312 5615 3427 5662 ante
3471 5600 3604 5650 annos
3637 5587 3711 5632 εοω

2296 5685 2474 5764 plures
2509 5685 2763 5763 describi_
2789 5685 3013 5742 curavit.
