3916 6410
139 314 220 368 73
1175 309 1336 366 ἮΤᾹ
1377 308 1434 364 S.
1477 301 1912 362 ALDEGUNDIS
1953 304 2246 362 VIRGINIS

3238 319 3342 371 δτι

91 428 294 482 divina
341 423 552 480 bonitas
587 431 844 492 praestare
901 422 1338 484 misericorditer,
1395 421 1538 492 quod
1590 419 1672 472 illa
1705 423 1748 478 Α
1775 433 1897 470 cum
1947 419 2134 472 eadem
2167 420 2292 472 hora
2337 421 2566 476 tenebrae
2591 433 2755 479 totam
2775 439 3100 498 occuparent
3127 441 3344 487 terram.

89 516 304 588 petivit
327 513 620 568 humiliter.
650 511 782 566 Nam
812 513 864 566 in
891 513 1112 567 dextera
1161 513 1395 566 mamilla
1425 529 1530 566 non
1565 521 1682 580 post

91 606 340 660 multum
373 612 579 672 tempus
599 603 838 664 morbus,
867 602 958 670 qui
993 611 1216 656 vocatur
1251 618 1466 664 cancer,
1495 602 1680 655 subor-

93 703 202 749 lus
229 703 333 758 est,
355 694 446 764 qui
475 708 692 748 carnem
723 691 869 746 illius
901 693 1244 756 excruciatas,
1273 708 1442 761 usque
1469 693 1534 746 ad
1563 691 1684 744 ulti-

95 801 260 838 mum
293 785 430 838 diem
473 784 598 837 vita:
637 783 892 851 depastus
923 789 1026 836 est.
1074 783 1236 852 Virgo
1265 797 1390 836 vero
1433 781 1682 850 prudens,

89 873 360 941 exemplo
395 872 532 926 beati
564 870 664 926 Job
692 870 1026 939 aliorumque
1069 879 1400 934 sanctorum,
1422 871 1690 939 patienter

93 963 434 1024 sustinebat.
463 971 519 1015 et
549 973 798 1030 tanquam
830 975 1052 1030 accepto
1095 963 1350 1018 divinitus
1391 963 1531 1016 dono
1560 977 1687 1017 cou-

97 1053 378 1120 gaudeu‘s,
393 1067 638 1122 superna:
650 1052 943 1121 dignationi
968 1053 1240 1122 sapienter
1261 1051 1462 1122 gratias
1474 1051 1684 1122 agebat.

173 1163 272 1218 29.
313 1165 443 1218 Cum
473 1175 653 1218 autem
701 1163 892 1218 adesse
941 1175 1149 1232 tempus
1179 1163 1524 1218 resolutionis
1573 1163 1689 1230 ejus

93 1254 337 1322 angelus
361 1255 787 1322 prmmonuisset,
821 1255 1180 1323 prtedictoque
1225 1253 1312 1306 die
1353 1252 1495 1306 nulla
1523 1251 1692 1306 mole-

95 1345 216 1396 stia
245 1345 488 1411 corporis
537 1359 655 1398 eam
701 1342 971 1416 fatigaret,
1023 1355 1313 1414 apparente
1361 1343 1460 1398 sibi
1505 1359 1690 1397 rursus

93 1434 322 1504 angelo,
356 1433 520 1503 reapit
553 1435 701 1502 queri
727 1449 848 1488 cum
881 1450 967 1497 eo,
991 1449 1092 1488 Cur
1143 1435 1450 1489 differretur
1471 1450 1500 1488 a
1523 1449 1690 1504 regno

93 1525 213 1578 sibi
248 1533 450 1592 parato.
483 1523 580 1578 Cui
625 1525 744 1578 ille:
791 1523 959 1586 Scias,
997 1527 1190 1595 inquit,
1217 1537 1434 1580 sanctos
1475 1528 1690 1596 angelus

93 1615 214 1670 hoc
239 1615 332 1668 tibi
363 1630 392 1668 a
435 1616 662 1670 Domino
694 1617 1030 1683 impetrasse,
1083 1626 1141 1670 ut
1190 1617 1255 1670 ad
1301 1616 1686 1686 perfectionem

95 1707 372 1760 virtutum
396 1707 572 1760 adhuc
596 1707 795 1761 habeas
814 1707 1042 1775 Spatium
1069 1706 1382 1777 temporalis
1408 1707 1550 1760 vitae.
1579 1704 1686 1760 Sed

1788 507 1942 561 Mane
1973 508 2136 568 facto,
2167 511 2588 578 colloquentibus
2623 515 2744 570 inde
2771 520 3048 575 sororibus
3069 530 3124 576 et
3147 523 3346 579 miran-

1787 594 1948 656 tibus,
1982 597 2241 651 intellexit
2264 600 2417 654 beata
2447 602 2594 674 virgo
2619 620 2834 662 causam
2865 610 2996 662 tanti
3027 612 3348 681 splendoris,

1787 684 1914 738 nulli
1939 696 2331 744 tameu'earum
2359 701 2486 748 tunc
2509 695 2881 753 manifestavit.
2925 702 3036 756 Non
3067 715 3187 771 post
3213 707 3350 762 mul-

1787 783 1898 828 tum
1947 779 2172 832 accessit
2221 789 2276 834 et
2302 781 2436 836 alius
2462 786 2611 838 testis
2659 787 2847 844 harum
2895 791 3178 858 visionum,
3208 795 3354 850 aliir-

1787 881 1942 921 mans
2002 867 2074 941 illi
2140 885 2198 924 se
2257 869 2462 926 vidisse
2527 875 2804 932 Dominum
2867 892 3110 937 nostrum
3163 884 3362 958 Jcsmu

1787 953 2058 1010 Christum
2085 974 2208 1012 cum
2231 963 2472 1016 exercitu
2501 967 2808 1034 angelorum
2833 1010 2848 1034 ,
2874 981 2998 1026 ante
3031 990 3196 1029 cornu
3219 978 3352 1030 alta-

1788 1045 1864 1098 ris
1915 1045 2012 1116 ipsi
2055 1049 2242 1118 virgini
2279 1052 2693 1122 colloquentem.
2743 1059 3042 1130 Requireus
3061 1077 3240 1120 autem
3285 1071 3354 1124 ab

1791 1136 2006 1190 homine
2056 1140 2276 1196 visionis
2329 1141 2549 1208 horam,
2603 1154 2912 1220 recognovit
2955 1155 3122 1224 ipsam
3191 1159 3356 1214 fuisse

1791 1223 1893 1294 qua
1931 1227 2138 1283 viderat
2183 1229 2465 1288 Dominum
2521 1236 2572 1290 in
2619 1239 2840 1296 visione.
2882 1223 3085 1310 Quarto
3117 1249 3202 1302 die
3235 1259 3358 1319 post

1792 1315 1907 1370 haec
1933 1329 2152 1376 sanatus
2189 1333 2272 1376 est
2298 1339 2448 1393 puer,
2491 1337 2548 1381 ut
2599 1345 2758 1400 supra
2785 1333 2984 1389 dictum
3013 1349 3114 1392 est.

1861 1409 1948 1462 5t.
1991 1411 2254 1470 Sacerdos
2292 1417 2506 1485 quidam
2535 1421 2660 1474 boni
2693 1425 3004 1490 testimonii,
3037 1430 3153 1485 sine
3181 1447 3356 1502 repre-

1792 1500 2048 1555 hensione
2097 1509 2516 1562 conversahatur
2565 1511 2736 1582 (Phil.
2774 1531 2856 1582 Ill,
2904 1517 2958 1588 6)
3012 1537 3076 1574 eo
3119 1500 3357 1594 tempore

1792 1589 1846 1644 in
1870 1595 2200 1648 monasterio
2228 1611 2256 1649 a
2284 1599 2510 1665 pueritia
2535 1618 2700 1672 usque
2723 1607 2786 1658 ad
2811 1609 3097 1677 perfectam
3123 1589 3355 1671 aetatem.

1792 1677 1892 1744 Qui
1923 1680 2124 1736 referre
2148 1683 2372 1750 solebat,
2403 1699 2564 1744 noct'u
2587 1705 2648 1744 se
2673 1695 2868 1751 vidisse
2895 1699 3110 1770 globum
3143 1703 3354 1773 igneum

95 1814 240 1851 cum
269 1799 558 1867 aliquando
589 1799 820 1852 tertiana
844 1767 1004 1854 febre
1033 1767 1324 1864 laboraret,
1353 1799 1686 1853 hehdomada
1721 1777 1764 1834 Β
1790 1767 2129 1867 ἀθδξδθηξξίδδθ
2155 1777 2234 1867 ,σε
2271 1779 2408 1832 οωιο
2436 1795 2596 1850 δυΡθΓ
2618 1784 2976 1843 ¹¹³¹¹¹ίι³ου¹υη¹
2995 1833 3009 1855 ν
3045 1793 3095 1847 ίη
3125 1809 3230 1863 (11³0
3277 1795 3361 1850 Γει-

101 1899 419 1953 transacta,
450 1891 594 1945 circa
627 1892 858 1944 mediam
891 1899 1101 1944 noctem
1132 1891 1450 1944 immitteute
1477 1890 1688 1944 diabolo

107 1988 302 2032 tantus
328 1979 472 2033 illam
503 1980 622 2033 sitis
643 1980 805 2033 ardor
829 1979 1044 2041 invasit,
1069 1989 1148 2044 ut,
1181 1981 1280 2032 nisi
1311 1995 1430 2032 mox
1459 1979 1686 2042 biberet,

111 2069 400 2121 videretur
424 2069 745 2122 exanimari.
789 2069 1028 2138 Cumque
1057 2069 1288 2124 viriliter
1339 2069 1628 2134 reluctans,
1657 2085 1688 2124 a

103 2165 244 2225 potu
295 2157 453 2211 vellet
503 2158 794 2223 abstinere,
863 2162 1076 2229 vimque
1123 2158 1306 2224 febris,
1359 2175 1466 2214 non
1517 2161 1688 2215 hostis

109 2247 468 2300 tentationem
505 2259 809 2318 reputaret,
854 2249 1100 2322 confugit
1127 2252 1194 2306 ad
1243 2253 1562 2308 orationem.
1623 2253 1688 2307 Et

109 2349 248 2388 ecce
287 2345 408 2390 ante
431 2337 604 2392 lucem
657 2340 802 2392 videt
855 2341 1132 2408 antiquum
1181 2341 1412 2405 hostem,
1449 2350 1584 2396 tetra
1635 2351 1692 2395 et

117 2425 388 2478 horrenda
441 2426 576 2482 facie
617 2427 716 2482 sibi
767 2431 1090 2497 adstantem,
1139 2431 1230 2500 qui
1277 2429 1434 2484 fateri
1471 2440 1690 2486 coactus

107 2527 218 2581 est,
251 2521 390 2589 quod
423 2529 624 2574 tantum
649 2521 766 2576 sitis
796 2523 866 2575 illi
895 2523 1205 2578 immisisset
1229 2525 1512 2578 ardorem:
1543 2525 1690 2578 addi-

107 2608 302 2675 ditque
355 2609 714 2679 blasphemus,
767 2615 950 2667 dicens
1001 2613 1169 2668 beata:
1226 2615 1444 2686 virgini,
1489 2625 1692 2671 restare

109 2697 296 2754 adlmc
325 2700 398 2753 illi
429 2699 614 2755 duram
661 2711 820 2770 atque
863 2711 1066 2758 arctam
1112 2707 1277 2772 viam,
1314 2707 1689 2777 incertumque

107 2806 236 2846 esse
273 2801 450 2845 utrmn
489 2793 537 2846 iu
577 2793 670 2848 Dei
707 2796 926 2850 servitio
965 2807 1354 2866 perseveraret.
1398 2799 1493 2854 Cui
1540 2801 1690 2870 virgo

105 2891 430 2936 censtanter
457 2901 469 2935 :
501 2883 773 2948 Dominus,
807 2885 997 2956 inquit,
1032 2889 1160 2941 mihi
1201 2887 1412 2956 adiutor
1444 2901 1545 2953 est,
1583 2907 1686 2944 non

103 2987 250 3026 curo
273 2973 446 3027 minas
480 2985 612 3028 tuas.
639 2975 906 3030 Continuo
929 2979 1159 3032 Satanas
1184 2980 1388 3050 aufugit
1409 2979 1685 3044 confusus,

105 3071 166 3114 et
193 3062 314 3115 sitis
343 3064 410 3116 ab
439 3077 500 3116 ea
531 3065 769 3118 recessit.
805 3065 934 3120 Post
967 3070 1312 3142 tentationem
1350 3086 1474 3124 vero
1503 3071 1688 3124 diabo-

1793 1859 1934 1914 tnnla
1967 1861 2164 1918 Christi
2195 1871 2507 1937 :egrotabat.
2535 1872 2658 1928 Post
2687 1876 2914 1946 hymnos
2939 1891 3116 1938 autem
3143 1859 3362 1940 noctur-

1792 1965 1922 2016 nos,
1968 1968 2072 2008 una
2113 1957 2178 2010 de
2229 1961 2611 2019 maturiorihus
2665 1971 2872 2024 ancillis
2919 1973 3032 2038 Dei,
3093 1979 3358 2034 modicum

1789 2043 1999 2112 soporis
2055 2047 2358 2116 degustans,
2403 2052 2544 2108 videt
2574 2055 2780 2112 beatam
2805 2059 3199 2134 Aldegnndem,
3233 2082 3360 2124 ante

1791 2135 1962 2191 altare
1996 2138 2047 2192 in
2081 2139 2198 2194 loco
2245 2145 2540 2200 sacerdotis
2577 2151 2902 2220 adstantem,
2931 2171 3124 2228 corpus
3147 2161 3358 2218 DO'uitti

1793 2225 1844 2280 in
1877 2227 2042 2284 calice
2070 2229 2316 2302 fregisse,
2345 2235 2553 2306 sibique
2575 2239 2772 2298 dixisse
2799 2263 2810 2297 :
2845 2246 3003 2314 Vade,
3028 2225 3135 2316 eia,
3165 2254 3250 2308 dic
3274 2271 3359 2309 sa-

1793 2319 2020 2385 cerdoti,
2067 2333 2128 2376 nt
2173 2324 2224 2378 in
2268 2327 2368 2382 hoc
2414 2329 2582 2384 calice
2617 2337 2868 2405 mysteria
2907 2339 3113 2396 Domini
3158 2343 3360 2401 Christi

1793 2408 2046 2464 conficiat
2073 2429 2086 2464 :
2111 2421 2164 2466 et
2206 2416 2456 2484 quoniam
2495 2419 2610 2475 heri
2641 2438 2748 2491 pra:
2789 2426 3088 2484 valetudine
3121 2437 3360 2504 corporis

1793 2503 2192 2560 communicare
2233 2523 2335 2562 non
2373 2511 2556 2578 potui,
2591 2514 2744 2569 hodie
2775 2521 3048 2592 particeps
3083 2503 3358 2581 ﬁantcor.

1793 2591 1940 2660 poris
1983 2601 2038 2646 ct
2067 2596 2343 2666 sanguinis
2391 2599 2622 2656 Domini.
2649 2604 2812 2660 Facta
2843 2611 2945 2672 die,
2985 2591 3243 2681 processit
3269 2633 3359 2670 sa-

1791 2681 2003 2745 cerdos,
2047 2684 2266 2738 missam
2311 2687 2603 2746 celebravit
2652 2703 2704 2747 et
2729 2696 3128 2769 interagendum
3169 2707 3366 2764 cernit

1793 2769 2010 2824 calicem
2052 2773 2104 2826 in
2135 2789 2262 2829 acra
2301 2779 2654 2847 sublevatum,
2709 2787 2848 2842 illico
2888 2791 2938 2843 in
2969 2807 3066 2846 suo
3099 2796 3366 2853 resedisse

1793 2858 1932 2914 loco.
1957 2861 2107 2918 Tunc
2127 2867 2378 2934 praedicta
2406 2869 2600 2927 famula
2629 2873 2721 2930 Dei
2750 2879 3006 2934 visionem
3029 2899 3188 2952 quam
3215 2887 3360 2940 vide-

1793 2959 1896 3014 rat,
1923 2961 1976 3006 et
2003 2957 2253 3010 sacerdos
2275 2957 2339 3012 de
2361 2961 2524 3016 calice
2553 2965 2602 3018 in
2631 2982 2754 3022 aere
2776 2984 3052 3041 suspenso,
3079 2975 3362 3037 adChrisd

1793 3056 2041 3110 sponsam
2070 3055 2355 3118 utrumque
2385 3051 2644 3120 detulere,
2699 3061 3072 3117 certitudinem
3102 3065 3362 3122 habenti-.1:

105 3153 302 3217 licam,
346 3153 498 3208 adest
535 3155 899 3225 multipliciter
945 3159 1242 3214 consolatio
1267 3137 1488 3214 'divina.
1535 3161 1688 3214 Videt
1718 3142 1759 3202 C
1793 3133 1890 3188 "35
1921 3150 2154 3191 "'S'Oncs
2183 3141 2384 3194 Obllum
2422 3143 2565 3198 illius
2591 3148 2936 3218 prmsignare.

99 3245 260 3298 enim
296 3244 346 3296 in
377 3245 489 3299 visu
527 3255 780 3314 tauquam
819 3263 848 3300 a
889 3248 1112 3302 Domino
1156 3265 1214 3304 se
1235 3250 1592 3318 postulantem
1637 3251 1688 3304 in

103 3335 236 3405 ejus
285 3351 468 3392 amore
513 3340 991 3408 perseverantiam,
1042 3355 1103 3395 ac
1147 3340 1292 3394 velut
1342 3350 1688 3411 apparentem

105 3431 220 3483 sibi
275 3433 608 3486 sacerdotem
657 3433 827 3502 ipsum
888 3433 1188 3494 Dominum,
1235 3435 1390 3502 quod
1451 3435 1688 3502 petebat,

105 3521 415 3576 clementer
445 3531 788 3576 aunuentem.
817 3524 1157 3578 Videtctiam
1205 3524 1266 3578 B.
1305 3523 1522 3578 Petrum
1569 3541 1688 3594 apo-

105 3611 336 3674 stolum,
361 3613 461 3666 sibi
489 3627 680 3682 panem
721 3615 1007 3669 candidum
1041 3615 1389 3680 deferentem,
1428 3631 1590 3684 seque
1627 3617 1691 3670 de

105 3714 284 3752 manu
333 3699 474 3754 illius
527 3701 675 3754 illum
723 3717 844 3756 cum
895 3702 1092 3772 ingenti
1129 3701 1310 3756 latitia
1367 3703 1686 3773 suscepisse.

103 3791 1072 3866 SorOrquoiueejusaudivitcmlitus
1091 3811 1186 3866 per
1207 3787 1452 3866 soporem
1474 3805 1690 3851 ctsuam

103 3899 140 3934 a
167 3882 390 3936 Domino
407 3894 680 3953 acceptam
697 3885 1089 3954 paenitentiam,
1105 3897 1155 3940 et
1169 3901 1406 3941 sororem
1424 3903 1573 3941 suam
1589 3888 1690 3941 vir-

107 3972 301 4042 ginem
321 3973 686 4043 Aldegundem
721 3987 974 4044 sponsum
1008 3975 1370 4045 promeruisse
1391 3975 1686 4032 Christum.

717 4105 944 4162 CAPUT
982 4106 1089 4161 Vll.

523 4194 709 4248 Obitus
728 4236 743 4262 ,
776 4205 822 4249 et
849 4195 900 4251 in
919 4213 976 4251 eo
997 4199 1272 4252 miracula.

181 4304 274 4358 '50.
315 4305 560 4370 Interea,
611 4309 736 4362 dum
785 4309 1005 4380 virginis
1056 4311 1266 4366 animus
1323 4312 1688 4381 hujuscemodi

101 4395 410 4450 visionibus
463 4397 677 4452 assidue
723 4410 1061 4468 posceretur,
1099 4410 1155 4456 et
1193 4403 1259 4456 ad
1289 4404 1677 4460 ctelestia’con-

105 4485 423 4556 templanda
456 4487 854 4554 sublimaretur,
891 4489 1112 4546 offertur
1135 4493 1184 4548 ei
1214 4495 1486 4564 parvulus,
1536 4495 1688 4564 cujus

91 4577 222 4644 jam
256 4594 286 4630 a
339 4580 450 4634 suis
493 4579 600 4634 vita
646 4582 1044 4650 desperabatur.
1085 4583 1254 4650 Quem
1293 4584 1404 4654 ipsa
1443 4586 1688 4656 protinus

103 4679 244 4722 ante
288 4684 454 4722 cornu
522 4670 707 4725 altaris
752 4671 937 4742 projici
967 4675 1147 4743 jussit.
1185 4675 1336 4741 Quod
1375 4685 1433 4730 ut
1485 4676 1686 4734 factum

101 4768 218 4820 est.
258 4757 538 4814 confestim
563 4761 804 4818 redditus
822 4773 904 4816 est
926 4766 1160 4819 sanitati.
1210 4767 1451 4838 Cumque
1489 4785 1687 4824 renun-

105 4850 345 4902 tiaretur
379 4851 570 4920 virgini
614 4851 678 4904 de
712 4854 890 4908 subita
930 4856 1162 4912 sanitate
1213 4857 1454 4922 infantis,
1509 4875 1689 4916 recor-

101 4939 238 4992 data
286 4947 370 4994 est
415 4939 637 4996 visionis
673 4958 803 5008 suae,
872 4953 926 4999 et
971 4947 1350 5004 animadvertit
1401 4949 1502 5006 hoc
1567 4951 1688 5006 ideo

121 5029 438 5099 contigisse,
468 5031 612 5100 quod
655 5033 799 5087 illum
828 5036 1115 5106 contigerit
1157 5037 1332 5092 locum
1353 5079 1368 5101 ,
1399 5055 1505 5110 quo
1536 5042 1684 5096 vide-

107 5127 202 5170 rat
251 5130 378 5174 ante
403 5136 602 5190 paucos
640 5121 752 5176 dies
783 5125 1037 5180 transisse
1062 5127 1371 5182 Dominum.
1396 5129 1556 5196 Quid,
1582 5129 1684 5185 nisi

97 5199 229 5261 'Deo
258 5211 460 5278 gratias
490 5211 707 5282 ageret?
745 5211 962 5268 Viderat
999 5219 1142 5272 enim
1183 5234 1288 5272 non
1337 5221 1506 5276 multo
1536 5231 1684 5284 ante,

111 5297 270 5366 quasi
320 5309 490 5354 staret
539 5301 590 5354 in
635 5302 841 5370 platea,
879 5319 942 5358 ac
989 5307 1132 5361 velut
1165 5307 1352 5379 igneus
1397 5310 1584 5380 globus
1621 5315 1686 5368 de

105 5389 257 5443 ccelo
297 5405 458 5460 super
507 5407 566 5446 se
603 5395 826 5449 veniret.
870 5395 1074 5462 Quarto
1110 5416 1235 5454 vero
1263 5402 1349 5456 die
1379 5414 1499 5472 post
1529 5405 1641 5460 haec
1667 5446 1680 5469 ,

111 5479 293 5533 media
327 5491 482 5538 nocte
510 5483 800 5547 Dominica,
827 5501 949 5541 cum
984 5487 1049 5541 ad
1082 5490 1288 5560 vigilias
1315 5491 1685 5562 ingrederetur

107 5573 421 5640 ecclesiam,
437 5591 542 5632 una
565 5579 630 5632 de
644 5580 917 5636 sororibus
936 5597 1147 5652 egressa
1169 5584 1342 5638 cernit
1361 5585 1610 5654 plateam,
1633 5589 1682 5640 in

111 5680 218 5732 qua
251 5665 386 5720 visio
420 5668 568 5735 prius
587 5681 927 5737 apparuerat,
959 5673 1122 5726 nimia
1152 5673 1269 5729 luce
1297 5676 1681 5746 splendentem,

551 5779 822 5842 Ρλτιισι.
870 5781 1176 5842 CXXXII-

1863 3225 1951 3280 52.
1995 3227 2138 3282 Inter
2166 3230 2268 3284 alia
2307 3233 2456 3304 signa
2493 3236 2770 3304 virtutum,
2809 3255 2928 3310 quae
2957 3247 3194 3310 potentia
3239 3248 3361 3302 Sal-

1793 3318 1996 3372 vatoris
2027 3334 2122 3387 per
2152 3322 2398 3376 ancillam
2427 3326 2524 3380 sihi
2548 3314 2797 3382 dilectam
2829 3335 3172 3400 operabatur,
3201 3340 3362 3393 homo

1793 3408 2010 3474 quidam
2027 3421 2204 3464 tuente
2225 3423 2410 3481 Captus
2435 3417 2650 3471 autsuis
2677 3421 3012 3488 exigentibus
3034 3426 3221 3494 culpis,
3249 3437 3361 3493 aut,

1795 3507 1850 3548 ut
1881 3496 2011 3551 fides
2038 3500 2258 3566 virginis
2286 3505 2739 3574 manifestareiur,
2763 3525 2856 3579 per
2883 3513 3144 3570 insaniam
3167 3519 3363 3586 capitis

1793 3597 1927 3651 pene
1957 3603 2124 3654 usque
2161 3591 2228 3642 ad
2268 3599 2508 3646 extrema
2548 3598 2833 3664 perductus
2861 3610 2964 3654 est.
2997 3602 3235 3673 Cumque
3265 3623 3360 3674 pu-

1797 3683 1978 3730 reutcs
2007 3677 2123 3744 ejus
2159 3679 2227 3734 de
2279 3681 2386 3735 vita
2434 3679 2602 3753 ipsius
2632 3688 2998 3760 desperarent,
3025 3694 3366 3750 adduxerunt

1796 3766 1940 3820 illum
1970 3765 2042 3822 ad
2077 3774 2464 3828 inettasterium
2507 3779 3023 3847 sanctimonialium,
3055 3785 3362 3844 intimantes

1794 3861 1962 3915 beata:
1989 3863 2182 3931 virgini
2213 3881 2334 3920 cum
2365 3871 2586 3938 gemitu,
2615 3874 2790 3944 qualia
2833 3877 2921 3930 ille
2946 3879 3109 3934 miser
3151 3891 3364 3951 patere-

1795 3957 1898 4003 tur.
1943 3953 2010 4006 At
2057 3954 2141 4012 illa
2193 3959 2491 4016 visceribus
2535 3964 2752 4033 pietatis
2803 3970 3092 4024 condoleus
3144 3974 3361 4038 misero,

1795 4041 1920 4096 fecit
1947 4059 2067 4098 eum
2099 4049 2164 4100 ad
2201 4064 2258 4102 se
2307 4053 2613 4128 vespertino
2643 4063 2880 4126 tempore
2905 4061 3146 4128 perduci.
3180 4063 3364 4120 Oravit

1787 4145 1890 4198 pro
1921 4123 2004 4195 eo,
2037 4129 2094 4188 et
2121 4135 2260 4190 facto
2281 4125 2434 4210 signo
2471 4144 2648 4200 crucis
2667 4161 2826 4215 super
2853 4161 2994 4210 eum,
3029 4151 3244 4206 domum
3279 4172 3364 4210 rc-

1793 4221 1908 4276 dire
1945 4221 2124 4290 jussit.
2179 4227 2282 4292 Qui
2333 4245 2454 4285 mox
2510 4233 2904 4301 couvalescens,
2957 4241 3234 4296 restitutus
3281 4252 3366 4298 est

1794 4315 2033 4370 sanitati.
2060 4317 2258 4384 Quinto
2289 4337 2416 4376 vero
2442 4324 2528 4378 die
2553 4335 2677 4380 ante
2700 4329 2866 4382 beatae
2889 4331 3112 4401 virginis
3133 4333 3359 4399 obitum,

1795 4422 1950 4462 soror
1979 4411 2145 4478 ipsius
2169 4403 2368 4467 famula
2399 4415 2608 4472 Domini
2639 4421 2806 4475 nostri
2833 4421 2956 4477 Jesu
2983 4421 3183 4480 Christi
3209 4425 3360 4481 Wal-

1716 4480 1766 4540 Ῑ)
1795 4497 2056 4566 detrudis,
2083 4506 2539 4574 contemplatione
2561 4509 2866 4567 caelestium
2893 4515 3192 4582 sublevata,
3221 4519 3366 4575 videt

1791 4589 1842 4642 in
1901 4590 2104 4646 visione
2153 4593 2438 4664 gloriosam
2485 4599 2696 4655 Domini
2763 4605 2930 4658 nostri
2977 4605 3106 4662 Jesu
3162 4608 3363 4666 Christi

1791 4680 2106 4751 genitricem
2170 4701 2292 4740 cum
2341 4697 2648 4744 sanctorum
2697 4695 3000 4764 agminibus
3057 4699 3356 4755 venientem

1791 4783 1950 4844 atque
1968 4791 2280 4846 germanam
2303 4796 2453 4834 suam
2475 4783 2734 4853 virginem
2755 4786 3114 4858 Aldegundcm
3179 4805 3364 4846 secum

1793 4866 1858 4918 ad
1881 4867 2128 4924 sublimia
2156 4871 2527 4928 deducentem.

1862 4957 2047 5016 35.1n
2097 4963 2426 5018 monasterio
2470 4981 2684 5036 quoque
2735 4969 2970 5036 Nivellte,
3020 4972 3109 5026 ubi
3161 4982 3364 5029 sancta

1793 5047 2073 5104 Gertrudis
2093 5065 2320 5120 corpore
2344 5056 2652 5124 requiescit,
2677 5061 3100 5116 sanctimonialis
3117 5063 3360 5130 quaedam

1791 5140 1975 5194 nimia:
2021 5141 2382 5210 simplicitatis
2417 5155 2474 5200 et
2507 5149 2830 5204 obedientite
2867 5150 2938 5206 ab
2966 5167 3147 5207 amore
3179 5155 3366 5208 mundi.
3395 5223 3412 5236 ο

1793 5236 1916 5284 ante
1955 5229 2187 5284 tribunal
2213 5232 2278 5285 ad
2308 5249 2546 5292 amorem
2573 5238 2782 5293 Domini
2819 5241 2986 5294 nostri
3012 5240 3136 5296 Jesu
3157 5241 3357 5298 Christi

1791 5319 2028 5387 perfecte
2055 5335 2334 5390 conversa,
2363 5335 2516 5382 sexta
2543 5326 2679 5382 feria
2706 5338 2830 5383 ante
2861 5331 3002 5384 diem
3048 5331 3268 5386 Sahbati
3301 5342 3362 5388 et

1789 5411 2126 5468 dormitionis
2162 5413 2374 5472 famula:
2417 5417 2510 5472 Dei
2539 5419 2884 5489 Aldegundis,
2928 5422 3070 5478 circa
3125 5422 3362 5480 medium

1789 5502 1986 5566 noctis,
2029 5502 2162 5556 vidit
2207 5503 2259 5556 in
2289 5505 2408 5558 visu
2435 5505 2771 5573 splendorem
2799 5508 2931 5562 lucis
2966 5512 3234 5580 ingentem
3283 5513 3362 5566 in-

1791 5601 1960 5645 trasse
1986 5591 2268 5648 ecclesiam
2303 5593 2362 5646 Β.
2395 5591 2564 5659 Petri,
2603 5595 2692 5648 ubi
2726 5595 2830 5652 iam
2863 5599 3002 5654 dicta
3035 5601 3188 5656 beata
3225 5601 3361 5657 Ger-

1789 5683 1957 5734 trudis
1989 5683 2242 5735 tumulata
2276 5693 2378 5747 est,
2399 5684 2468 5736 ita
2499 5694 2608 5738 uta
2641 5690 2952 5754 pavimento
2987 5693 3242 5760 usquead
3267 5701 3368 5752 tra—

2655 5803 2733 5859 23
