3916 6414
655 304 761 369 875

1188 304 1528 391 IIUCBhLDl
1567 299 1741 364 MONI
1770 299 2124 362 SI'AMANDI
2163 302 2225 361 Ol

2354 303 2534 361 PARS
2571 304 2610 361 1.
2652 334 2719 346 —-
2757 300 3329 361 HAGlOGRAPHlCA.
3690 313 3753 372 876

655 419 752 476 bes
777 418 1082 472 universam
1113 397 1304 484 aedem,
1340 416 1497 487 quasi
1526 415 1859 471 meridianus
1879 416 1957 472 sol
1985 415 2223 470 illustra-
2248 425 2291 480 Α
2329 416 2494 482 tibus,
2523 416 2752 486 plurima
2779 417 3123 487 poscentibus
3156 415 3400 472 beneﬁcia
3437 415 3584 471 divina
3604 419 3754 481 clean-

655 516 756 561 ret.
802 507 938 561 Dum
982 520 1110 561 vero
1174 506 1402 562 attonita
1442 507 1651 561 visione
1708 515 1870 562 tanta:
1927 506 2214 572 claritatis,
2255 521 2259 525 '

655 598 848 653 timore
865 594 1194 663 solveretur,
1236 598 1384 652 audit
1411 598 1609 653 choros
1639 597 2001 668 psallentium,
2039 599 2113 653 ita
2164 608 2223 653 ut

655 699 817 740 voces
839 685 1147 741 discernere
1161 694 1343 757 posset
1356 686 1592 740 virorum
1617 702 1679 742 ac
1705 687 2010 753 mulierum,
2026 687 2225 758 puella-

652 791 775 833 rum
800 785 855 831 et
881 789 1191 845 puerorum,
1215 776 1445 832 invicem
1467 777 1782 832 alternando
1804 779 2220 834 concinentium.

723 866 814 925 54.
853 866 974 921 Jam
999 882 1130 923 vero
1173 868 1332 923 tertia
1368 875 1528 922 nocte
1557 878 1680 924 ante
1699 870 2073 940 egressionem
2107 869 2225 938 ejus

654 974 685 1012 a
714 972 969 1026 corpore,
1000 957 1173 1029 gratia
1196 957 1527 1013 visitationis
1563 958 1745 1014 multis
1782 961 2225 1016 convenientibus

653 1050 938 1120 religiosis,
970 1058 1131 1119 atque
1152 1065 1339 1105 sorore
1363 1049 1603 1121 ejusdem
1644 1050 1877 1121 virginis
1894 1050 2052 1106 beata
2077 1050 2226 1105 Wal-

655 1141 902 1206 detrude,
933 1155 1063 1197 ecce
1086 1139 1261 1212 fulgor
1291 1141 1483 1212 ingens
1504 1140 1668 1194 nimia
1690 1140 1934 1196 claritate
1956 1141 2225 1212 refulgens

652 1233 902 1302 apparuit
932 1247 1099 1301 supra
1124 1232 1363 1298 domum,
1396 1232 1449 1286 in
1476 1247 1580 1302 qua
1617 1232 1773 1304 Virgo
1796 1247 1991 1303 sponsa
2012 1232 2223 1287 Domini

650 1323 851 1380 Christi
888 1324 1267 1392 opperiebatur
1292 1319 1556 1393 intrepida
1584 1323 1700 1394 ejus
1725 1324 2033 1380 adventum.
2064 1323 2226 1379 Cum-

651 1429 757 1484 que
812 1422 1106 1483 praesentes
1158 1414 1426 1470 insolitam
1469 1413 1794 1469 mirarentur
1831 1415 2109 1480 visionem,
2162 1420 2226 1483 ac

657 1507 830 1560 beata:
855 1505 1223 1563 Waldetrudis
1275 1507 1416 1563 inter
1461 1521 1611 1577 spem
1664 1517 1974 1578 metumque
2026 1509 2222 1575 dubia,

652 1597 907 1666 quidnam
962 1598 1356 1671 praesignaret,
1405 1597 1756 1654 tremebunda
1815 1599 1892 1654 rei
1947 1599 2107 1655 linem
2134 1616 2258 1655 ex-.

652 1695 946 1756 spectaret,
968 1697 1157 1744 sancta
1185 1688 1273 1743 illa
1304 1690 1505 1756 anima,
1523 1704 1640 1759 qua:
1667 1704 1846 1744 veram
1872 1689 2093 1756 Lucem,
2122 1691 2227 1747 Do-

2323 506 2394 560 tia
2417 505 2599 576 largiri
2625 505 2896 577 dignatur.

2391 595 2480 650 55.
2517 595 2656 651 Ecce
2685 599 2826 651 inter
2868 595 2972 650 alia
3022 603 3326 650 sanctorum
3365 606 3516 667 gesta,
3552 598 3756 672 quicum

2321 687 2408 756 pie
2432 686 2565 757 legis
2596 686 2682 741 vel
2710 687 2882 751 audis,
2911 686 3073 740 etiam
3109 686 3195 740 hic
3241 686 3401 741 habes
3442 688 3563 757 quod
3595 688 3755 747 imiteris.

2320 778 2509 833 Adhuc
2536 788 2693 833 astate
2714 778 2936 849 puellari
2969 789 3179 834 terrena
3207 778 3455 849 despexit,
3480 780 3663 835 ctelestia
3681 799 3755 836 ωι-

2321 867 2545 938 cnpivit.
2585 867 3090 939 Concupiseentiam
3136 869 3311 923 carnis
3352 869 3629 940 virginitatis
3645 886 3757 927 arma

2324 959 2579 1013 edomuit.
2601 959 3102 1028 Concupiscentiam
3126 958 3414 1023 oculorum,
3442 959 3488 1013 id
3512 970 3595 1026 est,

2327 1056 2492 1101 tatem
2535 1048 2728 1103 divina:
2768 1049 3012 1103 lectionis
3056 1048 3396 1104 meditatione
3421 1049 3756 1107 refrenavit.“

2322 1139 2582 1195 bitionem
2622 1141 2766 1206 vita),
2811 1140 2914 1196 hoc
2952 1150 3038 1194 est
3071 1141 3404 1210 superbiam,
3450 1143 3757 1200 humilitalecal-

2324 1231 2486 1286 cavit.
2536 1231 2872 1303 Contempsit
2918 1233 3197 1288 mortalem
3222 1249 3482 1303 sponsum,
3515 1234 3757 1295 immortalem

2324 1322 2503 1393 elegit.
2532 1321 2758 1377 Divitias
2779 1338 2902 1377 cum
2927 1322 3169 1388 haberet,
3188 1339 3292 1377 non
3320 1326 3532 1394 speravit
3553 1326 3594 1378 in
3609 1329 3757 1397 peetus

2326 1412 2596 1469 thesauris
2619 1412 2807 1484 (Eccii.
2822 1430 2973 1477 xxxt,
2994 1415 3072 1484 8).
3093 1415 3199 1469 Sed
3225 1417 3497 1484 prudenter
3516 1417 3757 1486 indigattibus

2325 1516 2521 1561 cuncta
2551 1507 2902 1572 distribuens,
2938 1506 3184 1577 amplexa
3211 1517 3295 1562 est
3321 1519 3649 1579 paupertatem.
3669 1511 3757 1565 lntc-

2326 1596 2404 1651 nit
2450 1597 2502 1650 in
2547 1612 2677 1667 agro
2710 1598 3020 1653 thesaurum
3052 1598 3436 1661 absconditum,
3473 1609 3517 1653 et
3540 1616 3625 1669 pra:
3642 1600 3757 1671 gaudio

2327 1687 2471 1741 illius
2501 1688 2680 1741 omnia
2707 1688 2968 1754 vendens,
2999 1689 3334 1759 comparavit
3360 1689 3495 1744 illum
3519 1689 3755 1760 (Hatram,

658 1778 864 1833 minum
889 1767 1164 1835 Christum
1213 1781 1433 1847 amavit,
1489 1790 1544 1837 et
1585 1782 1926 1852 prmsentiam
1967 1782 2081 1850 ejus
2105 1784 2223 1838 siti-
2255 1772 2299 1833 Β
2326 1778 2442 1849 44).
2479 1778 2735 1846 Quaasivit
2775 1779 2944 1834 bonas
2967 1781 3291 1852 margaritas
3317 1780 3402 1849 pia
3434 1781 3758 1850 negotiatrix,in-

602 1878 605 1881 '
649 1868 827 1921 bunda
874 1868 1230 1935 desideravit,
1259 1884 1424 1924 carne
1472 1871 1678 1938 soluta,
1702 1885 1826 1926 cum
1866 1872 1977 1942 ipsa
2006 1874 2123 1928 luce
2159 1874 2225 1928 de

587 1965 598 1989 '
652 1956 758 2012 hoc
784 1958 980 2012 sacculo
1014 1959 1286 2028 migravit.
1312 1958 1531 2029 Sepulta
1570 1969 1653 2015 est
1672 1971 1851 2019 autem
1880 1962 1936 2016 in
1961 1963 2086 2018 villa
2116 1979 2226 2019 sua:

581 2034 593 2097 ἕ
648 2048 922 2117 quondam
972 2049 1211 2116 ditionis,
1270 2051 1533 2106 vocabulo
1575 2052 1732 2107 Solra
1778 2052 1946 2124 (602),
1978 2054 2068 2109 ubi
2099 2070 2227 2111 suus

651 2146 881 2207 uterque
906 2153 1126 2207 parens,
1142 2156 1208 2195 ac
1230 2156 1385 2196 soror
1407 2151 1595 2211 postea
1622 2142 2008 2211 Waldetrudis,
2031 2145 2225 2215 sepulti

649 2237 796 2283 sunt.
844 2228 901 2283 In
953 2246 1060 2300 quo
1091 2232 1263 2287 multo
1308 2231 1480 2301 jacuit
1523 2242 1784 2305 tempore,
1812 2229 1986 2304 quoad
2009 2235 2223 2290 Christo

647 2319 881 2385 donante
903 2336 1101 2391 corpus
1133 2322 1251 2393 ejus
1272 2322 1592 2379 translatum
1618 2332 1703 2379 est
1728 2324 2076 2395 municipium
2100 2323 2223 2380 Mel-

644 2412 862 2468 bodium
891 2413 1055 2486 (605),
1082 2418 1223 2486 quod
1253 2416 1366 2487 ipsa
1394 2431 1424 2471 a
1461 2415 1806 2472 fundamento
1826 2426 2220 2482 construxerat,

644 2500 738 2556 ubi
767 2501 882 2571 ejus
909 2520 1054 2560 nunc
1075 2505 1337 2562 memoria
1384 2505 1571 2578 fulget,
1595 2521 1660 2564 ac
1686 2507 1898 2563 meritis
1925 2504 2218 2578 suifragan-

2320 1868 2467 1922 venit
2494 1883 2654 1921 unam
2681 1869 2992 1938 pretiosam,
3014 1870 3163 1933 emit,
3198 1868 3429 1939 possedit
3452 1867 3605 1940 (ΗΜ,
3629 1868 3753 1935 i546).

2330 1960 2605 2016 Tenebras
2653 1959 2952 2025 exhorruit,
3016 1961 3191 2016 lucem
3239 1961 3450 2025 amavit,
3484 1960 3755 2014 cumluceni-

2328 2052 2525 2122 gravit,
2552 2050 2731 2106 lumen
2770 2052 2895 2106 vita:
2932 2052 3186 2121 perennis
3212 2050 3440 2106 habebit.
3467 2049 3756 2120 Igitur-imitus,

2331 2144 2473 2213 quod
2502 2143 2666 2213 legis;
2697 2144 2840 2208 vive,
2887 2145 3027 2198 sicut
3051 2145 3182 2199 vixit
3211 2162 3225 2197 :
3252 2143 3450 2209 incede,
3493 2158 3580 2211 qua
3597 2141 3757 2196 incessit:

2330 2251 2394 2292 ac
2428 2237 2544 2292 sine
2572 2236 2905 2291 dubitatione
2936 2234 3238 2306 pervenies,
3280 2249 3384 2304 quo
3422 2231 3647 2304 pervenit;
3675 2229 3758 2298 aliv-

2328 2334 2489 2381 vante
2520 2326 2690 2395 gratia
2717 2324 3049 2389 Conditoris,
3074 2325 3167 2395 qui
3197 2324 3584 2380 misericorditer
3604 2331 3757 2390 operatur

2324 2413 2384 2469 in
2410 2415 2619 2469 sanctis
2640 2414 2774 2479 suis,
2800 2414 2892 2485 qui
2918 2416 3008 2471 dat
3030 2415 3359 2470 virtutemet
3376 2409 3755 2479 fortitudinempldi

2328 2520 2459 2572 suae,
2472 2504 2789 2562 benedictus
2813 2505 2956 2563 Deus
2979 2507 3032 2561 in
3056 2506 3252 2563 saecula
3269 2504 3383 2577 (Ps.
3397 2520 3543 2569 uvn,
3556 2502 3756 2571 36).Ama.

650 2679 3748 2712 W

1359 2848 1746 2981 VITA
1842 2845 2402 2977 SANCTI
2500 2851 3196 2984 LEBWINI

1790 3102 2175 3149 PRESBYTER!
2217 3105 2297 3148 ET
2336 3104 2691 3152 CONFESSOR
2701 3107 2754 3151 IS

1052 3249 1141 3306 AB
1179 3248 1586 3316 HUCBALDO,
1641 3249 1729 3306 AD
1776 3250 2171 3309 BALDRICUM
2203 3219 2593 3311 EPISCOPUM
2631 3254 3169 3315 TRAJECTENSEH
3211 3257 3506 3316 SCRIPTA.

1761 3403 1939 3476 (Apud
1961 3402 2202 3470 Surium,
2232 3405 2367 3462 Acta
2395 3404 2523 3474 SS.,
2553 3407 2588 3463 2
2626 3407 2786 3480 Nov.)

648 3690 1144 3769 [Prasmiltuntur
1174 3705 1250 3769 ea:
1274 3686 1573 3769 Martcnii
1605 3682 1995 3769 amplissima:
2027 3683 2413 3769 collectionis
2438 3692 2601 3769 torno
2637 3687 2684 3769 ΙΔ
2707 3686 2970 3765 cpistola
2993 3688 3170 3769 Petri
3218 3684 3616 3769 Cameracensis
3634 3676 3760 3769 utth

761 3769 1009 3831 diaconi
1048 3765 1129 3826 ad
1171 3764 1563 3826 Hucbaldum’
1596 3771 1651 3825 et
1684 3760 1898 3824 uersus
1925 3763 2227 3823 Judiont's
2257 3762 2340 3823 ad
2362 3763 2631 3824 eumdem
2661 3760 3338 3829 iri—commendationem
3364 3767 3531 3846 hujus
3556 3760 3695 3835 libri]

644 4071 1048 4137 EPISTOLA
1100 4069 1351 4131 PETRI
1384 4067 1726 4130 SANCT/E
1763 4065 2212 4128 Cameracensis
2242 4065 2287 4127 C
2319 4076 2494 4119 vestra
2535 4082 2699 4136 sagax
2723 4068 3028 4136 prudentia,
3059 4078 3113 4123 et
3138 4070 3375 4138 prudens
3394 4065 3759 4138 sagacitasneslr:

721 4153 1013 4216 Ecclesia:
1032 4147 1461 4210 archidiaconi
1482 4145 1562 4205 ad
1581 4143 1975 4205 Hucbaldum
2002 4163 2224 4205 mona-

723 4233 901 4292 chum
930 4235 985 4289 et
1015 4226 1388 4288 sacerdotem
1424 4223 1682 4285 coenobii
1715 4222 1916 4284 sancti
1944 4221 2218 4283 Amandi

722 4306 1093 4387 confessoris
1129 4304 1412 4387 _Chris_t_i,
1441 4380 1454 4387 _
1477 4302 1844 4387 scriniorcni
1910 4308 2224 4381 gestorum

727 4379 890 4450 beati
926 4382 1266 4447 sacerdotis
1304 4380 1539 4442 Christi
1572 4379 1853 4443 Libuini.

1139 4502 1316 4574 (Circa
1350 4515 1548 4556 annum
1587 4498 1736 4569 910.)
1805 4522 1813 4530 -

780 4618 989 4673 Laudat
1020 4616 1133 4687 ejus
1173 4615 1364 4669 librum
1394 4613 1459 4667 de
1494 4611 1613 4666 Vita
1640 4611 1810 4666 sancti
1847 4610 2077 4665 Libuini.

711 4708 919 4765 Vestrae.
964 4711 1151 4759 sancto
1193 4703 1440 4773 dogmate
1485 4700 1779 4771 apostolico
1824 4714 1888 4755 ac
1913 4702 2077 4755 tutius
2104 4699 2226 4769 phi-

644 4800 903 4872 IoSOphiae
930 4784 1450 4869 gemmisdecusato
1489 4791 1703 4846 domino
1738 4805 1803 4844 ac
1829 4790 2049 4846 doctore
2084 4790 2223 4844 Huc-

642 4903 813 4946 ωιοο
843 4886 1109 4943 monacho
1146 4882 1377 4938 emnobii
1409 4879 1734 4936 sanctissimi
1768 4878 1997 4934 Amandi
2031 4878 2224 4935 Petrus

643 4970 921 5051 peccator
947 4968 1403 5031 nrcbidiaconatui
1449 4979 1650 5027 sanctae
1674 4969 2080 5025 Cameracensis
2118 4970 2225 5026 Ec-

645 5071 822 5126 clesia
843 5066 1173 5130 deserviens,
1204 5070 1598 5133 competentem
1640 5061 1956 5116 instantium
1995 5059 2224 5116 facilita-

645 5173 776 5225 tem,
809 5174 872 5214 ac
906 5165 1178 5228 perpetem
1222 5153 1522 5207 futurorum
1560 5151 1615 5205 in
1643 5150 1859 5206 Christo
1884 5149 2220 5205 felicitatem.

715 5244 854 5304 Cum
917 5254 1108 5301 vestrae
1172 5241 1449 5313 sapientia:
1510 5240 1715 5310 lampas
1770 5240 2115 5296 admirabilis
2166 5240 2221 5295 in

652 5336 839 5396 Galliis
867 5338 967 5391 hac
992 5341 1308 5404 tempestate
1337 5330 1680 5402 singulariter
1717 5331 1858 5387 dono
1895 5329 2100 5386 caelesti
2130 5345 2222 5384 ex-

2324 4171 2501 4226 opet'a:
2530 4157 2724 4228 stylum
2773 4175 2934 4229 super
2979 4160 3119 4214 beati
3155 4160 3375 4215 Lebuini
3405 4160 3511 4217 Vita
3543 4144 3757 4210 memorabili

2324 4255 2638 4311 exaratum,
2687 4247 3008 4302 mirabiliter
3055 4250 3488 4312 examinandum,
3520 4236 3756 4311 comproitln'

2324 4334 2556 4403 dumque
2581 4335 2856 4390 direxerit.
2884 4335 3024 4392 Vere
3044 4339 3185 4391 enim
3215 4337 3465 4407 pu’sillitas
3490 4348 3593 4388 mea:
3613 4322 3757 4382 scindit

2324 4427 2795 4497 quantulacunque
2827 4427 3008 4494 fuerit,
3041 4444 3204 4498 porro
3242 4429 3376 4482 infra
3403 4435 3566 4481 vestrae
3586 4412 3757 4487 sapienti:

2323 4516 2486 4585 pedes
2512 4516 2895 4580 substernitur,
2926 4532 3024 4572 nec
3050 4502 3343 4588 disciplina:
3370 4511 3645 4571 scholasticae
3668 4502 3757 4556 unius
3830 4538 3831 4583 γ

2328 4601 2630 4662 auditorum
2660 4616 2959 4663 vestrorum
2986 4609 3327 4678 propinquat.
3359 4607 3456 4663 Sed
3482 4603 3555 4674 qui
3588 4613 3655 4653 vos
3680 4589 3755 4646 mir:

2326 4698 2569 4768 implevit
2611 4700 2854 4764 scientia,
2889 4700 3119 4755 mirabili
3162 4701 3321 4755 etiam
3370 4692 3600 4753 roborarit
3629 4678 3756 4741 humili

2327 4799 2439 4845 tate
2466 4807 2480 4844 :
2512 4791 2764 4859 quoniam
2815 4790 3048 4860 Spiritus
3089 4791 3359 4860 sapientize
3384 4797 3434 4842 et
3459 4780 3647 4841 scientia
3676 4772 3755 4865 idt‘fﬂ
3830 4768 3831 4791 ¹

2326 4881 2489 4934 etiam
2520 4889 2573 4935 et
2614 4880 2821 4936 timoris
2859 4881 3088 4945 Domini,
3137 4897 3165 4935 a
3196 4897 3300 4950 quo
3337 4894 3454 4933 vera
3492 4876 3634 4929 manat
3653 4865 3757 4956 humi-

2325 4972 2466 5027 litas.
2495 4971 2663 5026 Porro
2688 4982 2865 5026 autem
2890 4972 3145 5041 praeclara
3171 4978 3332 5026 vestri
3361 4964 3599 5040 gnomonis
3618 4957 3754 5024 dissim
3830 5030 3831 5049 1

2326 5065 2535 5120 cordati
2584 5067 2796 5135 quidem
2847 5075 2903 5120 et
2958 5066 3145 5136 optimi
3193 5065 3291 5119 viri
3345 5059 3555 5132 ἀερίωίί

2327 5169 2524 5220 mores,
2552 5132 2750 5221 ortum,
2782 5155 2969 5220 vitam,
2994 5132 3056 5209 et
3083 5153 3290 5209 felicem
3316 5153 3498 5207 exitum
3523 5132 3754 5215 probabiliter
3830 5132 3831 5187 ἶ

2326 5236 2751 5309 commendavit;
2784 5246 2875 5300 sed
2906 5245 3049 5300 inter
3078 5245 3129 5300 id
3155 5241 3524 5311 exsequendum
3548 5234 3666 5285 vim“
3680 5221 3754 5286 ίίείν

2327 5335 2465 5389 ravit
2509 5335 2820 5405 praclichen
2867 5335 3073 5405 pariter
3124 5344 3178 5391 et
3222 5331 3540 5389 theorichen,
3577 5320 3650 5390 Ph!

650 5428 845 5485 cellere
884 5434 1163 5489 noscatur,
1198 5423 1553 5479 admiratione
1591 5422 1811 5491 dignum
1848 5421 2081 5485 videtur,
2122 5436 2218 5476 cur
2248 5429 2294 5488 ι)
2320 5426 2482 5481 etiam
2533 5426 2585 5480 in
2630 5427 2857 5497 gemince
2893 5426 3270 5498 descriptionis
3303 5423 3458 5485 serie,
3484 5415 3659 5473 ethicam
3680 5406 3751 5452 τετυ

719 5536 887 5608 (602).
915 5534 1090 5590 Curiis
1115 5533 1273 5608 Soira
1297 5535 1513 5608 dicitur,
1543 5532 1763 5608 forte_ut
1790 5512 2225 5608 a_Cas_tro_._So_lra

651 5601 1024 5677 distinguatur,
1048 5605 1195 5677 quod
1225 5604 1474 5673 oppidum
1502 5612 1585 5659 est
1615 5602 1786 5658 tribus
1824 5602 1995 5658 leucis
2018 5601 2215 5657 Malbo-

653 5679 741 5737 dto
779 5675 1003 5741 distans,
1046 5675 1240 5731 Laztias
1270 5689 1476 5729 versus.

2394 5535 2562 5610 (003).
2601 5535 2943 5593 Translatum
2972 5496 3091 5609 esti
3114 5545 3298 5610 postea
3350 5531 3528 5588 Montes
3550 5505 3752 5576 51w"

2326 5606 2497 5662 trudis
2535 5620 2746 5676 corpus.
2974 5606 2985 5609 ⁷
3115 5606 3133 5610 ’
3830 5640 3831 5653 η

3655 5312 3751 5367 sicam
3830 5344 3831 5351 η
