  <div class='ocr_page' id='page_1' title='image "/cluster/home/n/w/nwhite01/storage/ocr_20150623/132/hvd.32044015471733/444.png"; bbox 0 0 3916 6422; ppageno 0'>
   <div class='ocr_carea' id='block_1_1' title="bbox 105 273 3400 356">
    <p class='ocr_par' dir='ltr' id='par_1_1' title="bbox 105 273 3400 356">
     <span class='ocr_line' id='line_1_1' title="bbox 105 273 3400 356; baseline -0.008 -1"><span class='ocrx_word' id='word_1_1' title='bbox 105 299 258 356; x_wconf 76' lang='lat'><strong>877</strong></span> <span class='ocrx_word' id='word_1_2' title='bbox 1267 339 1274 346; x_wconf 85' lang='lat'><strong>.</strong></span> <span class='ocrx_word' id='word_1_3' title='bbox 1465 287 1618 344; x_wconf 76' lang='lat' dir='ltr'><strong>V&#39;l&#39;l&#39;A</strong></span> <span class='ocrx_word' id='word_1_4' title='bbox 1673 287 1730 341; x_wconf 89' lang='lat' dir='ltr'><strong>S.</strong></span> <span class='ocrx_word' id='word_1_5' title='bbox 1785 283 2098 339; x_wconf 75' lang='lat' dir='ltr'><strong>LEBWINL</strong></span> <span class='ocrx_word' id='word_1_6' title='bbox 3299 273 3400 331; x_wconf 81' lang='lat'><strong>878</strong></span> 
     </span>
    </p>
   </div>
   <div class='ocr_carea' id='block_1_2' title="bbox 109 369 3158 475">
    <p class='ocr_par' dir='ltr' id='par_1_2' title="bbox 109 369 3158 475">
     <span class='ocr_line' id='line_1_2' title="bbox 109 369 3158 475; baseline -0.011 -2"><span class='ocrx_word' id='word_1_7' title='bbox 109 418 204 474; x_wconf 76' lang='lat' dir='ltr'><strong>in</strong></span> <span class='ocrx_word' id='word_1_8' title='bbox 238 428 452 471; x_wconf 86' lang='lat' dir='ltr'><strong>morum</strong></span> <span class='ocrx_word' id='word_1_9' title='bbox 493 425 646 468; x_wconf 87' lang='lat' dir='ltr'><strong>sacra</strong></span> <span class='ocrx_word' id='word_1_10' title='bbox 669 409 1026 468; x_wconf 83' lang='lat' dir='ltr'><strong>institutione.</strong></span> <span class='ocrx_word' id='word_1_11' title='bbox 1051 407 1221 462; x_wconf 80' lang='lat' dir='ltr'><strong>Porro</strong></span> <span class='ocrx_word' id='word_1_12' title='bbox 1241 405 1472 475; x_wconf 81' lang='lat' dir='ltr'><strong>logicam</strong></span> <span class='ocrx_word' id='word_1_13' title='bbox 1505 404 1557 458; x_wconf 91' lang='lat' dir='ltr'><strong>in</strong></span> <span class='ocrx_word' id='word_1_14' title='bbox 1595 400 1728 456; x_wconf 85' lang='lat' dir='ltr'><strong>cmi-</strong></span> <span class='ocrx_word' id='word_1_15' title='bbox 1755 407 1805 464; x_wconf 73' lang='grc' dir='ltr'>Α</span> <span class='ocrx_word' id='word_1_16' title='bbox 1832 395 1984 462; x_wconf 86' lang='lat' dir='ltr'><strong>Quod</strong></span> <span class='ocrx_word' id='word_1_17' title='bbox 2013 393 2122 447; x_wconf 79' lang='lat' dir='ltr'><strong>dixi</strong></span> <span class='ocrx_word' id='word_1_18' title='bbox 2153 399 2306 462; x_wconf 90' lang='lat' dir='ltr'><strong>potes</strong></span> <span class='ocrx_word' id='word_1_19' title='bbox 2335 388 2388 443; x_wconf 93' lang='lat' dir='ltr'><strong>in</strong></span> <span class='ocrx_word' id='word_1_20' title='bbox 2421 387 2558 444; x_wconf 69' lang='lat' dir='ltr'><strong>Vitae</strong></span> <span class='ocrx_word' id='word_1_21' title='bbox 2589 387 2791 444; x_wconf 91' lang='lat' dir='ltr'><strong>rescire</strong></span> <span class='ocrx_word' id='word_1_22' title='bbox 2817 385 2996 441; x_wconf 91' lang='lat' dir='ltr'><strong>libello</strong></span> <span class='ocrx_word' id='word_1_23' title='bbox 3045 369 3158 475; x_wconf 42' lang='grc' dir='ltr'><strong>ς*</strong></span> 
     </span>
    </p>
   </div>
   <div class='ocr_carea' id='block_1_3' title="bbox 107 454 3092 562">
    <p class='ocr_par' dir='ltr' id='par_1_3' title="bbox 107 454 3092 562">
     <span class='ocr_line' id='line_1_3' title="bbox 109 454 3076 475; baseline -0.011 -2"><span class='ocrx_word' id='word_1_24' title='bbox 109 454 204 474; x_wconf 78' lang='grc' dir='ltr'><strong>-.ι</strong></span> <span class='ocrx_word' id='word_1_25' title='bbox 239 454 452 471; x_wconf 70' lang='grc' dir='ltr'><strong>...ιη-...ι</strong></span> <span class='ocrx_word' id='word_1_26' title='bbox 493 454 646 468; x_wconf 60' lang='grc' dir='ltr'><strong>..ι-ι...</strong></span> <span class='ocrx_word' id='word_1_27' title='bbox 671 454 1026 468; x_wconf 63' lang='grc' dir='ltr'><strong>....,.......ν..ν.</strong></span> <span class='ocrx_word' id='word_1_28' title='bbox 1055 454 1071 462; x_wconf 93' lang='grc'><strong>-</strong></span> <span class='ocrx_word' id='word_1_29' title='bbox 1098 454 1218 462; x_wconf 67' lang='grc' dir='ltr'><strong>ν---</strong></span> <span class='ocrx_word' id='word_1_30' title='bbox 1247 454 1472 475; x_wconf 54' lang='grc' dir='ltr'><strong>--σηημ</strong></span> <span class='ocrx_word' id='word_1_31' title='bbox 1605 454 1618 456; x_wconf 92' lang='lat'>_</span> <span class='ocrx_word' id='word_1_32' title='bbox 1755 454 1805 464; x_wconf 67' lang='grc' dir='ltr'>η</span> <span class='ocrx_word' id='word_1_33' title='bbox 1843 454 1877 462; x_wconf 46' lang='grc' dir='ltr'><strong>τ</strong></span> <span class='ocrx_word' id='word_1_34' title='bbox 2155 454 2169 462; x_wconf 92' lang='lat'>_</span> <span class='ocrx_word' id='word_1_35' title='bbox 3045 455 3076 471; x_wconf 27' lang='grc' dir='ltr'><strong>ἦ</strong></span> 
     </span>
     <span class='ocr_line' id='line_1_4' title="bbox 107 454 3092 562; baseline -0.009 0"><span class='ocrx_word' id='word_1_36' title='bbox 107 509 336 562; x_wconf 75' lang='lat' dir='ltr'><strong>nantia</strong></span> <span class='ocrx_word' id='word_1_37' title='bbox 385 503 682 560; x_wconf 64' lang='lat' dir='ltr'><strong>caelestium</strong></span> <span class='ocrx_word' id='word_1_38' title='bbox 729 517 791 555; x_wconf 88' lang='lat' dir='ltr'><strong>ac</strong></span> <span class='ocrx_word' id='word_1_39' title='bbox 837 499 1140 556; x_wconf 85' lang='lat' dir='ltr'><strong>sublimium</strong></span> <span class='ocrx_word' id='word_1_40' title='bbox 1189 497 1453 552; x_wconf 89' lang='lat' dir='ltr'><strong>rationum</strong></span> <span class='ocrx_word' id='word_1_41' title='bbox 1501 491 1727 553; x_wconf 63' lang='lat' dir='ltr'><strong>l3ntavit,</strong></span> <span class='ocrx_word' id='word_1_42' title='bbox 1901 485 2158 541; x_wconf 83' lang='lat' dir='ltr'><strong>Lial&#39;ﬁrini</strong></span> <span class='ocrx_word' id='word_1_43' title='bbox 2192 481 2362 537; x_wconf 86' lang='lat' dir='ltr'><strong>sancti</strong></span> <span class='ocrx_word' id='word_1_44' title='bbox 2401 473 2840 550; x_wconf 80' lang='lat' dir='ltr'><strong>magnanimique</strong></span> <span class='ocrx_word' id='word_1_45' title='bbox 2859 454 3092 535; x_wconf 29' lang='lat' dir='ltr'><strong>Patris;5</strong></span> 
     </span>
    </p>
   </div>
   <div class='ocr_carea' id='block_1_4' title="bbox 105 571 3136 664">
    <p class='ocr_par' dir='ltr' id='par_1_4' title="bbox 105 571 3136 664">
     <span class='ocr_line' id='line_1_5' title="bbox 105 571 3136 664; baseline -0.01 -11"><span class='ocrx_word' id='word_1_46' title='bbox 105 607 206 652; x_wconf 83' lang='lat' dir='ltr'><strong>ut</strong></span> <span class='ocrx_word' id='word_1_47' title='bbox 251 598 380 650; x_wconf 88' lang='lat' dir='ltr'><strong>dum</strong></span> <span class='ocrx_word' id='word_1_48' title='bbox 423 595 578 650; x_wconf 90' lang='lat' dir='ltr'><strong>unius</strong></span> <span class='ocrx_word' id='word_1_49' title='bbox 607 593 924 664; x_wconf 87' lang='lat' dir='ltr'><strong>stupendam</strong></span> <span class='ocrx_word' id='word_1_50' title='bbox 968 591 1289 658; x_wconf 68' lang='lat' dir='ltr'><strong>probitatem</strong></span> <span class='ocrx_word' id='word_1_51' title='bbox 1331 583 1566 654; x_wconf 88' lang='lat' dir='ltr'><strong>pandere</strong></span> <span class='ocrx_word' id='word_1_52' title='bbox 1593 583 1730 635; x_wconf 79' lang='lat' dir='ltr'><strong>nite-</strong></span> <span class='ocrx_word' id='word_1_53' title='bbox 1832 579 1986 633; x_wconf 84' lang='lat' dir='ltr'><strong>Hunc</strong></span> <span class='ocrx_word' id='word_1_54' title='bbox 2008 579 2146 632; x_wconf 87' lang='lat' dir='ltr'><strong>bene</strong></span> <span class='ocrx_word' id='word_1_55' title='bbox 2177 575 2222 630; x_wconf 91' lang='lat' dir='ltr'><strong>si</strong></span> <span class='ocrx_word' id='word_1_56' title='bbox 2247 575 2468 638; x_wconf 86' lang='lat' dir='ltr'><strong>recitas,</strong></span> <span class='ocrx_word' id='word_1_57' title='bbox 2489 571 2716 636; x_wconf 81' lang='lat' dir='ltr'><strong>oll&#39;eudis</strong></span> <span class='ocrx_word' id='word_1_58' title='bbox 2740 573 2878 627; x_wconf 88' lang='lat' dir='ltr'><strong>seria</strong></span> <span class='ocrx_word' id='word_1_59' title='bbox 2903 572 3056 640; x_wconf 88' lang='lat' dir='ltr'><strong>plura</strong></span> <span class='ocrx_word' id='word_1_60' title='bbox 3127 641 3136 646; x_wconf 27' lang='grc' dir='ltr'><strong>η</strong></span> 
     </span>
    </p>
   </div>
   <div class='ocr_carea' id='block_1_5' title="bbox 109 657 3262 757">
    <p class='ocr_par' dir='ltr' id='par_1_5' title="bbox 109 657 3262 757">
     <span class='ocr_line' id='line_1_6' title="bbox 109 657 3262 757; baseline -0.01 -15"><span class='ocrx_word' id='word_1_61' title='bbox 109 697 324 753; x_wconf 81' lang='lat' dir='ltr'><strong>retur,</strong></span> <span class='ocrx_word' id='word_1_62' title='bbox 363 685 717 757; x_wconf 86' lang='lat' dir='ltr'><strong>plurimorum</strong></span> <span class='ocrx_word' id='word_1_63' title='bbox 747 682 893 736; x_wconf 88' lang='lat' dir='ltr'><strong>rudis</strong></span> <span class='ocrx_word' id='word_1_64' title='bbox 919 679 1132 751; x_wconf 78' lang='lat' dir='ltr'><strong>ignavia</strong></span> <span class='ocrx_word' id='word_1_65' title='bbox 1169 677 1492 732; x_wconf 86' lang='lat' dir='ltr'><strong>erudiretur.</strong></span> <span class='ocrx_word' id='word_1_66' title='bbox 1523 674 1730 729; x_wconf 69' lang='lat' dir='ltr'><strong>Revera</strong></span> <span class='ocrx_word' id='word_1_67' title='bbox 1901 665 2032 733; x_wconf 67' lang='lat' dir='ltr'><strong>Qute</strong></span> <span class='ocrx_word' id='word_1_68' title='bbox 2063 666 2252 720; x_wconf 84' lang='lat' dir='ltr'><strong>rhetor</strong></span> <span class='ocrx_word' id='word_1_69' title='bbox 2278 665 2410 718; x_wconf 89' lang='lat' dir='ltr'><strong>serit</strong></span> <span class='ocrx_word' id='word_1_70' title='bbox 2447 662 2536 717; x_wconf 91' lang='lat' dir='ltr'><strong>hic</strong></span> <span class='ocrx_word' id='word_1_71' title='bbox 2563 663 3056 732; x_wconf 81' lang='lat' dir='ltr'><strong>grammaticosque</strong></span> <span class='ocrx_word' id='word_1_72' title='bbox 3081 657 3262 714; x_wconf 89' lang='lat' dir='ltr'><strong>simul.</strong></span> 
     </span>
    </p>
   </div>
   <div class='ocr_carea' id='block_1_6' title="bbox 115 755 2938 846">
    <p class='ocr_par' dir='ltr' id='par_1_6' title="bbox 115 755 2938 846">
     <span class='ocr_line' id='line_1_7' title="bbox 115 755 2938 846; baseline -0.008 -16"><span class='ocrx_word' id='word_1_73' title='bbox 115 778 321 846; x_wconf 77' lang='lat' dir='ltr'><strong>igitur</strong></span> <span class='ocrx_word' id='word_1_74' title='bbox 347 755 555 830; x_wconf 73' lang='lat' dir='ltr'><strong>sacram</strong></span> <span class='ocrx_word' id='word_1_75' title='bbox 595 774 646 828; x_wconf 92' lang='lat' dir='ltr'><strong>in</strong></span> <span class='ocrx_word' id='word_1_76' title='bbox 675 771 827 828; x_wconf 83' lang='lat' dir='ltr'><strong>vobis</strong></span> <span class='ocrx_word' id='word_1_77' title='bbox 863 769 1196 840; x_wconf 88' lang='lat' dir='ltr'><strong>Scripturam</strong></span> <span class='ocrx_word' id='word_1_78' title='bbox 1225 765 1433 835; x_wconf 90' lang='lat' dir='ltr'><strong>impleri</strong></span> <span class='ocrx_word' id='word_1_79' title='bbox 1459 763 1728 826; x_wconf 82' lang='lat' dir='ltr'><strong>novimus,</strong></span> <span class='ocrx_word' id='word_1_80' title='bbox 1829 761 1900 814; x_wconf 87' lang='lat' dir='ltr'><strong>Et</strong></span> <span class='ocrx_word' id='word_1_81' title='bbox 1926 761 1970 814; x_wconf 89' lang='lat' dir='ltr'><strong>si</strong></span> <span class='ocrx_word' id='word_1_82' title='bbox 1996 757 2198 830; x_wconf 82' lang='lat' dir='ltr'><strong>judicio</strong></span> <span class='ocrx_word' id='word_1_83' title='bbox 2230 756 2393 812; x_wconf 91' lang='lat' dir='ltr'><strong>calles</strong></span> <span class='ocrx_word' id='word_1_84' title='bbox 2420 755 2736 810; x_wconf 84' lang='lat' dir='ltr'><strong>discernere</strong></span> <span class='ocrx_word' id='word_1_85' title='bbox 2761 755 2938 820; x_wconf 86' lang='lat' dir='ltr'><strong>docte,</strong></span> 
     </span>
    </p>
   </div>
   <div class='ocr_carea' id='block_1_7' title="bbox 111 847 3086 938">
    <p class='ocr_par' dir='ltr' id='par_1_7' title="bbox 111 847 3086 938">
     <span class='ocr_line' id='line_1_8' title="bbox 111 847 3086 938; baseline -0.007 -19"><span class='ocrx_word' id='word_1_86' title='bbox 111 883 276 938; x_wconf 66' lang='lat' dir='ltr'><strong>qua:</strong></span> <span class='ocrx_word' id='word_1_87' title='bbox 324 866 500 920; x_wconf 86' lang='lat' dir='ltr'><strong>dicit:</strong></span> <span class='ocrx_word' id='word_1_88' title='bbox 553 863 636 918; x_wconf 88' lang='lat' dir='ltr'><strong>Da</strong></span> <span class='ocrx_word' id='word_1_89' title='bbox 683 860 906 931; x_wconf 82' lang='lat' dir='ltr'><strong>sapienti</strong></span> <span class='ocrx_word' id='word_1_90' title='bbox 953 859 1274 912; x_wconf 82' lang='lat' dir='ltr'><strong>occasionem</strong></span> <span class='ocrx_word' id='word_1_91' title='bbox 1322 849 1644 908; x_wconf 72' lang='lat' dir='ltr'><strong>et‘addetur</strong></span> <span class='ocrx_word' id='word_1_92' title='bbox 1683 853 1731 905; x_wconf 90' lang='lat' dir='ltr'><strong>ei</strong></span> <span class='ocrx_word' id='word_1_93' title='bbox 1903 851 2098 906; x_wconf 87' lang='lat' dir='ltr'><strong>Sermo</strong></span> <span class='ocrx_word' id='word_1_94' title='bbox 2121 848 2468 918; x_wconf 80' lang='lat' dir='ltr'><strong>evangelicus</strong></span> <span class='ocrx_word' id='word_1_95' title='bbox 2487 847 2660 902; x_wconf 87' lang='lat' dir='ltr'><strong>currit</strong></span> <span class='ocrx_word' id='word_1_96' title='bbox 2695 855 2750 900; x_wconf 92' lang='lat' dir='ltr'><strong>ct</strong></span> <span class='ocrx_word' id='word_1_97' title='bbox 2777 847 3086 900; x_wconf 88' lang='lat' dir='ltr'><strong>historicus.</strong></span> 
     </span>
    </p>
   </div>
   <div class='ocr_carea' id='block_1_8' title="bbox 107 937 3208 1030">
    <p class='ocr_par' dir='ltr' id='par_1_8' title="bbox 107 937 3208 1030">
     <span class='ocr_line' id='line_1_9' title="bbox 107 937 3208 1030; baseline -0.008 -16"><span class='ocrx_word' id='word_1_98' title='bbox 107 959 430 1030; x_wconf 74' lang='lat' dir='ltr'><strong>sapientia.</strong></span> <span class='ocrx_word' id='word_1_99' title='bbox 461 957 590 1028; x_wconf 78' lang='lat' dir='ltr'><strong>Legi</strong></span> <span class='ocrx_word' id='word_1_100' title='bbox 621 971 748 1026; x_wconf 82' lang='lat' dir='ltr'><strong>ergo</strong></span> <span class='ocrx_word' id='word_1_101' title='bbox 773 954 1002 1009; x_wconf 89' lang='lat' dir='ltr'><strong>nitidum</strong></span> <span class='ocrx_word' id='word_1_102' title='bbox 1027 949 1192 1004; x_wconf 82' lang='lat' dir='ltr'><strong>vestri</strong></span> <span class='ocrx_word' id='word_1_103' title='bbox 1229 945 1494 1004; x_wconf 88' lang='lat' dir='ltr'><strong>sermonis</strong></span> <span class='ocrx_word' id='word_1_104' title='bbox 1521 943 1728 1008; x_wconf 86' lang='lat' dir='ltr'><strong>ﬂorem,</strong></span> <span class='ocrx_word' id='word_1_105' title='bbox 1833 943 2002 1000; x_wconf 91' lang='lat' dir='ltr'><strong>Omne</strong></span> <span class='ocrx_word' id='word_1_106' title='bbox 2029 940 2230 997; x_wconf 88' lang='lat' dir='ltr'><strong>etenim</strong></span> <span class='ocrx_word' id='word_1_107' title='bbox 2257 939 2486 1009; x_wconf 84' lang='lat' dir='ltr'><strong>spatium</strong></span> <span class='ocrx_word' id='word_1_108' title='bbox 2519 939 2596 994; x_wconf 89' lang='lat' dir='ltr'><strong>sic</strong></span> <span class='ocrx_word' id='word_1_109' title='bbox 2633 938 2818 1008; x_wconf 81' lang='lat' dir='ltr'><strong>regula</strong></span> <span class='ocrx_word' id='word_1_110' title='bbox 2845 937 3032 1008; x_wconf 79' lang='lat' dir='ltr'><strong>dirigit</strong></span> <span class='ocrx_word' id='word_1_111' title='bbox 3055 937 3208 1002; x_wconf 83' lang='lat' dir='ltr'><strong>artis,</strong></span> 
     </span>
    </p>
   </div>
   <div class='ocr_carea' id='block_1_9' title="bbox 107 1029 3054 1116">
    <p class='ocr_par' dir='ltr' id='par_1_9' title="bbox 107 1029 3054 1116">
     <span class='ocr_line' id='line_1_10' title="bbox 107 1029 3054 1116; baseline -0.007 -12"><span class='ocrx_word' id='word_1_112' title='bbox 107 1057 194 1104; x_wconf 86' lang='lat' dir='ltr'><strong>et</strong></span> <span class='ocrx_word' id='word_1_113' title='bbox 231 1049 416 1104; x_wconf 87' lang='lat' dir='ltr'><strong>inveni</strong></span> <span class='ocrx_word' id='word_1_114' title='bbox 459 1045 600 1116; x_wconf 89' lang='lat' dir='ltr'><strong>quod</strong></span> <span class='ocrx_word' id='word_1_115' title='bbox 629 1045 849 1098; x_wconf 88' lang='lat' dir='ltr'><strong>omnino</strong></span> <span class='ocrx_word' id='word_1_116' title='bbox 876 1042 1124 1102; x_wconf 82' lang='lat' dir='ltr'><strong>mirarer,</strong></span> <span class='ocrx_word' id='word_1_117' title='bbox 1153 1053 1259 1092; x_wconf 91' lang='lat' dir='ltr'><strong>non</strong></span> <span class='ocrx_word' id='word_1_118' title='bbox 1290 1036 1432 1106; x_wconf 84' lang='lat' dir='ltr'><strong>quod</strong></span> <span class='ocrx_word' id='word_1_119' title='bbox 1467 1033 1732 1088; x_wconf 79' lang='lat' dir='ltr'><strong>ullatenus</strong></span> <span class='ocrx_word' id='word_1_120' title='bbox 1905 1033 1981 1090; x_wconf 86' lang='lat' dir='ltr'><strong>Ne</strong></span> <span class='ocrx_word' id='word_1_121' title='bbox 2011 1049 2171 1103; x_wconf 86' lang='lat' dir='ltr'><strong>quem</strong></span> <span class='ocrx_word' id='word_1_122' title='bbox 2197 1033 2345 1087; x_wconf 83' lang='lat' dir='ltr'><strong>fallat</strong></span> <span class='ocrx_word' id='word_1_123' title='bbox 2373 1033 2500 1098; x_wconf 89' lang='lat' dir='ltr'><strong>iter,</strong></span> <span class='ocrx_word' id='word_1_124' title='bbox 2531 1039 2624 1086; x_wconf 89' lang='lat' dir='ltr'><strong>aut</strong></span> <span class='ocrx_word' id='word_1_125' title='bbox 2651 1032 2738 1085; x_wconf 82' lang='lat' dir='ltr'><strong>via</strong></span> <span class='ocrx_word' id='word_1_126' title='bbox 2775 1029 3054 1099; x_wconf 58' lang='lat' dir='ltr'><strong>decipiat)</strong></span> 
     </span>
    </p>
   </div>
   <div class='ocr_carea' id='block_1_10' title="bbox 113 1113 3153 1204">
    <p class='ocr_par' dir='ltr' id='par_1_10' title="bbox 113 1113 3153 1204">
     <span class='ocr_line' id='line_1_11' title="bbox 113 1113 3153 1204; baseline -0.007 -10"><span class='ocrx_word' id='word_1_127' title='bbox 113 1142 518 1194; x_wconf 84' lang='lat' dir='ltr'><strong>emendarem.</strong></span> <span class='ocrx_word' id='word_1_128' title='bbox 565 1137 768 1196; x_wconf 65' lang='lat' dir='ltr'><strong>Divinm</strong></span> <span class='ocrx_word' id='word_1_129' title='bbox 805 1131 1154 1204; x_wconf 89' lang='lat' dir='ltr'><strong>protectionis</strong></span> <span class='ocrx_word' id='word_1_130' title='bbox 1182 1125 1422 1182; x_wconf 88' lang='lat' dir='ltr'><strong>custodia</strong></span> <span class='ocrx_word' id='word_1_131' title='bbox 1453 1123 1734 1196; x_wconf 82' lang='lat' dir='ltr'><strong>fulguran-</strong></span> <span class='ocrx_word' id='word_1_132' title='bbox 1835 1127 1899 1180; x_wconf 85' lang='lat' dir='ltr'><strong>Et</strong></span> <span class='ocrx_word' id='word_1_133' title='bbox 1929 1125 2120 1180; x_wconf 89' lang='lat' dir='ltr'><strong>similis</strong></span> <span class='ocrx_word' id='word_1_134' title='bbox 2150 1123 2431 1180; x_wconf 84' lang='lat' dir='ltr'><strong>Ciceronis</strong></span> <span class='ocrx_word' id='word_1_135' title='bbox 2453 1113 2594 1177; x_wconf 84' lang='lat' dir='ltr'><strong>inest</strong></span> <span class='ocrx_word' id='word_1_136' title='bbox 2623 1119 2956 1176; x_wconf 86' lang='lat' dir='ltr'><strong>constructio</strong></span> <span class='ocrx_word' id='word_1_137' title='bbox 2981 1119 3153 1173; x_wconf 83' lang='lat' dir='ltr'><strong>docta-</strong></span> 
     </span>
    </p>
   </div>
   <div class='ocr_carea' id='block_1_11' title="bbox 117 1211 2991 1296">
    <p class='ocr_par' dir='ltr' id='par_1_11' title="bbox 117 1211 2991 1296">
     <span class='ocr_line' id='line_1_12' title="bbox 117 1211 2991 1296; baseline -0.007 -11"><span class='ocrx_word' id='word_1_138' title='bbox 117 1241 260 1284; x_wconf 81' lang='grc' dir='ltr'><strong>ιριιι</strong></span> <span class='ocrx_word' id='word_1_139' title='bbox 327 1239 519 1282; x_wconf 70' lang='lat' dir='ltr'><strong>vestrte</strong></span> <span class='ocrx_word' id='word_1_140' title='bbox 591 1225 871 1296; x_wconf 66' lang='lat' dir='ltr'><strong>sapientia:</strong></span> <span class='ocrx_word' id='word_1_141' title='bbox 925 1221 1222 1290; x_wconf 82' lang='lat' dir='ltr'><strong>lampadem</strong></span> <span class='ocrx_word' id='word_1_142' title='bbox 1276 1225 1532 1287; x_wconf 90' lang='lat' dir='ltr'><strong>perpetuo</strong></span> <span class='ocrx_word' id='word_1_143' title='bbox 1579 1213 1736 1267; x_wconf 84' lang='lat' dir='ltr'><strong>nobis</strong></span> <span class='ocrx_word' id='word_1_144' title='bbox 1905 1215 2238 1287; x_wconf 80' lang='lat' dir='ltr'><strong>Augustinus</strong></span> <span class='ocrx_word' id='word_1_145' title='bbox 2267 1223 2320 1270; x_wconf 90' lang='lat' dir='ltr'><strong>et</strong></span> <span class='ocrx_word' id='word_1_146' title='bbox 2347 1214 2436 1269; x_wconf 91' lang='lat' dir='ltr'><strong>hic</strong></span> <span class='ocrx_word' id='word_1_147' title='bbox 2455 1223 2516 1268; x_wconf 90' lang='lat' dir='ltr'><strong>ut</strong></span> <span class='ocrx_word' id='word_1_148' title='bbox 2545 1211 2991 1268; x_wconf 87' lang='lat' dir='ltr'><strong>doeetinvenies.</strong></span> 
     </span>
    </p>
   </div>
   <div class='ocr_carea' id='block_1_12' title="bbox 115 1301 3345 1382">
    <p class='ocr_par' dir='ltr' id='par_1_12' title="bbox 115 1301 3345 1382">
     <span class='ocr_line' id='line_1_13' title="bbox 115 1301 3345 1382; baseline -0.006 -10"><span class='ocrx_word' id='word_1_149' title='bbox 115 1320 458 1374; x_wconf 80' lang='lat' dir='ltr'><strong>incolutnen</strong></span> <span class='ocrx_word' id='word_1_150' title='bbox 491 1325 774 1373; x_wconf 79' lang='lat' dir='ltr'><strong>conservet</strong></span> <span class='ocrx_word' id='word_1_151' title='bbox 797 1313 862 1368; x_wconf 86' lang='lat' dir='ltr'><strong>ad</strong></span> <span class='ocrx_word' id='word_1_152' title='bbox 895 1325 1096 1368; x_wconf 76' lang='lat' dir='ltr'><strong>sancza:</strong></span> <span class='ocrx_word' id='word_1_153' title='bbox 1125 1310 1426 1382; x_wconf 79' lang='lat' dir='ltr'><strong>profectum</strong></span> <span class='ocrx_word' id='word_1_154' title='bbox 1461 1305 1729 1361; x_wconf 61' lang='lat' dir='ltr'><strong>Ecclesiae.</strong></span> <span class='ocrx_word' id='word_1_155' title='bbox 1839 1309 2137 1364; x_wconf 86' lang='lat' dir='ltr'><strong>Dummodo</strong></span> <span class='ocrx_word' id='word_1_156' title='bbox 2173 1305 2446 1369; x_wconf 86' lang='lat' dir='ltr'><strong>cordatus,</strong></span> <span class='ocrx_word' id='word_1_157' title='bbox 2483 1319 2592 1358; x_wconf 91' lang='lat' dir='ltr'><strong>non</strong></span> <span class='ocrx_word' id='word_1_158' title='bbox 2623 1302 2855 1368; x_wconf 86' lang='lat' dir='ltr'><strong>invidus,</strong></span> <span class='ocrx_word' id='word_1_159' title='bbox 2887 1309 3046 1370; x_wconf 90' lang='lat' dir='ltr'><strong>atque</strong></span> <span class='ocrx_word' id='word_1_160' title='bbox 3071 1301 3345 1355; x_wconf 84' lang='lat' dir='ltr'><strong>detractor</strong></span> 
     </span>
    </p>
   </div>
   <div class='ocr_carea' id='block_1_13' title="bbox 111 1389 3234 1464">
    <p class='ocr_par' dir='ltr' id='par_1_13' title="bbox 111 1389 3234 1464">
     <span class='ocr_line' id='line_1_14' title="bbox 111 1389 3234 1464; baseline -0.007 0"><span class='ocrx_word' id='word_1_161' title='bbox 111 1414 343 1464; x_wconf 73' lang='lat' dir='ltr'><strong>Amen.</strong></span> <span class='ocrx_word' id='word_1_162' title='bbox 1909 1396 2063 1452; x_wconf 79' lang='lat' dir='ltr'><strong>liunc</strong></span> <span class='ocrx_word' id='word_1_163' title='bbox 2091 1396 2328 1451; x_wconf 75' lang='lat' dir='ltr'><strong>recitatis</strong></span> <span class='ocrx_word' id='word_1_164' title='bbox 2355 1391 2556 1458; x_wconf 82' lang='lat' dir='ltr'><strong>voivat,</strong></span> <span class='ocrx_word' id='word_1_165' title='bbox 2601 1402 2760 1462; x_wconf 88' lang='lat' dir='ltr'><strong>atque</strong></span> <span class='ocrx_word' id='word_1_166' title='bbox 2781 1391 2964 1462; x_wconf 82' lang='lat' dir='ltr'><strong>legens</strong></span> <span class='ocrx_word' id='word_1_167' title='bbox 2991 1389 3234 1459; x_wconf 85' lang='lat' dir='ltr'><strong>replicet.</strong></span> 
     </span>
    </p>
   </div>
   <div class='ocr_carea' id='block_1_14' title="bbox 117 1483 1663 1584">
    <p class='ocr_par' dir='ltr' id='par_1_14' title="bbox 117 1511 1663 1584">
     <span class='ocr_line' id='line_1_15' title="bbox 117 1511 1663 1584; baseline -0.007 -4"><span class='ocrx_word' id='word_1_168' title='bbox 117 1519 566 1584; x_wconf 77' lang='lat' dir='ltr'><strong>EPISTOLA</strong></span> <span class='ocrx_word' id='word_1_169' title='bbox 613 1515 1010 1579; x_wconf 76' lang='lat' dir='ltr'><strong>ODILONIS</strong></span> <span class='ocrx_word' id='word_1_170' title='bbox 1031 1514 1340 1574; x_wconf 64' lang='lat' dir='ltr'><strong>cantabrica</strong></span> <span class='ocrx_word' id='word_1_171' title='bbox 1370 1511 1574 1572; x_wconf 72' lang='lat' dir='ltr'><strong>sancti</strong></span> <span class='ocrx_word' id='word_1_172' title='bbox 1605 1511 1663 1572; x_wconf 75' lang='lat' dir='ltr'><strong>lli</strong></span> 
     </span>
    </p>
   </div>
   <div class='ocr_carea' id='block_1_15' title="bbox 1732 1483 3278 1584">
    <p class='ocr_par' dir='ltr' id='par_1_15' title="bbox 1732 1483 3278 1556">
     <span class='ocr_line' id='line_1_16' title="bbox 1732 1483 3278 1556; baseline -0.005 -13"><span class='ocrx_word' id='word_1_173' title='bbox 1732 1545 1734 1552; x_wconf 65' lang='grc'>,</span> <span class='ocrx_word' id='word_1_174' title='bbox 1836 1487 2102 1556; x_wconf 84' lang='lat' dir='ltr'><strong>Quocirca</strong></span> <span class='ocrx_word' id='word_1_175' title='bbox 2137 1483 2380 1556; x_wconf 87' lang='lat' dir='ltr'><strong>quisquis</strong></span> <span class='ocrx_word' id='word_1_176' title='bbox 2407 1484 2540 1555; x_wconf 85' lang='lat' dir='ltr'><strong>legis</strong></span> <span class='ocrx_word' id='word_1_177' title='bbox 2567 1485 2679 1538; x_wconf 65' lang='lat' dir='ltr'><strong>haec</strong></span> <span class='ocrx_word' id='word_1_178' title='bbox 2709 1499 2818 1538; x_wconf 90' lang='lat' dir='ltr'><strong>non</strong></span> <span class='ocrx_word' id='word_1_179' title='bbox 2847 1485 3010 1538; x_wconf 88' lang='lat' dir='ltr'><strong>corde</strong></span> <span class='ocrx_word' id='word_1_180' title='bbox 3035 1483 3278 1547; x_wconf 89' lang='lat' dir='ltr'><strong>sinistro,</strong></span> 
     </span>
    </p>
   </div>
   <div class='ocr_carea' id='block_1_16' title="bbox 336 1576 3002 1678">
    <p class='ocr_par' dir='ltr' id='par_1_16' title="bbox 336 1576 3002 1678">
     <span class='ocr_line' id='line_1_17' title="bbox 336 1576 3002 1678; baseline -0.011 -21"><span class='ocrx_word' id='word_1_181' title='bbox 336 1576 844 1678; x_wconf 37' lang='grc' dir='ltr'><strong>ἇαῖτῑί--εῂ-ἰεεορί</strong></span> <span class='ocrx_word' id='word_1_182' title='bbox 885 1592 1214 1654; x_wconf 74' lang='lat' dir='ltr'><strong>[luebaldo</strong></span> <span class='ocrx_word' id='word_1_183' title='bbox 1261 1591 1522 1652; x_wconf 78' lang='lat' dir='ltr'><strong>directa.</strong></span> <span class='ocrx_word' id='word_1_184' title='bbox 1908 1581 2044 1638; x_wconf 82' lang='lat' dir='ltr'><strong>Cum</strong></span> <span class='ocrx_word' id='word_1_185' title='bbox 2067 1581 2296 1636; x_wconf 83' lang='lat' dir='ltr'><strong>Judioue</strong></span> <span class='ocrx_word' id='word_1_186' title='bbox 2326 1577 2484 1634; x_wconf 88' lang='lat' dir='ltr'><strong>simul</strong></span> <span class='ocrx_word' id='word_1_187' title='bbox 2508 1593 2570 1632; x_wconf 78' lang='lat' dir='ltr'><strong>ex</strong></span> <span class='ocrx_word' id='word_1_188' title='bbox 2597 1577 2776 1630; x_wconf 87' lang='lat' dir='ltr'><strong>animo</strong></span> <span class='ocrx_word' id='word_1_189' title='bbox 2807 1576 3002 1646; x_wconf 82' lang='lat' dir='ltr'><strong>rogita.</strong></span> 
     </span>
    </p>
   </div>
   <div class='ocr_carea' id='block_1_17' title="bbox 1840 1669 3247 1736">
    <p class='ocr_par' dir='ltr' id='par_1_17' title="bbox 1840 1669 3247 1736">
     <span class='ocr_line' id='line_1_18' title="bbox 1840 1669 3247 1736; baseline -0.004 -9"><span class='ocrx_word' id='word_1_190' title='bbox 1840 1671 2175 1728; x_wconf 89' lang='lat' dir='ltr'><strong>llucbaldum</strong></span> <span class='ocrx_word' id='word_1_191' title='bbox 2205 1672 2346 1726; x_wconf 87' lang='lat' dir='ltr'><strong>Deus</strong></span> <span class='ocrx_word' id='word_1_192' title='bbox 2379 1671 2522 1724; x_wconf 90' lang='lat' dir='ltr'><strong>hunc</strong></span> <span class='ocrx_word' id='word_1_193' title='bbox 2551 1669 2690 1724; x_wconf 88' lang='lat' dir='ltr'><strong>dona</strong></span> <span class='ocrx_word' id='word_1_194' title='bbox 2715 1669 2912 1721; x_wconf 88' lang='lat' dir='ltr'><strong>durare</strong></span> <span class='ocrx_word' id='word_1_195' title='bbox 2939 1681 3036 1736; x_wconf 89' lang='lat' dir='ltr'><strong>per</strong></span> <span class='ocrx_word' id='word_1_196' title='bbox 3060 1680 3247 1722; x_wconf 85' lang='lat' dir='ltr'><strong>annos.</strong></span> 
     </span>
    </p>
   </div>
   <div class='ocr_carea' id='block_1_18' title="bbox 1767 1757 3200 1838">
    <p class='ocr_par' dir='ltr' id='par_1_18' title="bbox 1767 1757 3200 1838">
     <span class='ocr_line' id='line_1_19' title="bbox 1767 1757 3200 1838; baseline -0.006 -19"><span class='ocrx_word' id='word_1_197' title='bbox 1767 1783 1806 1838; x_wconf 71' lang='grc' dir='ltr'><strong>Β</strong></span> <span class='ocrx_word' id='word_1_198' title='bbox 1909 1763 2038 1819; x_wconf 87' lang='lat' dir='ltr'><strong>Post</strong></span> <span class='ocrx_word' id='word_1_199' title='bbox 2068 1772 2300 1817; x_wconf 88' lang='lat' dir='ltr'><strong>mortem</strong></span> <span class='ocrx_word' id='word_1_200' title='bbox 2345 1761 2527 1816; x_wconf 89' lang='lat' dir='ltr'><strong>carnis</strong></span> <span class='ocrx_word' id='word_1_201' title='bbox 2550 1759 2716 1830; x_wconf 76' lang='lat' dir='ltr'><strong>junge</strong></span> <span class='ocrx_word' id='word_1_202' title='bbox 2742 1757 2940 1813; x_wconf 86' lang='lat' dir='ltr'><strong>dehinc</strong></span> <span class='ocrx_word' id='word_1_203' title='bbox 2969 1758 3200 1826; x_wconf 86' lang='lat' dir='ltr'><strong>superis.</strong></span> 
     </span>
    </p>
   </div>
   <div class='ocr_carea' id='block_1_19' title="bbox 1843 1851 3153 1921">
    <p class='ocr_par' dir='ltr' id='par_1_19' title="bbox 1843 1851 3153 1921">
     <span class='ocr_line' id='line_1_20' title="bbox 1843 1851 3153 1921; baseline -0.008 -10"><span class='ocrx_word' id='word_1_204' title='bbox 1843 1855 1910 1911; x_wconf 88' lang='lat' dir='ltr'><strong>Ut</strong></span> <span class='ocrx_word' id='word_1_205' title='bbox 1941 1863 1992 1908; x_wconf 88' lang='lat' dir='ltr'><strong>te</strong></span> <span class='ocrx_word' id='word_1_206' title='bbox 2017 1869 2138 1908; x_wconf 86' lang='lat' dir='ltr'><strong>cum</strong></span> <span class='ocrx_word' id='word_1_207' title='bbox 2165 1853 2368 1908; x_wconf 87' lang='lat' dir='ltr'><strong>sanctis</strong></span> <span class='ocrx_word' id='word_1_208' title='bbox 2391 1852 2568 1906; x_wconf 87' lang='lat' dir='ltr'><strong>laudet</strong></span> <span class='ocrx_word' id='word_1_209' title='bbox 2593 1865 2690 1921; x_wconf 90' lang='lat' dir='ltr'><strong>per</strong></span> <span class='ocrx_word' id='word_1_210' title='bbox 2716 1851 2911 1905; x_wconf 65' lang='lat' dir='ltr'><strong>saecula</strong></span> <span class='ocrx_word' id='word_1_211' title='bbox 2937 1859 3153 1904; x_wconf 88' lang='lat' dir='ltr'><strong>cuncta.</strong></span> 
     </span>
    </p>
   </div>
   <div class='ocr_carea' id='block_1_20' title="bbox 1909 1941 3203 2013">
    <p class='ocr_par' dir='ltr' id='par_1_20' title="bbox 1909 1941 3203 2013">
     <span class='ocr_line' id='line_1_21' title="bbox 1909 1941 3203 2013; baseline -0.005 -14"><span class='ocrx_word' id='word_1_212' title='bbox 1909 1945 2009 2013; x_wconf 85' lang='lat' dir='ltr'><strong>Qui</strong></span> <span class='ocrx_word' id='word_1_213' title='bbox 2033 1945 2175 2000; x_wconf 89' lang='lat' dir='ltr'><strong>Deus</strong></span> <span class='ocrx_word' id='word_1_214' title='bbox 2203 1959 2359 2010; x_wconf 86' lang='lat' dir='ltr'><strong>unus,</strong></span> <span class='ocrx_word' id='word_1_215' title='bbox 2389 1943 2542 2010; x_wconf 84' lang='lat' dir='ltr'><strong>ades,</strong></span> <span class='ocrx_word' id='word_1_216' title='bbox 2579 1941 2752 1997; x_wconf 89' lang='lat' dir='ltr'><strong>trinus</strong></span> <span class='ocrx_word' id='word_1_217' title='bbox 2775 1951 2828 1996; x_wconf 90' lang='lat' dir='ltr'><strong>et</strong></span> <span class='ocrx_word' id='word_1_218' title='bbox 2849 1941 2964 2012; x_wconf 89' lang='lat' dir='ltr'><strong>ipse</strong></span> <span class='ocrx_word' id='word_1_219' title='bbox 2995 1953 3203 1996; x_wconf 86' lang='lat' dir='ltr'><strong>manes.</strong></span> 
     </span>
    </p>
   </div>
   <div class='ocr_carea' id='block_1_21' title="bbox 625 1711 1234 1788">
    <p class='ocr_par' dir='ltr' id='par_1_21' title="bbox 625 1711 1234 1788">
     <span class='ocr_line' id='line_1_22' title="bbox 625 1711 1234 1788; baseline -0.01 -18"><span class='ocrx_word' id='word_1_220' title='bbox 625 1717 804 1788; x_wconf 83' lang='lat' dir='ltr'><strong>(Circa</strong></span> <span class='ocrx_word' id='word_1_221' title='bbox 843 1729 1046 1768; x_wconf 89' lang='lat' dir='ltr'><strong>annum</strong></span> <span class='ocrx_word' id='word_1_222' title='bbox 1084 1711 1234 1782; x_wconf 68' lang='grc'><strong>940.)</strong></span> 
     </span>
    </p>
   </div>
   <div class='ocr_carea' id='block_1_22' title="bbox 121 1819 1726 1892">
    <p class='ocr_par' dir='ltr' id='par_1_22' title="bbox 121 1819 1726 1892">
     <span class='ocr_line' id='line_1_23' title="bbox 121 1819 1726 1892; baseline -0.012 -4"><span class='ocrx_word' id='word_1_223' title='bbox 121 1833 403 1888; x_wconf 77' lang='lat' dir='ltr'><strong>Libeﬂum</strong></span> <span class='ocrx_word' id='word_1_224' title='bbox 447 1829 508 1884; x_wconf 86' lang='lat' dir='ltr'><strong>de</strong></span> <span class='ocrx_word' id='word_1_225' title='bbox 547 1827 664 1882; x_wconf 81' lang='lat' dir='ltr'><strong>Vita</strong></span> <span class='ocrx_word' id='word_1_226' title='bbox 707 1827 871 1881; x_wconf 83' lang='lat' dir='ltr'><strong>sancti</strong></span> <span class='ocrx_word' id='word_1_227' title='bbox 906 1823 1136 1886; x_wconf 81' lang='lat' dir='ltr'><strong>Libuini,</strong></span> <span class='ocrx_word' id='word_1_228' title='bbox 1165 1837 1316 1892; x_wconf 85' lang='lat' dir='ltr'><strong>quem</strong></span> <span class='ocrx_word' id='word_1_229' title='bbox 1339 1821 1386 1874; x_wconf 84' lang='lat' dir='ltr'><strong>ei</strong></span> <span class='ocrx_word' id='word_1_230' title='bbox 1418 1819 1726 1872; x_wconf 76' lang='lat' dir='ltr'><strong>examinan-</strong></span> 
     </span>
    </p>
   </div>
   <div class='ocr_carea' id='block_1_23' title="bbox 431 1892 1444 1962">
    <p class='ocr_par' dir='ltr' id='par_1_23' title="bbox 431 1892 1444 1962">
     <span class='ocr_line' id='line_1_24' title="bbox 431 1892 1444 1962; baseline -0.012 -7"><span class='ocrx_word' id='word_1_231' title='bbox 431 1901 554 1954; x_wconf 85' lang='lat' dir='ltr'><strong>dum</strong></span> <span class='ocrx_word' id='word_1_232' title='bbox 583 1902 818 1962; x_wconf 85' lang='lat' dir='ltr'><strong>miserut,</strong></span> <span class='ocrx_word' id='word_1_233' title='bbox 843 1913 962 1950; x_wconf 86' lang='lat' dir='ltr'><strong>cum</strong></span> <span class='ocrx_word' id='word_1_234' title='bbox 993 1895 1150 1948; x_wconf 79' lang='lat' dir='ltr'><strong>laude</strong></span> <span class='ocrx_word' id='word_1_235' title='bbox 1171 1892 1444 1962; x_wconf 83' lang='lat' dir='ltr'><strong>approbat.</strong></span> 
     </span>
    </p>
   </div>
   <div class='ocr_carea' id='block_1_24' title="bbox 207 1980 1730 2063">
    <p class='ocr_par' dir='ltr' id='par_1_24' title="bbox 207 1980 1730 2063">
     <span class='ocr_line' id='line_1_25' title="bbox 207 1980 1730 2063; baseline -0.011 -14"><span class='ocrx_word' id='word_1_236' title='bbox 207 1994 416 2048; x_wconf 65' lang='lat' dir='ltr'><strong>Prisca:</strong></span> <span class='ocrx_word' id='word_1_237' title='bbox 451 1990 736 2063; x_wconf 77' lang='lat' dir='ltr'><strong>gravitatis</strong></span> <span class='ocrx_word' id='word_1_238' title='bbox 766 1999 954 2044; x_wconf 87' lang='lat' dir='ltr'><strong>tenore</strong></span> <span class='ocrx_word' id='word_1_239' title='bbox 995 1985 1308 2056; x_wconf 88' lang='lat' dir='ltr'><strong>conspicuo,</strong></span> <span class='ocrx_word' id='word_1_240' title='bbox 1352 1991 1460 2039; x_wconf 89' lang='lat' dir='ltr'><strong>etc.</strong></span> <span class='ocrx_word' id='word_1_241' title='bbox 1513 1980 1730 2051; x_wconf 76' lang='lat' dir='ltr'><strong>Reliqua</strong></span> 
     </span>
    </p>
   </div>
   <div class='ocr_carea' id='block_1_25' title="bbox 131 2035 2290 2198">
    <p class='ocr_par' dir='ltr' id='par_1_25' title="bbox 131 2035 2290 2198">
     <span class='ocr_line' id='line_1_26' title="bbox 211 2035 1651 2063; baseline -0.026 -13"><span class='ocrx_word' id='word_1_242' title='bbox 211 2035 234 2048; x_wconf 84' lang='grc'><strong>-</strong></span> <span class='ocrx_word' id='word_1_243' title='bbox 261 2035 416 2048; x_wconf 63' lang='grc' dir='ltr'><strong>..υνω</strong></span> <span class='ocrx_word' id='word_1_244' title='bbox 451 2035 734 2063; x_wconf 57' lang='grc' dir='ltr'><strong>ο...-,-,,,,-</strong></span> <span class='ocrx_word' id='word_1_245' title='bbox 767 2035 953 2044; x_wconf 52' lang='grc' dir='ltr'><strong>,νηπη</strong></span> <span class='ocrx_word' id='word_1_246' title='bbox 1000 2035 1308 2056; x_wconf 39' lang='lat' dir='ltr'><strong>&quot;Wfﬁn,</strong></span> <span class='ocrx_word' id='word_1_247' title='bbox 1359 2035 1436 2039; x_wconf 35' lang='lat' dir='ltr'>ﬂ</span> <span class='ocrx_word' id='word_1_248' title='bbox 1565 2035 1571 2036; x_wconf 13' lang='grc' dir='ltr'>ί</span> <span class='ocrx_word' id='word_1_249' title='bbox 1639 2035 1651 2051; x_wconf 43' lang='grc' dir='ltr'><strong>Ι</strong></span> 
     </span>
     <span class='ocr_line' id='line_1_27' title="bbox 131 2035 2252 2154; baseline -0.02 -14"><span class='ocrx_word' id='word_1_250' title='bbox 131 2085 260 2140; x_wconf 68' lang='lat' dir='ltr'><strong>cide</strong></span> <span class='ocrx_word' id='word_1_251' title='bbox 293 2101 458 2154; x_wconf 85' lang='lat' dir='ltr'><strong>supra</strong></span> <span class='ocrx_word' id='word_1_252' title='bbox 485 2083 538 2138; x_wconf 85' lang='lat' dir='ltr'><strong>in</strong></span> <span class='ocrx_word' id='word_1_253' title='bbox 579 2081 840 2138; x_wconf 77' lang='lat' dir='ltr'><strong>ODILONE.</strong></span> <span class='ocrx_word' id='word_1_254' title='bbox 2053 2035 2252 2138; x_wconf 59' lang='grc' dir='ltr'><strong>Αῐηοῐξο</strong></span> 
     </span>
     <span class='ocr_line' id='line_1_28' title="bbox 1944 2129 2290 2198; baseline -0.006 -15"><span class='ocrx_word' id='word_1_255' title='bbox 1944 2129 2057 2183; x_wconf 88' lang='lat' dir='ltr'><strong>Deo</strong></span> <span class='ocrx_word' id='word_1_256' title='bbox 2087 2135 2290 2198; x_wconf 78' lang='lat' dir='ltr'><strong>gratias</strong></span> 
     </span>
    </p>
   </div>
   <div class='ocr_carea' id='block_1_26' title="bbox 137 2205 2862 2287">
    <p class='ocr_par' dir='ltr' id='par_1_26' title="bbox 137 2205 2862 2287">
     <span class='ocr_line' id='line_1_29' title="bbox 137 2205 2862 2287; baseline -0.003 -9"><span class='ocrx_word' id='word_1_257' title='bbox 137 2215 450 2280; x_wconf 74' lang='lat' dir='ltr'><strong>VERSUS</strong></span> <span class='ocrx_word' id='word_1_258' title='bbox 468 2211 856 2275; x_wconf 80' lang='lat' dir='ltr'><strong>JUDIONIS</strong></span> <span class='ocrx_word' id='word_1_259' title='bbox 883 2211 948 2272; x_wconf 78' lang='lat' dir='ltr'><strong>in</strong></span> <span class='ocrx_word' id='word_1_260' title='bbox 970 2205 1442 2287; x_wconf 62' lang='grc' dir='ltr'><strong>(τοηῇντηςιιίρηε</strong></span> <span class='ocrx_word' id='word_1_261' title='bbox 1473 2219 1731 2287; x_wconf 57' lang='lat' dir='ltr'><strong>operum</strong></span> <span class='ocrx_word' id='word_1_262' title='bbox 2193 2214 2449 2271; x_wconf 84' lang='lat' dir='ltr'><strong>Veterum</strong></span> <span class='ocrx_word' id='word_1_263' title='bbox 2483 2217 2624 2272; x_wconf 91' lang='lat' dir='ltr'><strong>Deus</strong></span> <span class='ocrx_word' id='word_1_264' title='bbox 2661 2217 2862 2272; x_wconf 88' lang='lat' dir='ltr'><strong>arbiter</strong></span> 
     </span>
    </p>
   </div>
   <div class='ocr_carea' id='block_1_27' title="bbox 227 2277 2862 2384">
    <p class='ocr_par' dir='ltr' id='par_1_27' title="bbox 227 2277 2862 2384">
     <span class='ocr_line' id='line_1_30' title="bbox 227 2277 2862 2384; baseline -0.005 -30"><span class='ocrx_word' id='word_1_265' title='bbox 227 2295 522 2384; x_wconf 41' lang='lat' dir='ltr'><strong>magistri.</strong></span> <span class='ocrx_word' id='word_1_266' title='bbox 574 2293 674 2353; x_wconf 83' lang='lat' dir='ltr'><strong>sui</strong></span> <span class='ocrx_word' id='word_1_267' title='bbox 735 2287 1052 2351; x_wconf 72' lang='grc' dir='ltr'><strong>Παιτὺαίάί</strong></span> <span class='ocrx_word' id='word_1_268' title='bbox 1088 2277 1418 2348; x_wconf 73' lang='grc' dir='ltr'><strong>’Βαιάνὶοο</strong></span> <span class='ocrx_word' id='word_1_269' title='bbox 1469 2277 1731 2360; x_wconf 64' lang='lat' dir='ltr'><strong>praemii</strong></span> <span class='ocrx_word' id='word_1_270' title='bbox 2121 2309 2250 2375; x_wconf 60' lang='lat' dir='ltr'><strong>Quae</strong></span> <span class='ocrx_word' id='word_1_271' title='bbox 2278 2307 2622 2363; x_wconf 67' lang='lat' dir='ltr'><strong>damﬁdeles</strong></span> <span class='ocrx_word' id='word_1_272' title='bbox 2643 2307 2862 2378; x_wconf 51' lang='lat' dir='ltr'><strong>pariter,</strong></span> 
     </span>
    </p>
   </div>
   <div class='ocr_carea' id='block_1_28' title="bbox 229 2373 1775 2488">
    <p class='ocr_par' dir='ltr' id='par_1_28' title="bbox 229 2373 542 2433">
     <span class='ocr_line' id='line_1_31' title="bbox 229 2373 542 2433; baseline -0.003 0"><span class='ocrx_word' id='word_1_273' title='bbox 229 2373 542 2433; x_wconf 77' lang='lat' dir='ltr'><strong>destinati.</strong></span> 
     </span>
    </p>
   </div>
   <div class='ocr_carea' id='block_1_29' title="bbox 1343 2373 2889 2488">
    <p class='ocr_par' dir='ltr' id='par_1_29' title="bbox 1617 2397 2889 2488">
     <span class='ocr_line' id='line_1_32' title="bbox 1617 2397 2889 2488; baseline -0.004 -31"><span class='ocrx_word' id='word_1_274' title='bbox 1617 2475 1630 2488; x_wconf 80' lang='lat'>_</span> <span class='ocrx_word' id='word_1_275' title='bbox 2123 2400 2398 2470; x_wconf 80' lang='lat' dir='ltr'><strong>Rogamus</strong></span> <span class='ocrx_word' id='word_1_276' title='bbox 2427 2409 2630 2454; x_wconf 76' lang='lat' dir='ltr'><strong>liOSil‘lS</strong></span> <span class='ocrx_word' id='word_1_277' title='bbox 2649 2397 2889 2470; x_wconf 64' lang='lat' dir='ltr'><strong>{vocibus</strong></span> 
     </span>
    </p>
   </div>
   <div class='ocr_carea' id='block_1_30' title="bbox 135 2475 2782 2568">
    <p class='ocr_par' dir='ltr' id='par_1_30' title="bbox 135 2475 2782 2568">
     <span class='ocr_line' id='line_1_33' title="bbox 135 2475 2782 2568; baseline -0.006 -22"><span class='ocrx_word' id='word_1_278' title='bbox 135 2491 198 2546; x_wconf 81' lang='lat' dir='ltr'><strong>In</strong></span> <span class='ocrx_word' id='word_1_279' title='bbox 227 2479 422 2562; x_wconf 79' lang='lat' dir='ltr'><strong>primis</strong></span> <span class='ocrx_word' id='word_1_280' title='bbox 449 2489 595 2562; x_wconf 67' lang='grc'><strong>(604)</strong></span> <span class='ocrx_word' id='word_1_281' title='bbox 642 2487 908 2554; x_wconf 85' lang='lat' dir='ltr'><strong>Baldrice,</strong></span> <span class='ocrx_word' id='word_1_282' title='bbox 935 2485 1079 2550; x_wconf 87' lang='lat' dir='ltr'><strong>vale,</strong></span> <span class='ocrx_word' id='word_1_283' title='bbox 1109 2481 1416 2538; x_wconf 87' lang='lat' dir='ltr'><strong>clarissime</strong></span> <span class='ocrx_word' id='word_1_284' title='bbox 1439 2475 1655 2551; x_wconf 60' lang='lat' dir='ltr'><strong>praesul,</strong></span> <span class='ocrx_word' id='word_1_285' title='bbox 2106 2503 2168 2547; x_wconf 67' lang='grc' dir='ltr'><strong>ιιι</strong></span> <span class='ocrx_word' id='word_1_286' title='bbox 2189 2508 2399 2546; x_wconf 65' lang='lat' dir='ltr'><strong>annuas</strong></span> <span class='ocrx_word' id='word_1_287' title='bbox 2423 2491 2710 2562; x_wconf 54' lang='lat' dir='ltr'><strong>propitius.</strong></span> <span class='ocrx_word' id='word_1_288' title='bbox 2764 2515 2782 2568; x_wconf 28' lang='grc' dir='ltr'><strong>ί</strong></span> 
     </span>
    </p>
   </div>
   <div class='ocr_carea' id='block_1_31' title="bbox 215 2576 2760 2651">
    <p class='ocr_par' dir='ltr' id='par_1_31' title="bbox 215 2576 2760 2651">
     <span class='ocr_line' id='line_1_34' title="bbox 215 2576 2760 2651; baseline -0.003 -17"><span class='ocrx_word' id='word_1_289' title='bbox 215 2581 444 2636; x_wconf 83' lang='lat' dir='ltr'><strong>Nomine</strong></span> <span class='ocrx_word' id='word_1_290' title='bbox 472 2595 638 2651; x_wconf 88' lang='lat' dir='ltr'><strong>reque</strong></span> <span class='ocrx_word' id='word_1_291' title='bbox 665 2581 850 2643; x_wconf 87' lang='lat' dir='ltr'><strong>decus,</strong></span> <span class='ocrx_word' id='word_1_292' title='bbox 879 2576 1179 2632; x_wconf 88' lang='lat' dir='ltr'><strong>nobilitatis</strong></span> <span class='ocrx_word' id='word_1_293' title='bbox 1206 2587 1366 2644; x_wconf 87' lang='lat' dir='ltr'><strong>Opus.</strong></span> <span class='ocrx_word' id='word_1_294' title='bbox 2191 2580 2297 2635; x_wconf 71' lang='lat' dir='ltr'><strong>Per</strong></span> <span class='ocrx_word' id='word_1_295' title='bbox 2327 2581 2538 2635; x_wconf 79' lang='lat' dir='ltr'><strong>Libuini</strong></span> <span class='ocrx_word' id='word_1_296' title='bbox 2563 2580 2760 2635; x_wconf 77' lang='lat' dir='ltr'><strong>merita</strong></span> 
     </span>
    </p>
   </div>
   <div class='ocr_carea' id='block_1_32' title="bbox 139 2663 2938 2748">
    <p class='ocr_par' dir='ltr' id='par_1_32' title="bbox 139 2663 2938 2748">
     <span class='ocr_line' id='line_1_35' title="bbox 139 2663 2938 2748; baseline -0.005 -17"><span class='ocrx_word' id='word_1_297' title='bbox 139 2675 262 2732; x_wconf 80' lang='lat' dir='ltr'><strong>Hoc</strong></span> <span class='ocrx_word' id='word_1_298' title='bbox 287 2692 420 2748; x_wconf 86' lang='lat' dir='ltr'><strong>opus</strong></span> <span class='ocrx_word' id='word_1_299' title='bbox 445 2685 528 2730; x_wconf 91' lang='lat' dir='ltr'><strong>est</strong></span> <span class='ocrx_word' id='word_1_300' title='bbox 571 2684 723 2729; x_wconf 89' lang='lat' dir='ltr'><strong>actus</strong></span> <span class='ocrx_word' id='word_1_301' title='bbox 755 2671 980 2727; x_wconf 86' lang='lat' dir='ltr'><strong>Lebuini</strong></span> <span class='ocrx_word' id='word_1_302' title='bbox 1014 2669 1193 2723; x_wconf 88' lang='lat' dir='ltr'><strong>Patris</strong></span> <span class='ocrx_word' id='word_1_303' title='bbox 1227 2663 1446 2721; x_wconf 87' lang='lat' dir='ltr'><strong>amandi</strong></span> <span class='ocrx_word' id='word_1_304' title='bbox 2119 2674 2239 2741; x_wconf 80' lang='lat' dir='ltr'><strong>Quo</strong></span> <span class='ocrx_word' id='word_1_305' title='bbox 2265 2683 2450 2728; x_wconf 60' lang='lat' dir='ltr'><strong>nostra</strong></span> <span class='ocrx_word' id='word_1_306' title='bbox 2483 2673 2662 2728; x_wconf 71' lang='lat' dir='ltr'><strong>solvas</strong></span> <span class='ocrx_word' id='word_1_307' title='bbox 2691 2673 2938 2737; x_wconf 58' lang='lat' dir='ltr'><strong>crimina.</strong></span> 
     </span>
    </p>
   </div>
   <div class='ocr_carea' id='block_1_33' title="bbox 217 2756 2924 2836">
    <p class='ocr_par' dir='ltr' id='par_1_33' title="bbox 217 2756 2924 2836">
     <span class='ocr_line' id='line_1_36' title="bbox 217 2756 2924 2836; baseline 0 -18"><span class='ocrx_word' id='word_1_308' title='bbox 217 2765 532 2820; x_wconf 88' lang='lat' dir='ltr'><strong>llucbaldus</strong></span> <span class='ocrx_word' id='word_1_309' title='bbox 559 2763 752 2820; x_wconf 87' lang='lat' dir='ltr'><strong>doctor</strong></span> <span class='ocrx_word' id='word_1_310' title='bbox 784 2761 928 2832; x_wconf 89' lang='lat' dir='ltr'><strong>quod</strong></span> <span class='ocrx_word' id='word_1_311' title='bbox 958 2761 1179 2816; x_wconf 86' lang='lat' dir='ltr'><strong>decorat</strong></span> <span class='ocrx_word' id='word_1_312' title='bbox 1207 2756 1433 2811; x_wconf 89' lang='lat' dir='ltr'><strong>calamo.</strong></span> <span class='ocrx_word' id='word_1_313' title='bbox 2131 2765 2338 2833; x_wconf 79' lang='lat' dir='ltr'><strong>Quibus</strong></span> <span class='ocrx_word' id='word_1_314' title='bbox 2363 2765 2522 2836; x_wconf 87' lang='lat' dir='ltr'><strong>quasi</strong></span> <span class='ocrx_word' id='word_1_315' title='bbox 2553 2765 2924 2835; x_wconf 88' lang='lat' dir='ltr'><strong>compedibus,</strong></span> 
     </span>
    </p>
   </div>
   <div class='ocr_carea' id='block_1_34' title="bbox 135 2845 2726 2926">
    <p class='ocr_par' dir='ltr' id='par_1_34' title="bbox 135 2845 2726 2926">
     <span class='ocr_line' id='line_1_37' title="bbox 135 2845 2726 2926; baseline -0.005 -16"><span class='ocrx_word' id='word_1_316' title='bbox 135 2855 286 2911; x_wconf 70' lang='lat' dir='ltr'><strong>Hinc</strong></span> <span class='ocrx_word' id='word_1_317' title='bbox 316 2856 468 2910; x_wconf 63' lang='lat' dir='ltr'><strong>caelis</strong></span> <span class='ocrx_word' id='word_1_318' title='bbox 504 2855 704 2922; x_wconf 77' lang='lat' dir='ltr'><strong>dignus</strong></span> <span class='ocrx_word' id='word_1_319' title='bbox 735 2852 895 2908; x_wconf 88' lang='lat' dir='ltr'><strong>terris</strong></span> <span class='ocrx_word' id='word_1_320' title='bbox 923 2847 1306 2905; x_wconf 88' lang='lat' dir='ltr'><strong>memorandus</strong></span> <span class='ocrx_word' id='word_1_321' title='bbox 1335 2845 1588 2910; x_wconf 88' lang='lat' dir='ltr'><strong>habetur,</strong></span> <span class='ocrx_word' id='word_1_322' title='bbox 2121 2855 2402 2926; x_wconf 72' lang='lat' dir='ltr'><strong>Illaqueali</strong></span> <span class='ocrx_word' id='word_1_323' title='bbox 2429 2857 2726 2911; x_wconf 75' lang='lat' dir='ltr'><strong>cernimur,</strong></span> 
     </span>
    </p>
   </div>
   <div class='ocr_carea' id='block_1_35' title="bbox 215 2945 3076 3018">
    <p class='ocr_par' dir='ltr' id='par_1_35' title="bbox 215 2945 3076 3018">
     <span class='ocr_line' id='line_1_38' title="bbox 215 2945 3076 3018; baseline -0.001 -15"><span class='ocrx_word' id='word_1_324' title='bbox 215 2947 326 3003; x_wconf 87' lang='lat' dir='ltr'><strong>Sed</strong></span> <span class='ocrx_word' id='word_1_325' title='bbox 356 2959 410 3002; x_wconf 89' lang='lat' dir='ltr'><strong>tu</strong></span> <span class='ocrx_word' id='word_1_326' title='bbox 443 2948 600 3002; x_wconf 90' lang='lat' dir='ltr'><strong>laude</strong></span> <span class='ocrx_word' id='word_1_327' title='bbox 626 2961 722 3002; x_wconf 89' lang='lat' dir='ltr'><strong>sua</strong></span> <span class='ocrx_word' id='word_1_328' title='bbox 748 2945 961 3016; x_wconf 83' lang='lat' dir='ltr'><strong>dignior</strong></span> <span class='ocrx_word' id='word_1_329' title='bbox 993 2956 1310 3011; x_wconf 76' lang='lat' dir='ltr'><strong>exsuperas.</strong></span> <span class='ocrx_word' id='word_1_330' title='bbox 2191 2946 2300 3001; x_wconf 89' lang='lat' dir='ltr'><strong>Sed</strong></span> <span class='ocrx_word' id='word_1_331' title='bbox 2329 2947 2473 3018; x_wconf 90' lang='lat' dir='ltr'><strong>quod</strong></span> <span class='ocrx_word' id='word_1_332' title='bbox 2507 2947 2793 3016; x_wconf 86' lang='lat' dir='ltr'><strong>nequimus</strong></span> <span class='ocrx_word' id='word_1_333' title='bbox 2820 2947 3076 3016; x_wconf 85' lang='lat' dir='ltr'><strong>consequi</strong></span> 
     </span>
    </p>
   </div>
   <div class='ocr_carea' id='block_1_36' title="bbox 135 3021 3066 3112">
    <p class='ocr_par' dir='ltr' id='par_1_36' title="bbox 135 3021 3066 3112">
     <span class='ocr_line' id='line_1_39' title="bbox 135 3021 3066 3112; baseline -0.004 -16"><span class='ocrx_word' id='word_1_334' title='bbox 135 3041 310 3108; x_wconf 80' lang='lat' dir='ltr'><strong>Cujus</strong></span> <span class='ocrx_word' id='word_1_335' title='bbox 342 3042 409 3094; x_wconf 94' lang='lat' dir='ltr'><strong>ob</strong></span> <span class='ocrx_word' id='word_1_336' title='bbox 439 3040 736 3110; x_wconf 89' lang='lat' dir='ltr'><strong>auspicium</strong></span> <span class='ocrx_word' id='word_1_337' title='bbox 769 3037 898 3092; x_wconf 81' lang='lat' dir='ltr'><strong>fecit</strong></span> <span class='ocrx_word' id='word_1_338' title='bbox 927 3035 1070 3106; x_wconf 87' lang='lat' dir='ltr'><strong>quod</strong></span> <span class='ocrx_word' id='word_1_339' title='bbox 1096 3033 1222 3088; x_wconf 79' lang='lat' dir='ltr'><strong>fecit</strong></span> <span class='ocrx_word' id='word_1_340' title='bbox 1257 3031 1513 3102; x_wconf 86' lang='lat' dir='ltr'><strong>idipsum,</strong></span> <span class='ocrx_word' id='word_1_341' title='bbox 1553 3096 1564 3112; x_wconf 44' lang='lat'><strong><em>‘</em></strong></span> <span class='ocrx_word' id='word_1_342' title='bbox 2120 3037 2294 3092; x_wconf 71' lang='lat' dir='ltr'><strong>neat&quot;</strong></span> <span class='ocrx_word' id='word_1_343' title='bbox 2329 3039 2496 3093; x_wconf 76' lang='lat' dir='ltr'><strong>&quot;mtto</strong></span> <span class='ocrx_word' id='word_1_344' title='bbox 2542 3037 2708 3093; x_wconf 74' lang='lat' dir='ltr'><strong>saucii</strong></span> <span class='ocrx_word' id='word_1_345' title='bbox 3051 3021 3066 3034; x_wconf 78' lang='grc'><strong><em>’</em></strong></span> 
     </span>
    </p>
   </div>
   <div class='ocr_carea' id='block_1_37' title="bbox 215 3122 2705 3198">
    <p class='ocr_par' dir='ltr' id='par_1_37' title="bbox 215 3122 2705 3198">
     <span class='ocr_line' id='line_1_40' title="bbox 215 3122 2705 3198; baseline -0.003 -16"><span class='ocrx_word' id='word_1_346' title='bbox 215 3130 352 3184; x_wconf 90' lang='lat' dir='ltr'><strong>llinc</strong></span> <span class='ocrx_word' id='word_1_347' title='bbox 381 3145 608 3184; x_wconf 87' lang='lat' dir='ltr'><strong>consors</strong></span> <span class='ocrx_word' id='word_1_348' title='bbox 637 3129 816 3198; x_wconf 89' lang='lat' dir='ltr'><strong>operis</strong></span> <span class='ocrx_word' id='word_1_349' title='bbox 839 3122 1365 3192; x_wconf 82' lang='lat' dir='ltr'><strong>laudilms-erigeris.</strong></span> <span class='ocrx_word' id='word_1_350' title='bbox 1757 3137 1801 3198; x_wconf 73' lang='grc' dir='ltr'><strong>ρ</strong></span> <span class='ocrx_word' id='word_1_351' title='bbox 2121 3127 2179 3181; x_wconf 85' lang='lat' dir='ltr'><strong>Id</strong></span> <span class='ocrx_word' id='word_1_352' title='bbox 2216 3127 2447 3182; x_wconf 87' lang='lat' dir='ltr'><strong>Libuino</strong></span> <span class='ocrx_word' id='word_1_353' title='bbox 2479 3128 2705 3193; x_wconf 77' lang='lat' dir='ltr'><strong>tribuas,</strong></span> 
     </span>
    </p>
   </div>
   <div class='ocr_carea' id='block_1_38' title="bbox 129 3214 2998 3289">
    <p class='ocr_par' dir='ltr' id='par_1_38' title="bbox 129 3214 2998 3289">
     <span class='ocr_line' id='line_1_41' title="bbox 129 3214 2998 3289; baseline -0.001 -14"><span class='ocrx_word' id='word_1_354' title='bbox 129 3221 282 3275; x_wconf 87' lang='lat' dir='ltr'><strong>llinc</strong></span> <span class='ocrx_word' id='word_1_355' title='bbox 309 3220 379 3274; x_wconf 90' lang='lat' dir='ltr'><strong>ita</strong></span> <span class='ocrx_word' id='word_1_356' title='bbox 407 3220 472 3274; x_wconf 90' lang='lat' dir='ltr'><strong>de</strong></span> <span class='ocrx_word' id='word_1_357' title='bbox 503 3219 710 3289; x_wconf 87' lang='lat' dir='ltr'><strong>reliquo</strong></span> <span class='ocrx_word' id='word_1_358' title='bbox 745 3218 898 3275; x_wconf 89' lang='lat' dir='ltr'><strong>vobis</strong></span> <span class='ocrx_word' id='word_1_359' title='bbox 923 3217 1084 3272; x_wconf 89' lang='lat' dir='ltr'><strong>liceat</strong></span> <span class='ocrx_word' id='word_1_360' title='bbox 1111 3214 1242 3269; x_wconf 86' lang='lat' dir='ltr'><strong>mihi</strong></span> <span class='ocrx_word' id='word_1_361' title='bbox 1270 3227 1454 3268; x_wconf 83' lang='lat' dir='ltr'><strong>coram</strong></span> <span class='ocrx_word' id='word_1_362' title='bbox 2125 3217 2226 3284; x_wconf 87' lang='lat' dir='ltr'><strong>Qui</strong></span> <span class='ocrx_word' id='word_1_363' title='bbox 2271 3217 2475 3273; x_wconf 89' lang='lat' dir='ltr'><strong>sanctis</strong></span> <span class='ocrx_word' id='word_1_364' title='bbox 2507 3218 2613 3272; x_wconf 88' lang='lat' dir='ltr'><strong>tuis</strong></span> <span class='ocrx_word' id='word_1_365' title='bbox 2644 3217 2774 3272; x_wconf 89' lang='lat' dir='ltr'><strong>nihil</strong></span> <span class='ocrx_word' id='word_1_366' title='bbox 2813 3234 2998 3288; x_wconf 76' lang='lat' dir='ltr'><strong>negas.</strong></span> 
     </span>
    </p>
   </div>
   <div class='ocr_carea' id='block_1_39' title="bbox 215 3307 2942 3380">
    <p class='ocr_par' dir='ltr' id='par_1_39' title="bbox 215 3307 2942 3380">
     <span class='ocr_line' id='line_1_42' title="bbox 215 3307 2942 3380; baseline -0.001 -13"><span class='ocrx_word' id='word_1_367' title='bbox 215 3313 430 3367; x_wconf 88' lang='lat' dir='ltr'><strong>Lectori</strong></span> <span class='ocrx_word' id='word_1_368' title='bbox 459 3321 643 3366; x_wconf 84' lang='lat' dir='ltr'><strong>vestro</strong></span> <span class='ocrx_word' id='word_1_369' title='bbox 675 3311 858 3366; x_wconf 87' lang='lat' dir='ltr'><strong>dicere</strong></span> <span class='ocrx_word' id='word_1_370' title='bbox 885 3325 1006 3379; x_wconf 79' lang='lat' dir='ltr'><strong>quae</strong></span> <span class='ocrx_word' id='word_1_371' title='bbox 1029 3307 1207 3376; x_wconf 88' lang='lat' dir='ltr'><strong>cupio.</strong></span> <span class='ocrx_word' id='word_1_372' title='bbox 2189 3309 2288 3364; x_wconf 87' lang='lat' dir='ltr'><strong>llic</strong></span> <span class='ocrx_word' id='word_1_373' title='bbox 2311 3309 2466 3364; x_wconf 88' lang='lat' dir='ltr'><strong>nobis</strong></span> <span class='ocrx_word' id='word_1_374' title='bbox 2500 3309 2605 3364; x_wconf 82' lang='lat' dir='ltr'><strong>dux</strong></span> <span class='ocrx_word' id='word_1_375' title='bbox 2629 3319 2684 3364; x_wconf 89' lang='lat' dir='ltr'><strong>et</strong></span> <span class='ocrx_word' id='word_1_376' title='bbox 2709 3311 2942 3380; x_wconf 56' lang='lat' dir='ltr'><strong>praevius</strong></span> 
     </span>
    </p>
   </div>
   <div class='ocr_carea' id='block_1_40' title="bbox 141 3396 2815 3474">
    <p class='ocr_par' dir='ltr' id='par_1_40' title="bbox 141 3396 2815 3474">
     <span class='ocr_line' id='line_1_43' title="bbox 141 3396 2815 3474; baseline -0.003 -13"><span class='ocrx_word' id='word_1_377' title='bbox 141 3405 344 3461; x_wconf 60' lang='lat' dir='ltr'><strong>chtor</strong></span> <span class='ocrx_word' id='word_1_378' title='bbox 372 3405 474 3460; x_wconf 88' lang='lat' dir='ltr'><strong>erit</strong></span> <span class='ocrx_word' id='word_1_379' title='bbox 500 3413 676 3460; x_wconf 83' lang='lat' dir='ltr'><strong>vester</strong></span> <span class='ocrx_word' id='word_1_380' title='bbox 703 3403 972 3474; x_wconf 78' lang='lat' dir='ltr'><strong>Nitgerus,</strong></span> <span class='ocrx_word' id='word_1_381' title='bbox 1001 3403 1200 3456; x_wconf 87' lang='lat' dir='ltr'><strong>charus</strong></span> <span class='ocrx_word' id='word_1_382' title='bbox 1236 3396 1516 3468; x_wconf 88' lang='lat' dir='ltr'><strong>adelphus,</strong></span> <span class='ocrx_word' id='word_1_383' title='bbox 2097 3400 2183 3456; x_wconf 89' lang='lat' dir='ltr'><strong>Sit</strong></span> <span class='ocrx_word' id='word_1_384' title='bbox 2207 3399 2257 3454; x_wconf 91' lang='lat' dir='ltr'><strong>in</strong></span> <span class='ocrx_word' id='word_1_385' title='bbox 2296 3401 2510 3470; x_wconf 90' lang='lat' dir='ltr'><strong>periclis</strong></span> <span class='ocrx_word' id='word_1_386' title='bbox 2537 3401 2815 3465; x_wconf 89' lang='lat' dir='ltr'><strong>omnibus,</strong></span> 
     </span>
    </p>
   </div>
   <div class='ocr_carea' id='block_1_41' title="bbox 211 3491 2798 3570">
    <p class='ocr_par' dir='ltr' id='par_1_41' title="bbox 211 3491 2798 3570">
     <span class='ocr_line' id='line_1_44' title="bbox 211 3491 2798 3570; baseline -0.003 -16"><span class='ocrx_word' id='word_1_387' title='bbox 211 3501 332 3570; x_wconf 78' lang='lat' dir='ltr'><strong>ipse</strong></span> <span class='ocrx_word' id='word_1_388' title='bbox 358 3499 494 3554; x_wconf 88' lang='lat' dir='ltr'><strong>adeo</strong></span> <span class='ocrx_word' id='word_1_389' title='bbox 522 3499 728 3554; x_wconf 90' lang='lat' dir='ltr'><strong>studuit</strong></span> <span class='ocrx_word' id='word_1_390' title='bbox 761 3506 818 3551; x_wconf 93' lang='lat' dir='ltr'><strong>ut</strong></span> <span class='ocrx_word' id='word_1_391' title='bbox 845 3497 1116 3568; x_wconf 78' lang='lat' dir='ltr'><strong>legeretur</strong></span> <span class='ocrx_word' id='word_1_392' title='bbox 1140 3507 1296 3563; x_wconf 87' lang='lat' dir='ltr'><strong>opus.</strong></span> <span class='ocrx_word' id='word_1_393' title='bbox 2117 3491 2287 3560; x_wconf 81' lang='lat' dir='ltr'><strong>I-lnjus</strong></span> <span class='ocrx_word' id='word_1_394' title='bbox 2321 3501 2541 3562; x_wconf 88' lang='lat' dir='ltr'><strong>precatu</strong></span> <span class='ocrx_word' id='word_1_395' title='bbox 2573 3495 2798 3547; x_wconf 88' lang='lat' dir='ltr'><strong>territus</strong></span> 
     </span>
    </p>
   </div>
   <div class='ocr_carea' id='block_1_42' title="bbox 135 3581 2849 3658">
    <p class='ocr_par' dir='ltr' id='par_1_42' title="bbox 135 3581 2849 3658">
     <span class='ocr_line' id='line_1_45' title="bbox 135 3581 2849 3658; baseline -0.004 -12"><span class='ocrx_word' id='word_1_396' title='bbox 135 3591 280 3646; x_wconf 87' lang='lat' dir='ltr'><strong>Dum</strong></span> <span class='ocrx_word' id='word_1_397' title='bbox 304 3591 499 3646; x_wconf 87' lang='lat' dir='ltr'><strong>vestris</strong></span> <span class='ocrx_word' id='word_1_398' title='bbox 527 3590 718 3644; x_wconf 87' lang='lat' dir='ltr'><strong>crebro</strong></span> <span class='ocrx_word' id='word_1_399' title='bbox 745 3589 1065 3658; x_wconf 88' lang='lat' dir='ltr'><strong>scriptorem</strong></span> <span class='ocrx_word' id='word_1_400' title='bbox 1093 3583 1280 3637; x_wconf 89' lang='lat' dir='ltr'><strong>mulsit</strong></span> <span class='ocrx_word' id='word_1_401' title='bbox 1315 3581 1580 3642; x_wconf 89' lang='lat' dir='ltr'><strong>amicum,</strong></span> <span class='ocrx_word' id='word_1_402' title='bbox 2119 3581 2380 3636; x_wconf 86' lang='lat' dir='ltr'><strong>Facessat</strong></span> <span class='ocrx_word' id='word_1_403' title='bbox 2409 3583 2578 3636; x_wconf 91' lang='lat' dir='ltr'><strong>hostis</strong></span> <span class='ocrx_word' id='word_1_404' title='bbox 2619 3582 2849 3637; x_wconf 85' lang='lat' dir='ltr'><strong>invidus.</strong></span> 
     </span>
    </p>
   </div>
   <div class='ocr_carea' id='block_1_43' title="bbox 213 3671 2998 3746">
    <p class='ocr_par' dir='ltr' id='par_1_43' title="bbox 213 3671 2998 3746">
     <span class='ocr_line' id='line_1_46' title="bbox 213 3671 2998 3746; baseline -0.002 -12"><span class='ocrx_word' id='word_1_405' title='bbox 213 3681 282 3734; x_wconf 89' lang='lat' dir='ltr'><strong>Et</strong></span> <span class='ocrx_word' id='word_1_406' title='bbox 307 3681 520 3735; x_wconf 87' lang='lat' dir='ltr'><strong>tandem</strong></span> <span class='ocrx_word' id='word_1_407' title='bbox 552 3679 785 3734; x_wconf 66' lang='lat' dir='ltr'><strong>obtinuit</strong></span> <span class='ocrx_word' id='word_1_408' title='bbox 814 3679 955 3746; x_wconf 89' lang='lat' dir='ltr'><strong>quod</strong></span> <span class='ocrx_word' id='word_1_409' title='bbox 1012 3677 1150 3744; x_wconf 75' lang='lat' dir='ltr'><strong>bene</strong></span> <span class='ocrx_word' id='word_1_410' title='bbox 1191 3671 1482 3741; x_wconf 83' lang='lat' dir='ltr'><strong>concupiit.</strong></span> <span class='ocrx_word' id='word_1_411' title='bbox 2193 3671 2292 3726; x_wconf 91' lang='lat' dir='ltr'><strong>llic</strong></span> <span class='ocrx_word' id='word_1_412' title='bbox 2335 3685 2436 3726; x_wconf 90' lang='lat' dir='ltr'><strong>nos</strong></span> <span class='ocrx_word' id='word_1_413' title='bbox 2465 3681 2723 3741; x_wconf 80' lang='lat' dir='ltr'><strong>purgatos</strong></span> <span class='ocrx_word' id='word_1_414' title='bbox 2751 3673 2998 3728; x_wconf 83' lang='lat' dir='ltr'><strong>sordibus</strong></span> 
     </span>
    </p>
   </div>
   <div class='ocr_carea' id='block_1_44' title="bbox 139 3761 2752 3842">
    <p class='ocr_par' dir='ltr' id='par_1_44' title="bbox 139 3761 2752 3842">
     <span class='ocr_line' id='line_1_47' title="bbox 139 3761 2752 3842; baseline -0.004 -16"><span class='ocrx_word' id='word_1_415' title='bbox 139 3773 258 3826; x_wconf 81' lang='lat' dir='ltr'><strong>Hoc</strong></span> <span class='ocrx_word' id='word_1_416' title='bbox 282 3785 380 3842; x_wconf 79' lang='lat' dir='ltr'><strong>ego</strong></span> <span class='ocrx_word' id='word_1_417' title='bbox 407 3779 528 3840; x_wconf 85' lang='lat' dir='ltr'><strong>post</strong></span> <span class='ocrx_word' id='word_1_418' title='bbox 555 3770 756 3824; x_wconf 89' lang='lat' dir='ltr'><strong>lectum</strong></span> <span class='ocrx_word' id='word_1_419' title='bbox 783 3768 912 3822; x_wconf 88' lang='lat' dir='ltr'><strong>mihi</strong></span> <span class='ocrx_word' id='word_1_420' title='bbox 939 3765 1286 3837; x_wconf 71' lang='lat' dir='ltr'><strong>praecipiente</strong></span> <span class='ocrx_word' id='word_1_421' title='bbox 1315 3763 1577 3832; x_wconf 80' lang='lat' dir='ltr'><strong>magistro</strong></span> <span class='ocrx_word' id='word_1_422' title='bbox 2123 3761 2404 3814; x_wconf 83' lang='lat' dir='ltr'><strong>Restituat</strong></span> <span class='ocrx_word' id='word_1_423' title='bbox 2437 3761 2752 3816; x_wconf 77' lang='lat' dir='ltr'><strong>ctelestibus</strong></span> 
     </span>
    </p>
   </div>
   <div class='ocr_carea' id='block_1_45' title="bbox 213 3853 2626 3932">
    <p class='ocr_par' dir='ltr' id='par_1_45' title="bbox 213 3853 2626 3932">
     <span class='ocr_line' id='line_1_48' title="bbox 213 3853 2626 3932; baseline -0.003 -16"><span class='ocrx_word' id='word_1_424' title='bbox 213 3861 444 3916; x_wconf 83' lang='lat' dir='ltr'><strong>Carmen</strong></span> <span class='ocrx_word' id='word_1_425' title='bbox 471 3861 746 3932; x_wconf 83' lang='lat' dir='ltr'><strong>subsigno,</strong></span> <span class='ocrx_word' id='word_1_426' title='bbox 773 3870 901 3914; x_wconf 87' lang='lat' dir='ltr'><strong>tunc</strong></span> <span class='ocrx_word' id='word_1_427' title='bbox 924 3857 1082 3913; x_wconf 88' lang='lat' dir='ltr'><strong>simul</strong></span> <span class='ocrx_word' id='word_1_428' title='bbox 1113 3859 1220 3912; x_wconf 88' lang='lat' dir='ltr'><strong>hoc</strong></span> <span class='ocrx_word' id='word_1_429' title='bbox 1244 3853 1438 3925; x_wconf 85' lang='lat' dir='ltr'><strong>jubilo.</strong></span> <span class='ocrx_word' id='word_1_430' title='bbox 2123 3853 2223 3908; x_wconf 88' lang='lat' dir='ltr'><strong>Ubi</strong></span> <span class='ocrx_word' id='word_1_431' title='bbox 2257 3853 2395 3908; x_wconf 77' lang='lat' dir='ltr'><strong>felici</strong></span> <span class='ocrx_word' id='word_1_432' title='bbox 2429 3853 2626 3926; x_wconf 79' lang='lat' dir='ltr'><strong>gaudio</strong></span> 
     </span>
    </p>
   </div>
   <div class='ocr_carea' id='block_1_46' title="bbox 139 3944 2862 4032">
    <p class='ocr_par' dir='ltr' id='par_1_46' title="bbox 139 3944 2862 4032">
     <span class='ocr_line' id='line_1_49' title="bbox 139 3944 2862 4032; baseline -0.003 -26"><span class='ocrx_word' id='word_1_433' title='bbox 139 3951 228 4006; x_wconf 81' lang='lat' dir='ltr'><strong>Nil</strong></span> <span class='ocrx_word' id='word_1_434' title='bbox 251 3951 463 4016; x_wconf 88' lang='lat' dir='ltr'><strong>melius,</strong></span> <span class='ocrx_word' id='word_1_435' title='bbox 497 3949 690 4016; x_wconf 81' lang='lat' dir='ltr'><strong>fateor,</strong></span> <span class='ocrx_word' id='word_1_436' title='bbox 719 3951 841 4032; x_wconf 72' lang='lat' dir='ltr'><strong>legi,</strong></span> <span class='ocrx_word' id='word_1_437' title='bbox 875 3951 945 4004; x_wconf 91' lang='lat' dir='ltr'><strong>mi</strong></span> <span class='ocrx_word' id='word_1_438' title='bbox 980 3949 1148 4003; x_wconf 88' lang='lat' dir='ltr'><strong>lector</strong></span> <span class='ocrx_word' id='word_1_439' title='bbox 1177 3947 1371 4010; x_wconf 89' lang='lat' dir='ltr'><strong>amice,</strong></span> <span class='ocrx_word' id='word_1_440' title='bbox 2119 3944 2389 4000; x_wconf 87' lang='lat' dir='ltr'><strong>Fruamur</strong></span> <span class='ocrx_word' id='word_1_441' title='bbox 2409 3959 2523 4000; x_wconf 67' lang='lat' dir='ltr'><strong>aevo</strong></span> <span class='ocrx_word' id='word_1_442' title='bbox 2551 3945 2862 4000; x_wconf 85' lang='lat' dir='ltr'><strong>intermino.</strong></span> 
     </span>
    </p>
   </div>
   <div class='ocr_carea' id='block_1_47' title="bbox 215 4033 2419 4114">
    <p class='ocr_par' dir='ltr' id='par_1_47' title="bbox 215 4033 2419 4114">
     <span class='ocr_line' id='line_1_50' title="bbox 215 4033 2419 4114; baseline -0.004 -18"><span class='ocrx_word' id='word_1_443' title='bbox 215 4041 310 4097; x_wconf 83' lang='lat' dir='ltr'><strong>llis</strong></span> <span class='ocrx_word' id='word_1_444' title='bbox 339 4057 456 4114; x_wconf 66' lang='lat' dir='ltr'><strong>quae</strong></span> <span class='ocrx_word' id='word_1_445' title='bbox 491 4040 798 4098; x_wconf 86' lang='lat' dir='ltr'><strong>Hucbaldus</strong></span> <span class='ocrx_word' id='word_1_446' title='bbox 827 4041 1045 4112; x_wconf 88' lang='lat' dir='ltr'><strong>scripsit</strong></span> <span class='ocrx_word' id='word_1_447' title='bbox 1088 4047 1143 4094; x_wconf 89' lang='lat' dir='ltr'><strong>et</strong></span> <span class='ocrx_word' id='word_1_448' title='bbox 1176 4036 1411 4093; x_wconf 87' lang='lat' dir='ltr'><strong>edocuit.</strong></span> <span class='ocrx_word' id='word_1_449' title='bbox 2221 4033 2419 4090; x_wconf 85' lang='lat' dir='ltr'><strong>Amen.</strong></span> 
     </span>
    </p>
   </div>
   <div class='ocr_carea' id='block_1_48' title="bbox 931 4423 2626 4516">
    <p class='ocr_par' dir='ltr' id='par_1_48' title="bbox 931 4423 2626 4516">
     <span class='ocr_line' id='line_1_51' title="bbox 931 4423 2626 4516; baseline -0.004 -3"><span class='ocrx_word' id='word_1_450' title='bbox 931 4437 1336 4516; x_wconf 78' lang='lat' dir='ltr'><strong>INCIPIT</strong></span> <span class='ocrx_word' id='word_1_451' title='bbox 1391 4436 1644 4514; x_wconf 83' lang='lat' dir='ltr'><strong>VITA</strong></span> <span class='ocrx_word' id='word_1_452' title='bbox 1707 4423 2074 4514; x_wconf 77' lang='lat' dir='ltr'><strong>SANCTI</strong></span> <span class='ocrx_word' id='word_1_453' title='bbox 2145 4429 2626 4510; x_wconf 85' lang='lat' dir='ltr'><strong>LEBWINI‘.</strong></span> 
     </span>
    </p>
   </div>
   <div class='ocr_carea' id='block_1_49' title="bbox 217 4793 3416 4868">
    <p class='ocr_par' dir='ltr' id='par_1_49' title="bbox 217 4793 3416 4868">
     <span class='ocr_line' id='line_1_52' title="bbox 217 4793 3416 4868; baseline -0.001 -16"><span class='ocrx_word' id='word_1_454' title='bbox 217 4799 267 4852; x_wconf 78' lang='grc'><strong>1.</strong></span> <span class='ocrx_word' id='word_1_455' title='bbox 304 4795 568 4852; x_wconf 85' lang='lat' dir='ltr'><strong>Dominus</strong></span> <span class='ocrx_word' id='word_1_456' title='bbox 587 4803 770 4852; x_wconf 87' lang='lat' dir='ltr'><strong>noster</strong></span> <span class='ocrx_word' id='word_1_457' title='bbox 797 4793 953 4850; x_wconf 84' lang='lat' dir='ltr'><strong>Jesus</strong></span> <span class='ocrx_word' id='word_1_458' title='bbox 977 4793 1228 4850; x_wconf 86' lang='lat' dir='ltr'><strong>Christus</strong></span> <span class='ocrx_word' id='word_1_459' title='bbox 1245 4800 1470 4863; x_wconf 87' lang='lat' dir='ltr'><strong>propter</strong></span> <span class='ocrx_word' id='word_1_460' title='bbox 1493 4793 1718 4846; x_wconf 86' lang='lat' dir='ltr'><strong>nimiam</strong></span> <span class='ocrx_word' id='word_1_461' title='bbox 1751 4797 1797 4854; x_wconf 89' lang='lat' dir='ltr'>D</span> <span class='ocrx_word' id='word_1_462' title='bbox 1825 4793 2187 4850; x_wconf 83' lang='lat' dir='ltr'><strong>absconditum</strong></span> <span class='ocrx_word' id='word_1_463' title='bbox 2237 4797 2336 4866; x_wconf 76' lang='lat' dir='ltr'><strong>fuit</strong></span> <span class='ocrx_word' id='word_1_464' title='bbox 2367 4815 2400 4852; x_wconf 91' lang='lat' dir='ltr'><strong>a</strong></span> <span class='ocrx_word' id='word_1_465' title='bbox 2443 4797 2652 4852; x_wconf 78' lang='lat' dir='ltr'><strong>steculis</strong></span> <span class='ocrx_word' id='word_1_466' title='bbox 2689 4805 2738 4852; x_wconf 81' lang='lat' dir='ltr'><strong>et</strong></span> <span class='ocrx_word' id='word_1_467' title='bbox 2787 4799 3230 4868; x_wconf 83' lang='lat' dir='ltr'><strong>generationiaus,</strong></span> <span class='ocrx_word' id='word_1_468' title='bbox 3267 4811 3416 4850; x_wconf 68' lang='lat' dir='ltr'><strong>nunc</strong></span> 
     </span>
    </p>
   </div>
   <div class='ocr_carea' id='block_1_50' title="bbox 133 4885 3412 4959">
    <p class='ocr_par' dir='ltr' id='par_1_50' title="bbox 133 4885 3412 4959">
     <span class='ocr_line' id='line_1_53' title="bbox 133 4885 3412 4959; baseline -0.003 -11"><span class='ocrx_word' id='word_1_469' title='bbox 133 4891 460 4948; x_wconf 86' lang='lat' dir='ltr'><strong>charitatem</strong></span> <span class='ocrx_word' id='word_1_470' title='bbox 487 4903 662 4954; x_wconf 90' lang='lat' dir='ltr'><strong>suam,</strong></span> <span class='ocrx_word' id='word_1_471' title='bbox 695 4903 804 4959; x_wconf 88' lang='lat' dir='ltr'><strong>qua</strong></span> <span class='ocrx_word' id='word_1_472' title='bbox 844 4885 1034 4944; x_wconf 80' lang='lat' dir='ltr'><strong>dilexit</strong></span> <span class='ocrx_word' id='word_1_473' title='bbox 1075 4901 1176 4942; x_wconf 89' lang='lat' dir='ltr'><strong>nos</strong></span> <span class='ocrx_word' id='word_1_474' title='bbox 1217 4886 1274 4940; x_wconf 90' lang='lat' dir='ltr'><strong>in</strong></span> <span class='ocrx_word' id='word_1_475' title='bbox 1313 4886 1512 4941; x_wconf 67' lang='lat' dir='ltr'><strong>saecula</strong></span> <span class='ocrx_word' id='word_1_476' title='bbox 1551 4901 1723 4941; x_wconf 66' lang='lat' dir='ltr'><strong>saecu-</strong></span> <span class='ocrx_word' id='word_1_477' title='bbox 1828 4895 2002 4939; x_wconf 84' lang='lat' dir='ltr'><strong>autem</strong></span> <span class='ocrx_word' id='word_1_478' title='bbox 2044 4887 2436 4956; x_wconf 80' lang='lat' dir='ltr'><strong>manifestatum</strong></span> <span class='ocrx_word' id='word_1_479' title='bbox 2486 4887 2540 4956; x_wconf 89' lang='grc' dir='ltr'><strong>(Ι</strong></span> <span class='ocrx_word' id='word_1_480' title='bbox 2589 4886 2724 4942; x_wconf 87' lang='lat' dir='ltr'><strong>Tim.</strong></span> <span class='ocrx_word' id='word_1_481' title='bbox 2775 4887 2858 4958; x_wconf 85' lang='lat' dir='ltr'>III)</span> <span class='ocrx_word' id='word_1_482' title='bbox 2903 4897 2988 4942; x_wconf 83' lang='lat' dir='ltr'><strong>est</strong></span> <span class='ocrx_word' id='word_1_483' title='bbox 3031 4887 3236 4942; x_wconf 87' lang='lat' dir='ltr'><strong>sanctis</strong></span> <span class='ocrx_word' id='word_1_484' title='bbox 3279 4887 3412 4950; x_wconf 87' lang='lat' dir='ltr'><strong>suis,</strong></span> 
     </span>
    </p>
   </div>
   <div class='ocr_carea' id='block_1_51' title="bbox 141 4976 3415 5048">
    <p class='ocr_par' dir='ltr' id='par_1_51' title="bbox 141 4976 3415 5048">
     <span class='ocr_line' id='line_1_54' title="bbox 141 4976 3415 5048; baseline -0.002 -11"><span class='ocrx_word' id='word_1_485' title='bbox 141 4983 342 5048; x_wconf 85' lang='lat' dir='ltr'><strong>lorum,</strong></span> <span class='ocrx_word' id='word_1_486' title='bbox 387 4995 496 5037; x_wconf 90' lang='lat' dir='ltr'><strong>non</strong></span> <span class='ocrx_word' id='word_1_487' title='bbox 539 4981 712 5036; x_wconf 88' lang='lat' dir='ltr'><strong>solum</strong></span> <span class='ocrx_word' id='word_1_488' title='bbox 761 4993 860 5048; x_wconf 88' lang='lat' dir='ltr'><strong>pro</strong></span> <span class='ocrx_word' id='word_1_489' title='bbox 903 4979 1082 5042; x_wconf 85' lang='lat' dir='ltr'><strong>nobis,</strong></span> <span class='ocrx_word' id='word_1_490' title='bbox 1125 4977 1221 5032; x_wconf 84' lang='lat' dir='ltr'><strong>sed</strong></span> <span class='ocrx_word' id='word_1_491' title='bbox 1257 4977 1424 5032; x_wconf 90' lang='lat' dir='ltr'><strong>etiam</strong></span> <span class='ocrx_word' id='word_1_492' title='bbox 1459 4991 1526 5031; x_wconf 82' lang='lat' dir='ltr'><strong>ex</strong></span> <span class='ocrx_word' id='word_1_493' title='bbox 1569 4976 1726 5030; x_wconf 88' lang='lat' dir='ltr'><strong>nobis</strong></span> <span class='ocrx_word' id='word_1_494' title='bbox 1829 4977 2024 5045; x_wconf 83' lang='lat' dir='ltr'><strong>quibus</strong></span> <span class='ocrx_word' id='word_1_495' title='bbox 2045 4978 2210 5032; x_wconf 87' lang='lat' dir='ltr'><strong>voluit</strong></span> <span class='ocrx_word' id='word_1_496' title='bbox 2241 4989 2390 5034; x_wconf 83' lang='lat' dir='ltr'><strong>notas</strong></span> <span class='ocrx_word' id='word_1_497' title='bbox 2434 4980 2612 5048; x_wconf 76' lang='lat' dir='ltr'><strong>facere</strong></span> <span class='ocrx_word' id='word_1_498' title='bbox 2660 4979 2869 5034; x_wconf 83' lang='lat' dir='ltr'><strong>divitias</strong></span> <span class='ocrx_word' id='word_1_499' title='bbox 2911 4978 3226 5034; x_wconf 71' lang='lat' dir='ltr'><strong>sacramenti</strong></span> <span class='ocrx_word' id='word_1_500' title='bbox 3255 4978 3415 5046; x_wconf 80' lang='lat' dir='ltr'><strong>hujus</strong></span> 
     </span>
    </p>
   </div>
   <div class='ocr_carea' id='block_1_52' title="bbox 139 5066 3417 5138">
    <p class='ocr_par' dir='ltr' id='par_1_52' title="bbox 139 5066 3417 5138">
     <span class='ocr_line' id='line_1_55' title="bbox 139 5066 3417 5138; baseline -0.002 -12"><span class='ocrx_word' id='word_1_501' title='bbox 139 5072 316 5127; x_wconf 75' lang='lat' dir='ltr'><strong>factus</strong></span> <span class='ocrx_word' id='word_1_502' title='bbox 359 5071 542 5136; x_wconf 86' lang='lat' dir='ltr'><strong>homo,</strong></span> <span class='ocrx_word' id='word_1_503' title='bbox 571 5085 734 5125; x_wconf 88' lang='lat' dir='ltr'><strong>verus</strong></span> <span class='ocrx_word' id='word_1_504' title='bbox 783 5077 840 5123; x_wconf 83' lang='lat' dir='ltr'><strong>et</strong></span> <span class='ocrx_word' id='word_1_505' title='bbox 881 5067 1156 5138; x_wconf 78' lang='lat' dir='ltr'><strong>perfectus</strong></span> <span class='ocrx_word' id='word_1_506' title='bbox 1200 5067 1344 5120; x_wconf 90' lang='lat' dir='ltr'><strong>idem</strong></span> <span class='ocrx_word' id='word_1_507' title='bbox 1389 5067 1552 5130; x_wconf 85' lang='lat' dir='ltr'><strong>Deus,</strong></span> <span class='ocrx_word' id='word_1_508' title='bbox 1611 5067 1722 5122; x_wconf 74' lang='lat' dir='ltr'><strong>Rex</strong></span> <span class='ocrx_word' id='word_1_509' title='bbox 1829 5066 2056 5137; x_wconf 73' lang='lat'><strong>(001.1),</strong></span> <span class='ocrx_word' id='word_1_510' title='bbox 2085 5069 2368 5122; x_wconf 84' lang='lat' dir='ltr'><strong>ascendens</strong></span> <span class='ocrx_word' id='word_1_511' title='bbox 2415 5069 2472 5122; x_wconf 82' lang='lat' dir='ltr'><strong>in</strong></span> <span class='ocrx_word' id='word_1_512' title='bbox 2515 5068 2978 5138; x_wconf 81' lang='lat' dir='ltr'><strong>altum,captivam</strong></span> <span class='ocrx_word' id='word_1_513' title='bbox 3023 5069 3173 5122; x_wconf 75' lang='lat' dir='ltr'><strong>duxit</strong></span> <span class='ocrx_word' id='word_1_514' title='bbox 3201 5067 3417 5135; x_wconf 73' lang='lat' dir='ltr'><strong>captivi-</strong></span> 
     </span>
    </p>
   </div>
   <div class='ocr_carea' id='block_1_53' title="bbox 141 5141 3492 5230">
    <p class='ocr_par' dir='ltr' id='par_1_53' title="bbox 141 5141 3492 5230">
     <span class='ocr_line' id='line_1_56' title="bbox 141 5141 3492 5230; baseline -0.004 -10"><span class='ocrx_word' id='word_1_515' title='bbox 141 5173 331 5221; x_wconf 87' lang='lat' dir='ltr'><strong>noster</strong></span> <span class='ocrx_word' id='word_1_516' title='bbox 353 5173 482 5219; x_wconf 89' lang='lat' dir='ltr'><strong>ante</strong></span> <span class='ocrx_word' id='word_1_517' title='bbox 501 5163 716 5226; x_wconf 69' lang='lat' dir='ltr'><strong>saecula,</strong></span> <span class='ocrx_word' id='word_1_518' title='bbox 743 5177 868 5216; x_wconf 91' lang='lat' dir='ltr'><strong>cum</strong></span> <span class='ocrx_word' id='word_1_519' title='bbox 897 5175 990 5230; x_wconf 84' lang='lat' dir='ltr'><strong>per</strong></span> <span class='ocrx_word' id='word_1_520' title='bbox 1010 5159 1316 5228; x_wconf 85' lang='lat' dir='ltr'><strong>passionem</strong></span> <span class='ocrx_word' id='word_1_521' title='bbox 1341 5159 1520 5213; x_wconf 89' lang='lat' dir='ltr'><strong>crucis</strong></span> <span class='ocrx_word' id='word_1_522' title='bbox 1544 5173 1725 5213; x_wconf 81' lang='lat' dir='ltr'><strong>resur-</strong></span> <span class='ocrx_word' id='word_1_523' title='bbox 1828 5165 1988 5208; x_wconf 89' lang='lat' dir='ltr'><strong>tatem</strong></span> <span class='ocrx_word' id='word_1_524' title='bbox 2019 5156 2194 5226; x_wconf 80' lang='lat' dir='ltr'><strong>(Psal.</strong></span> <span class='ocrx_word' id='word_1_525' title='bbox 2223 5159 2416 5227; x_wconf 79' lang='lat' dir='ltr'><strong>vau),</strong></span> <span class='ocrx_word' id='word_1_526' title='bbox 2445 5169 2502 5213; x_wconf 90' lang='lat' dir='ltr'><strong>et</strong></span> <span class='ocrx_word' id='word_1_527' title='bbox 2527 5167 2587 5212; x_wconf 91' lang='lat' dir='ltr'><strong>ut</strong></span> <span class='ocrx_word' id='word_1_528' title='bbox 2613 5159 2692 5214; x_wconf 86' lang='lat' dir='ltr'><strong>ait</strong></span> <span class='ocrx_word' id='word_1_529' title='bbox 2729 5159 3020 5228; x_wconf 88' lang='lat' dir='ltr'><strong>Apostolus</strong></span> <span class='ocrx_word' id='word_1_530' title='bbox 3049 5177 3060 5212; x_wconf 92' lang='lat'><strong>:</strong></span> <span class='ocrx_word' id='word_1_531' title='bbox 3096 5157 3248 5211; x_wconf 81' lang='lat' dir='ltr'><strong>Dedit</strong></span> <span class='ocrx_word' id='word_1_532' title='bbox 3290 5173 3414 5226; x_wconf 83' lang='lat' dir='ltr'><strong>gra-</strong></span> <span class='ocrx_word' id='word_1_533' title='bbox 3487 5141 3492 5146; x_wconf 64' lang='grc'><em>’</em></span> 
     </span>
    </p>
   </div>
   <div class='ocr_carea' id='block_1_54' title="bbox 141 5247 3414 5322">
    <p class='ocr_par' dir='ltr' id='par_1_54' title="bbox 141 5247 3414 5322">
     <span class='ocr_line' id='line_1_57' title="bbox 141 5247 3414 5322; baseline -0.003 -13"><span class='ocrx_word' id='word_1_534' title='bbox 141 5255 550 5322; x_wconf 87' lang='lat' dir='ltr'><strong>rectionemque</strong></span> <span class='ocrx_word' id='word_1_535' title='bbox 579 5267 608 5306; x_wconf 88' lang='lat' dir='ltr'><strong>a</strong></span> <span class='ocrx_word' id='word_1_536' title='bbox 637 5249 864 5305; x_wconf 87' lang='lat' dir='ltr'><strong>mortuis</strong></span> <span class='ocrx_word' id='word_1_537' title='bbox 885 5249 1181 5303; x_wconf 80' lang='lat' dir='ltr'><strong>secundum</strong></span> <span class='ocrx_word' id='word_1_538' title='bbox 1205 5263 1392 5300; x_wconf 88' lang='lat' dir='ltr'><strong>nomen</strong></span> <span class='ocrx_word' id='word_1_539' title='bbox 1419 5263 1570 5300; x_wconf 85' lang='lat' dir='ltr'><strong>suum</strong></span> <span class='ocrx_word' id='word_1_540' title='bbox 1597 5263 1722 5314; x_wconf 77' lang='lat' dir='ltr'><strong>ape-</strong></span> <span class='ocrx_word' id='word_1_541' title='bbox 1831 5247 1958 5300; x_wconf 83' lang='lat' dir='ltr'><strong>tiam</strong></span> <span class='ocrx_word' id='word_1_542' title='bbox 1988 5249 2268 5316; x_wconf 83' lang='lat' dir='ltr'><strong>unicuique</strong></span> <span class='ocrx_word' id='word_1_543' title='bbox 2283 5249 2520 5304; x_wconf 79' lang='lat' dir='ltr'><strong>fidelium</strong></span> <span class='ocrx_word' id='word_1_544' title='bbox 2539 5250 2794 5306; x_wconf 63' lang='lat' dir='ltr'><strong>Ecclesiae</strong></span> <span class='ocrx_word' id='word_1_545' title='bbox 2813 5251 3102 5304; x_wconf 84' lang='lat' dir='ltr'><strong>secundum</strong></span> <span class='ocrx_word' id='word_1_546' title='bbox 3117 5265 3414 5316; x_wconf 76' lang='lat' dir='ltr'><strong>mensuram</strong></span> 
     </span>
    </p>
   </div>
   <div class='ocr_carea' id='block_1_55' title="bbox 143 5336 3412 5414">
    <p class='ocr_par' dir='ltr' id='par_1_55' title="bbox 143 5336 3412 5414">
     <span class='ocr_line' id='line_1_58' title="bbox 143 5336 3412 5414; baseline -0.001 -16"><span class='ocrx_word' id='word_1_547' title='bbox 143 5355 290 5398; x_wconf 82' lang='lat' dir='ltr'><strong>ratus</strong></span> <span class='ocrx_word' id='word_1_548' title='bbox 315 5355 447 5400; x_wconf 79' lang='lat' dir='ltr'><strong>esset</strong></span> <span class='ocrx_word' id='word_1_549' title='bbox 485 5343 707 5399; x_wconf 81' lang='lat' dir='ltr'><strong>salutem</strong></span> <span class='ocrx_word' id='word_1_550' title='bbox 751 5351 986 5396; x_wconf 84' lang='lat' dir='ltr'><strong>nostram</strong></span> <span class='ocrx_word' id='word_1_551' title='bbox 1031 5341 1088 5393; x_wconf 84' lang='lat' dir='ltr'><strong>in</strong></span> <span class='ocrx_word' id='word_1_552' title='bbox 1132 5339 1302 5392; x_wconf 84' lang='lat' dir='ltr'><strong>medio</strong></span> <span class='ocrx_word' id='word_1_553' title='bbox 1347 5348 1500 5392; x_wconf 70' lang='lat' dir='ltr'><strong>terra:</strong></span> <span class='ocrx_word' id='word_1_554' title='bbox 1547 5336 1720 5406; x_wconf 85' lang='lat' dir='ltr'><strong>(Psal.</strong></span> <span class='ocrx_word' id='word_1_555' title='bbox 1833 5340 2134 5394; x_wconf 78' lang='lat' dir='ltr'><strong>donationis</strong></span> <span class='ocrx_word' id='word_1_556' title='bbox 2159 5357 2288 5406; x_wconf 70' lang='lat' dir='ltr'><strong>sum,</strong></span> <span class='ocrx_word' id='word_1_557' title='bbox 2313 5341 2448 5396; x_wconf 85' lang='lat' dir='ltr'><strong>alios</strong></span> <span class='ocrx_word' id='word_1_558' title='bbox 2473 5343 2760 5414; x_wconf 82' lang='lat' dir='ltr'><strong>apostolos,</strong></span> <span class='ocrx_word' id='word_1_559' title='bbox 2793 5344 2926 5398; x_wconf 85' lang='lat' dir='ltr'><strong>alios</strong></span> <span class='ocrx_word' id='word_1_560' title='bbox 2951 5344 3248 5413; x_wconf 80' lang='lat' dir='ltr'><strong>prophetas,</strong></span> <span class='ocrx_word' id='word_1_561' title='bbox 3279 5339 3412 5396; x_wconf 75' lang='lat' dir='ltr'><strong>alios</strong></span> 
     </span>
    </p>
   </div>
   <div class='ocr_carea' id='block_1_56' title="bbox 145 5429 3414 5508">
    <p class='ocr_par' dir='ltr' id='par_1_56' title="bbox 145 5429 3414 5508">
     <span class='ocr_line' id='line_1_59' title="bbox 145 5429 3414 5508; baseline -0.002 -16"><span class='ocrx_word' id='word_1_562' title='bbox 145 5437 362 5508; x_wconf 75' lang='lat' dir='ltr'><strong>uxru),</strong></span> <span class='ocrx_word' id='word_1_563' title='bbox 415 5445 794 5493; x_wconf 89' lang='lat' dir='ltr'><strong>consummato</strong></span> <span class='ocrx_word' id='word_1_564' title='bbox 837 5433 1000 5490; x_wconf 87' lang='lat' dir='ltr'><strong>divini</strong></span> <span class='ocrx_word' id='word_1_565' title='bbox 1047 5431 1292 5503; x_wconf 81' lang='lat' dir='ltr'><strong>mysterii</strong></span> <span class='ocrx_word' id='word_1_566' title='bbox 1341 5445 1534 5501; x_wconf 83' lang='lat' dir='ltr'><strong>Opere,</strong></span> <span class='ocrx_word' id='word_1_567' title='bbox 1586 5429 1724 5497; x_wconf 83' lang='lat' dir='ltr'><strong>quod</strong></span> <span class='ocrx_word' id='word_1_568' title='bbox 1835 5429 2199 5500; x_wconf 81' lang='lat' dir='ltr'><strong>euangelistas,</strong></span> <span class='ocrx_word' id='word_1_569' title='bbox 2247 5431 2380 5488; x_wconf 81' lang='lat' dir='ltr'><strong>alios</strong></span> <span class='ocrx_word' id='word_1_570' title='bbox 2437 5442 2669 5502; x_wconf 83' lang='lat' dir='ltr'><strong>pastores</strong></span> <span class='ocrx_word' id='word_1_571' title='bbox 2710 5435 3044 5490; x_wconf 86' lang='lat' dir='ltr'><strong>constituens</strong></span> <span class='ocrx_word' id='word_1_572' title='bbox 3089 5441 3136 5490; x_wconf 85' lang='lat' dir='ltr'><strong>et</strong></span> <span class='ocrx_word' id='word_1_573' title='bbox 3178 5433 3414 5488; x_wconf 77' lang='lat' dir='ltr'><strong>doctam</strong></span> 
     </span>
    </p>
   </div>
   <div class='ocr_carea' id='block_1_57' title="bbox 217 5579 3038 5678">
    <p class='ocr_par' dir='ltr' id='par_1_57' title="bbox 217 5579 3038 5678">
     <span class='ocr_line' id='line_1_60' title="bbox 217 5579 3038 5678; baseline 0.001 -16"><span class='ocrx_word' id='word_1_574' title='bbox 217 5608 364 5678; x_wconf 63' lang='grc'><strong>(604)</strong></span> <span class='ocrx_word' id='word_1_575' title='bbox 409 5609 508 5663; x_wconf 89' lang='lat' dir='ltr'><strong>llic</strong></span> <span class='ocrx_word' id='word_1_576' title='bbox 549 5607 830 5662; x_wconf 88' lang='lat' dir='ltr'><strong>Baldricus</strong></span> <span class='ocrx_word' id='word_1_577' title='bbox 879 5603 978 5658; x_wconf 80' lang='lat' dir='ltr'><strong>fuit</strong></span> <span class='ocrx_word' id='word_1_578' title='bbox 1020 5602 1305 5672; x_wconf 83' lang='lat' dir='ltr'><strong>cpiscopus</strong></span> <span class='ocrx_word' id='word_1_579' title='bbox 1339 5599 1722 5668; x_wconf 84' lang='lat' dir='ltr'><strong>Trajectensis,</strong></span> <span class='ocrx_word' id='word_1_580' title='bbox 1765 5601 1850 5655; x_wconf 92' lang='lat' dir='ltr'><strong>cui</strong></span> <span class='ocrx_word' id='word_1_581' title='bbox 1878 5600 2186 5658; x_wconf 83' lang='lat' dir='ltr'><strong>llucbaldus</strong></span> <span class='ocrx_word' id='word_1_582' title='bbox 2225 5604 2401 5660; x_wconf 74' lang='lat' dir='ltr'><strong>Vitam</strong></span> <span class='ocrx_word' id='word_1_583' title='bbox 2431 5603 2490 5662; x_wconf 89' lang='lat' dir='ltr'><strong>S.</strong></span> <span class='ocrx_word' id='word_1_584' title='bbox 2523 5605 2734 5664; x_wconf 85' lang='lat' dir='ltr'><strong>Libuiui</strong></span> <span class='ocrx_word' id='word_1_585' title='bbox 2767 5609 2988 5666; x_wconf 86' lang='lat' dir='ltr'><strong>dicavit.</strong></span> <span class='ocrx_word' id='word_1_586' title='bbox 3035 5579 3038 5582; x_wconf 16' lang='lat'><strong><em>~</em></strong></span> 
     </span>
    </p>
   </div>
  </div>
