3916 6422
639 311 744 370 873

1164 315 1500 373 HUCBALDI
1539 283 1701 374 mea.
1745 319 1802 374 s.
1846 320 2108 376 AMANDI
2148 321 2169 376 (

2245 321 2294 375 P.
2337 323 2514 379 PARS
2552 327 2589 378 Ι.
2631 355 2701 366 —-
2739 327 3311 391 "AGIOGRAPHICA.
3704 355 3767 408 εει

641 449 855 516 (Ephes.
879 453 970 518 Iv).
1003 449 1148 504 Inter
1171 465 1291 519 qua:
1320 451 1598 505 innumera
1628 449 1744 520 ejus
1769 451 2048 517 beneﬁcia,
2091 468 2169 522 qu:

2245 442 2281 502 Α
2313 437 2656 504 apostolicus,
2711 440 2890 510 illique
2933 444 3276 499 commissum
3333 457 3442 502 erat
3480 452 3538 506 de
3581 461 3767 526 omnibus,

635 539 750 608 ipse
798 538 978 606 largus
1025 538 1179 592 dator
1225 555 1321 608 per
1377 542 1625 595 universa
1674 549 1940 598 terrarum
2002 542 2211 598 dill'udit

634 630 826 700 spatia,
871 629 922 681 in
955 628 1285 685 Francorum
1312 645 1525 701 quoque
1555 629 1935 702 Saxonumque
1964 633 2029 688 de
2071 633 2210 688 coelo

634 719 912 789 prospexit
963 720 1165 788 patrias
1209 738 1222 774 :
1271 721 1466 790 quibus
1512 721 1780 778 salvandis
1833 732 1888 778 et
1929 724 2047 794 lege
2095 724 2209 794 ejus

635 807 958 873 imbuendis,
993 817 1152 878 atque
1181 809 1233 864 in
1264 812 1662 878 perseverantia
1706 812 1832 867 boni
1874 813 2053 883 operis
2078 829 2207 870 con-

633 895 930 960 ﬁrmandis,
961 908 1080 968 post
1117 898 1261 953 clara
1290 899 1641 969 plurimorum
1684 901 1886 957 lumina
1925 904 2204 960 doctorum

634 999 753 1052 qua:
783 986 922 1054 idem
954 987 1046 1042 Sol
1087 989 1309 1059 justitia:
1341 998 1397 1043 ut
1425 989 1730 1048 Occidentis
1758 993 2089 1064 depellerent
2129 1006 2207 1053 te-

629 1078 844 1141 nebras,
878 1081 1096 1150 proprio
1145 1081 1498 1137 irradiaverat
1540 1082 1771 1154 fulgore,
1801 1093 1860 1140 ut
1889 1096 1943 1140 et
1983 1087 2083 1158 ipsi
2113 1085 2204 1142 lux

626 1177 809 1222 essent
852 1168 1007 1236 hujus
1034 1173 1237 1235 mundi,
1293 1188 1455 1226 unum
1494 1189 1706 1242 quoque
1752 1176 1900 1232 sidus
1945 1177 2201 1232 eximium

617 1253 732 1323 jam
783 1273 918 1327 pene
969 1260 1443 1327 advesperascente
1500 1262 1654 1317 istius
1715 1263 1894 1318 surculi
1941 1265 2069 1333 die,
2119 1267 2201 1321 sui

624 1345 924 1416 splendoris
970 1351 1140 1420 gratia
1168 1351 1441 1418 perfusum
1490 1352 1857 1422 copiosissime
1899 1357 1966 1410 ad
2013 1372 2199 1410 eorum

624 1439 1070 1496 illuminationetn
1096 1445 1342 1513 dignatus
1368 1454 1452 1500 est
1480 1461 1748 1516 promere,
1783 1448 2098 1506 Lebwinum
2124 1453 2200 1507 vi-

622 1531 832 1602 delicet,
859 1533 1081 1587 charum
1133 1535 1234 1589 sibi
1263 1537 1515 1600 amicum,
1544 1536 1696 1606 juxta
1729 1539 1924 1596 idioma
1967 1543 2200 1598 nominis

621 1621 720 1674 sibi
747 1623 947 1690 optime
973 1627 1338 1693 congruentis.
1386 1625 1580 1680 Fertur
1605 1628 1746 1682 enim
1789 1645 1818 1682 a
1867 1645 1980 1684 sum
2010 1632 2198 1700 peritis

621 1709 836 1779 linguaz,
865 1713 1004 1780 quod
1048 1712 1304 1786 Lieivuyn
1335 1717 1621 1785 patriotice
1665 1719 1734 1772 sit
1765 1729 2005 1786 vocatus,
2055 1724 2195 1792 quod

2311 525 2465 581 istius
2488 529 2793 598 specialiter
2821 533 2994 600 gentis
3021 533 3167 588 ﬁeret
3189 536 3480 604 Apostolus.
3510 541 3632 608 Quod
3652 565 3768 616 paszo.

2309 617 2436 672 ralis
2485 634 2628 673 cura:
2682 619 2912 675 cilicium
2962 638 3120 693 quam
3189 628 3423 684 studiose
3471 632 3610 688 fuerit
3646 641 3765 696 abeo

2308 707 2740 765 administratum
2787 726 2950 783 atque
2997 726 3297 784 peractum,
3335 735 3617 791 cooperante
3653 736 3764 798 gratia

2307 793 2400 850 Dei
2444 798 2676 863 coelitus,
2731 817 2828 856 nos
2876 803 3144 874 sigillatint
3194 807 3395 864 referre
3443 793 3765 882 supersedemns,

2304 887 2558 956 quoniam
2614 889 2667 943 in
2705 889 2882 946 libello
2911 893 3033 946 vita:
3089 895 3254 964 ipsius
3285 906 3367 952 ter
3419 901 3544 956 beati
3585 911 3766 976 pontiﬁcis

2304 975 2546 1048 Gregorii
2593 980 2725 1036 satis
2765 983 3101 1052 propalatum
3152 988 3450 1045 recolimus.
3503 975 3596 1050 Hoc
3632 1009 3764 1056 tantum

2303 1068 2530 1124 sufﬁciat
2577 1087 3049 1140 commemorasse,
3107 1080 3359 1147 quoniam
3409 1084 3574 1140 directi
3613 1090 3662 1143 ab
3694 1093 3764 1162 ipso

2301 1157 2468 1214 fortes
2497 1169 2551 1215 et
2596 1161 2780 1218 ﬁdeles
2809 1165 3057 1234 agricola:
3099 1170 3444 1226 excoluerunt
3475 1178 3630 1244 Optimi
3651 1157 3762 1237 contis

2303 1257 2500 1303 terram
2555 1258 2771 1307 strenue
2818 1253 2954 1309 bene
2999 1256 3164 1324 polito
3211 1258 3406 1330 lingua:
3454 1279 3551 1318 sum
3589 1281 3756 1330 vomere.

2299 1342 2635 1412 sparsimque
2655 1343 2878 1400 dilatato
2905 1347 3068 1402 divini
3105 1350 3255 1404 verbi
3282 1355 3496 1408 semine.
3523 1358 3587 1412 Ac
3611 1361 3759 1415 neloret

2298 1442 2355 1487 ut
2411 1434 2610 1502 duplici
2663 1437 2931 1506 deperiret
2984 1440 3221 1506 lznsione,
3254 1452 3310 1497 et
3358 1446 3590 1502 malarum
3628 1453 3755 1522 cogit:-

2297 1521 2500 1575 tionum
2527 1524 2654 1578 trito
2684 1526 2822 1581 calle
2851 1536 2907 1581 et
2935 1527 3212 1583 volucrum
3235 1533 3568 1616 spiritpalium
3594 1544 3757 1608 nequitis

2295 1613 2643 1679 comestione,
2693 1617 2856 1671 tutari
2901 1619 3220 1674 studuerunt
3276 1613 3508 1678 sollicite.
3543 1627 3756 1698 lnsuperne

2295 1702 2402 1756 cito
2430 1714 2676 1759 exortum
2701 1721 2886 1762 semen
2908 1718 3129 1778 propter
3148 1711 3401 1767 duritiam
3433 1727 3591 1784 pem,
3612 1720 3681 1772 hoc
3693 1732 3754 1784 est,

618 1797 876 1854 Romanis
927 1813 1105 1867 sonat,
1154 1805 1344 1859 clmrus
1395 1807 1597 1860 amicis.
1650 1807 1889 1878 Demptis
1933 1826 2060 1866 vero
2112 1827 2169 1866 vc

2245 1785 2494 1849 Bmentis
2541 1795 2837 1862 indomitae,
2883 1799 2966 1852 vel
3012 1812 3233 1870 propter
3275 1814 3456 1859 aestum
3506 1811 3753 1864 tentationun

616 1890 907 1944 demutatis
950 1893 1015 1945 ad
1061 1893 1379 1948 latinitatem
1412 1897 1739 1966 quibuslibet
1775 1898 1969 1956 litteris
2015 1901 2192 1958 dictus

617 1992 698 2036 est
726 1981 1012 2039 Lebvinus.
1040 1984 1144 2040 Sed
1185 2002 1312 2042 ecce
1335 2004 1492 2056 quam
1518 1990 1776 2059 dignitate
1798 1991 2012 2060 plenum
2037 1992 2192 2048 istius

613 2076 856 2130 vocabuli
889 2078 1224 2147 praesagium,
1273 2079 1395 2132 dum
1436 2080 1575 2148 quod
1608 2081 1820 2136 futurus
1862 2091 1979 2136 erat
2007 2098 2187 2154 Opere,

605 2165 714 2237 jam
744 2167 859 2238 ejus
885 2169 1262 2238 prtesiguatum
1286 2180 1368 2225 est
1390 2174 1626 2227 nomine.
1660 2173 1714 2226 Si
1743 2175 1884 2228 euitn
1913 2186 2192 2244 quaeratur

611 2259 765 2328 cujus
813 2261 894 2314 vir
928 2261 1028 2317 iste
1067 2262 1335 2317 exstiterit
1379 2265 1623 2318 amicus:
1673 2280 2006 2336 nequaquam
2037 2284 2184 2322 Inuu-

609 2350 891 2414 danorutn,
923 2351 1006 2406 vel
1048 2354 1230 2407 tnundi
1259 2353 1430 2418 istius,
1463 2355 1546 2407 cui
1592 2371 1694 2408 non
1723 2355 1894 2410 solum
1940 2357 2044 2411 luit
2090 2359 2189 2411 ini-

607 2441 799 2504 micus,
831 2441 924 2495 sed
949 2443 1108 2496 etiam
1139 2444 1447 2509 cruciﬁxus,
1490 2445 1629 2500 sicut
1661 2446 1814 2502 docet
1861 2447 2183 2518 Apostolus:

608 2531 708 2596 Qui
742 2530 972 2586 voluerit
1016 2533 1221 2589 amicus
1245 2549 1366 2590 esse
1395 2536 1554 2607 hujus
1581 2538 1786 2602 saeculi,
1818 2540 2066 2596 inimicus
2092 2541 2186 2595 Dei

603 2621 948 2676 constituitur
976 2622 1114 2691 (Jac.
1142 2626 1213 2695 tv)
1241 2641 1254 2689 ;
1300 2625 1392 2680 sed
1426 2627 1605 2696 potius
1647 2629 1828 2681 mundi
1875 2628 2183 2685 Conditoris

601 2726 789 2766 servus
810 2713 1025 2782 quidam
1055 2713 1393 2769 ﬁdelissimus
1417 2733 1428 2769 :
1465 2717 1603 2770 inter
1621 2733 1713 2772 eos
1735 2734 1859 2773 vero
1884 2721 1974 2788 qui
1995 2721 2182 2776 audire

603 2812 910 2854 meruerunt
944 2819 954 2854 :
987 2799 1102 2854 Jam
1134 2818 1236 2856 non
1283 2803 1455 2858 dicam
1490 2820 1583 2860 vos
1612 2821 1819 2872 servos,
1850 2808 1941 2862 sed
1980 2810 2181 2864 amicos

604 2907 752 2946 meos
799 2893 980 2962 (.loau.
1013 2894 1126 2965 xv),
1177 2895 1367 2949 merito
1414 2910 1523 2950 sua:
1571 2899 1845 2953 servitutis
1891 2915 2180 2954 connume-

602 2996 770 3040 ratur.
804 2985 912 3042 Nec
961 2987 1028 3041 ab
1079 3003 1137 3042 re
1165 2988 1414 3058 cuiquam
1444 2990 1707 3056 videatur,
1757 2992 1898 3061 quod
1946 2993 2177 3049 nominis

601 3078 756 3132 istius
783 3079 1154 3149 interpretatio
1181 3095 1210 3132 a
1248 3081 1401 3135 nobis
1429 3081 1668 3136 studiose
1691 3083 2043 3152 perquiritur.
2069 3083 2172 3139 Ns-

2292 1896 2474 1956 posset
2498 1902 2745 1943 arescere
2776 1888 2928 1960 (Luc.
2955 1893 3096 1961 vui),
3149 1894 3501 1965 irrigat-erunt
3526 1901 3626 1956 illud
3662 1907 3751 1958 ind:-

2293 1976 2506 2031 ﬁcientc
2557 1989 2759 2034 sanctte
2789 1980 3070 2037 cbaritatis
3119 1984 3366 2042 hutnore.
3399 1990 3472 2044 Ad
3509 2001 3751 2060 postremum,

2291 2069 2380 2122 ubi
2415 2069 2575 2124 fuerit
2604 2087 2844 2135 necesse,
2892 2075 3196 2144 exstirpato
3223 2079 3510 2148 spinarum,
3539 2083 3580 2135 id
3601 2095 3661 2138 est
3675 2087 3751 2138 diti-

2293 2163 2509 2229 tiarum,
2540 2181 2680 2234 quas
2708 2183 2850 2220 nunc
2875 2168 3199 2234 sollicitudo,
3251 2188 3390 2227 nunc
3416 2175 3624 2244 voluptas
3651 2179 3750 2230 comi-

2292 2262 2456 2319 tatur,
2487 2271 2710 2326 angore,
2747 2257 2913 2327 gavisi
2943 2266 3067 2313 sunt
3114 2269 3316 2316 bonam
3346 2270 3526 2318 terram
3554 2281 3628 2320 suo
3649 2265 3748 2318 litari

2292 2347 2653 2414 respondisse,
2682 2357 2736 2403 et
2766 2349 3068 2406 uberrimos
3107 2351 3321 2408 fructus
3366 2357 3588 2417 edidisse,
3624 2357 3747 2410 scilicet

2287 2439 2607 2506 trigesimum
2639 2440 2688 2493 in
2719 2450 2868 2496 casto
2893 2441 3124 2512 conjug‘ii
3161 2442 3384 2511 foedere,
3409 2449 3744 2517 sexagesimum

2288 2544 2392 2583 non
2435 2547 2603 2599 parvo
2649 2531 2973 2589 suﬂ‘erentite
3021 2537 3411 2591 continentium
3458 2540 3745 2602 laboremne.

2284 2621 2470 2672 simum
2498 2619 2712 2690 (Matth.
2737 2624 2855 2693 xm)
2883 2624 2936 2678 in
2963 2626 3310 2696 perceptione
3333 2627 3582 2698 virginalis
3597 2643 3740 2682 corona.

2282 2710 2444 2780 Cujus
2473 2713 2694 2769 seminis
2724 2731 2789 2769 ac
2836 2717 3028 2771 messis
3056 2717 3323 2772 intantum
3375 2719 3585 2774 excrevit
3625 2733 3738 2792 cuttin-

2281 2801 2378 2864 lus,
2413 2813 2469 2856 ιιι
2518 2819 2622 2859 non
2678 2807 2838 2862 modo
2889 2806 3140 2877 indigena
3180 2809 3324 2863 illius
3373 2810 3542 2879 patria:
3585 2810 3739 2869 satiaret,

2279 2909 2463 2948 verum
2503 2911 2714 2966 quoque
2755 2907 3059 2952 exterarum
3113 2901 3391 2971 regionum
3439 2901 3659 2954 famelicos
3689 2915 3740 2968 pa-

2276 2991 2470 3036 sceret.
2504 2983 2633 3050 Quis
2661 2985 2803 3040 enim
2828 2996 2989 3056 queat
3028 2988 3303 3058 explicare
3346 2999 3468 3059 quot
3509 2989 3659 3041 lumina
3687 2987 3738 3037 de

2274 3085 2482 3129 ctorum
2513 3076 2693 3130 verbis
2732 3088 2786 3130 et
2833 3077 3089 3148 exemplis
3130 3078 3485 3148 perfecturum
3528 3078 3737 3148 prodierunt

600 3169 775 3223 vimus
799 3169 1029 3239 denique
1056 3171 1372 3240 quibusdam
1398 3170 1670 3236 Patribus,
1702 3173 1862 3226 etiam
1886 3184 2008 3229 ante
2038 3189 2168 3229 con-

2277 3165 2458 3220 inde?
2508 3166 2653 3234 Quos
2707 3179 2888 3223 nostra
2946 3170 3141 3239 gaudet
3199 3171 3422 3226 Francia
3473 3186 3523 3224 se
3568 3179 3609 3222 ut
3640 3181 3735 3218 rem

599 3259 896 3327 ceptionem
933 3260 1094 3312 indita
1126 3259 1292 3314 fuisse
1320 3259 1575 3314 vocabula
1601 3278 1616 3324 ;
1639 3262 1956 3329 quibusdam
1985 3274 2168 3332 postea

596 3346 894 3413 immutata,
921 3364 1038 3417 qua:
1089 3365 1152 3403 ex
1203 3350 1432 3420 propriis
1461 3351 1654 3415 causis,
1681 3359 1792 3404 aut
1822 3353 2168 3422 praecedenti-

596 3437 714 3501 bus,
746 3449 836 3492 aut
886 3439 1079 3494 futuris
1123 3449 1339 3494 constat
1392 3439 1532 3494 illius
1573 3439 1736 3494 fuisse
1784 3443 2162 3510 competentia.

595 3526 724 3594 Qua:
771 3539 824 3583 et
850 3530 968 3594 ideo
1004 3545 1154 3585 sacra
1188 3531 1340 3586 nobis
1370 3540 1475 3584 tam
1509 3532 1734 3586 solerter
1760 3532 1981 3587 denotat
2021 3532 2166 3587 Scri-

592 3636 766 3691 ptura,
811 3633 867 3678 ut
896 3635 1140 3694 patenter
1168 3626 1371 3688 innuat,
1405 3641 1509 3678 non
1543 3627 1697 3680 modo
1731 3627 1784 3680 in
1825 3626 1963 3690 istis,
1997 3627 2089 3681 sed
2111 3637 2165 3680 et

589 3716 640 3766 iu
669 3714 788 3768 aliis
813 3716 1130 3784 quibusdam
1161 3724 1465 3770 sanctorum
1512 3716 1813 3770 nominibus
1858 3732 1976 3784 qua:
2012 3716 2162 3771 nobis

585 3813 711 3862 sunt
740 3807 1231 3864 animadvertenda.
1288 3808 1432 3864 Satis
1483 3810 1626 3864 enim
1682 3809 1867 3863 talium
1923 3809 2162 3864 indicant

585 3910 703 3953 aeta
755 3900 836 3953 vel
867 3901 1005 3954 dicta
1035 3900 1161 3967 quid
1204 3914 1388 3953 eorum
1421 3899 1863 3970 praesignaveriut
1914 3899 2153 3954 nomina.

590 3988 738 4047 Unde
754 3975 903 4044 sicut
932 3989 1153 4056 intelligi
1181 3988 1356 4053 datur,
1385 3997 1435 4042 et
1458 3988 1546 4042 hic
1572 3989 1658 4066 vir
1687 3998 1904 4043 sanctus
1923 3989 2154 4057 quodam

580 4079 838 4148 praesagio
869 4077 1165 4132 futurorum
1199 4077 1302 4132 tale
1343 4093 1534 4134 nomen
1577 4089 1662 4132 est
1688 4079 1928 4144 sortitus,
1962 4087 2019 4132 ιιι
2049 4077 2152 4132 lin-

581 4185 682 4237 gua
706 4169 876 4237 patria
906 4177 1188 4222 vocaretur
1212 4167 1306 4220 Dei
1351 4169 1548 4223 cbarus
1593 4169 1819 4222 amicus.
1873 4167 1996 4222 llaec
2021 4169 2154 4222 satis

577 4259 720 4312 dicta
748 4258 813 4312 de
839 4259 1054 4313 nomine
1082 4259 1266 4327 ipsius.
1299 4258 1417 4314 Jam
1449 4275 1588 4312 nunc
1613 4259 1678 4313 ad
1709 4260 1849 4328 ejus-
1870 4270 2012 4328 gesta
2045 4259 2153 4313 Deo

577 4347 838 4417 bonisque
881 4349 1072 4416 placita
1132 4347 1463 4412 hominibus,
1520 4348 1642 4402 licet
1689 4348 1915 4402 stolidus
1965 4358 2149 4402 noster

577 4436 830 4489 decurrat
856 4436 1044 4506 stylus;

643 4523 706 4579 ll.
744 4524 800 4577 In
841 4525 953 4578 salo
992 4525 1207 4595 quidem
1241 4525 1494 4594 reposita,
1525 4526 1717 4580 nobilis
1747 4538 1922 4581 tamen
1963 4527 2144 4597 vulga—

571 4624 734 4685 taque
759 4613 1033 4670 Britannia
1071 4617 1254 4671 oceani
1297 4617 1493 4681 lnsula,
1536 4618 1795 4674 interfusa
1816 4620 1951 4674 mari
1978 4635 2005 4672 a
2035 4629 2146 4675 toto

567 4705 700 4761 orbe
729 4706 920 4775 divisa,
949 4706 1088 4761 inter
1118 4709 1534 4776 septentrionem
1570 4720 1624 4764 et
1647 4725 1898 4764 occasum
1944 4712 2067 4775 sita,
2113 4727 2140 4764 a

565 4794 826 4868 vocabulo
876 4809 984 4850 sua:
1034 4797 1207 4866 gentis
1255 4797 1648 4865 cognominata.
1699 4798 1756 4852 In
1797 4813 1862 4852 ea
1893 4799 2056 4852 multa
2087 4810 2142 4854 et

566 4899 758 4955 magna
805 4883 1041 4948 ﬂumina,
1091 4885 1262 4942 fontes
1296 4886 1474 4944 calidi.
1522 4888 1858 4942 metallorum
1913 4889 2056 4959 larga
2087 4899 2138 4943 et

564 4975 718 5028 varia
751 4975 944 5044 copia;
980 4976 1200 5031 achates
1245 4977 1379 5045 lapis
1405 4975 1474 5030 ibi
1527 4975 1786 5045 plurimus
1829 4987 1882 5031 et
1919 4993 2126 5048 marga-

565 5074 680 5120 ritae
704 5082 718 5131 ;
746 5067 829 5120 cui
863 5065 1069 5136 adjacet
1099 5066 1281 5120 Scotia
1323 5067 1435 5120 sive
1483 5065 1747 5137 llybernia
1783 5085 1794 5120 :
1834 5077 1958 5122 sunt
2006 5082 2134 5121 vero

558 5157 633 5211 lbi
673 5155 848 5225 p0puli
897 5156 1069 5220 multi,
1129 5155 1393 5218 Britones,
1442 5155 1706 5220 Saxones,
1756 5157 1912 5220 Picti,
1951 5158 2127 5222 Angli.

559 5245 688 5300 llmc
717 5245 1024 5300 animalium
1055 5247 1414 5312 messiumque
1446 5244 1588 5298 ferax
1645 5247 1806 5302 ubere
1831 5245 2012 5310 fertili,
2040 5246 2128 5300 diu

557 5337 736 5390 dedita
767 5347 881 5389 erat
920 5334 1182 5388 idolorum
1232 5333 1417 5386 cultui.
1465 5332 1754 5402 Postquam
1803 5350 1928 5388 vero
1984 5335 2130 5387 venit

557 5424 997 5494 praedestinatum
1027 5438 1055 5476 a
1096 5422 1206 5476 Deo
1251 5433 1452 5490 tempus
1488 5423 1765 5476 miserendi
1807 5425 1922 5492 ejus
1952 5422 2125 5490 (Psal.

552 5520 633 5588 ι),
664 5518 803 5573 sicut
833 5518 883 5570 in
916 5515 1270 5570 laudabilibus
1313 5515 1407 5568 viri
1437 5513 1858 5583 eloquentissimi
1882 5513 2125 5582 Gregorii

553 5625 703 5679 papae
725 5609 885 5679 gestis
938 5608 1182 5676 legimus,
1216 5606 1336 5659 data
1366 5606 1465 5660 sibi
1516 5607 1798 5659 occasione
1847 5605 2126 5674 inspiravit

553 5703 695 5756 Deus
733 5698 879 5756 cordi
937 5698 1096 5754 illius.
1136 5705 1214 5758 ut,
1249 5697 1500 5764 quoniam
1553 5697 1666 5764 ipse.
1719 5695 1998 5753 dicebatur
2045 5696 2123 5748 vir

2273 3262 2474 3316 Christi
2506 3261 2782 3333 apostolos
2828 3263 3062 3332 hospitio
3107 3274 3385 3334 gratanter
3411 3263 3644 3331 recepisse,
3679 3259 3734 3309 ali-

2272 3351 2465 3405 moniis
2512 3352 2848 3407 abundanter
2891 3353 3172 3419 refovisse,
3229 3356 3386 3410 rebus
3415 3370 3473 3408 ac
3497 3350 3734 3407 facultatibus

2269 3441 2659 3498 honorabiliter
2685 3459 3017 3510 munerasse,
3068 3446 3422 3515 pnedicantes
3465 3444 3646 3497 libenter
3673 3455 3730 3490 att-

2266 3531 2430 3596 disse,
2463 3532 2740 3603 magisque
2771 3534 3115 3589 monentibus
3141 3550 3201 3589 se
3241 3535 3513 3589 salubriter
3535 3530 3730 3586 obedisse:

2265 3635 2472 3676 necnon
2503 3633 2557 3677 et
2588 3623 2775 3678 beatas
2827 3633 3134 3679 sanctorum
3183 3642 3461 3697 corporum
3507 3621 3730 3678 exuviassc

2263 3708 2475 3764 lzetatur
2503 3711 2763 3766 hactenus
2788 3713 2853 3768 ad
2882 3728 3099 3768 suorum
3131 3715 3481 3785 patrocinium
3506 3715 3728 3765 venerantet

2261 3800 2554 3865 custodire,
2585 3811 2864 3871 sperantes
2891 3818 2989 3872 pro
3028 3805 3113 3858 bis
3151 3807 3398 3860 omnibus
3419 3819 3470 3859 se
3495 3809 3650 3872 partem
3667 3795 3726 3849 lu-

2259 3889 2464 3946 bituros
2492 3909 2613 3947 cum
2650 3893 2729 3948 eis
2779 3895 2828 3948 in
2859 3904 3060 3950 teterna
3107 3897 3450 3952 beatitudine.
3491 3895 3554 3948 De
3575 3902 3726 3962 quorum

2257 3983 2598 4039 sanctissimo
2630 3983 3018 4057 fulsitcollegio
3044 3997 3264 4044 sanctus
3283 3988 3558 4046 Lebwinus,
3577 3997 3623 4035 ex
3641 3993 3726 4049 pl?!"

2257 4071 2365 4126 fata
2415 4073 2706 4143 Anglorum
2743 4078 2918 4145 patria
2970 4078 3278 4143 oriundus;
3326 4079 3389 4132 ab
3437 4076 3548 4146 ipsis
3582 4080 3722 4140 (ιιιοίιηε

2254 4165 2496 4232 pueritia:
2517 4168 2844 4234 crepundiis,
2867 4169 3144 4224 exercitiis
3167 4170 3334 4224 Deum
3361 4166 3545 4223 colendi
3565 4160 3718 4216 delitns.

2251 4252 2367 4308 Jam
2401 4254 2540 4307 enim
2573 4257 2938 4324 prmtendebat
2967 4272 3175 4312 morum
3199 4261 3486 4318 conatibus,
3512 4248 3720 4322 (ιιιιιΙίεΡίί5

2253 4343 2462 4399 futurus
2489 4356 2633 4400 esset
2682 4346 2914 4410 actibus,
2967 4356 3028 4402 ut
3078 4359 3330 4418 patenter
3358 4351 3552 4404 daretur
3572 4338 3716 4404 intellei

2255 4432 2396 4488 hunc
2442 4449 2625 4489 verum
2679 4434 2771 4489 Dei
2827 4437 3092 4491 cultorem
3143 4439 3262 4496 fore
3309 4440 3394 4510 qui
3447 4439 3491 4492 in
3525 4436 3613 4503 lege
3642 4429 3713 4496 ei“

2252 4523 2606 4578 meditaretur
2634 4526 2718 4579 die
2758 4543 2819 4579 ac
2850 4537 2994 4580 nocte
3016 4525 3189 4596 (Psal.
3221 4530 3286 4600 l),
3313 4530 3442 4584 sicut
3475 4535 3521 4580 et
3541 4521 3712 4578 Salenwﬂ

2249 4611 2301 4664 in
2339 4611 2641 4668 Proverbiis
2668 4615 2904 4681 generali
2945 4617 3214 4671 sententia
3252 4617 3438 4688 promit
3473 4616 3527 4668 de
3555 4609 3709 4665 talibus:

2245 4699 2330 4754 Ea.
2360 4703 2545 4756 studiis
2571 4703 2679 4756 suis
2710 4703 3013 4772 intelligitur
3037 4721 3166 4772 puer
3188 4707 3231 4759 si
3263 4718 3394 4759 recta
3416 4705 3503 4757 sint
3523 4713 3560 4752 et
3583 4693 3710 4748 ιιιιιιιιίι

2243 4804 2397 4858 opera
2429 4791 2541 4859 ejus
2579 4787 2762 4858 (Prov.
2790 4793 2904 4862 xx).

2313 4881 2396 4934 Ill.
2427 4881 2561 4936 Hine
2599 4882 2910 4938 liberalibus
2935 4898 2996 4938 ac
3030 4885 3206 4953 potius
3239 4885 3402 4939 sacris
3429 4880 3704 4962 traditussttt-

2241 4970 2342 5024 diis
2366 4971 2682 5035 litterarum,
2700 4971 2934 5038 inhians,
2950 4983 3004 5028 ιιι
3027 4975 3104 5028 ait
3127 4975 3418 5045 Scriptura,
3442 4973 3501 5025 ad
3521 4963 3702 5022 srimdm

2239 5065 2568 5132 sapientiam,
2590 5066 2658 5117 ad
2702 5065 3037 5135 intelligenda
3065 5068 3218 5120 verba
3243 5065 3506 5137 prudentia
3528 5071 3565 5112 tt
3590 5050 3699 5107 suri-

2237 5151 2477 5219 piendum
2503 5153 2842 5206 eruditionem
2870 5155 3145 5220 doctrinm,
3179 5156 3430 5226 justitiam
3457 5160 3497 5204 et
3514 5142 3698 5217 judirilll

2237 5253 2282 5295 et
2321 5244 2615 5312 atquitatem
2635 5243 2827 5310 (Prov.
2861 5244 2899 5313 ι)
2925 5261 2942 5308 ;
2968 5255 3024 5299 ut
3056 5246 3157 5300 sibi
3190 5244 3400 5317 parvulo
3418 5243 3594 5295 daretur
3607 5235 3697 5283 sstu-

2238 5334 2331 5396 tia,
2363 5334 2686 5389 adolescenti
2730 5336 2953 5389 scientia
2981 5347 3036 5390 et
3065 5337 3386 5400 intellectus;
3426 5327 3626 5400 Vigilabat
3651 5317 3693 5414 at

2232 5423 2369 5488 fores
2416 5424 2683 5493 sapientia:
2725 5425 2984 5493 quotidie,
3027 5427 3298 5483 observans
3342 5426 3404 5479 ad
3443 5429 3578 5491 postes
3614 5421 3690 5461 θείη

2228 5515 2341 5582 ejus
2374 5512 2525 5585 (Sap.
2559 5515 2656 5583 Ix).
2684 5516 2925 5584 Cumque
2953 5532 3046 5572 eos
3075 5527 3346 5573 exerceret
3376 5510 3567 5568 assidue.
3589 5507 3689 5581 (ἶριν
3782 5527 3786 5532 ·

2228 5604 2318 5656 bat
2348 5611 2404 5657 ut
2433 5607 2642 5659 veniret
2687 5608 2738 5660 in
2786 5622 2843 5661 se
2873 5608 3095 5675 spiritus
3135 5609 3415 5679 sapientiae.
3439 5600 3686 5679 dt’PTM‘f’S'

2226 5710 2328 5762 que
2357 5693 2522 5748 Deum
2553 5711 2616 5749 ex
2652 5697 2775 5748 totis
2813 5698 3125 5765 praecordiis
3160 5675 3287 5752 dixit
3316 5714 3328 5750 :
3363 5692 3430 5746 Da
3469 5684 3589 5740 mihi,
3614 5675 3680 5728 ιιυ·
