3916 6418
51 469 148 526 881

1357 467 1513 526 VITA
1555 469 1610 524 s.
1653 433 1976 520 LEBvVINI.

3191 456 3298 512 88!

55 583 226 644 irine,
273 577 472 634 aedium
521 590 728 634 tuarum
761 563 1074 634 assistrirem
1111 579 1450 648 sapientiam;
1486 578 1630 632 mitte
1658 575 1702 634 Α
1732 573 1990 640 eﬂlcacia,
2037 583 2095 628 ut
2141 573 2282 630 velut
2330 571 2596 628 oculatum
2645 569 2840 625 animal
2884 577 3007 624 ante
3051 577 3105 622 ct
3153 579 3298 624 retro

55 670 208 723 illam
246 669 311 723 de
352 669 488 722 caelis
531 670 726 724 sanctis
773 670 894 734 tuis,
923 679 970 723 et
1017 687 1048 722 a
1094 670 1211 724 sede
1257 668 1630 738 magnitudinis

49 770 178 826 tuae,
221 770 274 814 ut
317 776 514 814 mecum
557 761 621 814 sit
653 774 700 814 et
745 778 944 815 mecum
983 761 1202 824 laboret,
1233 771 1288 814 ut
1321 761 1482 814 sciam
1507 759 1631 830 quid

59 862 332 921 acceptum
378 853 443 906 sit
485 867 664 904 coram
705 863 755 906 te
797 849 946 921 (δίῳ.
999 851 1098 920 v1).
1159 850 1283 906 Haec
1325 865 1390 906 eo
1439 849 1633 918 saepius

52 943 399 1010 deprecante,
451 941 688 1018 occurrit
719 942 768 996 ei
815 942 928 1010 ipsa
951 981 966 1006 ,
997 956 1116 1010 qua:
1147 941 1341 995 circuit
1387 953 1632 1008 quaerens

53 1031 250 1101 dignos
275 1045 350 1094 se,
385 1039 438 1084 et
465 1030 698 1084 ostendit
727 1045 784 1085 se
813 1030 886 1092 illi
923 1031 1188 1098 hilariter,
1217 1039 1270 1086 et
1296 1029 1532 1084 obviavit
1559 1027 1632 1082 illi

55 1120 219 1188 quasi
255 1129 426 1174 mater
472 1119 846 1186 honorificata,
897 1129 1046 1176 stans
1093 1121 1148 1174 in
1196 1120 1420 1176 summis
1449 1117 1632 1176 excel-

51 1209 242 1278 sisquc
290 1210 613 1274 verticibus,
661 1211 714 1264 in
759 1212 948 1266 mediis
993 1211 1204 1266 semitis
1245 1211 1398 1280 juxta
1447 1219 1634 1280 portas

53 1302 302 1356 civitatis
333 1301 384 1355 in
418 1302 548 1370 ipsis
575 1300 798 1358 foribus.
831 1303 958 1357 Erat
1003 1311 1206 1366 autem,
1253 1311 1312 1356 ut
1348 1302 1460 1370 jam
1507 1309 1634 1356 ante

55 1405 157 1444 nos
193 1407 288 1460 per
320 1390 602 1460 quemdam
631 1391 716 1446 sui
761 1406 1057 1448 amatorem
1100 1393 1166 1448 de
1193 1407 1254 1446 ea
1301 1392 1499 1446 dictum
1526 1401 1630 1454 est,

55 1481 340 1534 reverendi
389 1481 676 1536 admodum
727 1481 928 1546 vultus,
977 1481 1149 1538 oculis
1195 1481 1530 1546 ardentibus,
1578 1490 1634 1536 et

59 1569 207 1620 ultra
234 1575 586 1632 communem
599 1569 874 1624 hominum
905 1569 1190 1624 valentiam
1213 1570 1630 1639 perspicacibus,

59 1659 246 1712 colore
281 1659 488 1722 vivido,
533 1668 695 1728 atque
745 1645 1048 1714 inexhausti
1101 1659 1334 1729 vigoris,
1367 1666 1634 1728 quatenus

60 1751 134 1802 ita
167 1747 266 1802 εει-ἰ
295 1748 446 1818 plena
477 1747 616 1803 foret
644 1758 701 1802 ut
735 1749 878 1803 nullo
917 1751 1073 1803 modo
1100 1757 1298 1804 nostra:
1325 1745 1636 1804 crederetur

59 1837 258 1900 (etatis,
284 1847 491 1891 statura
519 1837 857 1893 discretionis
882 1838 1168 1909 ambiguae.
1189 1837 1321 1892 Nam
1349 1852 1492 1892 nunc
1515 1836 1636 1906 qui-

59 1929 186 1982 dem
225 1929 291 1984 ad
331 1943 666 1984 communem
697 1943 755 1984 se
801 1929 1078 1984 hominum
1127 1944 1434 1984 mensuram
1480 1927 1632 1983 cohi-
1664 1907 1711 1968 Β

59 2017 264 2082 bebat;
313 2033 456 2072 nunc
504 2033 632 2074 vero
677 2018 892 2090 pulsare
937 2019 1134 2075 coelum
1181 2018 1376 2074 summi
1419 2017 1638 2073 verticis

67 2111 347 2166 cacumine
369 2110 664 2168 videbatur.
689 2112 818 2180 Quae
839 2127 960 2168 cum
981 2112 1140 2168 altius
1157 2122 1317 2181 caput
1337 2112 1638 2178 extulisset,

71 2203 246 2268 ipsum
288 2201 446 2256 etiam
487 2201 680 2255 (mlum
728 2202 1076 2271 penetrabat,
1127 2202 1640 2273 respicientiumque

71 2292 348 2346 hominum
387 2291 746 2346 frustrahatur
796 2291 1066 2348 intuitum.
1115 2291 1246 2347 Hcce
1292 2293 1639 2362 azdi/icaverat

75 2381 173 2433 sibi
201 2381 422 2448 domum,
453 2383 542 2436 ubi
561 2384 820 2437 exciderat
840 2384 937 2436 sibi
960 2382 1226 2438 columnas
1247 2395 1455 2454 septem,
1480 2393 1642 2454 atque

77 2471 357 2526 immolatis
398 2474 644 2528 victimas
695 2489 822 2530 suas
869 2475 1083 2528 miscuit
1131 2475 1313 2530 vinum
1361 2485 1418 2532 et
1463 2476 1641 2546 posuit

73 2577 310 2616 mensam
346 2577 520 2628 suam,
569 2564 821 2634 misitque
865 2563 1089 2620 ancillas
1137 2579 1262 2621 suas
1303 2575 1362 2618 ut
1389 2573 1642 2620 vocarent

71 2653 137 2704 ad
169 2665 348 2706 arcem
373 2661 426 2706 et
451 2653 518 2707 ad
546 2654 744 2708 mainia
787 2655 1041 2720 civitatis,
1071 2655 1258 2710 dicens
1289 2673 1302 2710 :
1331 2654 1387 2709 Si
1423 2656 1538 2726 quis
1565 2665 1640 2710 est

69 2743 319 2810 parvulus
377 2745 545 2798 veniat
609 2747 676 2798 ad
729 2761 851 2811 me;
913 2747 1147 2818 itemque
1213 2745 1639 2816 insipientibus:

81 2829 282 2896 Venite,
326 2833 569 2886 comedite
604 2851 790 2903 panem
819 2852 1010 2900 meum,
1043 2845 1095 2890 et
1127 2836 1277 2891 bibite
1305 2839 1476 2892 vinum
1504 2837 1642 2907 quod

71 2921 258 2974 miscui
301 2922 462 2977 vobis.
504 2921 792 2996 Relinquite
820 2925 1100 2994 infantiam
1146 2935 1191 2982 et
1237 2928 1416 2988 venite,
1449 2935 1495 2980 et
1525 2943 1642 2980 am-

69 3010 249 3080 bulate
289 3027 382 3080 per
431 3013 536 3066 vias
581 3013 870 3082 prudentia:
911 3013 1101 3084 (Prov.
1149 3013 1257 3085 ix).
1307 3014 1458 3068 Tunc
1504 3015 1644 3070 inter

69 3115 393 3155 nunierosos
440 3103 668 3170 e0piosaa
711 3104 882 3173 plebis
919 3105 1192 3161 auditores
1241 3103 1448 3176 placido
1491 3105 1644 3160 vultu

71 3193 368 3260 respiciens
415 3194 670 3250 humilem
723 3195 1034 3250 Lebwinum
1069 3213 1229 3266 quem
1273 3206 1399 3253 ante
1445 3197 1642 3253 szecula

67 3283 380 3350 praesL-ierat
401 3294 454 3340 et
481 3286 952 3355 pnedestinaverat
983 3287 1097 3342 fore
1127 3288 1229 3343 sibi
1263 3290 1481 3344 charum
1503 3290 1641 3344 ami-
1670 3256 1716 3320 C

66 3391 220 3439 cum,
244 3389 372 3429 voce
417 3376 682 3432 amicabili
726 3375 884 3432 allata
931 3387 1012 3434 est
1053 3378 1198 3432 illum
1233 3395 1246 3432 :
1277 3379 1421 3448 Ego,
1447 3380 1640 3449 inquit,

63 3462 340 3540 diligentes
366 3481 445 3518 me
486 3467 666 3537 diligo,
696 3477 744 3521 et
789 3469 876 3539 qui
923 3484 1076 3522 mane
1101 3469 1422 3540 vigilaverint
1453 3471 1521 3524 ad
1565 3487 1644 3524 me

62 3560 324 3614 invenient
355 3578 433 3615 me
459 3559 638 3632 (Prov.
659 3562 798 3632 vui).
825 3561 1151 3632 Principium
1183 3577 1268 3618 me
1289 3563 1642 3632 adipiscendi,

67 3649 240 3702 timor
263 3649 468 3703 Domini
501 3666 514 3702 :
547 3649 846 3704 Intellectus
875 3651 1037 3709 bonus
1073 3652 1308 3706 omnibus
1335 3653 1646 3721 facientibus

61 3756 190 3792 eum
219 3737 386 3807 (Psal.
419 3739 527 3810 cx).
559 3739 686 3794 Huic
715 3755 848 3795 aure
891 3741 1138 3796 audiendi
1169 3742 1392 3798 audiens
1425 3749 1646 3798 sanctus

61 3831 158 3886 vir
183 3831 486 3896 Lebwinus’,
506 3825 795 3888 exsultavit
816 3833 868 3886 in
891 3833 1114 3888 Domino
1141 3850 1235 3888 cor
1255 3834 1371 3904 ejus
1391 3845 1446 3890 et
1471 3834 1606 3888 dixit
1629 3852 1642 3888 :

65 3919 188 3990 Ego
237 3936 410 3974 servus
457 3930 576 3974 tuus
610 3931 658 3974 et
683 3921 825 3989 ﬁlius
869 3922 1072 3975 ancilla:
1111 3933 1224 3992 tua:
1271 3921 1444 3992 (Psal.
1495 3927 1642 3993 cxv).

63 4007 292 4061 Gressus
321 4025 454 4062 meos
484 4009 648 4079 dirige
677 4011 958 4064 secundum
984 4011 1242 4080 eloquium
1267 4023 1412 4066 tuum
1443 4024 1496 4066 ut
1544 4030 1646 4068 non

61 4099 366 4152 dominetur
395 4101 493 4154 mei
522 4102 687 4154 omnis
709 4102 985 4170 injustitia.
1017 4101 1196 4156 Deduc
1221 4119 1300 4156 me
1331 4104 1383 4156 in
1409 4105 1646 4158 semitam

62 4189 438 4243 rnaiidatorum
468 4200 698 4258 tuorum,
734 4195 854 4263 quia
892 4195 1058 4262 ipsam
1103 4194 1258 4248 volui.
1289 4193 1424 4249 Ecce
1455 4213 1646 4250 concu-

59 4278 172 4356 piui
205 4278 453 4331 mandata
493 4289 604 4344 tua,
631 4282 682 4333 in
714 4283 953 4352 (equitate
991 4292 1081 4336 tua
1118 4283 1318 4352 vivi/ica
1363 4302 1443 4338 me
1473 4283 1644 4356 (Psal.

59 4375 284 4440 cxvm).
325 4373 525 4426 Exinde
549 4373 658 4426 oleo
689 4374 884 4428 latitia:
909 4375 1078 4444 (Psal.
1117 4375 1261 4446 κων)
1299 4376 1550 4447 perfusus
1580 4377 1648 4432 ab

63 4478 157 4527 ea,
189 4462 502 4533 proficiebat
533 4465 597 4520 de
631 4466 716 4520 die
759 4466 810 4519 in
851 4467 987 4519 diem
1033 4467 1280 4522 amicitia:
1308 4467 1422 4535 ejus
1450 4468 1642 4538 gratia.

1733 663 2004 718 incederet
2051 665 2106 718 in
2157 664 2394 716 omnibus
2441 660 2702 714 mandatis
2754 669 2800 713 et
2836 659 3298 728 justi/icationibus
3339 699 3342 701 Α

1733 751 1943 805 Domini
1969 753 2080 806 sine
2119 753 2326 821 querela
2360 750 2510 822 (Luc.
2557 750 2616 822 ι).
2645 749 2772 804 Erat
2811 750 2950 802 enim
2978 748 3060 802 vir
3095 763 3300 819 magna:
3387 759 3402 770 ‘
3453 755 3460 764 '

1733 840 2089 906 abstinentiae,
2115 841 2214 896 sibi
2257 855 2473 910 parcus,
2499 839 2682 909 egenis
2709 839 2910 908 largus,
2935 852 3028 892 ore
3054 851 3299 902 serenus,

1733 947 1956 1002 corpore
1978 943 2179 998 castus,
2205 931 2520 988 lectionibus
2549 932 2738 997 sacris,
2769 930 2966 1000 vigiliis
3003 940 3058 984 ct
3097 929 3298 984 oratio-

1733 1021 1892 1076 nibus
1920 1022 2281 1077 indesinenter
2307 1021 2565 1086 intentus,
2591 1019 3140 1088 sermonejucundus,
3163 1036 3300 1090 qua-

1734 1109 1884 1166 litate
1931 1127 2140 1166 morum
2183 1112 2429 1177 sobrius,
2458 1111 2712 1180 omnique
2743 1110 2979 1164 bonitate
3023 1109 3298 1180 praeditus.

1733 1200 1828 1258 llis
1861 1210 1916 1257 et
1959 1201 2258 1272 hujusmodi
2304 1200 2509 1271 pollens
2537 1199 2822 1253 virtutibus
2847 1198 3070 1268 adeptus
3098 1207 3178 1254 est
3209 1197 3304 1250 ho-

1735 1309 1918 1350 norem
1945 1295 2250 1352 clericatus.
2283 1296 2452 1364 Quam
2482 1294 2794 1364 dignitatem
2823 1293 3018 1362 gradus
3045 1301 3100 1347 et
3141 1306 3298 1346 voea-

1733 1388 1843 1442 buli
1892 1391 2116 1444 credens
2147 1389 2398 1444 divinitus
2438 1387 2721 1452 collatam,
2767 1386 2868 1442 sibi
2901 1387 3094 1457 agebat
3119 1385 3298 1442 studio

1733 1478 1997 1550 pervigili,
2029 1495 2095 1532 ne
2121 1494 2330 1532 morum
2359 1477 2598 1547 operatio
2619 1491 2715 1532 suo
2741 1477 2944 1530 nomini
2970 1475 3304 1531 dissentiret.

1733 1568 1918 1644 ιιλήρος
1940 1569 2082 1622 enim
2105 1567 2312 1634 Grzece,
2335 1584 2448 1624 sors
2469 1565 2554 1622 vel
2574 1565 2850 1621 hwreditas
2877 1565 3080 1620 dicitur.
3094 1563 3306 1618 Latine.

1736 1657 1890 1712 Unde
1938 1666 1992 1712 et
2033 1654 2368 1728 appellantur
2394 1657 2594 1718 clerici,
2623 1656 2766 1725 quod
2804 1655 2870 1710 de
2917 1662 3063 1710 sorte
3090 1651 3307 1708 Domini

1733 1759 1860 1806 sunt
1888 1759 1942 1808 et
1973 1754 2124 1820 quasi
2158 1751 2222 1806 de
2261 1750 2377 1819 ejus
2405 1749 2716 1804 haereditate
2755 1746 3045 1818 peculiari,
3078 1745 3216 1800 sicut
3251 1743 3306 1798 in

1737 1841 2082 1896 Testamento
2122 1839 2298 1896 Veteri
2329 1841 2514 1895 levitas
2535 1854 2602 1894 ex
2634 1837 2757 1892 ﬁliis
2781 1837 2946 1894 Israel
2976 1843 3032 1890 ut
3063 1835 3308 1906 proprios

1741 1931 2030 2001 assumpsit
2075 1931 2195 1996 sibi,
2225 1930 2306 1986 vel
2341 1930 2484 1994 ideo,
2515 1929 2638 1999 quia
2675 1927 2912 1982 vicissim
2961 1925 3034 1980 illi
3063 1925 3152 1996 qui
3183 1937 3312 1979 vere

1739 2031 1864 2078 sunt
1909 2022 2089 2078 clerici
2126 2029 2319 2092 praeter
2346 2009 2514 2076 Deum
2547 2019 2746 2074 nullam
2785 2017 3166 2086 concupiscant
3195 2015 3310 2070 hae-

1741 2113 2022 2170 reditatem
2065 2114 2120 2168 in
2159 2115 2261 2170 hac
2290 2112 2510 2183 regione
2533 2110 2780 2175 mortali,
2811 2115 3160 2178 exspectantes
3187 2105 3310 2160 viva

1739 2221 1834 2277 spe
1857 2207 2000 2260 illam
2021 2204 2464 2277 incorruptibilem
2483 2215 2530 2258 et
2549 2203 3006 2258 incontaminatam
3026 2211 3072 2254 et
3095 2201 3310 2253 immur-

1742 2297 2051 2365 cescibilem,
2077 2307 2430 2353 conservatam
2445 2297 2498 2350 in
2524 2295 2663 2350 cretis
2694 2291 2746 2366 (Ι
2767 2292 2910 2348 Petr.
2935 2293 2998 2362 ι),
3027 2308 3118 2362 ρει·
3141 2292 3308 2359 ipsum

1741 2398 1936 2442 etcum
1969 2389 2078 2460 ipso
2106 2400 2154 2444 et
2197 2389 2252 2442 in
2281 2389 2391 2458 ipso
2424 2387 2594 2459 (Rom.
2623 2385 2686 2452 tt)
2725 2401 2782 2440 se
2823 2399 2981 2455 posse
3017 2383 3268 2453 consequi
3291 2421 3311 2448 ,

1743 2481 1883 2537 sicut
1910 2489 1964 2536 et
1995 2481 2106 2549 ipse
2133 2480 2212 2536 eis
2255 2479 2580 2551 repromittit
2608 2477 2791 2532 dicens
2831 2493 2843 2529 :
2879 2475 2989 2546 Ego
3029 2474 3308 2529 luereditas

1741 2590 1918 2628 eorum
1946 2571 2162 2644 (Ezech.
2189 2572 2358 2642 xuv),
2389 2571 2706 2628 meditantes
2723 2567 2923 2639 jugiter
2955 2576 3008 2624 et
3035 2567 3310 2622 dicentes:

1743 2665 1998 2718 Dominus
2020 2682 2142 2735 pars
2169 2664 2486 2720 htereditatis
2512 2678 2640 2716 mete
2652 2672 2699 2716 et
2726 2660 2904 2716 calicis
2929 2661 3048 2724 mei,
3067 2669 3122 2713 tu
3145 2676 3198 2714 es
3225 2659 3316 2728 qui

1745 2756 1980 2810 restitues
2018 2755 2372 2810 hwreditatem
2409 2771 2578 2809 meam
2613 2755 2760 2808 milii.
2792 2752 2970 2807 Funes
3013 2753 3306 2806 ceciderunt

1743 2845 1872 2900 mihi
1911 2847 1964 2900 in
2007 2844 2274 2913 pra’claris
2317 2861 2335 2900 :
2371 2855 2557 2900 etemm
2607 2843 2881 2898 lta'reditas
2915 2859 3027 2896 mea
3059 2839 3316 2911 prtrclara

1743 2943 1818 2988 est
1845 2934 1972 2987 mihi
1999 2931 2170 3004 (Paul.
2201 2932 2312 3004 xv).
2339 2933 2432 2988 His
2469 2933 2706 2988 intentus
2736 2932 2819 2985 vir
2855 2939 3073 2986 sanctus
3098 2927 3310 2984 Lebvvi-

1745 3037 1847 3076 nus
1874 3037 1938 3077 ac
1969 3022 2152 3078 sedulo
2182 3022 2424 3078 recolens
2464 3021 2592 3092 quid
2620 3022 2684 3076 de
2712 3021 3032 3076 clericorum
3077 3020 3316 3074 moribus

1745 3113 1830 3167 his
1863 3127 2001 3181 pene
2045 3113 2224 3167 verbis
2255 3127 2286 3165 a
2313 3110 2527 3167 sanctis
2570 3111 2870 3166 institutum
2917 3110 2988 3166 sit
3031 3107 3314 3170 Patribus,

1748 3202 2008 3258 abstinuit
2041 3217 2070 3256 a
2102 3202 2306 3273 vulgari
2353 3203 2461 3256 vita
2509 3210 2564 3258 et
2593 3190 3027 3266 conversatione,
3061 3215 3090 3254 a
3133 3199 3316 3254 mundi

1745 3295 2104 3366 voluptatibus
2129 3305 2182 3351 et
2209 3295 2562 3365 spectaculis,
2594 3309 2622 3347 a
2659 3293 2840 3350 saeculi
2875 3293 3160 3364 pompis,_a
3189 3305 3316 3345 con-

1745 3387 1902 3442 viviis
1931 3385 2177 3457 publicis,
2209 3387 2276 3441 ab
2299 3376 2571 3453 usuris-eti
2587 3386 2817 3454 turpium
2853 3371 3124 3438 lucrorum
3149 3395 3316 3435 occu-

1747 3479 2074 3550 pationibus,
2104 3492 2134 3531 a
2163 3477 2439 3532 fraudibus
2464 3484 2517 3532 et
2541 3475 2608 3529 ab
2647 3475 2758 3543 ipsa
2788 3483 3102 3532 cunctorum
3131 3471 3314 3526 crimi-

1744 3583 1874 3623 num
1921 3576 2094 3622 matre
2122 3565 2380 3632 avaritia;
2427 3581 2533 3620 non
2579 3561 2750 3620 ofﬁcia
2795 3578 2860 3618 ac
2907 3561 3118 3631 negotia
3149 3575 3318 3614 δωρη-

1744 3656 1901 3725 laria,
1927 3673 2032 3712 non
2060 3656 2258 3727 gradus
2288 3656 2552 3712 honorum
2582 3662 2792 3708 sectans
2822 3667 2918 3721 per
2943 3651 3320 3715 ambitionem,

1745 3761 1852 3801 non
1895 3760 1994 3816 pro
2037 3744 2310 3800 beneficiis
2341 3743 2618 3799 medicina:
2657 3741 2750 3798 Dei
2794 3751 3014 3812 captans
3059 3755 3322 3804 numera;

1748 3836 1897 3892 dolos
1925 3845 1980 3891 et
2008 3835 2405 3906 conjurationes
2423 3873 2438 3900 ,
2469 3834 2670 3900 odium,
2698 3831 3112 3896 aemulationem,
3140 3831 3320 3885 obtre-

1746 3929 2010 3985 ctationes
2039 3927 2249 3997 fugiens
2289 3935 2447 3995 atque
2477 3925 2762 3989 invidiam;
2796 3940 2900 3978 non
2945 3923 3094 3994 vagis
3121 3923 3316 3985 oculis,

1746 4034 1852 4073 non
1879 4017 2072 4072 infreni
2104 4017 2282 4087 lingua
2316 4025 2406 4070 aut
2432 4013 2708 4086 petulanti,
2733 4013 3040 4082 tumidoque
3067 4013 3321 4067 incedens

1745 4115 1928 4180 gestu;
1981 4107 2074 4161 sed
2121 4107 2316 4161 mentis
2367 4107 2626 4177 pudorem
2682 4114 2842 4174 atque
2893 4105 3314 4168 verecundiam,

1747 4196 1969 4268 simplic-
2005 4197 2294 4252 ostendens
2340 4195 2521 4250 habitu
2565 4203 2618 4248 et
2661 4193 2904 4258 incessu,
2933 4193 3316 4248 obscenitatem

1746 4289 1825 4366 sic
1868 4287 2154 4344 verborum
2188 4286 2327 4341 sicut
2373 4295 2426 4341 et
2473 4299 2716 4355 operum.
2741 4284 2954 4352 penitus
2997 4297 3320 4346 exsecrans,

1746 4381 2082 4436 visitationes
2107 4380 2390 4433 viduarum
2438 4393 2501 4432 ac
2539 4367 2824 4444 virginum,
2862 4391 2927 4432 ac
2967 4375 3320 4430 contubernia

1748 4478 2127 4524 extranearum
2154 4465 2476 4521 feminarum
2513 4465 2818 4520 nullatenus
2847 4473 3126 4536 appetens,
3158 4465 3324 4520 casti-

63 4557 139 4606 Ει
185 4571 252 4608 ne
294 4555 412 4622 quis
454 4556 590 4609 forte
632 4566 803 4625 putei,
837 4559 1132 4627 postposita
1167 4567 1644 4630 rerum-gestarum
1678 4561 1983 4654 Dmuniam
2043 4559 2370 4615 immaculati
2429 4559 2606 4614 cordis
2658 4566 2714 4612 et
2772 4558 3012 4628 corporis
3065 4567 3329 4636 perpetuo

63 4645 238 4706 serie,
273 4661 370 4698 nos
392 4649 634 4715 quaedam
661 4648 824 4702 veluti
863 4649 1100 4702 fabulosa
1129 4664 1192 4702 ac
1217 4647 1430 4714 frivola,
1463 4657 1522 4703 ut
1547 4649 1648 4704 iste

63 4739 266 4792 beatus
299 4736 378 4790 vir
405 4738 470 4790 ad
503 4739 746 4792 notitiam
784 4740 1096 4794 sen‘Iitarum
1127 4741 1402 4810 sapientiae
1430 4739 1650 4810 ejusque

64 4827 404 4896 agnitionem
453 4829 788 4882 contenderit
833 4839 1220 4886 commentatus
1265 4847 1428 4886 esse:
1463 4832 1506 4886 si
1558 4848 1648 4887 so-

65 4916 434 4970 brius'lector
460 4917 540 4970 vel
568 4919 780 4972 auditor
803 4919 1084 4984 exstiterit,
1111 4921 1356 4976 volumus
1383 4937 1478 4990 pro
1502 4932 1650 4976 certo

65 5007 288 5061 noverit
320 5007 458 5060 haud
505 5007 662 5061 aliter
691 5009 882 5078 cuique
929 5011 1163 5065 inerrato
1206 5011 1454 5064 viandmn
1503 5003 1647 5077 esse,

63 5105 129 5150 ut
180 5097 354 5165 ipsius
401 5098 810 5152 desiderabilem
863 5107 1024 5168 queat
1073 5099 1306 5169 speciem
1358 5100 1644 5170 inSpicere.

67 5187 304 5241 Constat
351 5187 492 5240 enim
539 5187 866 5252 ﬁrmissime,
897 5189 1146 5259 quoniam
1175 5190 1417 5259 quisquis
1459 5191 1648 5259 pricsi-

67 5289 270 5348 gnatos
319 5278 685 5346 hujuscemodi
735 5281 1168 5349 progressionum
1215 5279 1410 5351 gradus
1456 5279 1650 5350 quibus

70 5370 141 5422 ad
171 5383 296 5422 eam
327 5368 675 5422 incedendum
707 5369 1106 5435 conscenditur,
1127 5369 1530 5440 praetermiserit
1564 5384 1652 5424 ve-

66 5459 304 5526 stigare,
335 5467 388 5510 et
414 5457 558 5510 nullo
590 5457 746 5512 modo
772 5457 1248 5528 philosophandum
1277 5473 1416 5512 esse.

141 5547 239 5604 ιν.
281 5547 426 5620 Ergo
467 5549 718 5618 quoniam
765 5549 854 5604 hic
897 5550 1084 5604 beatus
1126 5549 1192 5604 ab
1233 5551 1449 5604 ineunte
1495 5557 1658 5604 aetate

70 5651 192 5696 toto
223 5640 510 5694 conamine
538 5641 634 5694 has
655 5651 968 5710 prosecutus
991 5649 1072 5696 est
1098 5641 1212 5694 vias
1241 5639 1553 5708 prudentiae,
1579 5639 1656 5692 sic

65 5733 374 5787 maximam
421 5715 714 5802 promeruit
757 5733 1164 5804 prserogativam
1215 5731 1408 5787 divinas
1451 5730 1655 5800 gratim.

67 5825 182 5878 l'er
215 5822 356 5878 hanc
396 5821 625 5893 denique
663 5823 835 5879 inerat
872 5823 921 5879 ei
959 5832 1124 5879 cant-.3
1168 5820 1660 5892 circumspecdonis

1749 4665 2072 4708 conservare
2117 4649 2383 4704 studebat.
2441 4648 2586 4703 Inter
2635 4648 2751 4702 haec
2794 4649 3029 4704 debitam
3077 4649 3322 4718 praebens

1747 4739 2050 4796 senioribus
2105 4737 2494 4804 obedientiam,
2558 4737 2702 4792 nullo
2761 4752 2819 4792 se
2863 4737 3138 4807 jactantize
3191 4737 3324 4789 vitio

1749 4829 2059 4894 extollebat,
2114 4837 2168 4882 et
2222 4828 2350 4898 quid
2392 4827 2582 4896 plura?
2621 4825 2988 4891 Lectionibus,
3040 4825 3324 4890 doctrinis,

1747 4920 1985 4988 psalmis,
2019 4919 2235 4990 hymnis
2283 4917 2615 4987 canticisque
2659 4917 3025 4987 spirituatibus
3063 4915 3328 4970 exercitio

1749 5009 1862 5079 jugi
1907 5010 2208 5073 insistebat,
2259 5007 2500 5078 profecto
2547 5007 2722 5062 sciens
2762 5007 2883 5077 quia
2935 5007 3068 5062 tales
3115 5016 3327 5074 oportet

1757 5101 1978 5154 clericos
2007 5113 2160 5164 esse,
2193 5099 2282 5167 qui
2327 5097 2524 5153 divinis
2569 5097 2798 5152 cultibus
2844 5113 2902 5153 se
2945 5097 3333 5166 mancipandos-

1756 5193 1971 5248 student
2006 5191 2280 5246 exhibere.
2307 5189 2458 5245 Unde
2497 5198 2551 5245 et
2581 5191 2694 5260 ipse
2723 5191 2832 5244 Deo
2870 5189 3027 5244 talem
3066 5189 3327 5244 exhibens

1755 5301 1850 5349 se,
1887 5291 2006 5353 post
2059 5291 2218 5336 tanta:
2262 5281 2642 5336 continentiam
2680 5281 2803 5334 vita:
2849 5281 3062 5334 detonsa
3108 5296 3333 5350 rasaque

1758 5375 1922 5445 capite
1972 5389 2072 5428 non
2120 5371 2334 5442 capillos
2375 5373 2548 5444 posuit
2597 5369 2822 5425 urendos
2855 5371 3102 5439 sacriﬁcii
3147 5372 3330 5426 veteris

1755 5469 1872 5536 igne
1924 5461 2110 5535 (Num.
2144 5462 2239 5534 vi),
2271 5461 2363 5518 sed
2401 5469 2459 5516 ut
2488 5476 2646 5516 verus
2676 5461 2963 5517 Nazarazus
3005 5477 3328 5518 consecrans

1756 5553 2138 5626 perfectionem
2162 5551 2459 5606 devotionis
2483 5565 2593 5605 sua:
2613 5550 2804 5605 obtulit
2831 5559 2996 5606 totum
3024 5565 3082 5606 se
3103 5551 3327 5604 hostium

1757 5645 2003 5697 visentem
2050 5648 2314 5704 sanctam,
2347 5637 2453 5692 Deo
2497 5638 2780 5706 placentem
2821 5637 2996 5706 (Rom.
3042 5639 3178 5708 ni),
3209 5653 3328 5707 qua:

1761 5741 2010 5785 ureretur
2035 5729 2249 5784 assidue
2271 5727 2440 5782 sancti
2465 5725 2698 5796 Spiritus
2727 5727 2880 5797 igne,
2914 5736 2972 5782 ut
3007 5727 3158 5782 ﬂeret
3185 5725 3332 5778 obse-

1759 5829 1936 5896 quium
1982 5823 2093 5892 ejus
2142 5819 2445 5876 rationabile
2487 5817 2666 5891 (Rom.
2715 5821 2844 5890 xu),
2881 5829 2932 5875 et
2962 5820 3090 5875 Illud
3118 5819 3342 5890 signum.
