3916 6400
542 502 553 512 ο
627 468 724 523 185

1151 465 1495 523 “uanum
1534 450 1696 509 MON.
1742 449 1801 505 S.
1841 447 2106 505 AMANDI
2141 446 2293 503 OPP.
2335 445 2511 502 PARS
2548 448 2589 502 l.
2628 479 2698 490 -
2738 450 3316 509 HAGloanpmm.

3692 456 3755 512 835

639 589 876 641 ausura,
901 575 1043 646 quod
1072 575 1404 647 ﬁgurabatur
1426 577 1478 629 in
1498 587 1724 644 corpore
1744 566 1993 630 alerelur
2013 557 2068 613 in
2091 555 2199 623 ίιιο,
2230 560 2281 619 Δ
2310 554 2382 608 ila
2419 564 2475 610 ει
2520 576 2622 647 pos
2652 563 2880 617 ﬁdenter
2907 564 2974 617 de
3029 562 3130 617 hoc
3162 571 3342 617 nostro
3379 561 3537 618 dicere
3559 565 3755 622 audeamus

618 668 676 721 in
702 680 812 736 quo
845 664 1092 722 Christus
1133 667 1339 722 habitat
1384 665 1440 721 in
1485 664 1729 721 interiori
1763 663 2011 728 homine,
2041 660 2194 736 vide-

484 746 498 764 ’
546 752 561 768 ⁸
618 756 748 813 licet
781 765 843 832 ut
870 757 1109 812 exterius
1152 757 1408 813 abseissis
1437 758 1675 813 crinibus
1695 796 1710 821 ,
1739 755 1965 810 interius
1988 735 2197 808 cun’ctis

616 846 845 901 resectis
867 846 1204 913 criminibus,
1234 849 1556 904 enitesceret
1581 848 1755 902 denuo
1782 845 2048 901 innovatis
2077 854 2199 898 sen-

620 937 772 992 sibus
820 938 975 1008 quasi
1016 939 1187 993 comis
1230 940 1471 996 rudibus.
1509 938 1781 994 Praeterea
1805 946 2019 1008 gestans
2044 933 2197 1006 quasi

620 1030 821 1084 tiaram
852 1031 965 1086 veri
1012 1030 1297 1087 sacerdotii
1342 1031 1397 1086 in
1442 1032 1665 1086 detonsa
1713 1028 1976 1100 superiori
2006 1025 2201 1096 capitis

620 1129 796 1189 parte,
832 1136 1043 1177 necnon
1073 1123 1382 1192 exprimens
1416 1122 1471 1176 in
1502 1120 1742 1176 inferiori
1772 1120 2081 1191 dignitatem
2110 1130 2198 1170 re-

621 1207 758 1279 gulis
800 1224 1031 1274 corona,
1079 1211 1345 1281 gaudebat
1390 1225 1585 1266 munus
1626 1208 1835 1280 impleri
1888 1208 1940 1262 in
1992 1220 2053 1261 se
2098 1206 2201 1259 hac

624 1300 805 1371 typica
859 1300 1228 1369 similitudine,
1277 1302 1420 1372 quod
1461 1302 1651 1357 beatus
1696 1300 1970 1371 apostolus
2012 1297 2204 1353 Petrus

621 1388 915 1444 universali
968 1390 1222 1445 collatum
1269 1391 1465 1461 gaudet
1507 1390 1781 1447 Ecclesia.
1819 1389 1956 1455 Vos,
2010 1388 2201 1458 inquit,

619 1480 743 1534 estis
773 1496 935 1550 genus
963 1480 1201 1548 electum,
1225 1481 1397 1552 regale
1421 1482 1768 1536 sacerdotium
1796 1480 1846 1553 (I
1880 1479 2026 1536 Petr.
2054 1481 2141 1551 ιι).

694 1570 760 1626 ν.
801 1570 971 1641 Igitur
1006 1572 1091 1627 vir
1143 1573 1349 1629 Domini
1379 1572 1686 1641 Lehwinus,
1743 1575 1795 1629 in
1840 1574 2036 1629 talibus
2097 1574 2206 1628 vir«

623 1668 799 1713 tntum
831 1659 1177 1729 profectibus,
1213 1670 1376 1717 atate
1407 1662 1567 1717 simul
1598 1673 1652 1719 et
1676 1663 1942 1734 probitate
1997 1678 2206 1718 morum

623 1750 870 1817 adultus,
901 1767 1029 1833 vere
1064 1767 1167 1822 per
1205 1753 1386 1833 omnia
1420 1740 1905 1825 irreprehensibilis
1947 1754 2207 1820 clericus,

623 1841 850 1913 singulis
888 1830 1086 1900 sensim
1131 1830 1424 1903 secundum
1464 1848 1708 1903 instituta
1746 1849 2004 1903 canonica
2037 1847 2212 1918 digni-

2299 633 2560 728 apostolo,
2608 657 2735 728 quia
2782 667 2837 711 et
2883 657 2998 728 ipse
3043 666 3294 727 operatus
3339 666 3416 713 est
3446 657 3758 720 Lebwiuoiuter

2297 741 2635 803 Francos'et
2675 745 2939 801 Saxones.
2974 746 3128 803 Unde
3155 748 3280 817 quia
3325 748 3389 802 ad
3422 749 3603 803 eosdem
3637 751 3757 807 docen-

2300 839 2397 894 dos
2446 839 2514 892 ab
2565 853 2630 894 eo
2669 846 2754 893 est
2791 837 3093 894 destinatus
3140 853 3240 909 pro
3289 838 3369 893 sui
3422 838 3757 909 qualitateoﬁui

2300 910 2421 983 non.
2446 928 2889 983 inconvenienter
2932 928 3143 982 dicetur
3177 927 3472 998 apostolus,
3515 930 3684 998 quodin
3703 933 3759 985 lia-

2298 1034 2399 1087 gua
2442 1018 2628 1074 Latina
2680 1026 2839 1072 sonat
2886 1018 3078 1072 missus
3110 1018 3389 1087 :Denique
3417 1017 3539 1073 sicut
3577 1021 3661 1073 suis
3693 1022 3760 1089 ipse

2299 1108 2558 1178 pracepit
2599 1106 2914 1177 discipulis,
2945 1109 3130 1163 dicens
3158 1107 3301 1173 :Ite,
3332 1108 3496 1162 docete
3529 1126 3662 1162 omnes
3691 1127 3761 1179 geu-

2302 1207 2379 1249 tes
2399 1237 2413 1260 ,
2462 1197 2783 1265 baptizantes
2812 1212 2897 1251 eos
2935 1197 2989 1250 in
3024 1198 3234 1252 nomine
3266 1195 3439 1251 Patris
3459 1206 3503 1252 et
3527 1196 3628 1251 Filii
3647 1198 3761 1259 ass

2306 1286 2439 1339 ritus
2486 1287 2680 1350 sancti,
2710 1286 2949 1341 docentes
2991 1303 3078 1341 eos
3125 1304 3334 1342 servare
3357 1290 3516 1343 omnia
3551 1307 3761 1360 queam

2306 1374 2550 1427 mandari
2591 1374 2730 1427 vobis
2784 1373 2999 1443 (Matth.
3036 1375 3250 1445 xxvttt).
3294 1376 3372 1430 Ita
3423 1386 3472 1431 et
3517 1378 3627 1432 hunc
3669 1394 3759 1432 suum

2307 1459 2502 1516 aﬂ'atus
2546 1461 2901 1533 discipulum,
2957 1463 3102 1518 velut
3142 1466 3332 1520 eodem
3374 1465 3571 1536 imperio
3601 1469 3761 1537 percepit

2307 1551 2357 1605 ei
2422 1550 2678 1621 prafatas
2727 1552 2922 1607 docere
2974 1562 3161 1624 gentes
3223 1554 3493 1609 catholica
3535 1564 3760 1610 sacramenta

2308 1644 2464 1710 ﬁdei,
2502 1644 2708 1714 tingere
2766 1644 3034 1714 baptismo
3083 1645 3306 1700 salutari
3358 1654 3410 1701 et
3447 1646 3611 1702 exinde
3641 1647 3756 1716 preci-

2308 1756 2439 1810 pere
2505 1740 2685 1794 omnia
2753 1754 2971 1796 servare
3024 1741 3278 1797 mandata
3328 1742 3445 1797 sibi.
3494 1742 3549 1795 Et
3601 1742 3696 1795 sicut
3726 1742 3761 1795 de

2310 1829 2479 1886 Paulo
2526 1838 2581 1885 et
2635 1831 2880 1886 Barnaba
2924 1832 2976 1884 in
3027 1833 3388 1902 apostolorum
3428 1832 3612 1887 Actibus
3650 1832 3762 1898 legitur

625 1935 753 1988 tatis
788 1936 1166 1993 ecclesiastica
1202 1939 1510 1994 conscensis
1552 1939 1839 2010 gradibus,
1887 1938 2101 2009 eligitur
2144 1940 2214 1996 ad

2318 1924 2456 1993 quod
2509 1923 2850 1994 imperaverit
2893 1922 3127 1994 Spiritus
3181 1931 3400 1980 sanctus
3429 1942 3441 1977 :
3466 1923 3693 1994 Segregatt.
3720 1924 3762 1976 iu-

621 2025 858 2081 ofllcium
916 2029 1351 2100 presbyteratus”,
1406 2037 1464 2085 ut
1516 2031 1607 2100 qui
1658 2018 1884 2087 scientia
1933 2040 1989 2087 et
2023 2045 2213 2101 cpera-

625 2120 774 2173 tione
816 2120 1089 2190 perfectus
1139 2129 1286 2187 erat,
1341 2132 1568 2178 cateros
1607 2124 1853 2178 doctrina
1885 2122 2208 2187 instrueret,

625 2210 872 2280 exemplo
918 2212 988 2266 ad
1041 2211 1179 2268 bene
1243 2213 1507 2289 agendum
1566 2222 1904 2283 provocaret.
1955 2211 2215 2268 Liberalis

624 2301 890 2372 siquidem
935 2302 1019 2357 sui
1069 2302 1303 2359 nominis
1352 2312 1405 2359 et
1447 2303 1722 2360 commissi
1773 2303 1932 2360 oﬁicii
1985 2318 2213 2359 exsecu-

626 2401 746 2457 tor,
798 2393 1077 2464 satagebat
1128 2393 1356 2451 sollicite
1406 2410 1528 2451 esse
1576 2405 1631 2450 et
1685 2395 1855 2451 videri
1901 2396 2221 2467 presbyter,

626 2483 682 2538 id
732 2493 816 2541 est
869 2485 1052 2540 senior
1081 2503 1095 2540 :
1130 2501 1235 2541 non
1271 2487 1475 2541 dierum
1507 2486 1816 2559 prolixitate
1845 2489 2215 2555 numerosior,

625 2587 735 2629 non
790 2575 990 2631 canitie
1028 2576 1222 2647 capitis
1268 2576 1610 2645 honoratior,
1646 2579 1739 2635 sed
1769 2572 2061 2651 augmento
2105 2596 2217 2636 me-

627 2664 843 2735 ritoque
892 2667 1152 2723 virtutum
1206 2670 1543 2739 proveCtior,
1592 2678 1652 2725 ut
1699 2671 1766 2727 de
1815 2686 2002 2728 eorum
2065 2672 2219 2728 ﬂeret

626 2776 857 2818 numero
905 2764 996 2834 qui
1049 2779 1078 2819 a
1105 2763 1317 2835 Moyse,
1355 2766 1700 2836 pracipiente
1730 2767 1977 2833 Domino,
2009 2765 2219 2837 eligun—

628 2860 739 2908 tur.
783 2851 1090 2925 Congrega,
1141 2855 1358 2925 inquit,
1399 2856 1526 2910 mihi
1581 2850 1913 2929 septuaginta
1959 2859 2097 2913 viros
2155 2857 2220 2911 de

628 2946 919 3000 senioribus
963 2946 1165 3014 Israel,
1194 2964 1323 3018 quos
1369 2956 1425 3003 tu
1470 2950 1637 3015 nosti,
1683 2949 1821 3019 quod
1863 2965 2009 3002 senes
2044 2947 2224 3018 populi

629 3036 737 3092 sint
766 3054 830 3092 ac
857 3038 1116 3109 magistri,
1141 3049 1245 3094 etc.
1290 3038 1479 3111 (Num.
1505 3039 1605 3113 xx).
1647 3040 1805 3095 Tales
1847 3055 2078 3110 namque
2102 3054 2224 3109 pre-

632 3127 836 3197 sbyteri
876 3143 984 3183 non
1025 3130 1388 3200 subrogantur
1432 3131 1485 3184 in
1524 3129 1831 3186 sacerdotio
1884 3128 2071 3185 favore
2123 3143 2222 3197 po-

631 3217 842 3288 palari,
890 3219 984 3274 sed
1022 3219 1296 3290 eliguntur
1342 3236 1372 3276 a
1417 3219 1595 3293 Moyse
1647 3222 1783 3276 duce
1828 3219 2007 3292 populi
2061 3219 2221 3276 Chri-

632 3310 828 3377 stiani,
860 3325 1002 3381 quos
1032 3312 1144 3382 ipse
1186 3314 1335 3369 novit
1355 3355 1370 3378 ,
1419 3314 1511 3385 qui
1541 3315 1619 3370 eis
1647 3313 1806 3368 talem
1837 3314 2064 3386 gratiam
2095 3328 2225 3369 con-

629 3403 792 3471 tulit,
840 3404 981 3473 quod
1046 3405 1325 3476 sapientia.
1361 3415 1417 3461 et
1460 3406 1765 3462 sanctitatis
1811 3407 2036 3460 merito.
2068 3420 2225 3460 senes

634 3495 745 3551 sint
792 3496 996 3567 populi.
1042 3496 1110 3552 Et
1163 3499 1291 3568 quia
1333 3506 1477 3554 stant
1530 3514 1714 3554 coram
1763 3514 1827 3553 eo
1867 3507 2012 3554 statu
2065 3495 2225 3567 justi-

633 3586 724 3641 tia
755 3585 1033 3642 inflexibili
1049 3629 1064 3653 ,
1107 3598 1387 3643 merentur
1428 3587 1544 3656 ejus
1570 3589 1791 3659 spiritus
1818 3587 2226 3659 participatione

630 3680 944 3744 munerari,
992 3682 1397 3754 completurque
1447 3682 1498 3738 in
1528 3683 1658 3754 ipsis
1696 3682 1837 3753 quod
1873 3683 2004 3739 dicit
2034 3682 2224 3739 Omni-

634 3777 828 3838 potens
887 3771 955 3824 ad
1008 3770 1162 3825 Heli:
1195 3770 1559 3841 Gloriﬁcantes
1611 3791 1693 3829 me
1741 3783 1894 3828 erunt
1946 3775 2225 3845 gloriﬁcati

639 3856 696 3928 (1
722 3857 849 3928 Reg.
899 3858 983 3930 ιι).
1019 3859 1257 3927 Quorum
1320 3878 1509 3917 senum
1567 3863 1771 3935 gloria,
1834 3864 1975 3918 sicut
2028 3863 2227 3919 dicitur

636 3949 692 4003 in
739 3948 1045 4006 Proverbiis
1090 3969 1204 4020 cap.
1246 3969 1343 4018 xx,
1372 3954 1591 4008 canities
1634 3964 1707 4008 est
1750 3970 1771 4008 :
1817 3954 1960 4010 haud
2006 3954 2224 4011 dubium

637 4038 762 4105 illa,
814 4040 879 4094 de
931 4055 1035 4111 qua
1088 4041 1283 4112 legitur
1326 4042 1450 4096 alibi
1491 4064 1503 4097 :
1547 4043 1680 4099 Cani
1710 4054 1831 4099 sunt
1860 4046 1997 4100 enim
2042 4062 2226 4099 sensus

640 4129 790 4196 (Sap.
826 4130 923 4202 tv),
955 4133 1006 4187 id
1056 4141 1174 4197 est,
1208 4134 1487 4203 sapientia
1515 4135 1617 4190 viri
1661 4142 1716 4191 et
1757 4144 1888 4191 atas
1934 4137 2227 4192 senectutis

640 4223 752 4276 vita
783 4222 1145 4278 immaculata.
1195 4223 1290 4279 His
1331 4240 1461 4297 ergo
1491 4225 1646 4282 donis
1687 4226 2058 4295 spiritualibus
2090 4241 2228 4297 prac-

640 4312 807 4378 ditus,
865 4313 1022 4384 digne
1074 4313 1266 4383 dignus
1324 4315 1574 4370 sacerdos
1625 4314 1849 4371 effectus
1891 4323 1973 4370 est
2017 4314 2227 4371 Lebwi-

641 4419 745 4458 nus
796 4405 1017 4473 explens
1062 4407 1243 4461 verbis
1293 4414 1348 4461 et
1382 4407 1590 4461 actibus
1643 4422 1837 4461 nomen
1888 4414 1942 4461 et
1994 4406 2226 4461 ollicium

642 4495 787 4551 sacri
838 4497 1093 4563 ducatus,
1154 4502 1289 4569 pura
1337 4510 1515 4556 mente
1566 4501 1889 4571 mundisque
1937 4501 2223 4567 manibus,

642 4592 703 4639 ut
731 4587 950 4656 expedit
994 4589 1360 4646 sacerdotibus
1386 4591 1761 4660 cooperatione
1791 4589 2022 4660 Spiritus
2056 4591 2228 4645 sancti

643 4676 968 4747 conﬁciens,
1017 4689 1071 4736 et
1108 4681 1241 4735 daus
1283 4688 1618 4735 sacramenta
1655 4679 1864 4733 viviﬁca
1915 4678 2127 4749 populis
2166 4681 2225 4734 ﬁ-

643 4774 884 4841 delibas,
916 4773 1166 4845 congruis
1195 4786 1630 4841 unumquemque
1673 4771 1873 4826 ducens
1900 4771 2233 4825 exhortatio--

644 4866 844 4929 nibus,
892 4877 997 4934 pro
1058 4878 1170 4917 sua
1220 4860 1571 4932 professionis
1625 4874 1689 4915 ac
1730 4874 1943 4914 morum
1997 4860 2227 4930 qualita—

603 5020 607 5024 ἓ
645 4958 811 5012 tibus.

717 5043 805 5099 Vl.
844 5043 1133 5100 Enimvero
1179 5044 1224 5098 is
1269 5042 1359 5113 qui
1408 5050 1667 5112 operatur
1723 5041 1777 5096 in
1830 5043 1943 5096 suis
1994 5041 2233 5096 omnibus

645 5147 694 5190 et
742 5135 869 5191 velle
916 5145 964 5190 et
1013 5135 1260 5205 perﬁcere
1307 5149 1402 5204 pro
1452 5134 1586 5187 bona
1636 5133 1895 5187 voluntate
1954 5130 2121 5203 (Phil.
2166 5131 2228 5200 tt)

647 5241 747 5280 suo
772 5224 1007 5296 gratuito
1036 5237 1260 5278 munere
1281 5229 1537 5292 operatus
1562 5229 1645 5276 est
1669 5221 1721 5274 in
1752 5220 1950 5274 famulo
1970 5219 2070 5274 sibi
2092 5218 2232 5274 ﬁdeli

647 5300 906 5372 chwino
952 5313 1080 5369 illud
1121 5312 1257 5370 velle
1289 5312 1431 5384 quod
1457 5310 1761 5367 nullatenus
1790 5326 1820 5365 a
1847 5325 1943 5365 suo
1972 5308 2107 5363 velle
2142 5322 2233 5379 pec

650 5417 791 5465 terat
823 5408 1165 5475 discrepare;
1196 5404 1355 5459 saluti
1401 5403 1650 5459 videlicet
1692 5402 2072 5457 lucrandarum
2112 5398 2232 5452 ani-

647 5512 863 5552 marum
894 5497 1095 5567 jugitcr
1120 5494 1349 5561 inhiare,
1379 5502 1433 5551 et
1455 5493 1769 5550 continuam
1800 5490 1926 5545 huic
1960 5487 2232 5544 desiderio

650 5605 871 5663 operam
898 5589 1030 5645 dare
1053 5632 1067 5655 ,
1100 5598 1157 5643 ut
1182 5589 1321 5644 sicut
1360 5589 1427 5643 de
1455 5588 1671 5658 speciali
1699 5585 1871 5656 gratia
1902 5582 2232 5654 apostolatus

649 5681 796 5738 beati
821 5680 970 5735 Petri
998 5690 1054 5735 et
1079 5679 1161 5735 sui
1199 5678 1367 5747 ipsius
1392 5676 1592 5730 Paulus
1616 5684 1975 5746 protestatur,
2006 5673 2192 5751 dicens
2217 5688 2230 5725 :

654 5770 758 5834 Qui
807 5776 1048 5837 operatus
1095 5776 1167 5820 est
1190 5767 1243 5819 in
1260 5764 1414 5819 Pe'ro
1437 5767 1491 5818 in
1515 5761 1857 5831 apostolatum
1881 5760 2235 5816 circumcisio—

657 5859 735 5912 κίε
792 5865 1035 5927 operatus
1082 5866 1155 5911 est
1206 5865 1253 5910 et
1308 5853 1435 5910 mihi
1501 5853 1633 5908 inter
1688 5862 1858 5921 gcntrs
1919 5848 2061 5923 (Gal.
2113 5846 2170 5920 tt)
2218 5863 2233 5898 :

2314 2014 2533 2084 quiens,
2579 2015 2707 2067 mihi
2739 2012 3042 2073 Barnabam
3071 2023 3118 2067 et
3150 2013 3377 2070 Saulum
3420 2015 3470 2068 in
3505 2030 3694 2084 opusque
3717 2028 3762 2065 n-

2314 2105 2512 2174 συνηρεί
2537 2121 2623 2158 eos
2665 2103 2800 2176 (Act.
2840 2103 3003 2173 xxv),
3048 2103 3239 2174 sicque
3272 2104 3338 2158 ad
3381 2103 3610 2158 docendas
3628 2102 3761 2171 proiecti

2318 2201 2444 2246 sunt
2464 2200 2652 2263 gentes
2681 2191 2873 2255 simili,
2903 2199 2961 2246 ut
2990 2192 3060 2245 ita
3087 2191 3291 2248 dictum
3323 2192 3417 2256 sit,
3444 2191 3600 2254 modo,
3621 2189 3761 2258 ejusdem

2314 2282 2490 2337 sancti
2532 2281 2768 2352 Spiritus
2802 2281 3059 2351 imperio,
3090 2282 3180 2352 qui
3212 2282 3439 2336 dividens
3464 2280 3763 2349 singulamilia

2315 2370 2454 2436 vult,
2514 2380 2761 2443 Operatur
2806 2371 2982 2425 omnia
3031 2372 3090 2425 in
3125 2371 3366 2426 omnibus
3388 2369 3435 2441 (I
3464 2368 3569 2423 Cor.
3593 2368 3688 2437 iit),
3719 2365 3763 2419 ille

2317 2462 2490 2517 ﬁdelis
2526 2477 2715 2517 servus
2755 2477 2821 2516 ac
2866 2460 3024 2516 fortis
3047 2471 3306 2532 operator
3355 2460 3605 2517 Lebwinus
3639 2460 3762 2526 inopis

2317 2555 2420 2611 sibi
2459 2570 2491 2610 a
2530 2554 2759 2611 Domino
2798 2552 3100 2624 injunctum
3138 2563 3448 2627 segregatus
3471 2562 3542 2610 est
3580 2561 3623 2605 et
3646 2564 3763 2605 assum

2318 2659 2464 2722 ptus.
3533 2662 3537 2666 ’

2390 2739 2499 2795 νη.
2536 2738 2635 2795 Cui
2661 2740 2829 2796 etiam
2856 2747 2916 2794 ut
2959 2754 3067 2795 non
3106 2738 3284 2795 solum
3327 2754 3444 2796 cum
3483 2730 3764 2807 apostolis.!d

2319 2838 2374 2887 et
2422 2846 2542 2886 cum
2577 2831 2900 2901 patriarcbis
2945 2831 3124 2900 digna
3159 2832 3304 2887 foret
3348 2830 3513 2901 operis
3541 2824 3763 2883 communio.

2322 2920 2490 2989 ipsius
2538 2920 2734 2976 summi
2785 2921 3081 2976 sacerdotis
3140 2922 3377 2977 Abrahae
3420 2917 3673 2992 proponitur
3699 2912 3763 2966 imi-

2323 3014 2478 3068 tatio.
2511 3012 2644 3067 Nam
2676 3014 2945 3088 quomodo
2972 3013 3047 3068 illi
3094 3022 3421 3085 praceptum
3449 3020 3522 3069 est
3543 3026 3567 3065 a
3588 3001 3765 3065 θεοεῶ

2323 3102 2386 3158 de
2430 3114 2571 3157 terra
2598 3112 2647 3157 et
2674 3104 2981 3174 cognatione
3009 3113 3100 3157 tua
3118 3144 3133 3169 ,
3183 3114 3231 3159 et
3258 3104 3371 3159 veni
3409 3105 3459 3157 in
3490 3098 3765 3167 ιηταιπᾎᾳιω

2326 3194 2420 3249 tibi
2444 3204 2797 3250 monstravere
2824 3193 2979 3266 (Gen.
3024 3196 3146 3266 xu).
3174 3204 3233 3251 et
3276 3193 3391 3264 ejus
3427 3193 3626 3264 protinus
3647 3187 3702 3243 ille
3717 3199 3767 3253 pr

2250 3262 2294 3323 (ἶ
2326 3286 2435 3341 ruit
2476 3286 2731 3357 imperio;
2782 3262 2855 3340 ita
2906 3292 2962 3340 et
3009 3262 3117 3343 iste
3156 3286 3244 3341 vir
3292 3262 3585 3341 venerabilis
3613 3281 3685 3334 hoc
3718 3289 3768 3327 ιη·

2326 3376 2438 3433 dito
2480 3392 2544 3431 ac
2588 3376 2752 3430 veluti
2797 3376 2899 3431 sibi
2942 3375 3254 3446 specialiter
3296 3375 3549 3447 delegato,
3585 3370 3634 3424 ad
3666 3376 3768 3422 etcu-

2324 3469 2473 3537 plum
2528 3468 2670 3523 beati
2709 3468 3061 3539 patriarcha,
3110 3468 3243 3524 huic
3280 3456 3770 3536 irrefragabiliteriuhs‘

2325 3561 2396 3615 sit
2425 3561 2621 3616 edicto.
2656 3548 2856 3615 Eﬁens
2902 3574 3031 3629 ergo
3077 3558 3308 3630 impigre
3355 3558 3417 3614 de
3447 3566 3567 3611 terra
3601 3558 3768 3616 etcopi-

2326 3650 2473 3705 tione
2537 3665 2668 3716 sua,
2753 3648 3061 3719 posthabita
3135 3648 3315 3703 insula
3387 3645 3655 3717 Anglorum,
3702 3646 3769 3686 σε·

2326 3741 2504 3796 ctione
2546 3740 2722 3795 navali
2778 3738 3089 3810 Traiectum
3144 3740 3343 3810 petiit,
3399 3745 3599 3792 castrum
3635 3724 3770 3779 Willet'

2328 3832 2468 3903 burg
2512 3830 2810 3901 antiquitus
2860 3829 3100 3896 dictum,
3156 3829 3323 3885 modo
3379 3841 3498 3882 vero
3542 3819 3768 3903 Traiectum:

2328 3921 2418 3976 ubi
2441 3901 2742 3991 vreperiens
2787 3919 3071 3990 quemdam
3103 3917 3458 3973 venerabilem
3483 3914 3624 3967 virum
3642 3901 3770 3958 ueniae

2328 4012 2678 4085 Gregorium,
2733 4026 2800 4066 ex
2857 4010 3018 4065 nobili
3082 4009 3413 4065 Francorum
3461 4000 3662 4073 sanguine
3685 4003 3774 4085 UP”

2329 4083 2604 4171 creatum,
2660 4117 2692 4158 a
2739 4102 2898 4158 beato
2942 4099 3218 4156 Bonifacio
3268 4096 3624 4166 archiepiscopo
3662 4083 3770 4139 olim:

2328 4194 2555 4265 pueritia
2613 4192 2905 4248 enutritum
2932 4231 2947 4256 ,
3004 4191 3172 4261 gradu
3224 4173 3770 4267 ecclesiastico

2330 4262 2485 4351 rum,
2528 4281 2621 4337 sed
2677 4290 2804 4336 tunc
2848 4295 2946 4350 pro
2994 4287 3239 4349 tempore
3292 4272 3577 4348 episcopalis
3603 4262 3769 4356 θωίίὺ
3830 4262 3831 4311 1

2329 4377 2519 4431 eodem
2553 4382 2735 4429 castro
2770 4372 2853 4426 vel
2883 4373 3046 4427 etiam
3073 4372 3328 4442 parocbia
3355 4366 3605 4423 vicarium,
3624 4353 3770 4450 l3fo

2330 4466 2378 4522 ei
2427 4480 2640 4520 omnem
2682 4479 2793 4519 sua
2837 4462 3290 4532 peregrinationis
3345 4457 3534 4526 sibique
3580 4448 3768 4505 somnis”

2332 4554 2727 4626 pradicatidnis
2772 4560 3000 4608 textum.

2405 4655 2534 4710 Vlll.
2575 4655 2709 4722 Quia
2771 4668 2899 4709 vero
2964 4651 3140 4723 gratia
3198 4645 3435 4721 Gregorii
3480 4640 3584 4698 boni
3622 4619 3768 4695 distiP‘lli

2334 4747 2535 4802 mentio
2580 4746 2766 4816 optimi
2815 4744 2959 4799 facta
3011 4751 3096 4797 est
3142 4739 3384 4812 magistri
3443 4725 3672 4790 Bonifacii,
3709 4726 3768 4769 πω

2332 4840 2609 4911 indignum
2646 4839 2856 4893 videtur
2897 4834 3029 4907 tanti
3070 4834 3313 4905 prasulis
3348 4831 3540 4899 dignam
3565 4818 3766 4917 θῗηῗωτῗ

2335 4935 2592 4987 memoria
2630 4975 2644 5000 ,
2702 4932 2828 4987 licet
2884 4930 3157 4985 succincte
3186 4968 3201 4993 ,
3253 4925 3541 4980 relationem
3583 4906 3678 4966 ﬁeri.
3715 4897 3766 4952 Πκ

2334 5026 2563 5095 denique
2608 5025 2693 5079 vir
2729 5040 2815 5077 ex.
2845 5022 3099 5093 pradicta
3150 5019 3443 5087 Anglorum
3484 5005 3618 5081 patria

2335 5085 2520 5180 nitus,
2557 5130 2587 5169 a
2635 5085 2867 5184 pueritia
2914 5112 3024 5167 Deo
3077 5109 3317 5173 dicatus,
3362 5117 3473 5161 cum
3508 5085 3767 5184 ειιεοῖθδίῖξηξίξ³

2336 5176 2515 5262 θειεηίςι⁷
2554 5176 2885 5275 profectibus
2937 5202 3003 5257 de
3044 5201 3130 5255 die
3177 5201 3228 5253 in
3260 5198 3396 5253 diem
3438 5176 3766 5275 sapientia:ch

2339 5301 2447 5355 tius
2491 5270 2792 5355 sanctitatis
2839 5302 3125 5365 augeretur
3156 5288 3504 5362 profectibus,
3526 5279 3672 5333 sanch

2342 5387 2569 5459 Pertatis
2600 5402 2664 5443 ac
2706 5369 2833 5441 'sum
2884 5379 3331 5454 peregrinationis
3382 5356 3763 5481 spontancagaﬂ

2340 5444 2634 5550 ingressus,
2663 5474 2896 5532 ofﬁcium
2954 5486 3167 5545 quoque
3217 5465 3451 5541 plurimis
3491 5444 3763 5575 εναηὲθῖὶυᾙ

2482 5571 2515 5575 --
2594 5570 2625 5575 _
2675 5569 2688 5575 -
2862 5567 2873 5575 .
2988 5565 3019 5575 η
3043 5566 3056 5575 .
3368 5568 3408 5575 ,Α
3460 5553 3652 5575 -..ης-Λεαη
3678 5574 3683 5575 ,
3710 5568 3717 5575 .

2337 5571 2567 5644 Populis,
2594 5569 2691 5624 Dei
2738 5567 2910 5637 gratia
2958 5565 3057 5621 sibi
3102 5551 3761 5663 cooperante.

2340 5631 2698 5719 Carioni-anno
2726 5631 2779 5715 et
2807 5656 3031 5728 Pippino
3056 5655 3377 5709 Francorum
3407 5631 3666 5728 [πίηεῖνίθξη

2341 5732 2687 5825 apostolicam
2753 5750 2933 5805 sedem
2990 5746 3253 5816 legatione
3313 5729 3586 5825 (‘uermauit'i|
3616 5714 3760 5825 illi“:

2343 5804 2648 5901 discretioni
2699 5840 3015 5897 clericorum
3066 5851 3128 5891 ac
3178 5830 3338 5888 faveri
3372 5818 3629 5898 ροιιι¹¹οῖ¹¹¹¹¹
3662 5804 3759 5852 W

2256 4608 2307 4665 D
