3916 6410
84 469 212 526 835

83 589 324 646 entibus
372 583 607 656 praefatis
663 576 1029 650 principibus,
1093 572 1162 628 ab
1211 571 1327 642 ipso
1371 581 1510 638 papa
1559 562 1690 620 Gre-
1721 559 1764 615 Δ

85 681 264 752 gorio
314 677 501 734 Graeca
547 673 845 741 Latinaque
903 669 1082 736 lingua
1125 667 1256 722 satis
1303 664 1548 752 erudito,
1594 662 1686 728 qui

87 751 334 825 alterius
365 763 608 835 Gregorii
647 774 928 817 successor
967 757 1036 811 ab
1067 757 1158 811 illo
1193 752 1426 809 mirabili
1467 751 1686 806 doctore

87 859 366 917 Ecclesia:
407 859 568 914 beato
623 851 886 922 Gregorio
931 847 1222 918 Anglorum
1273 841 1515 913 apostolo
1535 879 1552 906 ,
1597 854 1690 894 or-

87 952 235 1006 dine
283 946 628 1019 pontiﬁcatus
672 941 776 996 fuit
823 941 1115 994 vicesimus
1143 945 1346 992 sextus.
1403 928 1688 999 Moguntite

86 1043 313 1098 civitati
335 1041 620 1096 ordinatur
639 1033 1094 1102 archiepiscopus,
1108 1037 1162 1084 et
1181 1027 1271 1098 qui
1295 1034 1451 1080 antea
1465 1020 1686 1076 vocaba-

87 1145 194 1192 tur
219 1129 548 1194 Winfridus,
581 1128 752 1199 gratia
791 1126 1091 1192 meritoque
1111 1121 1372 1176 bonormn
1403 1115 1684 1176 factomm,

87 1239 158 1282 ut
214 1225 436 1296 quidam
472 1221 690 1284 volunt,
722 1218 1030 1274 dictus-est
1069 1211 1398 1268 Bonifacius.
1438 1207 1540 1274 Qui
1569 1206 1683 1269 vir,

89 1320 254 1374 sicut
305 1319 372 1372 de
421 1329 485 1370 eo
517 1315 728 1384 legitur,
773 1309 1154 1382 praedicatione
1199 1321 1294 1360 sua
1343 1303 1683 1371 Thuringos,

89 1407 312 1461 llessos
363 1413 526 1474 atque
577 1401 890 1456 Austrasios
953 1399 1020 1453 ad
1075 1397 1232 1452 ﬁdem
1295 1401 1501 1448 rectam
1563 1390 1688 1444 reli-

89 1499 431 1570 gionemque
469 1489 855 1557 Christianam,
923 1506 953 1546 a
999 1503 1106 1558 qua
1159 1487 1248 1541 ditt
1306 1486 1688 1539 aberraverant

87 1588 406 1652 convertit,
461 1599 666 1640 necnon
715 1591 772 1638 et
823 1579 1146 1636 monasteria
1195 1575 1581 1632 monachorum
1633 1579 1688 1626 et

89 1680 376 1750 virginum
421 1677 628 1747 primus
661 1673 715 1727 in
745 1670 1038 1726 Austrasiae
1083 1667 1328 1739 partibus
1361 1665 1684 1720 construxit.

93 1777 206 1832 llic
251 1776 413 1830 etiam
449 1774 590 1827 inter
629 1767 844 1839 egregia
875 1767 1136 1821 bonorum
1177 1770 1390 1815 actuum
1419 1757 1646 1825 insignia
1669 1797 1684 1822 ,

95 1875 162 1919 ut
211 1879 318 1918 non
373 1862 530 1916 modo
569 1873 664 1913 sua
714 1855 806 1912 sed
847 1864 904 1911 et
946 1853 1174 1909 aliorum
1227 1863 1438 1920 quoque
1487 1861 1689 1916 prazsu-

94 1959 216 2010 lum
265 1951 542 2022 vigilantia
589 1947 854 2004 catholica
910 1949 1328 2015 propagaretur,

95 2057 260 2102 retur
307 2055 464 2115 atque
505 2040 924 2097 conﬁrmaretur
967 2035 1238 2097 Ecclesia,
1287 2038 1558 2086 annuente
1583 2027 1686 2083 sibi

97 2141 500 2202 (Iarlomanno,
551 2133 871 2188 auctoritate
897 2129 1061 2183 fultus
1090 2125 1401 2197 apostolica,
1431 2123 1482 2176 in
1507 2130 1686 2176 castro

99 2231 488 2300 Wittenburg,
533 2225 674 2297 quod
739 2237 882 2278 nunc
935 2218 1240 2288 Trajectum
1287 2217 1514 2280 dicitur,
1561 2227 1689 2269 con-

105 2325 292 2380 stituit
335 2329 396 2376 ut
446 2317 765 2388 episcopalis
789 2322 933 2371 esset
965 2312 1243 2368 cathedra.
1281 2309 1522 2378 Cumque
1547 2309 1688 2363 idem

109 2415 382 2486 gloriosus
399 2411 786 2466 Carlomannus
825 2407 964 2462 felici
1013 2404 1234 2459 nimium
1271 2401 1690 2458 commutatione

105 2519 381 2561 terrenum
436 2519 499 2558 ac
530 2500 822 2572 temporale
879 2499 1174 2568 respuisset
1221 2511 1442 2567 regnum
1489 2503 1548 2550 ut
1578 2509 1690 2550 coe-

102 2599 244 2654 leste
293 2603 590 2651 mereretur
639 2591 861 2662 adipisci
896 2591 1038 2660 quod
1085 2597 1167 2644 est
1217 2597 1510 2653 internum,
1563 2601 1688 2656 pro-

101 2689 392 2757 fectusque
449 2687 674 2740 Romam
733 2683 801 2736 ad
855 2682 1134 2736 beatorum
1187 2679 1372 2734 limina
1427 2677 1694 2748 apostolo-

103 2795 252 2846 rum,
282 2777 566 2833 clericatus
593 2775 664 2830 ibi
691 2774 925 2842 suscepit
941 2771 1178 2827 habitum
1197 2785 1302 2824 non
1327 2777 1446 2838 post
1467 2767 1690 2822 multum

102 2871 372 2942 temporis
421 2871 474 2924 in
529 2876 710 2923 monte
757 2865 982 2921 Soracte
1048 2863 1312 2919 aediﬁcato
1363 2861 1692 2917 monasterio

101 2963 174 3018 ad
221 2977 446 3017 summae
499 2951 840 3030 perfectionis
885 2956 1184 3011 ascendens
1230 2953 1452 3024 gradum
1501 2953 1554 3006 in
1584 2967 1696 3007 coe—

101 3055 273 3109 nobio
325 3051 468 3106 beati
521 3049 788 3104 Benedicti
821 3048 1104 3118 professus
1153 3045 1502 3106 monaclmm,
1556 3043 1696 3112 opti-

101 3162 255 3200 mam
284 3160 402 3200 cmn
435 3142 596 3197 lllaria
629 3141 898 3195 dilectrice
946 3155 1008 3194 ac
1061 3137 1258 3192 dilecta
1308 3134 1518 3190 Domini
1548 3135 1694 3188 visus

101 3244 195 3291 est
245 3235 470 3305 elegisse
497 3240 703 3304 partem
736 3246 854 3300 qua:
879 3229 1030 3298 juxta
1067 3226 1280 3282 Domini
1329 3223 1650 3296 promissum
1675 3263 1691 3288 ,

103 3348 134 3386 a
165 3329 312 3384 nullo
337 3329 628 3383 electorum
675 3341 793 3380 eam
837 3332 1249 3394 perseveranter
1277 3317 1693 3375 desiderantium

103 3423 389 3476 auferetur
435 3420 485 3473 in
528 3427 786 3473 aeternum
835 3415 985 3486 (Luc.
1033 3414 1109 3484 κ).
1163 3413 1335 3482 Regni
1381 3425 1511 3464 vero
1554 3409 1694 3478 quod

103 3521 242 3566 ante
293 3511 635 3572 deviserant,
685 3519 739 3561 et
786 3506 1116 3574 principatus
1159 3503 1240 3557 sui
1288 3501 1510 3570 Pippino
1543 3498 1694 3554 fratri

101 3604 284 3660 cessit
333 3601 626 3671 fastigium.
664 3598 770 3654 Sed
809 3597 1064 3666 Pippinus
1105 3595 1267 3648 totius
1299 3591 1516 3646 ditionis
1545 3605 1692 3646 com-

101 3711 214 3765 pos
260 3695 508 3756 eﬁ'ectus,
560 3691 803 3746 consultu
845 3703 996 3758 papae
1054 3686 1326 3741 Zachariae
1377 3693 1430 3738 et
1457 3679 1696 3736 unanimi

103 3789 468 3850 Francorum,
493 3799 750 3838 consensu
785 3797 882 3852 per
915 3781 1222 3835 unctionem
1254 3774 1574 3832 sanctissimi
1605 3789 1696 3826 ar-

103 3877 439 3946 (-hiepiscopi
469 3873 726 3928 Bonifacii
764 3871 1066 3926 Suessionis
1105 3869 1319 3922 civitate
1361 3865 1543 3920 habito
1572 3879 1695 3918 con-

103 3977 312 4030 ventu,
371 3982 462 4020 rex
512 3965 804 4034 appellatus
847 3971 900 4015 et
941 3961 1104 4030 regali
1138 3967 1220 4014 est
1265 3957 1393 4012 sede
1438 3955 1693 4016 donatus,

103 4059 398 4130 repudiato
440 4071 502 4110 ac
551 4063 826 4109 tonsurato
881 4051 1219 4114 Childerico,
1274 4048 1364 4119 qui
1403 4061 1557 4102 casso
1595 4061 1694 4098 no-

105 4153 264 4205 mine
307 4157 460 4202 antca
496 4161 587 4200 rex
623 4145 934 4198 vocabatur.
963 4143 1033 4196 At
1057 4140 1144 4195 ubi
1175 4140 1234 4192 B.
1266 4136 1506 4208 pontifex
1538 4133 1698 4189 Boni-

107 4239 289 4294 facius
343 4237 565 4290 verbum
625 4235 718 4290 Dei
775 4232 1149 4303 evangelizans
1203 4229 1514 4283 Frisonibus
1575 4241 1698 4280 cum

107 4345 276 4386 casso
321 4328 538 4381 nomine
587 4335 740 4380 antea
796 4340 886 4379 rex
936 4323 1242 4378 vocabatur.
1278 4322 1346 4376 At
1369 4321 1456 4375 ubi
1509 4319 1699 4374 beatus

109 4419 354 4490 pontifex
394 4416 699 4472 Bonifacius
729 4416 949 4469 verbum
997 4414 1089 4468 Dei
1137 4411 1534 4481 evangelizans,
1575 4409 1696 4463 Fri-

109 4509 338 4564 sonibus
365 4523 486 4561 cum
525 4505 635 4560 suis
656 4501 1034 4559 comministris
1053 4542 1067 4566 ,
1101 4509 1158 4554 ut
1189 4500 1403 4565 ferunt,
1427 4501 1696 4568 quinqua-

109 4603 264 4670 ginta
319 4599 523 4652 dnobus
569 4595 825 4664 martyrio
871 4601 952 4649 est
992 4600 1317 4654 coronatus,
1352 4589 1463 4660 jam
1518 4589 1693 4644 dictus

111 4694 198 4746 vir
231 4689 521 4760 Gregorius
547 4688 662 4756 ejus
689 4687 954 4756 quondam
1011 4684 1331 4752 discipulus,
1378 4683 1429 4737 in
1471 4681 1694 4752 prtefato

111 4782 360 4837 residens
410 4789 616 4842 castro,
661 4780 832 4833 bonus
875 4778 1110 4832 imitator
1149 4777 1422 4848 magistri,
1459 4775 1599 4846 quod
1629 4775 1689 4830 ab

107 4889 180 4930 co
235 4871 524 4935 didicerat,
559 4871 786 4938 impiger
818 4877 1103 4925 exsecutor
1135 4870 1441 4923 exercebat.

187 4980 280 5036 IX.
319 4982 415 5036 Cui
455 4997 574 5038 cum
615 4989 834 5036 sanctus
863 4979 1176 5042 Lebwinus,
1208 4987 1264 5032 ut
1301 4977 1411 5046 jam
1440 4977 1702 5040 diximus,

109 5073 421 5138 retulisset,
468 5072 594 5142 quid
643 5071 936 5125 secundum
979 5069 1074 5124 Dei
1115 5069 1438 5123 voluntatem
1489 5076 1702 5138 gereret

111 5166 300 5220 animo
321 5205 334 5228 ,
359 5165 444 5218 ille
471 5164 686 5234 gavisus
711 5163 762 5217 in
795 5162 1041 5228 Domino,
1071 5161 1364 5213 animalum
1387 5157 1613 5212 consilio
1647 5165 1700 5211 et

109 5261 288 5315 fotum
331 5257 530 5311 auxilio
563 5255 756 5312 direxit
781 5269 901 5310 eum
923 5253 988 5308 ad
1017 5251 1192 5320 locum
1213 5249 1314 5306 sibi
1331 5250 1586 5305 divinitus
1611 5249 1703 5303 dc-

113 5356 478 5404 monstratum
505 5361 660 5402 secus
682 5345 870 5401 lselam
903 5343 1143 5406 ﬂuvium,
1172 5351 1231 5396 ut
1257 5341 1409 5395 ﬁeret
1429 5340 1704 5410 velutqui-

111 5440 240 5493 dam
267 5437 422 5492 limes
462 5437 794 5492 certissimus
829 5445 989 5504 atque
1035 5433 1360 5486 fortissimus
1397 5432 1447 5484 in
1475 5431 1706 5487 Franco-

115 5545 236 5584 rum
267 5527 649 5596 Saxonumque
673 5525 903 5582 conﬁnio
920 5567 934 5591 ,
963 5533 1022 5578 ut
1045 5525 1184 5578 sicut
1209 5523 1337 5592 lapis
1361 5523 1710 5578 mediastinus

117 5621 238 5676 vice
287 5619 480 5688 lapidis
528 5619 666 5672 illius
710 5617 849 5681 vivi,
883 5615 1110 5677 summi,
1162 5613 1434 5684 angularis
1463 5614 1702 5683 positus,

115 5722 179 5764 ut
235 5719 292 5765 et
341 5711 458 5782 ipse
501 5710 629 5762 duos
681 5709 734 5760 in
785 5723 942 5760 uuam
993 5705 1238 5774 reciperet
1288 5705 1444 5774 ﬁdem
1486 5703 1704 5773 populos

115 5800 376 5852 ucttientcs
421 5815 484 5852 ex
513 5799 711 5850 diverso
755 5797 804 5868 (1
857 5794 996 5850 I’etr.
1041 5795 1122 5866 ιι).
1155 5795 1314 5850 Chari
1357 5793 1584 5863 denique
1621 5795 1698 5846 sui

119 5889 358 5944 Leiwiui
431 5888 529 5942 sibi
583 5889 826 5941 devotam
877 5887 1168 5956 respiciens
1215 5885 1568 5941 humilitatem
1615 5885 1697 5940 in-

1421 445 1582 501 V'lTA
1619 439 1676 496 S.
1719 432 2028 492 LEBWlNI.

1383 1951 1610 2007 augmen
1619 1944 1692 1990 ta-
1723 1921 1767 1980 Β
1796 1921 1938 2007 δυῗω

3265 418 3369 474 886

1793 557 2006 620 spector
2033 545 2292 600 mentium
2349 541 2488 596 Deus
2527 543 2650 611 fecit
2697 539 2774 592 illi
2795 551 2992 608 magna
3029 537 3176 606 quia.
3191 544 3372 604 potens

1785 653 1860 696 est
1891 639 2041 711 (Luc.
2089 637 2129 708 ι)
2161 637 2212 690 in
2248 635 2528 696 omnibus,
2557 641 2616 686 ut
2641 630 3034 701 cvangelizaret
3067 627 3291 682 Francis
3317 634 3374 683 et

1787 731 2093 787 Saxonibus
2121 736 2357 782 sanctum
2377 735 2424 778 et
2451 723 2680 778 terribile
2709 737 2892 774 nomen
2915 719 3032 789 ejus
3057 716 3230 786 (Psal.
3255 717 3368 786 cx).

1785 821 2044 878 Adhibuit
2069 833 2284 889 quoque
2323 816 2394 870 illi
2427 815 2594 868 abbas
2624 811 2916 881 Gregorius
2941 809 3146 864 socium
3184 823 3372 877 quem-

1787 914 1908 967 dam
1963 905 2323 966 venerabilem
2369 907 2542 959 virum
2589 919 2658 957 ex
2709 899 2986 970 discipulis
3035 898 3203 953 sancti
3233 911 3374 966 prae-

1787 1001 1918 1056 sulis
1978 997 2332 1062 Willibrordi,
2394 995 2609 1049 nomine
2677 991 3067 1046 Marcellinum.
3144 989 3282 1051 Sed,
3339 1002 3372 1041 ο

1787 1105 1946 1160 quam
1979 1089 2117 1143 mira
2157 1085 2436 1140 alacritate
2475 1092 2660 1137 noster
2706 1089 2897 1136 urstnat
2945 1078 3193 1141 animus,
3229 1075 3372 1130 facta

1787 1185 1886 1240 sibi
1919 1182 2192 1238 mentione
2226 1195 2387 1249 super
2417 1178 2612 1232 talibus
2642 1175 2804 1242 viris,
2851 1187 2954 1228 nec
3003 1171 3205 1241 patitur
3241 1171 3371 1240 quin

1787 1273 1975 1329 saltem
2021 1287 2120 1342 per
2164 1270 2452 1325 transitum
2493 1268 2558 1323 de
2591 1274 2739 1320 tanto
2767 1263 2996 1334 praesule
3020 1260 3374 1315 Willibrordo

1787 1365 1916 1434 quid
1966 1378 2095 1419 suus
2128 1362 2395 1432 exprimat
2423 1359 2617 1431 stylns.
2669 1358 2736 1412 Et
2775 1357 2861 1410 hic
2911 1355 3075 1410 etiam
3131 1353 3214 1408 vir
3262 1352 3374 1406 Deo

1785 1456 2002 1525 plenus,
2047 1455 2112 1510 de
2138 1452 2417 1506 Britannia
2447 1451 2624 1521 gentis
2673 1448 2968 1519 Anglorum
3017 1459 3374 1525 progressus,

1784 1559 1884 1616 pro
1927 1553 2128 1599 aeterna
2169 1543 2345 1613 patria
2372 1557 2400 1596 a
2429 1556 2523 1596 sua
2565 1540 2914 1610 peregrinus,
2959 1535 3186 1590 Romam
3229 1522 3378 1588 venit

1787 1637 1932 1692 beati
1965 1633 2138 1706 Sergii
2183 1649 2336 1704 papa:
2363 1633 2695 1702 temporibus
2715 1670 2730 1696 ,
2769 1630 2860 1699 qui
2891 1643 2920 1683 a
2963 1629 3120 1682 beato
3151 1627 3394 1700 doctore

1787 1726 2047 1796 Gregorio
2098 1739 2236 1794 papa
2275 1723 2480 1777 exstitit
2521 1721 2844 1788 ,vicesimus,
2901 1719 3100 1788 quique
3135 1715 3377 1787 angelica

1790 1813 2096 1868 visitatione
2135 1813 2527 1876 commonitus,
2577 1807 2822 1864 sanetum
2889 1807 3030 1861 hunc
3076 1803 3378 1860 honoriﬁce

1945 1905 2094 1974 piens
2141 1903 2348 1966 virum,
2397 1901 2668 1956 ordinavit
2723 1913 2844 1953 eum
2891 1897 3176 1952 Frisonnm
3225 1895 3398 1966 genti.

1790 1997 2100 2066 episc0pum
2125 1991 2382 2056 ,‘vocans
2430 2000 2782 2062 cognomento
2811 1989 3161 2045 Clementem.
3201 1987 3252 2040 is
3281 2003 3377 2040 au-

1789 2087 1928 2152 tem‘,
1985 2085 2190 2140 credito
2243 2083 2344 2138 sibi
2391 2097 2494 2137 non
2555 2082 2736 2150 dispar
2787 2078 2992 2144 ollicio,
3041 2087 3100 2132 ιιι
3161 2075 3378 2146 sapiens

1787 2179 2148 2241 architectus,
2189 2193 2294 2232 non
2346 2190 2472 2230 suas
2521 2174 2777 2245 imposuit
2825 2188 3018 2242 operas
3057 2186 3220 2241 super
3249 2169 3380 2222 alie-

1789 2272 2372 2340 um_fundamentum
2407 2289 2420 2324 :
2477 2269 2570 2325 sed
2613 2267 2887 2322 eradicato
2934 2263 3165 2333 primum
3209 2261 3378 2316 denso

1790 2381 1984 2437 aggere
2029 2365 2338 2435 spinarum,
2387 2361 2521 2418 fodit
2551 2361 2604 2416 in
2635 2361 2823 2424 altum,
2853 2367 2918 2414 et
2942 2371 3106 2422 super
3130 2355 3376 2418 ﬁrmam,

1791 2461 1910 2526 qua)
1959 2465 2038 2512 est
2087 2457 2362 2518 Christus,
2411 2464 2621 2530 petram
2669 2451 2862 2508 stabile
2913 2450 3034 2504 ﬁdei
3099 2448 3379 2506 collocavit

1793 2548 2218 2604 fundamentum.
2252 2547 2385 2625 Tum
2425 2546 2628 2618 lapides
2653 2559 2684 2600 e
2723 2543 2950 2599 diversis
2997 2542 3251 2613 colligens
3297 2541 3380 2596 di"-

1791 2659 2068 2698 versarum
2113 2641 2390 2710 qualitatis
2419 2649 2476 2696 et
2505 2637 2826 2710 quantitatis
2853 2638 2918 2689 ad
2949 2635 3194 2690 eamdem
3236 2643 3380 2688 stru-

1792 2743 2002 2790 cturam
2061 2733 2402 2800 coadunans,
2467 2745 2563 2787 eos
2622 2731 2716 2801 qui
2782 2729 3016 2785 scabiosi
3063 2735 3119 2783 et
3175 2726 3380 2782 sordidi

1792 2833 1982 2891 erant,
2029 2838 2168 2893 aqua
2224 2824 2420 2877 munda
2469 2821 2758 2892 puriﬁcare
2805 2819 3028 2874 studuit.
3089 2816 3382 2888 Satagebat

1795 2926 1972 2970 autem
2019 2916 2107 2970 ille
2160 2914 2316 2970 fortis
2367 2915 2644 2984 operarius
2697 2922 2755 2968 ut
2793 2911 3096 2969 circumcisi
3144 2911 3382 2981 undique

1795 3006 2148 3077 conquadrati
2199 3006 2386 3059 ﬁerent
2431 3014 2594 3074 atque
2622 3004 2810 3074 politi,
2867 3003 2920 3057 in
2971 3002 3086 3057 suis
3129 3001 3384 3056 commis-

1795 3099 1938 3152 suris
1995 3097 2216 3172 apti'ad
2281 3096 2542 3150 fabricam
2613 3095 2794 3165 operis
2845 3093 2948 3148 sui.
3001 3093 3066 3147 Et
3123 3091 3378 3162 quoniam

1797 3203 1902 3242 non
1955 3185 2263 3240 materialcs
2315 3195 2472 3241 erant
2531 3185 2606 3238 illi
2655 3184 2891 3254 lapides,
2955 3182 3048 3238 sed
3117 3180 3382 3236 animales

1723 3278 1766 3341 C
1798 3285 1854 3332 et
1893 3275 2274 3340 rationabiles,
2330 3276 2652 3330 hortabatur
2694 3290 2788 3330 eos
2833 3273 3016 3328 verbis
3063 3273 3204 3328 beati
3237 3271 3384 3326 Petri

1795 3366 1978 3421 dicens
2009 3383 2020 3418 :
2055 3365 2378 3432 Deponentes
2407 3381 2612 3420 omnem
2649 3364 2908 3418 malitiam
2952 3373 3002 3418 et
3046 3379 3249 3416 omnem
3287 3363 3388 3416 do-

1795 3455 1936 3518 lum,
1987 3463 2035 3508 et
2081 3453 2474 3517 simulationes,
2517 3464 2564 3508 et
2601 3455 2856 3518 invidias,
2893 3461 2941 3506 et
2998 3451 3382 3516 detractiones,

1795 3547 1928 3599 sicut
1971 3545 2124 3598 modo
2174 3544 2311 3612 genii
2358 3544 2620 3614 infantes,
2665 3543 3037 3608 rationabiles,
3094 3543 3206 3596 sine
3256 3542 3380 3596 dolo

1795 3633 1877 3688 lac
1923 3636 2294 3704 concupiscite,
2345 3645 2398 3688 ut
2447 3636 2502 3690 in
2540 3652 2600 3689 eo
2641 3634 2884 3688 crescatis
2931 3635 2986 3687 in
3041 3634 3258 3686 salutem
3291 3646 3385 3700 :5;

1797 3733 1969 3778 tamen
2023 3726 2274 3795 gustatis,
2328 3726 2574 3796 quoniam
2626 3725 2795 3779 dulcis
2843 3734 2918 3778 est
2961 3723 3235 3778 Dominus.
3297 3723 3380 3778 Aa

1795 3834 1948 3887 quem
1987 3817 2286 3870 accedentes
2329 3816 2556 3885 lapidem
2597 3817 2765 3871 viuum
2800 3825 2847 3870 et
2891 3815 2990 3884 ipsi
3031 3823 3278 3884 tanquam
3307 3813 3380 3867 la-

1796 3907 1940 3977 pides
1993 3908 2094 3962 vivi
2133 3906 2624 3976 supera’diﬁcamini
2675 3907 2730 3959 in
2794 3905 3006 3960 domum
3056 3901 3384 3972 spiritualem

1799 3995 1848 4062 (ι
1889 3993 2032 4049 Pelr.
2068 3996 2150 4064 ιι).
2185 3996 2291 4052 'llis
2325 4005 2486 4065 atque
2516 3995 2636 4052 aliis
2665 3994 2970 4065 hujusmodi
3019 3994 3219 4048 sanctis
3247 4007 3388 4062 prae-

1799 4089 2158 4144 dicationibus
2177 4088 2290 4143 fera
2309 4087 2590 4158 gentilium
2611 4089 2868 4142 edomans
2892 4086 3078 4151 corda,
3103 4085 3382 4138 innumera

1799 4181 2070 4235 diabolicae
2118 4181 2254 4249 parti
2299 4180 2652 4243 detrimenta,
2707 4187 2762 4232 et
2809 4191 2915 4232 non
2954 4176 3178 4231 modicw
3226 4173 3385 4228 Chri—

1800 4269 1994 4322 stiana:
2029 4269 2271 4322 societati
2319 4267 2498 4322 intulit
2531 4274 2850 4342 augmenta.
2879 4265 2945 4318 Et
2973 4265 3098 4334 quia
3128 4263 3385 4322 sibi‘trar

1800 4358 1908 4412 dita
1957 4358 2167 4412 Domini
2215 4357 2296 4411 sui
2339 4354 2570 4410 ﬁdeliter
2618 4354 2859 4422 erogavit
2903 4353 3132 4418 talenta,
3178 4349 3302 4420 jure
3327 4358 3388 4404 ut

1801 4447 1974 4502 bonus
2009 4455 2064 4500 et
2099 4445 2270 4500 fidelis
2297 4460 2487 4500 servus
2517 4444 2682 4514 ipsius
2719 4451 3003 4512 penetrare
3031 4442 3228 4495 meruit
3255 4457 3387 4512 gau-

1800 4537 1906 4590 dia.
1953 4535 2254 4590 Praelibatis
2301 4534 2608 4590 summatim
2657 4533 2740 4588 his
2769 4523 2954 4602 paucis
2999 4547 3098 4602 pro
3151 4545 3388 4586 comme-

1721 4631 1770 4688 D
1798 4624 2094 4678 moratione
2142 4622 2512 4688 Willibrordi,
2561 4622 2704 4676 beati
2735 4622 2978 4692 praesulis
3033 4621 3183 4676 chari
3217 4621 3386 4675 nostri

1799 4714 2036 4770 Lebwini
2063 4715 2370 4770 insistamns
2410 4715 2596 4784 gestis.

1876 4804 1942 4862 Χ.
1983 4803 2412 4875 Veniens'igitur
2442 4804 2524 4858 vir
2563 4801 2656 4858 Dei
2695 4819 2817 4858 cum
2848 4817 2947 4857 suo
2985 4800 3188 4871 collega
3239 4798 3386 4853 Mar-

1805 4895 1996 4950 celino
2022 4895 2086 4948 ad
2117 4901 2582 4962 pnmnonstratum
2607 4892 2709 4948 sibi
2735 4892 2908 4946 locum
2934 4906 2964 4944 a
2991 4891 3130 4954 Deo,
3159 4904 3290 4943 usus
3318 4903 3380 4942 es

1809 4986 2116 5056 aliquandiu
2145 4987 2319 5040 vidua:
2349 4984 2644 5052 cujusdam,
2675 4999 2794 5054 qute
2819 4981 3112 5036 Abachilda
3148 4981 3383 5056 vocaba-

1812 5086 1918 5140 tur,
1963 5077 2214 5146 hospitio,
2245 5087 2298 5129 et.
2346 5074 2478 5128 nihil
2523 5076 2726 5128 veritus
2769 5071 3164 5127 animositatem
3209 5069 3388 5140 gentis

1809 5167 1952 5222 illius
1999 5166 2284 5220 insudabat
2328 5165 2566 5236 quotidie
2609 5163 2942 5232 Evangelica:
2984 5159 3382 5230 praadieationi,

1812 5255 2102 5309 instantius
2124 5254 2431 5316 ostendens,
2466 5253 2704 5322 neglecto
2734 5251 2841 5305 Deo
2865 5251 2986 5304 vivo
3019 5259 3073 5304 et
3101 5264 3251 5312 vero,
3285 5263 3380 5322 va-

1812 5345 1930 5400 cuis
1962 5360 2025 5398 ac
2051 5359 2146 5414 per
2171 5343 2352 5398 omnia
2383 5341 2665 5412 snperﬁuis
2696 5340 2956 5394 inservire
2995 5353 3090 5392 eos
3117 5321 3382 5390 idblorum

1813 5433 2068 5487 cultibus.
2122 5431 2260 5498 Quid
2308 5431 2564 5486 immorer
2611 5428 2828 5482 multis?
2881 5413 3220 5482 Salutaribus
3268 5427 3388 5494 ejus

1819 5524 2038 5578 monitis
2088 5523 2261 5578 edocti
2316 5521 2660 5576 crediderunt
2703 5528 2962 5590 quotquot
3008 5522 3074 5574 ad
3123 5529 3381 5574 aeternam

1815 5616 1980 5668 vitam
2035 5621 2190 5668 erant
2241 5611 2602 5680 praeordinati.
2661 5599 3106 5676 Quorumletiam
3166 5621 3382 5677 sumptu

1813 5713 2152 5772 compactum
2199 5710 2282 5755 est
2325 5701 2497 5770 primo
2538 5701 2886 5756 oratoriolum
2939 5702 2992 5756 in
3041 5701 3158 5754 loco
3203 5697 3382 5768 Wilpa

1813 5795 2066 5856 vocitato,
2097 5807 2284 5848 versus
2322 5790 2706 5846 occidentalem
2752 5792 2899 5848 lsclaa
2935 5791 3169 5846 fluminis
3203 5804 3378 5845 oram.

1809 5886 1914 5941 Nec
1957 5883 2124 5940 multo
2155 5891 2296 5954 post,
2348 5891 2682 5938 accrescente
2709 5881 2712 5884 ’
2739 5884 2936 5939 sensim
2985 5897 3204 5938 numero
3250 5880 3384 5937 ﬁde-
