3878 5428
538 444 643 497 837

1070 444 1415 501 HUCBALDI
1451 444 1616 502 MON.
1660 440 1719 495 S.
1752 439 2015 494 AllANDl
2049 440 2201 498 OPP.
2240 443 2420 503 PARS
2456 450 2498 506 Ι.
2538 482 2606 495 —
2648 457 3224 518 HAGlOGRAPHlCA.
3672 473 3753 528 88!

538 560 689 619 lium,
721 557 863 611 aliud
888 557 1057 621 majus
1094 571 1281 611 versus
1309 557 1625 612 orientalem
1651 556 1892 625 ejusdem
1932 552 2108 610 llutui-
2133 559 2181 618 Α
2210 564 2438 633 contigit
2465 566 2751 626 ahenis“
2790 572 2856 627 ad
2887 571 3104 628 domum
3149 576 3429 642 cujusdam
3470 580 3684 636 amris
3704 603 3755 639 κ

542 651 626 705 uis
673 661 876 719 partem
925 649 974 703 ei
1031 658 1452 704 construxerunt
1501 650 1814 715 oratorium,
1860 661 1916 706 et
1950 653 2108 722 juxta

541 739 667 792 illud
712 736 827 805 ejus
874 738 1192 793 habitationi
1235 753 1527 811 congruam
1560 740 1819 793 domum:
1856 741 1944 796 ubi
1986 756 2112 796 san-

543 840 662 884 ctus
688 828 896 884 Domini
921 828 1228 897 quotidiana
1255 829 1553 901 vigiliarum
1584 846 1649 884 ac
1677 832 1962 889 missarum
2002 832 2107 893 Do,-

546 918 691 971 mino
733 927 851 971 vota
883 917 1242 987 persolvebat,
1271 930 1325 973 et
1366 918 1698 974 conﬂuentes
1748 921 1815 975 ad
1856 937 1917 975 se
1961 924 2112 977 verbi

545 1010 712 1062 divini
742 1023 880 1079 pane
922 1010 1140 1064 cibahat
1181 1010 1495 1080 cunctisque
1532 1025 1591 1064 se
1622 1012 1966 1069 cernentibus
1993 1029 2115 1084 gra-

542 1101 740 1153 tiosum
777 1099 953 1164 vultu,
971 1100 1153 1156 verbis
1180 1115 1244 1155 ac
1275 1099 1516 1157 moribus
1541 1101 1846 1156 exhibebat.
1881 1101 2032 1158 Unde
2059 1111 2114 1158 et

544 1196 704 1259 quam
754 1189 999 1259 plurimis
1045 1206 1230 1246 eorum
1278 1191 1442 1246 etiam
1492 1190 1845 1247 nobilioribus
1892 1193 2113 1264 speciali

548 1280 832 1337 aﬂ'cctione
874 1283 1073 1336 cbarus
1110 1292 1249 1338 erat.
1276 1281 1485 1338 Interea
1521 1282 1689 1338 hostis
1726 1284 1995 1353 antiquus,
2035 1291 2115 1339 to-

551 1372 659 1426 tius
700 1387 914 1442 semper
956 1373 1210 1429 bonitatis
1251 1374 1488 1438 invidus,
1519 1389 1748 1430 cernens
1785 1375 1887 1430 sibi
1919 1376 2108 1442 minui,

545 1477 683 1529 quos
707 1477 801 1531 per
823 1463 1039 1518 beatum
1078 1461 1399 1518 Lebvviuum
1426 1463 1641 1519 Christo
1669 1465 1951 1519 constabat
1986 1480 2115 1520 con-

542 1552 765 1615 sociari,
819 1553 1012 1622 sategit
1056 1567 1153 1622 per
1192 1567 1305 1608 suae
1348 1552 1702 1621 malignitatis
1756 1552 2013 1617 fautores,
2056 1562 2116 1609 ut

546 1641 771 1695 multant
803 1642 870 1697 de
908 1657 974 1696 eo
1000 1641 1218 1698 furiosae
1247 1643 1652 1713 conquestionis
1688 1659 1932 1698 murmur
1956 1644 2116 1700 habe.

516 1718 523 1725 ’
551 1738 699 1784 retur
740 1730 883 1785 inter
906 1730 1214 1801 populares.
1256 1732 1489 1788 Aiebam
1514 1733 1659 1788 enim
1690 1750 1703 1786 :
1732 1731 1997 1799 Quidnam
2030 1741 2115 1789 est

544 1820 672 1875 illud
710 1821 1028 1891 phantasma
1068 1823 1443 1892 vagabundum
1488 1823 1631 1891 quod
1677 1823 1791 1879 suis
1828 1824 2116 1894 praestigiis

540 1913 742 1967 alienat
789 1920 1017 1977 mentes,
1067 1913 1298 1968 infatuat
1352 1929 1567 1978 sensus,
1627 1929 1806 1970 mores
1853 1915 2114 1984 pervertit
2142 1903 2189 1964 Β

544 2005 894 2059 nostrorum?
923 2003 1111 2061 Nonne
1136 2007 1361 2061 cernitis
1388 2008 1528 2076 quod
1550 2006 1663 2078 jam
1711 2007 1910 2063 multos
1939 2024 1969 2062 a
2008 2023 2119 2063 sum

548 2097 827 2165 qualitatis
862 2105 1005 2152 statu
1033 2099 1336 2169 corruperit
1359 2110 1415 2153 et
1434 2100 1587 2169 quasi
1619 2099 1817 2155 deliros
1840 2099 2120 2156 effecerit?

550 2189 694 2261 Ergo
721 2199 1010 2259 antequam
1041 2205 1140 2245 nos
1160 2205 1347 2247 omnes
1372 2180 1423 2245 in
1453 2201 1727 2260 posterum
1772 2193 1862 2248 ille
1884 2192 2118 2250 fascina-

547 2281 710 2337 tiouis
746 2296 857 2336 sum
901 2281 1178 2337 fraudibus
1203 2283 1611 2349 circumveniat,
1656 2278 1806 2341 ocius
1842 2286 2121 2358 perquira-

545 2383 657 2438 tur,
678 2371 963 2443 elfugetur,
988 2383 1082 2428 aut
1109 2373 1289 2443 potitus
1330 2376 1713 2445 pessundetur,
1742 2376 1829 2431 vel
1855 2393 1977 2433 cum
2019 2393 2120 2434 sua

543 2461 634 2517 illa
677 2464 883 2534 magica
913 2478 1076 2518 scena
1105 2462 1399 2536 [inagicali]
1434 2465 1582 2543 vivus
1614 2465 1852 2521 flammis
1897 2467 2121 2522 addica-

549 2564 655 2608 tur.
690 2555 787 2610 His
815 2555 1151 2610 continuatis
1187 2556 1424 2622 irruunt,
1446 2564 1499 2611 et
1522 2557 1766 2626 apposito
1792 2557 1914 2628 igne
1945 2557 2121 2614 eccle-

552 2648 649 2702 siae
678 2648 894 2702 domum
922 2656 1293 2714 concremant,
1324 2658 1378 2703 et
1401 2632 1753 2719 quoscunque
1778 2650 2121 2705 Christianos

551 2738 747 2795 ibidem
781 2738 1077 2809 reperiunt,
1109 2738 1176 2792 ab
1201 2740 1391 2794 eodem
1430 2738 1547 2795 loco
1574 2740 1883 2794 insectando
1912 2740 2122 2811 longius

549 2831 893 2901 proturbant.
915 2830 1173 2887 Dominus
1212 2840 1388 2885 autem
1416 2831 1508 2902 qui
1535 2831 1758 2885 custodit
1794 2847 1970 2885 omnes
1994 2830 2119 2885 dili-

553 2934 727 2990 gentes
754 2940 808 2978 se
834 2922 1007 2993 (Paul.
1032 2924 1214 2996 cxuv)
1243 2921 1503 2977 famulum
1539 2936 1696 2977 suum
1736 2922 1803 2977 ab
1829 2937 2015 2978 eorum
2047 2923 2124 2976 itt-

553 3018 851 3074 scctatione
879 3016 1077 3085 eripuit
1120 3024 1285 3085 atque
1312 3016 1379 3071 ad
1413 3015 1703 3071 multorum
1724 3013 1953 3069 salutem
1991 3014 2123 3069 illae-

552 3129 671 3167 sum
706 3112 1015 3168 custodivit.
1050 3111 1157 3166 Sed
1194 3126 1369 3181 neque
1396 3112 1589 3167 beatus
1615 3111 1698 3165 vir
1727 3110 1937 3164 illorum
1966 3111 2124 3166 terris

555 3218 641 3259 tus
670 3205 874 3259 stevitia
922 3204 987 3258 ab
1013 3202 1413 3273 evangelizandi
1446 3201 1676 3257 cessavit
1714 3201 1997 3267 instantia,
2026 3202 2120 3257 sed

556 3306 611 3349 ut
654 3284 809 3352 fortis
844 3296 1046 3349 athleta
1082 3295 1288 3365 sum‘plo
1313 3294 1437 3363 ﬁdei
1468 3304 1616 3354 scuto
1663 3303 1712 3346 et
1752 3292 1937 3346 salutis
1966 3292 2117 3363 galea

553 3386 769 3457 (Ephes.
795 3385 870 3456 vt)
906 3386 971 3440 ad
996 3386 1190 3440 iterum
1221 3384 1461 3441 rediviva
1483 3394 1643 3454 atque
1669 3383 1887 3438 fortiora
1912 3398 1969 3439 se
1989 3396 2125 3455 pra:-

553 3480 764 3550 paravit
790 3478 1123 3532 discrimina.

623 3571 714 3625 XI.
751 3568 810 3625 lu
844 3569 1117 3625 Saxonum
1148 3576 1310 3640 gente
1343 3567 1536 3639 priscis
1574 3567 1908 3638 temporibus
1951 3580 2126 3636 neque

557 3663 757 3717 summi
796 3660 1331 3734 emit-stisque-‘regis
1386 3660 1561 3714 iuerat
1611 3658 1801 3713 notitia
1853 3666 1913 3712 ut
1965 3657 2127 3727 digna

553 3754 721 3808 cultui
768 3751 884 3820 ejus
924 3751 1273 3805 exhiberetur
1315 3748 1617 3804 reverentia
1659 3763 1878 3817 :neqne
1928 3745 2125 3802 terreni
2167 3802 2182 3818 ,

556 3843 787 3912 alicujus
810 3842 954 3911 regis
985 3841 1219 3911 dignitas
1246 3848 1301 3893 et
1324 3836 1762 3902 honorificentia,
1791 3836 1944 3907 cujus
1973 3850 2128 3907 rege-

560 3943 712 3986 retur
730 3930 1091 4001 providentia,
1108 3930 1246 3984 corri
1254 3936 1471 4000 geretur
1488 3941 1737 3992 censura,
1754 3926 2131 3982 defenderetur

559 4025 855 4089 industria;
885 4024 976 4078 sed
999 4031 1115 4077 erat
1141 4038 1275 4094 gens
1293 4023 1429 4090 ipsa,
1451 4022 1607 4076 sicuti
1638 4035 1781 4075 nunc
1803 4033 1974 4088 usque
2002 4034 2129 4073 con-

560 4115 721 4179 sistit,
752 4114 941 4169 ordiue
972 4114 1241 4183 tripartito
1266 4114 1456 4168 divisa.
1492 4109 1623 4166 Sunt
1668 4107 1900 4179 denique
1930 4109 2003 4163 ibi
2037 4109 2129 4178 qui

557 4206 771 4261 illorum
798 4206 995 4277 lingua:
1032 4204 1259 4275 Edliugi,
1287 4213 1412 4259 sunt
1447 4203 1543 4273 qui
1576 4201 1824 4272 Frilingi,
1853 4210 1979 4255 sunt
2038 4201 2131 4270 qui

564 4298 690 4352 lassi
722 4299 995 4361 dicuntur,
1027 4295 1167 4366 quod
1200 4297 1253 4349 in
1289 4292 1480 4351 Latina
1507 4300 1663 4347 sonat
1689 4291 1890 4362 lingua,
1927 4289 2132 4345 nobiles

565 4389 936 4466 lingenuilesl,
968 4389 1183 4462 ingenui
1221 4398 1382 4458 atque
1407 4386 1649 4442 serviles.
1673 4384 1779 4441 Pro
1800 4400 1903 4439 suo
1919 4400 2044 4438 vero
2068 4383 2133 4437 li-

564 4485 703 4548 bitu,
731 4483 954 4538 consilio
1010 4495 1245 4551 quoque,
1279 4487 1338 4534 ut
1379 4479 1479 4533 sibi
1528 4477 1830 4542 videbatur,
1859 4476 2130 4546 prudenti,

2212 660 2448 730 potentis
2474 662 2597 725 viri,
2642 665 2857 719 nomine
2895 664 3186 732 Foleberti,
3235 670 3389 737 cujus
3417 670 3567 725 inter
3596 673 3759 742 plures

2211 766 2353 821 quos
2397 751 2596 806 charos
2637 752 2891 818 habebat,
2917 756 3220 826 quibusque
3263 758 3379 826 ipse
3415 761 3620 816 charos
3643 775 3757 824 erat,

2211 838 2479 896 familiare
2515 844 2806 910 praestabat
2821 846 3252 901 contubernium.
3281 848 3529 913 Quicum
3552 854 3763 907 maxime

2215 931 2365 986 illum
2408 932 2686 1001 excipiens
2733 935 2929 1004 gaudio
2966 936 3383 1002 ait:Gratulor,
3431 939 3672 1007 quidem.
3704 944 3762 995 ni

2213 1023 2430 1089 dilecte,
2457 1034 2759 1093 opportune
2780 1034 2832 1082 te
2856 1041 2999 1083 nunc
3023 1027 3340 1092 advenisse;
3365 1029 3605 1098 denique
3629 1033 3763 1096 mihi,

2214 1131 2310 1186 pro
2338 1125 2390 1172 te
2423 1116 2672 1181 sollicito,
2721 1129 2929 1188 gratam
2968 1118 3193 1175 exhibes
3224 1129 3373 1174 tuam
3410 1123 3763 1189 prmum.

2214 1208 2322 1263 Sed
2358 1220 2616 1275 quorsum
2666 1208 2873 1273 lendas,
2916 1209 3048 1264 mibi
3095 1211 3301 1279 pandas
3340 1211 3532 1266 velim.
3574 1212 3671 1266 Cui
3700 1215 3766 1266 vir

2215 1306 2473 1352 sanctus:
2506 1296 2618 1358 Est,
2661 1297 2856 1366 inquit,
2887 1299 3119 1363 animus,
3164 1315 3397 1369 superna
3420 1302 3647 1371 iurante
3670 1318 3765 1372 gn.

2215 1386 2315 1451 tia,
2362 1386 2650 1443 concilium
2699 1387 2933 1443 invisere
2972 1388 3270 1444 Saxonum.
3308 1390 3392 1443 Ad
3436 1406 3604 1460 quem
3651 1392 3762 1445 ille:

2214 1478 2348 1533 Cum
2396 1486 2504 1534 tua:
2550 1478 2859 1534 sanctitatis
2893 1478 3088 1534 merito
3121 1479 3545 1549 quamplurimis
3576 1490 3763 1534 nostro-

2216 1581 2337 1623 rum
2373 1574 2627 1636 acceptus
2666 1567 2941 1633 habearis,
2989 1582 3098 1623 non
3141 1568 3332 1637 ignoro
3381 1571 3647 1636 quosdam
3688 1571 3765 1623 tibi

2216 1657 2505 1725 iuituieari,
2535 1667 2592 1713 et
2610 1659 2735 1715 vita
2763 1668 2868 1715 tum
2891 1660 3125 1717 libenter
3146 1660 3418 1715 insidiari.
3453 1659 3613 1716 Unde
3639 1677 3762 1730 rogo,

2216 1758 2294 1812 ut,
2330 1764 2415 1804 me
2439 1749 2646 1816 audito,
2676 1750 2934 1807 aliorsum
2956 1760 3008 1807 te
3030 1759 3217 1806 vertas
3250 1752 3449 1819 modo,
3466 1750 3557 1805 vel
3580 1752 3763 1804 domum

2218 1838 2430 1906 redeas,
2456 1839 2541 1894 vel
2569 1850 2716 1895 tuum
2745 1838 3062 1895 familiarem
3090 1841 3365 1895 Davonem
3397 1848 3581 1909 petas,
3597 1855 3760 1908 qua»

2221 1948 2328 2005 que
2372 1941 2592 2003 peracto
2642 1933 2872 1988 concilio
2915 1933 3080 1991 tutius
3132 1947 3234 1988 nos
3289 1947 3519 2001 quoque
3576 1932 3753 1986 reviset

2219 2026 2460 2094 Cumque
2492 2023 2795 2094 hujusmodi
2829 2023 3172 2079 sermonibus
3207 2023 3538 2078 dissuadere
3572 2036 3758 2076 conare-

2220 2124 2308 2171 tur
2361 2113 2579 2169 athletae
2619 2113 2844 2178 Christi,
2892 2124 3079 2170 sancto
3120 2128 3229 2183 quo
3272 2114 3550 2183 agebatur
3598 2113 3757 2181 Spiritu

2218 2205 2506 2270 animatus,
2543 2213 2852 2261 constanter
2878 2205 3158 2275 respondit
3185 2222 3199 2257 :
3224 2203 3560 2258 Nullatenus
3584 2214 3754 2273 praeter.

2219 2298 2300 2354 ire
2326 2313 2485 2367 queo,
2521 2300 2614 2352 sed
2638 2313 2815 2368 neque
2836 2297 3007 2353 audeo
3027 2297 3170 2367 quod
3195 2296 3313 2366 ipse
3340 2311 3507 2352 meus
3536 2311 3623 2350 rex
3644 2294 3761 2349 Gni-

2218 2397 2335 2443 stus
2359 2386 2518 2443 Jesus
2543 2387 2685 2441 Deus
2707 2395 2763 2441 et
2787 2385 3045 2442 Dominus
3074 2384 3211 2440 mibi
3238 2385 3527 2455 agendum
3553 2385 3758 2445 instituit

2219 2481 2377 2552 cujus
2394 2479 2741 2550 prtetergredi
2762 2478 3071 2533 mandatum
3094 2476 3249 2533 nefas
3270 2491 3403 2532 esse
3425 2477 3761 2547 perpendth

2220 2571 2310 2627 ille
2340 2587 2354 2625 :
2388 2570 2547 2636 Vitae,
2589 2568 2782 2639 inquit,
2815 2578 2920 2624 tute
2949 2568 3131 2623 timeo.
3152 2566 3223 2623 Et
3249 2567 3339 2621 vir
3382 2566 3486 2621 Dei
3515 2585 3531 2621 :
3562 2566 3765 2619 Desinat

2218 2661 2317 2724 ait,
2350 2660 2477 2714 mihi
2504 2659 2749 2729 adjutor;
2778 2675 2883 2714 non
2911 2657 3099 2712 timebo
3124 2657 3251 2728 quid
3284 2657 3466 2726 faciat
3505 2658 3631 2709 mild
3650 2658 3763 2707 bene

2221 2750 2393 2824 (Psal.
2420 2753 2610 2820 cxvtt).
2644 2751 2734 2806 Sic
2762 2751 2880 2820 ejus
2913 2749 3184 2805 ﬁrmatam
3211 2744 3573 2820 perspiciens
3598 2748 3766 2808 iam

2221 2854 2447 2900 intestus
2469 2840 2681 2899 tandem
2707 2841 2993 2915 acquievit.
3514 2890 3519 2895 .

2291 2933 2404 2990 XII.
2443 2933 2685 2989 Instante
2713 2933 2874 3002 igitur
2905 2926 3164 3003 temporis
3190 2932 3467 2997 articulo,
3515 2947 3623 3003 quo
3648 2929 3767 3001 imis

2220 3026 2433 3083 concilii
2450 3024 2639 3079 afforet
2659 3024 2869 3090 concio,
2892 3024 3087 3079 adsunt
3102 3038 3342 3093 quorum
3358 3025 3769 3085 intereram

2223 3114 2459 3185 undique
2497 3128 2679 3169 secum
2720 3112 3107 3185 agglomerato.
3135 3113 3308 3168 Adest
3345 3123 3409 3167 et
3460 3115 3639 3168 lienus
3660 3114 3773 3166 mles

2223 3203 2550 3270 Lebwinus,
2580 3219 2687 3259 non
2726 3213 2785 3258 ut
2830 3203 3052 3273 ignavus
3099 3201 3184 3256 vel
3223 3202 3569 3269 desidiosus,
3616 3205 3698 3259 sed
3734 3214 3774 3254 lt

2226 3308 2479 3354 strenuus
2504 3307 2560 3351 et
2584 3295 2867 3358 ollieiosus,
2896 3293 3106 3349 lumbos
3136 3294 3342 3350 mentis
3367 3311 3496 3350 sum
3520 3297 3578 3349 in
3602 3297 3779 3350 veritas

2227 3389 2554 3450 succinctus,
2585 3387 2748 3440 lorica
2769 3385 2992 3456 iustitia:
3021 3384 3262 3447 indutus,
3313 3384 3497 3454 pedes
3532 3387 3589 3439 in
3620 3399 3776 3455 prap-

2230 3477 2439 3533 ratioue
2464 3474 2737 3545 Evangelii
2760 3473 2915 3543 pacis
2934 3471 3229 3537 calceatus,
3261 3481 3433 3527 scuto
3484 3472 3780 3542 fideiprose-

2229 3577 2372 3635 ctus,
2401 3568 2553 3640 galea
2580 3566 2772 3622 salutis
2800 3565 3092 3636 capitatas,
3123 3574 3415 3634 assumpto
3443 3564 3632 3635 gladio
3660 3564 3780 3634 spiti-

2231 3665 2317 3712 tus
2344 3656 2485 3727 quod
2515 3664 2599 3710 est
2627 3654 2846 3710 verbum
2879 3652 2993 3719 Dei,
3024 3653 3198 3708 armis
3215 3651 3457 3721 iustitiae
3501 3654 3782 3721 virtutisque

2230 3745 2349 3815 ejus
2375 3763 2403 3800 a
2428 3746 2634 3801 dextris
2658 3752 2713 3799 et
2736 3760 2765 3799 a
2792 3743 3030 3798 sinistris
3059 3742 3450 3797 circumdatus
3474 3744 3685 3813 (Ephes.
3708 3746 3779 3805 ni.

2231 3839 2297 3894 Et
2325 3852 2447 3895 cum
2482 3835 2567 3892 his
2598 3832 2847 3891 omnibus
2871 3832 3176 3888 muniretur
3214 3832 3582 3897 intrinsecus,
3614 3839 3782 3887 amt:-

2231 3945 2353 3984 men
2376 3927 2734 3996 competentia
2767 3924 2991 3980 deerant
3012 3933 3342 3980 ornamenta
3369 3939 3599 3978 morum
3624 3923 3789 3977 extrin-

2231 4036 2406 4078 secus.
2448 4018 2694 4075 Clericali
2739 4016 3002 4087 siquidem
3041 4014 3331 4070 schemate
3374 4015 3691 4084 insignitus,
3726 4028 3791 4065 sa-

2230 4109 2487 4168 cerdotali
2532 4121 2744 4179 quoque
2790 4104 2957 4161 infula
3000 4104 3323 4170 decoratus,
3377 4118 3449 4159 ac
3490 4105 3645 4157 velut
3689 4100 3785 4170 quid

2231 4202 2473 4258 divinum
2505 4199 2839 4269 praesignans
2876 4195 3086 4266 fulgore
3121 4195 3336 4259 vultus,
3378 4196 3574 4249 crucis
3607 4194 3787 4263 signa.

2231 4290 2552 4364 praeferebat
2578 4286 2845 4350 manibus,
2880 4293 3065 4355 utpote
3092 4284 3179 4338 sui
3211 4283 3355 4354 regis
3394 4286 3786 4354 antesignanus;

2234 4395 2440 4434 necnon
2486 4387 2540 4432 et
2568 4375 2916 4445 Evangelium
2958 4372 3186 4447 Christi,
3218 4373 3367 4443 quod
3392 4372 3608 4441 iugiter
3646 4381 3787 4425 mente

2234 4471 2527 4533 recolebat,
2566 4483 2661 4525 ore
2684 4466 3027 4537 praedicabat,
3052 4475 3109 4518 et
3137 4480 3301 4534 opere
3339 4466 3660 4527 exercebat,
3688 4464 3786 4516 bn-

567 4574 791 4644 singulis
837 4572 986 4643 pagis
1038 4571 1308 4641 principes
1337 4575 1605 4640 praeerant
1648 4566 1863 4638 singuli.
1917 4565 2132 4621 Statum
2164 4608 2210 4665 Β
2235 4563 2357 4617 chio
2381 4574 2594 4630 quoque
2633 4557 2892 4628 gestabat.
2922 4555 3113 4610 Omnis
3142 4555 3326 4623 itaque
3363 4554 3653 4652 concionis
3675 4552 3788 4604 iuit-.5

568 4679 783 4735 quoque
815 4673 1052 4735 tctnpore
1084 4665 1207 4718 anni
1236 4662 1399 4718 semel
1423 4678 1487 4717 ex
1518 4661 1743 4731 singulis
1768 4660 1938 4730 pagis,
1972 4670 2137 4729 atque

563 4772 630 4811 ex
664 4756 858 4811 iisdem
879 4753 1159 4808 ordinibus
1194 4752 1494 4821 tripartitis,
1525 4750 1838 4821 singillatim
1870 4751 1968 4804 viri
1997 4751 2131 4806 duo-

566 4848 740 4905 decim
770 4844 949 4908 electi,
978 4854 1030 4898 et
1059 4845 1113 4897 in
1139 4858 1305 4897 unum
1331 4841 1563 4904 collecti,
1596 4842 1647 4894 in
1691 4839 1864 4895 media
1899 4839 2133 4896 Saxouia

566 4954 723 4995 secus
766 4936 967 4992 flumen
990 4933 1258 4990 Wiseram
1301 4941 1355 4987 et
1398 4932 1573 4987 locum
1616 4930 1818 4985 Marklo
1858 4946 2137 5000 nuncupa-

569 5032 724 5094 tum,
774 5028 1101 5085 exercebant
1154 5023 1400 5096 generale
1458 5023 1767 5088 concilium,
1816 5031 2134 5089 tractantes,

571 5120 872 5176 sancienme
909 5126 956 5150 at
996 5131 1112 5148 nun:
1165 5114 1176 5132 -
1261 5123 1270 5128 .
1536 5131 1544 5134 ν
1634 5116 1644 5125 ι
1944 5113 1956 5122 .
2092 5113 2101 5118 ﬁ

2242 4651 2526 4706 multitudo
2557 4663 2624 4703 ex
2654 4644 3178 4714 diversis'partibus
3219 4653 3441 4707 coacta,
3481 4643 3657 4711 primo
3695 4654 3789 4692 sne-

2243 4756 2360 4796 rum
2404 4751 2722 4810 proavorum
2753 4747 2971 4788 servare
2999 4731 3281 4787 contendit
3315 4731 3594 4792 instituta,
3645 4726 3787 4781 numi-

2244 4834 2402 4888 nibus
2431 4829 2679 4885 videlicet
2707 4826 2819 4882 suis
2860 4834 2983 4880 vota
3013 4824 3230 4878 solvens
3257 4837 3321 4877 ac
3362 4821 3660 4876 sacriﬁcia.
3689 4817 3789 4881 (με

2243 4936 2473 4979 cernens
2527 4920 2612 4990 agi
2677 4916 2956 4987 sacrilegia
3011 4914 3347 4977 Lebvvinus,
3404 4912 3611 4967 Christi
3667 4908 3790 4961 fortis

2244 5015 2470 5076 athleta,
2503 5012 2621 5066 zelo
2646 5008 2851 5064 zelatus
2876 5021 2973 5077 pro
3000 5006 3254 5068 Domino,
3285 5013 3346 5057 ut
3372 5003 3505 5058 olim
3536 5002 3677 5057 Elias
3695 5013 3790 5068 pte-

2282 5107 2295 5114 -
2440 5102 2550 5114 ...-
2597 5100 2635 5114 -ι
2820 5097 2911 5120 ,---\
2961 5098 3011 5124 ι..
3052 5096 3228 5136 «modia
3269 5095 3494 5148 illorum
