3878 5560
183 461 292 518 88.)

1495 469 1649 524 VITA
1688 469 1745 524 S.
1783 469 2096 526 LEBWINI.

3325 475 3428 532 890

181 591 522 658 Auscultate,
551 595 810 649 attendite
841 605 895 649 et
923 595 1116 651 scitote
1143 597 1264 664 quia
1297 597 1555 651 Dominus
1597 611 1752 652 crea-
1782 599 1830 656 A
1859 599 2076 666 perﬁdis
2111 597 2310 655 Judzeis
2353 603 2418 656 ad
2463 603 2804 672 supercilium
2841 605 3036 660 montis
3079 605 3144 660 ad
3187 607 3432 676 praecipi-

181 691 274 738 ιοι·
299 681 422 738 eteli
459 691 514 737 et
537 692 715 750 terrae,
755 685 919 740 maris
948 695 1004 740 et
1023 687 1262 740 omnium
1290 703 1407 756 quae
1430 687 1482 741 iu
1505 687 1585 741 eis
1606 697 1752 752 sunt,

178 771 300 840 ipse
327 771 474 826 solus
519 789 658 827 unus
694 785 750 828 et
777 789 938 830 verus
971 785 1056 830 est
1079 777 1238 831 Deus.
1273 776 1394 846 Ipse
1429 778 1547 845 fecit
1584 793 1676 831 nos
1705 789 1752 831 et

174 879 290 916 non
327 865 426 932 ipsi
449 863 621 934 (Psal.
673 867 841 936 καις),
876 881 1050 936 neque
1075 877 1158 922 est
1200 867 1336 922 alius
1381 878 1576 936 praeter
1608 883 1750 922 eum.

176 950 490 1006 Sitnulacra
538 969 658 1022 quae
689 957 818 1010 deos
871 971 989 1011 esse
1027 958 1246 1026 putatis,
1288 973 1530 1027 quosque
1577 975 1606 1012 a
1640 959 1754 1012 dia—

167 1042 308 1096 bolo
351 1044 558 1112 decepti
601 1048 908 1101 venerando
953 1047 1150 1110 colitis,
1195 1061 1384 1100 aurum
1431 1048 1512 1101 vel
1553 1061 1753 1116 argen-

167 1141 322 1194 tttm,
351 1147 445 1194 res,
487 1131 641 1201 lapis,
675 1144 768 1189 aut
811 1134 1010 1204 lignum
1055 1145 1209 1200 sunt;
1258 1153 1364 1190 non
1413 1138 1616 1202 vivunt,
1645 1153 1752 1193 non

167 1231 491 1285 moventur,
544 1238 717 1292 neque
763 1225 1020 1278 sentiunt.
1073 1224 1245 1294 Opera
1289 1227 1432 1280 enim
1479 1227 1754 1280 hominum

169 1320 336 1376 sunt,
385 1327 486 1366 nec
524 1315 774 1382 cuiquam
806 1315 916 1380 alii,
949 1331 1052 1370 nec
1085 1317 1186 1370 sibi
1231 1327 1450 1386 possunt
1483 1318 1752 1371 auxiliari.

169 1401 328 1472 Ergo
367 1403 508 1458 Deus
537 1405 684 1460 solus
713 1407 906 1472 bonus,
955 1407 1314 1477 solusjustus,
1350 1411 1502 1480 cujus
1545 1411 1756 1466 miseri-

171 1493 365 1548 cordia
391 1503 446 1546 et
475 1495 674 1548 veritas
699 1505 880 1551 manet
917 1497 974 1550 in
1005 1505 1282 1563 aeternum,
1324 1500 1616 1556 condolens
1645 1509 1754 1555 tam

171 1585 484 1639 miserabili
522 1601 620 1640 vos
666 1587 970 1641 daemonum
1013 1589 1264 1644 seductos
1291 1605 1478 1645 errore
1520 1593 1622 1646 hac
1669 1605 1755 1645 me

167 1675 440 1744 pnecepit
467 1676 616 1747 fungi
651 1676 937 1748 legatione,
987 1689 1044 1733 ut
1088 1682 1282 1735 vetusti
1314 1683 1633 1751 ptenitentes
1671 1698 1758 1738 er-

171 1767 328 1821 roris
365 1768 430 1822 ad
469 1783 594 1822 eum
635 1771 1024 1824 convertamini
1077 1780 1226 1826 recta
1270 1781 1326 1828 et
1373 1775 1584 1829 sincera
1627 1775 1753 1839 fide,

169 1855 340 1924 cujus
374 1859 540 1911 creati
566 1859 698 1913 estis
747 1860 1003 1913 bonitate.
1040 1861 1097 1916 ln
1147 1863 1264 1932 ipso
1304 1864 1538 1934 denique
1581 1880 1676 1920 vos
1700 1874 1754 1919 et

171 1965 282 2002 nos
305 1963 493 2004 omnes
517 1951 756 2016 vivimus,
775 1967 1042 2006 movemur
1067 1962 1114 2006 et
1143 1969 1322 2008 sumus
1343 1956 1477 2026 (Act.
1507 1956 1664 2029 xvii).
1695 1955 1751 2010 Si
1783 1937 1828 1995 Β

169 2036 332 2092 illum
365 2037 592 2092 fideliter
627 2051 979 2110 agnoscentes
1021 2045 1396 2110 pmnitentiam
1427 2047 1668 2116 egeritis,
1701 2056 1755 2101 et

171 2129 450 2197 baptizati
477 2130 533 2184 in
563 2132 779 2186 nomine
805 2132 1002 2199 Patris,
1033 2143 1086 2190 ct
1116 2135 1258 2200 Filii,
1282 2145 1338 2190 et
1371 2135 1606 2206 Spiritus
1631 2153 1756 2192 san-

175 2219 262 2274 cti
298 2219 532 2286 fueritis,
569 2231 626 2276 et
667 2221 920 2277 mandata
963 2221 1080 2299 ejps
1107 2224 1423 2278 obedienter
1463 2226 1757 2280 servaveri-

169 2311 274 2376 tis,
323 2312 436 2381 ipse
468 2327 562 2367 vos
593 2314 660 2368 ab
711 2315 964 2369 omnibus
1003 2316 1238 2370 servabit
1271 2315 1448 2382 malis,
1477 2327 1532 2371 et
1569 2331 1757 2372 conce-

170 2401 317 2456 dens
345 2402 786 2471 tranquillitatem
826 2405 975 2473 pacis
1003 2405 1152 2459 dabit
1179 2406 1268 2460 hic
1295 2405 1582 2474 jucundari
1625 2415 1758 2462 teut-

166 2492 458 2562 poralibus
504 2493 695 2561 cepiis,
741 2502 797 2547 et
843 2494 896 2548 in
948 2494 1126 2548 futura
1174 2495 1282 2550 vita
1327 2496 1578 2551 omnibus
1603 2505 1758 2552 mter-

165 2583 380 2637 ualiter
447 2583 651 2653 perfrui
703 2585 880 2640 bonis.
958 2584 1016 2640 Si
1083 2594 1262 2640 autem
1321 2594 1588 2656 praecepta
1641 2587 1758 2656 ejus

165 2672 542 2727 saluberrima
591 2663 722 2726 nihil
775 2673 1016 2729 feceritis
1045 2674 1520 2748 [nulliﬁcaveritis]
1563 2685 1617 2731 et
1649 2677 1752 2730 itii-

165 2759 264 2828 qui
315 2760 494 2815 cordis
527 2775 766 2815 errorem
797 2763 1068 2832 corrigere
1093 2765 1394 2830 nolueritis,
1426 2766 1614 2820 scitote
1631 2768 1756 2838 quia

163 2850 460 2922 patiemini
504 2849 763 2918 judicium
815 2867 990 2922 poena:
1041 2855 1304 2924 gravioris
1333 2855 1400 2910 de
1451 2865 1755 2927 contempta

163 2940 556 2996 admonitione
583 2941 700 3011 ejus
719 2944 1090 3012 benignitatis.
1121 2945 1258 2999 Ecce
1279 2945 1422 2999 enim
1446 2961 1512 3000 ex
1539 2957 1756 3001 senten-

91 3025 94 3028 ’
161 3032 238 3084 tia
291 3032 414 3086 oris
455 3032 588 3100 ejus,
617 3049 736 3102 qua:
762 3035 1211 3090 estimtnutabilis
1251 3038 1538 3106 pronuntio
1577 3039 1752 3104 vobis,

159 3122 296 3191 quia
317 3163 334 3187 ,
367 3123 471 3176 nisi
498 3123 584 3177 his
628 3124 848 3178 monitis
886 3123 1408 3196 obtemperaveritis,
1431 3127 1544 3196 jam
1577 3129 1752 3183 celer-

151 3217 306 3274 rime
341 3216 518 3270 veniet
563 3216 715 3270 vobis
767 3216 966 3270 malum
1014 3218 1306 3286 inopinatae
1355 3221 1742 3277 tribulationis.

157 3305 573 3360 Przeordinavit
601 3319 836 3375 namque
883 3307 996 3361 Rex
1024 3308 1284 3362 caelorum
1314 3311 1553 3364 omnium
1582 3327 1753 3366 saccu-
1777 3281 1823 3343 ο

159 3397 377 3461 lorum,
407 3412 584 3466 regem
616 3397 833 3463 fortem,
862 3398 1180 3466 prudentem
1196 3409 1248 3454 et
1273 3402 1616 3468 acerrimum,
1647 3417 1751 3458 non

163 3489 234 3542 de
265 3487 581 3557 longinquo,
609 3489 702 3543 sed
730 3490 794 3542 de
816 3489 1089 3558 proximo,
1123 3491 1296 3544 instar
1318 3493 1574 3562 torrentis
1603 3481 1768 3562 rapi-i

160 3577 386 3630 'dissimi
439 3587 816 3646 properantem
867 3579 936 3632 ad
983 3561 1363 3633 emolliendam
1404 3581 1521 3634 duri
1573 3561 1753 3636 cordis

167 3669 344 3722 vestri
375 3668 711 3724 ferocitatem
739 3677 792 3724 et
820 3671 1276 3738 comprimendam
1310 3671 1493 3742 rigidae
1521 3674 1751 3728 cervicis

165 3761 596 3814 contumaciam.
655 3761 756 3826 Qui
819 3760 1076 3831 (Carolus
1133 3760 1387 3832 Magnus)
1442 3763 1744 3818 vehementi

165 3850 380 3918 impetu
409 3860 645 3905 vestram
669 3853 993 3926 aggrediens
1028 3853 1323 3922 regionem,
1351 3853 1550 3924 gladio,
1585 3855 1754 3908 vasti-

167 3955 306 4008 tate,
341 3945 588 3999 incendio
610 3955 666 4000 et
689 3946 1011 4000 exterminio
1034 3955 1226 4000 cuncta
1249 3946 1674 4017 dchpulabitur,
1699 3959 1754 4004 et

165 4045 224 4088 ut
261 4037 464 4090 vindex
507 4037 602 4090 irae
633 4037 723 4090 Dei
766 4041 925 4105 quem
969 4051 1182 4106 semper
1229 4037 1616 4102 exacerbastis,
1655 4055 1750 4096 vos

163 4129 392 4195 quidem
427 4129 620 4197 partim
653 4141 910 4182 mucrone
935 4129 1226 4184 concidens
1255 4130 1506 4197 perimet,
1553 4131 1748 4199 partim

161 4227 414 4292 egestate
478 4217 755 4272 tabescere
799 4216 980 4282 faciet,
1029 4219 1227 4288 partim
1269 4219 1524 4288 perpetui
1574 4219 1747 4274 exsilii

163 4323 411 4364 maerore
441 4315 739 4364 consumet.
770 4307 1036 4377 Conjuges
1065 4319 1274 4363 vestras
1299 4325 1361 4365 ac
1399 4309 1598 4366 liberos
1620 4326 1746 4380 pas-

163 4403 270 4456 sim
310 4401 384 4456 ad
411 4401 748 4455 serviendum
781 4400 1086 4465 distribuat,
1111 4409 1164 4455 et
1193 4401 1235 4455 si
1261 4402 1352 4471 qui
1385 4401 1584 4456 residui
1630 4403 1748 4457 fue-

161 4494 294 4553 rint,
323 4492 737 4559 ignominiosos
789 4493 885 4545 sdo
924 4491 1160 4546 dominio
1207 4493 1533 4562 subjugabit,
1582 4502 1640 4547 ut
1680 4493 1748 4547 de

1857 689 2076 743 tandum
2123 695 2441 760 perductus,
2475 710 2586 748 sua:
2621 695 2834 749 virtutis
2879 697 3114 761 potentia
3166 697 3431 752 transiens

1857 792 1953 846 per
1978 778 2208 832 medium
2237 780 2446 835 illorum
2481 783 2590 836 ibat
2615 783 2808 838 illaesos
2840 783 2990 854 (Luc.
3017 787 3115 854 tv),
3147 785 3225 839 sic
3248 795 3300 839 et
3329 787 3432 841 iste

1855 865 2086 921 famulus
2114 881 2243 922 suus
2269 869 2505 938 ejusdem
2537 871 2746 926 Domini
2772 874 2852 926 sui
2881 875 3175 928 munimine
3201 876 3433 930 circum-

1855 967 2040 1026 septus
2077 973 2176 1029 per
2225 961 2460 1015 medium
2505 977 2562 1016 se
2607 977 2800 1017 necare
2841 965 3170 1034 cupientium
3220 975 3274 1020 ct
3319 965 3434 1036 ipse

1857 1049 2071 1102 transiit
2117 1050 2366 1105 intactus.
2397 1051 2541 1106 Inter
2585 1053 2727 1122 ipsos
2762 1061 2935 1108 tamen
2974 1057 3188 1124 quidam
3220 1055 3435 1112 fuerant

1857 1151 2000 1190 suum
2025 1139 2236 1200 mentis,
2268 1155 2492 1209 quorum
2523 1143 2682 1196 corda
2719 1143 2858 1198 Deus
2897 1147 3272 1215 tetigerat,qui
3319 1147 3436 1217 btet;

1857 1224 1973 1278 fieri
2022 1226 2073 1279 in
2114 1238 2359 1282 sanctum
2397 1229 2488 1282 θυι
2520 1231 2841 1286 omnimodis
2885 1233 3258 1301 prohibebant.
3291 1235 3436 1302 Quo-

1829 1329 1977 1368 tum
2009 1331 2145 1370 unus
2177 1318 2388 1372 cancris
2417 1319 2761 1386 honoratior,
2803 1324 3020 1378 nomine
3051 1323 3244 1390 Bruto,
3285 1335 3435 1380 stans

1857 1405 1910 1459 in
1939 1407 2280 1463 erninentiori
2313 1408 2447 1476 loco,
2483 1411 2554 1464 ita
2590 1419 2918 1481 protestatus
2945 1423 3024 1468 est
3052 1431 3065 1467 :
3093 1413 3136 1469 Ο
3163 1415 3288 1478 viri,
3315 1415 3435 1484 qui-

1857 1511 2070 1566 cunque
2108 1499 2308 1554 adestis
2339 1501 2567 1566 cordati,
2601 1503 2821 1559 auribus
2852 1506 3112 1575 percipite
3139 1507 3297 1562 verba
3326 1509 3438 1565 oris

1857 1589 1963 1642 mei
1989 1605 2001 1642 :
2031 1588 2364 1658 Frequenter
2394 1593 2459 1646 ad
2487 1609 2585 1648 nos
2619 1597 2972 1662 quarumdam
3003 1597 3242 1666 gentium
3280 1595 3439 1650 Nort-

1862 1694 2126 1734 mannoru
2138 1697 2208 1745 ιιι,
2234 1681 2548 1737 Sclavorum
2578 1699 2641 1738 ac
2662 1683 2948 1741 Frisonum
2968 1695 3230 1742 venerunt
3253 1687 3437 1754 legati,

1859 1784 1992 1836 quos
2023 1785 2170 1824 more
2195 1773 2356 1826 solito
2384 1789 2504 1827 cum
2545 1789 2678 1842 pace
2719 1777 3073 1846 suscepimus,
3105 1777 3268 1831 verba
3297 1775 3440 1845 lega-

1861 1861 2023 1916 tionis
2067 1861 2350 1933 diligenter
2395 1865 2772 1928 tractavimus,
2823 1875 2875 1920 et
2921 1863 3213 1921 honorifice
3251 1876 3440 1922 auctos

1859 1953 2171 2008 muneribus
2202 1956 2268 2008 ad
2309 1956 2523 2024 propria
2565 1957 2892 2011 remisimus.
2923 1959 2988 2010 Et
3026 1971 3152 2012 ecce
3183 1973 3325 2012 nunc
3359 1956 3440 2010 le-
3527 2017 3536 2022 ,

1859 2049 2018 2110 gntus
2061 2043 2256 2096 summi
2299 2042 2395 2098 Dei
2444 2042 2692 2099 deferens
2737 2047 2888 2101 nobis
2927 2049 3177 2101 mandata
3213 2047 3332 2100 vitae
3375 2061 3441 2101 ac

1860 2138 2058 2184 nostrae
2086 2131 2294 2196 salutis,
2325 2148 2430 2188 non
2457 2133 2628 2187 solum
2657 2145 2868 2204 spretus
2903 2145 2957 2189 et
2993 2145 3330 2204 contemptus
3356 2146 3439 2190 est

1859 2237 1886 2273 a
1915 2221 2092 2286 nobis,
2121 2223 2214 2275 sed
2243 2223 2402 2275 etiam
2441 2223 2733 2278 insectatus
2759 2225 2987 2292 injuriis,
3017 2241 3079 2279 ac
3107 2241 3239 2294 pene
3273 2225 3442 2279 subiit

1859 2311 2146 2363 discrimen
2177 2311 2385 2365 mortis.
2435 2312 2608 2378 Quam
2640 2328 2766 2367 vero
2812 2314 2882 2368 sit
2923 2323 3134 2383 potens,
3164 2315 3252 2383 qui
3289 2315 3435 2369 illum

1859 2400 2148 2454 destinavit
2175 2409 2422 2469 potenter
2459 2403 2690 2457 ostendit
2719 2419 2840 2457 cum
2867 2405 2932 2458 de
2963 2404 3438 2458 manibus'nostris

1858 2505 1981 2544 eum
2011 2500 2118 2544 tam
2148 2500 2398 2559 potenter
2425 2502 2478 2546 et
2503 2493 2822 2548 mirabiliter
2850 2495 3061 2563 eripuit.
3097 2493 3248 2549 Unde
3287 2504 3340 2549 et
3373 2510 3435 2549 ea
3467 2479 3472 2484 ’

1857 2596 1976 2650 quae
2006 2582 2382 2636 comminando
2407 2583 2560 2638 vobis
2584 2584 2922 2654 prophetarit
2949 2583 3146 2650 futura,
3180 2585 3291 2639 sive
3312 2599 3438 2638 ven-

1861 2679 1976 2723 tura
2003 2670 2186 2740 procul
2211 2670 2370 2724 dubio
2397 2671 2746 2740 experiemini
2785 2672 3008 2730 nimium
3035 2689 3184 2734 vera,
3217 2672 3341 2725 dum
3374 2687 3434 2726 ea

1853 2761 2054 2831 judicio
2083 2761 2174 2814 Dei
2203 2762 2305 2826 sui,
2328 2761 2417 2830 qui
2451 2771 2556 2815 tam
2587 2772 2778 2831 potens
2802 2771 2901 2827 est,
2937 2763 3093 2816 nobis
3131 2761 3328 2815 fuerint
3369 2760 3436 2813 il-

1859 2851 1985 2904 lata.
2033 2849 2410 2918 HujusCemodi
2459 2853 2850 2922 redargutionis
2893 2867 2957 2906 ae
2991 2853 3171 2922 potius
3216 2851 3438 2906 terroris
3469 2875 3486 2894 η

1857 2941 2194 2996 sermonibus
2219 2941 2498 3010 perculsus
2527 2941 2913 3012 aliquantulum
2938 2951 3021 2998 est
3052 2943 3438 2996 innnansuetus

1858 3047 2043 3088 eorum
2096 3031 2330 3094 animus,
2376 3042 2430 3088 et
2474 3035 2742 3088 conununi
2779 3035 3132 3090 decreverunt
3172 3048 3434 3089 consensu

1858 3141 1926 3180 ne
1957 3141 1984 3178 a
2013 3139 2286 3194 quoquam
2319 3125 2668 3194 impeteretur
2689 3125 2776 3181 ille
2805 3127 2898 3180 Dei
2924 3128 3162 3188 nuntius,
3188 3126 3280 3180 sed
3305 3139 3438 3194 quo—

1856 3231 2066 3286 cunque
2094 3203 2252 3274 vellet
2295 3217 2372 3270 ire
2415 3217 2618 3286 absque
2653 3217 2762 3271 ulla
2809 3217 3024 3274 laesione
3063 3225 3308 3288 pergeret
3346 3231 3436 3270 se-

1856 3321 2038 3361 CUI'IIS.

1923 3395 2060 3449 XIV.
2093 3396 2257 3465 Igitur
2284 3403 2502 3449 sanctus
2527 3403 2580 3448 et
2599 3395 2814 3449 humilis
2840 3396 3001 3450 corde
3027 3394 3336 3461 Lehvvincs,
3368 3395 3437 3450 ab

1854 3487 2204 3541 insectatione
2251 3487 2654 3556 malignantium
2703 3485 2882 3539 divina
2920 3488 3117 3541 virtute
3149 3495 3314 3550 tutus,
3345 3487 3436 3539 be-

1855 3576 2134 3632 nedicebat
2164 3577 2446 3630 Dominum
2483 3577 2604 3642 quia
2635 3575 2915 3632 laudabilis
2955 3587 3008 3630 et
3051 3575 3311 3644 gloriosus
3352 3584 3438 3628 est

1853 3670 1905 3723 in
1938 3668 2210 3723 saeculum.
2241 3667 2441 3722 Videns
2472 3675 2648 3720 autem
2689 3681 2746 3721 se
2771 3681 2874 3720 non
2901 3680 3058 3736 posse
3087 3665 3298 3732 assequi
3333 3679 3432 3734 po-

1854 3761 2026 3815 nendo
2055 3775 2150 3830 pro
2180 3759 2438 3815 fratribus
2469 3761 2702 3812 animam
2742 3773 2898 3827 quem
2928 3773 3263 3828 summopere
3289 3757 3431 3838 desi-

1853 3853 2076 3906 derabat
2113 3851 2358 3923 martyrii
2401 3853 2664 3914 fructum,
2705 3851 2828 3906 licet
2861 3851 3172 3920 almegando
3199 3851 3432 3920 seipsum

1851 3950 1906 3995 ct
1939 3942 2167 3996 tollendo
2189 3955 2404 3996 crucem
2430 3957 2579 3996 suam
2609 3949 2726 4010 post
2755 3940 3050 4004 Christum,
3071 3941 3434 4011 crucifigcndo

1851 4045 2070 4085 carnem
2100 4047 2222 4084 cum
2249 4031 2393 4085 vitiis
2423 4041 2478 4086 et
2503 4032 2953 4101 concupiscentiis
2991 4032 3041 4084 in
3074 4031 3211 4084 fame
3233 4039 3285 4084 et
3312 4031 3430 4097 siti,

1855 4119 1904 4173 in
1939 4119 2135 4190 vigiliis
2160 4119 2460 4189 acjejuniis
2488 4129 2541 4174 et
2573 4120 2842 4175 laboribus
2871 4120 3133 4190 plurimis,
3159 4135 3277 4189 qua:
3298 4136 3432 4175 cun-

1853 4221 1939 4266 cta
1967 4211 2198 4265 libenter
2237 4225 2300 4266 ac
2343 4211 2614 4278 patienter
2647 4209 2895 4280 pertulit,
2943 4209 3158 4280 longum
3205 4211 3256 4263 in
3301 4225 3436 4278 pace

1849 4301 2017 4357 traxit
2059 4303 2399 4372 martyrium.
2437 4302 2836 4356 ludelieientem
2875 4309 3054 4355 tamen
3105 4301 3157 4354 in
3207 4316 3265 4355 se
3301 4301 3432 4357 reti-

1850 4409 1982 4450 nens
2013 4395 2227 4464 plenum
2272 4393 2484 4448 fervore
2515 4393 2797 4448 charitatis
2845 4379 3102 4458 animum,
3133 4391 3430 4459 injnncturn

1849 4485 1947 4540 sibi
1985 4499 2014 4538 a
2052 4484 2162 4540 Deo
2201 4485 2284 4539 sui
2328 4483 2659 4554 apostolatus
2698 4481 2990 4537 cﬁicaciter
3020 4481 3431 4536 administrabat

159 4583 318 4637 vobis
339 4583 670 4652 jamdudum
697 4582 818 4651 jure
861 4581 1172 4650 praedictum
1218 4582 1388 4635 videri
1435 4583 1604 4651 possit
1636 4601 1648 4635 :
1677 4581 1742 4635 Et
1777 4605 1822 4662 ι)
1847 4573 2096 4628 οιὶῖοίυιιι·
2129 4573 2260 4640 Ωυίε
2289 4575 2432 4629 Θηῖῐη
2459 4573 2615 4641 digne
2647 4571 3078 4641 ευῐῦεῑειιιενιιιιθ
3111 4572 3285 4626 Valeat
3316 4571 3432 4639 eius

159 4673 320 4738 pauci
356 4672 487 4741 facti
507 4681 626 4725 sunt
648 4680 697 4724 et
724 4671 890 4724 vexati
912 4681 1032 4725 sunt
1061 4687 1092 4724 a
1115 4671 1448 4725 tribulatione
1483 4669 1744 4725 malorum

163 4771 212 4815 et
242 4763 426 4816 dotare
463 4761 636 4831 (Psal.
671 4763 800 4834 cvi).

241 4853 374 4908 Xlll.
428 4853 577 4907 Talia
623 4855 778 4909 beato
821 4855 936 4910 viro
974 4855 1268 4924 prophetali
1307 4855 1496 4925 spiritu
1539 4869 1743 4921 praeco-

71 4971 74 4974 ι
165 4957 364 5008 nante,
394 4943 466 4997 illi
499 4945 827 4998 dwmoniaco
854 4946 1177 5000 bacchantes
1217 4948 1442 5014 Spiritu,
1479 4945 1616 5013 pleni
1665 4944 1745 4998 fu-

169 5037 305 5094 roris
350 5046 405 5092 et
442 5038 663 5091 insania:
691 5045 1035 5107 perstrepunt
1077 5037 1306 5106 undique
1343 5037 1580 5093 clamore
1619 5053 1746 5090 con-

165 5125 321 5180 fuso:
353 5127 433 5180 En
461 5139 590 5179 ecce
631 5126 782 5184 adest
823 5125 1072 5179 seductor
1099 5125 1203 5188 ille,
1235 5139 1511 5181 sacrorqu
1541 5133 1752 5178 nostro-

169 5231 282 5266 rmn
315 5223 368 5269 et
399 5211 566 5268 totius
593 5215 841 5268 inimicus
866 5214 1082 5282 patriae;
1109 5229 1318 5283 (equum
1347 5224 1430 5268 est
1460 5221 1516 5265 ut
1541 5213 1750 5272 debitas

163 5315 340 5360 sumat
370 5319 472 5360 suo
502 5307 762 5375 sanguine
795 5319 1006 5375 pmnas.
1054 5302 1186 5358 Tum
1229 5323 1356 5362 vero
1383 5320 1450 5357 ex
1491 5303 1750 5372 proximis

1851 4666 2106 4720 doctrinm
2147 4675 2201 4720 et
2244 4667 2526 4720 verborum
2556 4665 2753 4734 gratias
2783 4679 3040 4718 enarrare
3070 4664 3262 4733 quibus
3289 4663 3432 4715 mul—

1855 4765 1936 4811 tos
1963 4759 2031 4811 ab
2063 4758 2346 4826 iniquitate
2377 4756 2680 4811 convertit?
2715 4755 2788 4809 De
2819 4757 2919 4811 hoc
2950 4771 3182 4823 namque
3205 4754 3316 4805 viro
3346 4769 3434 4806 re-

1851 4859 1936 4904 cte
1959 4864 2054 4918 per
2079 4852 2396 4920 prophetam
2429 4848 2739 4918 prmdictum
2769 4859 2885 4902 est:
2927 4845 3036 4899 Lex
3073 4843 3299 4899 veritatis
3333 4843 3433 4910 fuit

1852 4943 1906 4996 in
1933 4959 2018 4996 ore
2043 4943 2155 5013 ejus
2181 4943 2338 5014 (Μαι.
2377 4943 2459 5011 ιι).
2493 4941 2768 5009 Itemque:
2819 4939 2982 4992 Labia
3018 4931 3306 4989 sacerdotis
3347 4952 3445 4988 cna

1852 5021 2082 5092 stadium
2107 5039 2379 5094 scientiam
2414 5044 2460 5089 et
2481 5035 2638 5103 legem
2666 5037 2932 5105 requirunt
2959 5045 3022 5082 ea:
3054 5045 3142 5082 ore
3160 5027 3291 5097 ejus,
3317 5029 3444 5096 quia

1854 5126 2068 5196 angelus
2091 5127 2307 5184 Domini
2332 5125 2648 5181 exercituum
2671 5135 2746 5177 est
2769 5119 2978 5194 (Ibid.).
3015 5117 3137 5184 Quo
3161 5117 3442 5184 cvangeli-

1855 5225 2012 5270 zante
2038 5216 2268 5275 verbum
2299 5213 2542 5271 veritatis
2569 5221 2760 5280 parata
2789 5223 2862 5266 est
2897 5205 3044 5262 sedes
3080 5207 3172 5258 Dei
3202 5205 3252 5258 in
3283 5207 3448 5258 corde

1855 5305 2036 5375 populi
2079 5306 2182 5361 sibi
2229 5305 2532 5366 credentis,
2579 5311 2634 5353 et
2681 5297 2978 5354 testimonia
3025 5296 3142 5363 ejus
3179 5292 3450 5347 credibilia
