3878 5428
448 455 549 514 891

982 454 1322 512 llUCBAl.D|
1364 453 1523 510 MON.
1570 452 1628 510 S.
1668 452 1927 510 AMANDI
1964 450 2114 509 OPP.
2156 449 2335 506 PARS
2372 441 2523 506 If:-
2560 450 3131 509 llAGlOGRAPllICA.

3607 440 3712 507 892

451 575 626 624 tutum
667 566 984 622 documenta
1029 568 1231 637 pariter
1268 575 1322 621 et
1365 567 1626 637 exempla.
1666 582 1786 622 cum
1834 564 2029 620 nullius
2060 576 2104 635 Α
2133 564 2231 621 Cui
2262 566 2380 622 loco
2417 566 2521 621 hoc
2566 560 2790 621 inditum
2815 574 3027 622 mnslat
3059 564 3379 621 vocabulum
3421 580 3454 620 a
3492 564 3711 619 Davum

451 670 588 727 pene
615 657 868 725 temporis
898 657 1283 725 interpolarent
1309 657 1478 726 spatia
1506 658 1701 727 quibus
1720 664 1813 710 aut
1830 655 1912 710 sui
1939 664 2031 709 aut
2130 656 2383 733 quodam,
2404 658 2699 713 honoriﬁco
2724 672 2787 713 ac
2804 659 3005 728 potenti
3033 658 3167 720 viro,
3188 656 3245 712 S.
3270 656 3555 721 Lebwino,
3585 656 3709 711 dum

451 746 611 803 simul
636 747 862 802 aliorum
896 748 1171 816 profectus
1201 762 1306 801 non
1336 757 1604 817 quatrerct
1637 746 2030 810 emolumenta,

452 838 907 909 exempliﬁcatum
937 840 1113 892 virum
1146 838 1544 894 sanctissimum
1577 839 1629 892 in
1674 838 1837 892 totius
1866 851 2034 891 sacrae

453 926 747 998 religionis,
772 930 984 998 Dcoque
1007 929 1358 999 beneplacitae
1381 929 1806 984 conversationis
1836 929 2029 1000 gratia,

453 1020 563 1090 iam
590 1021 803 1092 agmina
833 1020 1182 1091 reposcebant
1221 1020 1431 1088 ccelica,
1457 1022 1731 1076 concirent
1759 1021 1860 1076 sibi
1880 1021 2037 1076 debi-

455 1118 572 1167 tum
602 1120 657 1167 et
680 1112 1150 1182 pmdestinatione
1177 1111 1358 1166 divina
1400 1120 1455 1167 et
1491 1112 1910 1183 morigeratione
1934 1110 2038 1167 sibi

460 1201 749 1272 c0ndigna.

532 1290 649 1346 XV.
695 1291 1169 1347 Pmsentabantur
1207 1306 1421 1362 quoque
1458 1292 1569 1346 Deo
1597 1291 1839 1362 angelico
1883 1288 2041 1342 mini-

462 1381 631 1437 sterio
660 1380 809 1436 chari
839 1380 1080 1436 Lehwini
1112 1389 1258 1446 vota,
1285 1396 1403 1450 quae
1430 1391 1610 1435 mente
1642 1390 1696 1435 et
1714 1393 1877 1450 opere
1899 1379 2043 1433 vocis

462 1486 573 1525 sua:
598 1479 755 1524 erant
784 1470 1079 1525 harmoniae
1108 1472 1482 1536 consonantia.
1509 1472 1588 1527 sic
1612 1472 1677 1526 ad
1708 1473 1879 1541 ipsum
1903 1471 2044 1542 jngi-

465 1569 548 1616 ter
572 1561 961 1631 proclamantia
987 1579 1001 1616 :
1040 1562 1213 1628 Quam
1242 1562 1430 1616 dilecta
1458 1573 1600 1630 sunt,
1633 1563 1854 1618 Domine
1883 1564 2044 1617 virtu-

465 1661 600 1717 tunt,
643 1650 980 1707 tabernacula
1017 1653 1149 1707 tua!
1195 1653 1524 1723 Concupiscit
1565 1663 1616 1709 et
1653 1654 1827 1723 deﬁcit
1868 1655 1923 1709 in
1965 1655 2045 1709 his

465 1742 645 1794 anima
690 1758 799 1795 mea
836 1740 1007 1813 (Psal.
1044 1746 1295 1814 uxxm).
1344 1743 1627 1813 Itemque:
1679 1743 1851 1799 Sitivit
1897 1746 1953 1799 in
1999 1753 2048 1799 te

467 1830 645 1884 anima
692 1846 824 1885 mea.
874 1831 1046 1897 Quam
1094 1833 1448 1901 multipliciter
1481 1835 1574 1888 tibi
1602 1851 1725 1889 caro
1747 1852 1859 1890 mea
1888 1845 1943 1889 ut
1972 1838 2047 1890 vi-

2134 749 2308 804 adhuc
2335 750 2567 815 viveret,
2614 748 3048 804 familiarissimo.
3094 749 3333 805 Ecclesia
3379 757 3566 803 autem
3600 748 3710 818 ipsa

2135 840 2203 894 ab
2230 841 2417 895 eodem
2447 850 2634 896 sancto
2668 828 2783 896 viro
2808 850 2864 896 et
2883 842 3203 911 quibusdam
3230 842 3508 903 ﬁdelibus,
3526 850 3585 893 ut
3602 840 3708 908 jam

2137 929 2394 995 diximus,
2417 938 2760 996 constructa,
2789 930 2883 985 sed
2918 932 2987 985 ab
3020 930 3325 986 inﬁdelibus
3351 939 3583 991 exusta.
3617 930 3711 985 ite-

2137 1033 2363 1087 rumque
2391 1028 2475 1075 est
2501 1019 2840 1085 rea‘diﬁcata,
2862 1020 3067 1075 scilicet
3091 1029 3329 1091 tempore
3348 1036 3460 1090 quo
3480 1021 3707 1089 primum

2137 1110 2206 1165 ad
2234 1110 2466 1166 dandam
2493 1114 2763 1169 scientiam
2791 1113 2975 1169 salutis
2997 1113 3160 1185 (Luc.
3185 1116 3236 1184 ι)
3264 1115 3565 1171 incredulis
3589 1113 3708 1168 olim

2140 1201 2583 1274 Saxonibus,.per
2602 1206 2817 1260 beatum
2844 1207 3118 1261 doctorem
3143 1206 3460 1262 Lebvvinum
3480 1205 3711 1259 visitavit

2140 1305 2235 1348 eos
2263 1292 2444 1349 oriens
2467 1294 2931 1363 splendidissimus
2963 1296 3268 1353 illuminare
3296 1297 3353 1351 in
3384 1297 3643 1359 tenebris,
3667 1306 3711 1351 et

2140 1381 2195 1436 in
2227 1384 2409 1437 umbra
2439 1384 2619 1438 mortis
2648 1385 2990 1451 sedentibus,
3033 1394 3094 1440 ut
3133 1387 3186 1440 in
3228 1387 3367 1440 viam
3407 1386 3555 1453 pacis
3592 1385 3713 1440 ditio

2142 1481 2294 1542 geret
2333 1487 2519 1527 eorum
2573 1490 2791 1545 gressus
2822 1476 2937 1545 ipse
2976 1475 3057 1531 sol
3091 1474 3318 1545 iustitiae
3360 1476 3711 1540 Christus,ia

2142 1561 2336 1617 saecula
2364 1563 2678 1620 benedictus
2702 1563 2912 1635 (Ibid.).
2945 1566 3175 1621 Decursa
3207 1567 3404 1638 igitur,
3452 1577 3715 1634 utcunque

2142 1654 2438 1723 potuimus,
2464 1654 2532 1709 de
2545 1654 2712 1725 gestis
2733 1654 2872 1709 beati
2899 1655 3226 1712 confessoris
3252 1656 3458 1712 Christi
3481 1656 3714 1711 Lebwini

2147 1745 2475 1802 narrationis
2496 1746 2659 1813 serie,
2687 1744 2813 1802 libet
2844 1761 3013 1817 pauca
3036 1746 3103 1802 de
3131 1747 3447 1803 inventione
3467 1744 3588 1814 ejus
3605 1745 3717 1801 sub-

2147 1845 2386 1892 nectere.

469 1921 622 1975 deam
646 1922 884 1976 virtutem
914 1933 1061 1977 tuam
1090 1933 1138 1977 et
1164 1923 1383 1993 gloriam
1413 1934 1557 1978 tuam
1583 1923 1756 1997 (Psal.
1790 1928 1962 1997 uti);
1994 1936 2047 1982 et
2077 1922 2122 1982 Β
2223 1943 2383 2000 xv".
2433 1944 2565 2002 post
2610 1946 2821 2003 felicem
2868 1947 3011 2005 imus
3048 1950 3114 2005 ad
3147 1948 3396 2005 οωιεειῖε
3445 1948 3715 2003 "ausim

467 2008 664 2063 iterum
694 2027 707 2063 :
747 2010 921 2066 Sitivit
946 2013 1122 2066 anima
1158 2029 1273 2066 mea
1309 2014 1377 2069 ad
1415 2013 1579 2068 Deum
1613 2016 1814 2080 vivum,
1841 2017 2050 2086 quando

467 2099 668 2153 veniam
698 2110 747 2154 et
773 2103 1030 2171 apparebo
1051 2114 1169 2157 ante
1193 2103 1381 2173 faciem
1423 2104 1519 2159 Dei
1546 2108 1645 2160 mei
1668 2108 1886 2174 itPsal.
1915 2107 2049 2177 tu.)

472 2186 580 2242 Sed
608 2190 733 2258 quia
759 2191 862 2247 hoc
888 2193 1003 2262 ejus
1032 2191 1351 2263 inexplebile
1380 2195 1706 2251 desiderium
1747 2199 1943 2252 mentis
1969 2214 2054 2253 re-

473 2279 724 2337 tardabat
750 2283 964 2337 sarcina
991 2298 1265 2353 corporcae
1293 2284 1478 2350 molis,
1510 2301 1610 2341 nec
1646 2288 1804 2342 aliter
1828 2288 2053 2358 adipisci

473 2374 685 2436 poterat
734 2369 1144 2426 aediﬁcationem
1199 2389 1266 2427 ex
1307 2373 1444 2437 Deo,
1476 2374 1688 2429 domum
1731 2392 1833 2430 non
1869 2392 2055 2431 manu-

475 2453 670 2523 [actam
699 2468 948 2514 aeternam
972 2463 1025 2515 in
1040 2462 1179 2517 caelis
1208 2461 1393 2534 (Hebr.
1423 2462 1464 2534 ι)
1490 2464 1589 2519 nisi
1609 2465 1761 2520 ﬁeret
1776 2466 2055 2521 dissolutio

474 2544 667 2603 domus
695 2564 805 2604 sua:
838 2552 1111 2607 terrestris
1142 2552 1301 2622 hujus
1344 2554 1629 2609 mundanae
1673 2556 2052 2623 habitationis,

475 2633 567 2692 Ille
592 2638 684 2707 qui
711 2650 795 2695 est
825 2640 1014 2710 igneus
1043 2643 1163 2698 fons
1187 2645 1511 2712 animarum,
1539 2647 1627 2716 qui
1652 2647 1705 2702 in
1734 2646 2058 2717 eiﬁgiatione

480 2726 717 2785 hominis
738 2729 925 2788 fovens
944 2734 1231 2801 elementa,
1249 2736 1464 2791 dissona
1486 2736 1636 2793 dedit
1656 2753 1777 2795 esse
1799 2756 2055 2807 consona,

480 2817 720 2875 decrevit
751 2821 865 2878 hac
892 2824 945 2878 in
968 2823 1128 2881 beato
1150 2826 1288 2891 viro,
1318 2835 1379 2881 ut
1398 2826 1511 2895 jam
1551 2830 1787 2886 resoluta
1816 2847 2059 2888 seorsum

479 2912 727 2981 proprios
755 2908 1143 2972 revocarentur
1173 2918 1226 2972 in
1251 2927 1403 2974 ortus
1425 2930 1480 2975 et
1506 2937 1633 2976 caro
1659 2923 1716 2978 in
1743 2939 1894 2978 suam
1926 2924 2063 2979 redi-

483 3010 703 3071 geretur
724 3006 1012 3076 originem,
1041 3009 1264 3078 Spiritus
1289 3011 1392 3066 iret
1422 3012 1490 3067 ad
1516 3028 1638 3067 eum
1676 3016 1769 3084 qui
1814 3016 1960 3073 misit
1992 3015 2061 3073 il-

485 3088 617 3145 lum.
654 3092 828 3151 sissis
853 3111 981 3168 ergo
1008 3096 1072 3152 ad
1098 3100 1440 3170 exsequenda
1469 3102 1777 3173 cou5picuis
1812 3121 1923 3161 suae
1956 3107 2066 3163 dis-

485 3180 768 3249 positionis
810 3186 1280 3254 cooperatoribus,
1324 3189 1417 3257 qui
1460 3199 1586 3244 sunt
1631 3192 2066 3249 administratorii

2152 2034 2326 2089 hostis
2360 2036 2615 2092 instinctu
2648 2038 2869 2109 maligni
2911 2040 3136 2108 contigit
3176 2040 3462 2106 Saxones,
3509 2055 3711 2109 quorum

2154 2127 2388 2182 maxima
2431 2142 2558 2199 pars
2588 2129 2761 2184 adhuc
2802 2130 2857 2184 in
2904 2130 3217 2187 inﬁdelitate
3252 2133 3528 2196 durabat,
3559 2131 3706 2186 Inﬁ-

2152 2230 2275 2270 cam
2320 2232 2425 2286 qua
2467 2233 2681 2274 sacrum
2727 2234 2924 2290 corpus
2955 2220 3170 2290 jacebat
3200 2223 3518 2287 humatum,
3551 2225 3706 2277 iterata

2154 2308 2518 2375 succendere,
2570 2318 2626 2365 et
2673 2318 2867 2365 cuncta
2916 2312 3338 2382 circumquaque
3387 2324 3622 2368 vastare.
3662 2313 3720 2368 Et

2155 2414 2277 2455 cum
2316 2414 2411 2469 per
2448 2400 2684 2455 triduum
2731 2400 2849 2470 ejus
2894 2412 3198 2472 quaererent
3243 2405 3588 2474 sepulcrum,
3633 2405 3724 2459 Deo

2154 2489 2506 2560 providente,
2552 2491 2793 2561 reperire
2835 2492 3210 2562 nequiverunt.
3252 2494 3413 2551 Unde
3462 2497 3726 2552 acciditut

2157 2581 2300 2637 idem
2330 2582 2482 2638 locus
2510 2581 2601 2636 diu
2633 2582 2976 2637 solitudinem
3000 2592 3300 2654 pateretur.

2230 2714 2411 2771 XVIII.
2452 2715 2661 2773 Interea
2693 2715 2953 2789 Gregorio
2998 2719 3296 2775 venerabili
3333 2720 3569 2785 abbate,
3603 2719 3735 2790 cujus

2161 2824 2322 2881 supra
2356 2811 2684 2868 mentionem
2732 2810 2977 2879 fecimus,
3013 2813 3081 2868 ab
3112 2812 3212 2868 hac
3257 2813 3510 2868 instabili
3542 2814 3738 2868 habita-

2164 2902 2308 2961 tione
2339 2902 2391 2959 in
2438 2904 2654 2960 domum
2700 2905 3017 2960 aeternitatis
3057 2906 3373 2977 migrantes,
3423 2907 3738 2977 ccursangui-

2164 3009 2297 3049 neus
2336 2992 2451 3062 ejus
2485 2994 2734 3049 Albricus
2759 2994 3076 3065 dignitatem
3106 2996 3348 3064 suscepit
3384 2994 3741 3063 Trajecteusls

2148 3084 2456 3157 cathedras
2499 3085 2597 3153 Qui
2644 3101 2765 3140 cum
2818 3085 3042 3141 haberet
3070 3087 3364 3155 quemdam
3410 3088 3601 3146 virum
3653 3087 3743 3142 Deo

2167 3174 2407 3244 dignum,
2473 3175 2572 3229 sibi
2622 3173 2841 3244 speciali
2900 3174 3094 3230 aﬂectu
3147 3176 3501 3244 devinctum,
3551 3180 3746 3233 nomine

481 3270 701 3338 cpiritus
732 3272 785 3325 in
832 3275 1175 3330 ministerium
1202 3278 1348 3332 missi
1373 3291 1581 3349 propter
1607 3298 1693 3335 eos
1724 3284 1813 3352 qui
1838 3283 2060 3338 bteredi-
2088 3270 2133 3331 (ἶ
2166 3264 2469 3336 [Miserum
2496 3306 2511 3332 ο
2549 3265 2890 3335 Ροειηῖοάυίη
2913 3266 3204 3337 Pomm“li
3235 3269 3455 3324 honore
3502 3270 3746 3331 mbum‘

485 3365 643 3413 tatem
668 3361 877 3431 capiunt
905 3365 1093 3420 salutis
1123 3366 1309 3433 (Hebr.
1341 3368 1380 3439 ι)
1402 3408 1417 3435 ,
1456 3370 1611 3439 jubet
1648 3372 1882 3427 rescindi
1924 3372 2060 3444 liga-

487 3450 631 3506 mina
662 3456 916 3522 pectoris.
958 3456 1290 3513 Relaxantur
1319 3468 1497 3525 artus,
1529 3444 1888 3531 expediuntur
1931 3465 2064 3521 late-

489 3540 945 3614 brmganimteque
969 3548 1209 3605 dilﬁcilcs
1239 3566 1422 3605 morte.
1454 3552 1545 3606 llla
1572 3553 1786 3608 tandem
1814 3556 2065 3612 reseratis

487 3632 589 3688 sibi
615 3633 975 3693 claustrorum
991 3637 1194 3708 januis,
1219 3642 1369 3697 exilit
1393 3642 1611 3709 alacris,
1640 3660 1703 3699 ac
1727 3644 1846 3701 luce
1865 3646 2065 3703 clarius

488 3721 811 3783 mirantibus
834 3729 1078 3798 jungitur
1103 3733 1469 3788 cmlieolarum
1498 3736 1706 3800 turmis,
1732 3751 1851 3790 cum
1874 3739 2066 3807 quibus

487 3810 852 3882 hymnizando
901 3831 1150 3888 penetrat
1195 3823 1370 3878 aulam
1419 3826 1567 3895 regni
1601 3827 1853 3893 cmlestis,
1895 3829 2067 3898 pridie

490 3901 613 3956 ldus
639 3907 838 3961 mensis
868 3907 1206 3975 Novembris,
1234 3922 1288 3968 et
1312 3916 1539 3984 percipit
1573 3933 1600 3969 a
1634 3916 1865 3988 benigno
1893 3935 2068 3973 renut-

2166 3367 2304 3423 tum,
2359 3359 2437 3413 sic
2490 3357 2683 3413 aﬁatus
2726 3367 2810 3413 est
2856 3373 3019 3414 eum:
3069 3358 3137 3413 Mi
3196 3358 3375 3415 frater
3438 3362 3746 3417 charissim:

2162 3447 2428 3518 Ludgere,
2458 3463 2579 3504 cum
2613 3448 2852 3503 noverim
2875 3464 2939 3504 ea
2964 3464 3084 3518 quae
3114 3450 3182 3504 ad
3198 3450 3452 3506 divinam
3486 3452 3746 3521 pertineat

2162 3538 2475 3608 religionem
2528 3538 2767 3595 studiose
2814 3540 3120 3610 exquirere,
3159 3540 3359 3596 hortor
3413 3557 3488 3597 ac
3533 3540 3747 3612 postulo.

2164 3626 2282 3682 loco
2310 3628 2381 3681 illi
2412 3644 2518 3697 quo
2548 3643 2759 3685 sacrum
2784 3644 2978 3698 corpus
3003 3629 3245 3686 Lebwini
3268 3632 3493 3688 Christi
3514 3633 3751 3688 sacer-doc

2167 3719 2233 3772 tis
2262 3720 2590 3774 reconditum
2621 3718 2740 3787 fuit,
2785 3728 2834 3776 te
2860 3735 3043 3776 curam
3075 3722 3414 3792 impendere,
3463 3734 3521 3779 et
3549 3735 3610 3779 ut
3636 3739 3665 3777 a
3686 3735 3744 3786 te,

2167 3811 2275 3866 Deo
2304 3810 2593 3878 revelante,
2630 3812 2855 3868 inveniri
2881 3812 3076 3878 valeat,
3110 3828 3448 3884 magnopere
3480 3817 3743 3872 elaborare

2168 3911 2329 3973 atque
2381 3904 2447 3957 ad
2495 3904 2894 3959 concinnandas
2943 3903 3050 3958 Deo
3097 3904 3287 3961 laudes
3319 3907 3595 3976 templum
3637 3908 3747 3961 inibi

486 4002 740 4047 novatore
777 4012 874 4053 suo
898 3999 1251 4055 Itwreditatem
1293 4003 1737 4074 incorruptibilcm
1760 4018 1806 4060 et
1832 4008 2056 4061 inconta-

2169 4008 2329 4061 supcr
2361 3992 2486 4049 illud
2525 3994 2811 4049 mdiﬁeare.
2842 3994 3023 4061 Qualis
3049 3996 3255 4051 etenim
3287 4007 3651 4068 quantusque
3684 4000 3751 4051 vir

486 4082 741 4138 minutam
769 4096 816 4141 et
847 4088 1324 4145 immarcescibilem
1357 4092 1407 4163 (Ι
1435 4091 1581 4148 l’etr.
1605 4095 1668 4164 ι),
1695 4105 2066 4151 conservatam

486 4175 590 4231 sibi
621 4191 740 4232 cum
769 4179 1019 4235 omnibus
1043 4182 1265 4245 sanctis,
1289 4200 1447 4253 quam
1467 4185 1648 4240 oculus
1678 4203 1780 4240 non
1808 4187 1954 4251 vidit,
1978 4203 2069 4240 nec

485 4268 632 4321 auris
681 4268 904 4336 audivit,
934 4286 1024 4324 nec
1065 4273 1119 4325 in
1153 4289 1242 4326 cor
1277 4274 1500 4327 hominis
1531 4276 1780 4342 ascendit,
1804 4292 1964 4346 quam
1994 4276 2070 4330 illi

484 4366 542 4413 et
564 4360 813 4416 omnibus
834 4378 887 4416 se
912 4362 1243 4431 diligentibus
1271 4363 1409 4417 Deus
1440 4365 1507 4420 ab
1532 4376 1732 4421 aeterno
1758 4366 2069 4421 misericor-

485 4449 628 4504 diter
650 4438 958 4522 prwparavit
989 4453 1121 4524 (lea.
1159 4471 1313 4520 LXIV;
1353 4454 1380 4508 Ι
1412 4451 1535 4510 Cor.
1561 4454 1648 4527 ll),
1678 4465 1840 4526 atque
1866 4472 2071 4527 prmpa-

486 4548 661 4593 ratam
704 4542 827 4595 huic
864 4540 1019 4610 juxta
1048 4544 1127 4598 sui
1157 4544 1477 4614 praesagium
1513 4545 1745 4599 nominis
1776 4546 1875 4600 sibi
1901 4546 2070 4602 charo

2171 4080 2352 4145 fuerit,
2383 4092 2471 4136 tua
2498 4082 2807 4139 fraternitas
2835 4085 3035 4155 optime
3076 4086 3249 4140 novit.
3279 4085 3380 4141 llis
3409 4090 3751 4157 acquiescas

2173 4175 2389 4230 monitis
2418 4176 2664 4246 egregius
2693 4177 2994 4248 Ludgerus,
3031 4178 3185 4233 omni
3213 4179 3467 4234 adhibita
3505 4179 3751 4235 sollicitu-

2171 4269 2317 4335 dine,
2344 4285 2527 4341 agrum
2562 4271 2613 4325 in
2662 4286 2768 4340 quo
2796 4271 3078 4325 thesaurus
3111 4270 3199 4326 ille
3240 4279 3364 4325 erat
3412 4271 3754 4327 absconditus

2172 4358 2372 4414 excolit
2405 4374 2501 4429 pro
2526 4359 2749 4424 viribus,
2791 4359 2979 4414 similis
3006 4360 3217 4415 homini
3255 4363 3461 4416 bonam
3507 4363 3755 4431 margari-

2174 4456 2282 4503 tam
2323 4447 2583 4518 quserenti
2621 4449 2912 4503 studiosus.
2947 4448 3014 4502 Et
3064 4451 3317 4520 quamvis
3356 4453 3592 4507 minime
3624 4454 3754 4522 quod

2175 4536 2517 4593 desiderabat
2551 4537 2751 4594 valeret
2781 4538 3039 4600 invenire,
3074 4549 3305 4596 mmstus
3331 4543 3542 4612 oppido
3589 4554 3752 4597 tamen

486 4632 663 4686 amico
685 4632 968 4703 dignanter
994 4612 1258 4702 attribuit,
1287 4612 1478 4691 aﬁ‘atus
1502 4636 1652 4691 illum
1682 4637 1915 4706 alloquio
1939 4637 2056 4691 ami

2174 4627 2312 4682 intra
2360 4629 2591 4699 spatium
2643 4630 2742 4684 loci
2782 4618 2895 4699 quo
2944 4630 3238 4698 putabatur
3274 4636 3573 4700 contineri,
3606 4637 3755 4703 cepit

485 4723 686 4778 cabili:
728 4724 894 4795 Euge,
927 4727 1090 4781 chare
1118 4729 1213 4794 mi,
1244 4745 1393 4798 euge,
1436 4746 1576 4782 serve
1615 4730 1743 4783 bone
1776 4740 1824 4783 et
1865 4730 2068 4800 ﬁdelis,

484 4814 609 4885 quia
631 4830 789 4884 super
830 4832 1000 4883 pauca
1026 4816 1171 4885 fuisti
1200 4817 1392 4887 ﬁdelis,
1417 4835 1572 4883 super
1598 4818 1762 4872 multa
1797 4828 1845 4872 te
1882 4821 2073 4874 consti-

488 4910 656 4968 tuam,
681 4904 818 4957 intra
839 4905 892 4957 in
913 4906 1163 4973 gaudium
1188 4906 1397 4960 Domini
1419 4907 1495 4959 tui
1519 4906 1732 4977 (Mattio.
1761 4907 1907 4977 xxv).
1934 4907 2073 4962 llinc

491 4990 577 5043 illa
605 5000 789 5046 sancta
813 4993 985 5048 sancti
1014 4994 1113 5048 viri
1144 4994 1320 5048 anima
1345 4995 1694 5050 secretarium
1726 4995 1898 5049 laudis
1918 5006 2072 5050 teter-

489 5095 573 5127 ιιν
612 5081 875 5131 ingressa,
927 5084 1205 5134 nrimnmm
1250 5084 1421 5136 heatm
1465 5084 1885 5139 inunorlalitatis
1934 5085 2069 5132 stola

2175 4716 2453 4772 basilicam
2492 4716 2778 4774 aediﬁcare.
2832 4719 2936 4774 Sed
2974 4720 3123 4799 bono
3168 4723 3281 4778 viro
3321 4722 3466 4777 bona
3504 4724 3756 4795 quaerenti

2175 4822 2282 4860 non
2332 4805 2499 4861 defuit
2556 4806 2920 4864 manifestatio
2970 4809 3235 4868 bonitatis
3286 4812 3532 4868 Domini.
3585 4813 3757 4868 Visum

2175 4898 2402 4967 denique
2432 4899 2479 4954 ei
2503 4902 2659 4954 estin
2687 4901 2889 4955 somnis
2913 4902 3316 4958 sanctissimum
3347 4905 3559 4960 Christi
3589 4922 3757 4961 sacer-

2175 4987 2350 5041 dotem
2377 4987 2691 5043 Lebwinum
2719 5005 2900 5044 secum
2922 4989 3089 5060 loqui,
3114 5002 3170 5047 ct
3201 4994 3282 5048 sui
3306 4995 3569 5066 detegere
3592 4997 3755 5050 locum

2176 5078 2421 5128 senulcri.
2452 5093 2617 5124 senile.
2648 5080 2717 5124 ita
2749 5079 2935 5130 alTari:
2971 5080 3292 5147 Laudabile,
3318 5084 3526 5157 inquit,
3548 5104 3610 5143 ac
3658 5087 3757 5140 De.)
