3916 6410
148 439 279 499 895

825 446 1374 507 COMMENTARIUS
1412 446 1499 503 DE
1538 447 1597 505 S.
1637 448 1903 506 JONATO
1939 444 2214 510 ᾹΠΒΑἸῈ
2252 454 2789 518 MARCHIANENSL

3330 464 3436 525 895

150 558 385 653 gavisus
412 566 496 653 est
524 557 817 653 invenisse.
849 560 1039 653 Oblata
1073 564 1256 635 itaque
1286 564 1418 632 Deo,
1441 577 1502 623 ut
1525 569 1747 641 dignum
1778 573 1826 634 Α
1853 584 2024 639 usque
2053 570 2105 625 in
2132 585 2375 651 praesens
2393 574 2561 645 signis
2585 576 2894 633 declaratur
2920 593 2984 633 ac
3007 578 3298 637 virtutibus
3317 597 3439 653 quae

148 655 301 712 erat,
333 648 386 702 in
412 650 626 723 hymnis
669 658 721 706 et
750 652 972 720 psalmis
1014 656 1314 724 gratiarum
1341 659 1576 726 actione,
1614 660 1753 716 dila-

1854 679 1954 734 per
1977 665 2093 735 ejus
2136 666 2328 720 merita
2362 666 2416 720 in
2454 683 2581 723 suos
2625 668 2810 726 fideles
2858 672 3072 743 operari
3115 688 3330 743 semper
3358 676 3439 731 di-

152 739 274 794 tari
303 739 431 835 fecit
450 744 681 813 spatium
705 744 917 800 aedilicii
942 747 1083 804 illius
1104 759 1375 819 quatenus
1404 751 1536 807 inibi
1567 752 1755 809 lauda—
1856 769 2057 830 gnatur
2075 758 2357 815 ineffabilis
2379 763 2617 831 potentia
2646 765 2863 835 benigni
2896 739 3025 823 desu
3053 766 3147 823 Dei
3176 739 3441 825 et-Domi-

150 840 318 887 retur
370 831 655 890 thesaurus
700 851 732 890 a
780 851 864 903 se,
892 838 1122 895 Domino
1152 841 1444 907 revelante,
1485 852 1752 913 repertus.

150 920 439 989 Quantum
505 926 737 998 denique
799 930 873 986 sit
920 932 1190 1001 pretiosus
1258 933 1330 990 ab
1390 948 1456 991 eo
1518 944 1760 1007 tempore

1859 851 1911 905 ni
1945 851 2133 906 nostri.
2167 851 2267 918 Qui
2307 867 2427 930 cum
2485 853 2645 911 Patre
2673 865 2727 912 et
2756 857 2960 928 Spiritu
3009 868 3198 915 sancto
3226 860 3357 915 vivit
3385 866 3443 916 et

1858 949 2048 1011 regnat
2067 956 2166 1012 per
2195 940 2403 996 inﬁnita
2435 946 2629 1001 saecula
2652 948 2991 1005 sarculo'rum.
3022 949 3217 1008 Amen.

160 1106 3434 1152 Μ

904 1292 1480 1389 MONITUM
1557 1303 1682 1390 IN
1754 1300 2062 1396 OPUS
2129 1302 2702 1411 SEQUENS.

247 1483 771 1574 commentarium
798 1485 1171 1574 historicum
1205 1487 1279 1550 de
1304 1495 1519 1574 sancto
1562 1490 1809 1574 {onem
1836 1489 2119 1574 _a_d_diem_
2144 1494 2174 1554 1
2226 1494 2502 1574 Augusti
2549 1492 2873 1557 ediderunt
2910 1494 3332 1569 Bollandistce,
3375 1498 3448 1561 in

156 1581 293 1653 quo
324 1565 825 1657 intermiscentur
850 1567 1207 1657 fragmenta.
1231 1568 1879 1657 s;rmqr_zis_l£ucb_al_d§
1905 1569 1977 1631 de
2006 1569 2210 1657 eodem
2239 1565 2575 1657 {quam};
2611 1574 2694 1634 ad
2728 1575 2951 1657 calcem
2986 1575 3218 1657 legitur
3250 1565 3449 1657 histo-

156 1643 272 1732 ria
306 1643 664 1732 aquationis
690 1643 980 1723 corporis
1005 1646 1208 1732 sancti:
1231 1646 1452 1732 Ιρῃαξὶ
1478 1646 1552 1732 ᾳζ)
1578 1647 1909 1732 Hucbaldo
1939 1650 2201 1732 scripta.
2230 1643 2742 1732 Disquisitionem
2774 1654 2932 1718 hanc
2961 1643 3450 1717 eruditissimum

157 1718 271 1783 hic
302 1720 675 1797 exhibemus,
707 1718 841 1805 qut}:
867 1731 1015 1784 sunt
1038 1723 1359 1787 Hucbaldi
1384 1724 1613 1789 Italico
1655 1726 2008 1790 charactere
2032 1718 2503 1808 distinguent”.

578 2040 761 2155 DE
849 2040 1409 2161 SANCTO
1490 2045 2045 2162 JONATO
2128 2047 3040 2211 CONFESSORE

1169 2262 1444 2319 ABBATE
1479 2263 1503 2320 Ι
1538 2263 2056 2323 MARCHIANENSI
2090 2267 2160 2323 1N
2196 2268 2445 2326 BELGIO

915 2438 1861 2534 COMMENTARIUS
1928 2443 2687 2539 HISTORICUS.

1353 2633 1528 2707 (Apud
1554 2633 1827 2704 Bolland.,
1856 2638 1923 2693 ad
1950 2636 2093 2693 diem
2125 2637 2148 2691 l
2183 2636 2347 2708 Aug.)

1610 2797 1978 2813 ἠ

289 2941 390 3017 δι.
420 2971 488 2981 —-
522 2940 726 2996 Notitia
774 2937 876 2994 loci
917 2946 964 2993 et
1004 2937 1198 3005 sancti,
1243 2936 1460 3012 ejusque
1510 2948 1655 3012 gesta

842 3018 892 3065 et
929 3020 1079 3064 mtas.

257 3127 311 3181 l.
351 3126 427 3180 De
450 3123 644 3181 celebri
681 3123 785 3178 hoc
814 3123 1084 3188 ccenobio,
1113 3138 1141 3179 a
1178 3137 1309 3179 vero
1336 3122 1503 3196 Belgii
1535 3122 1776 3193 apostolo

176 3222 247 3276 5.
281 3220 527 3275 Amando
555 3233 676 3272 cum
728 3224 806 3271 tot
834 3216 954 3271 aliis
1002 3215 1239 3281 condito,
1273 3214 1413 3286 quod
1470 3216 1773 3281 Murtimta',

179 3310 475 3367 Marcenite
518 3318 574 3367 et
618 3308 882 3363 Marceme
937 3308 1165 3377 aliisque
1221 3308 1396 3363 modis
1446 3307 1775 3374 inﬂectitur,

170 3404 300 3475 jam
350 3403 509 3458 toties
558 3402 615 3455 in
665 3399 813 3455 Actis
864 3399 1065 3454 nostris
1115 3397 1443 3468 loquendum
1489 3397 1608 3463 fuit,
1660 3406 1775 3453 tum

176 3494 490 3567 prmsertim
520 3508 641 3549 cum
669 3492 736 3547 de
772 3491 949 3562 primo
989 3491 1105 3562 ejus
1133 3499 1355 3545 auctore
1381 3491 1447 3545 ad
1478 3490 1510 3544 6
1538 3490 1778 3546 Februa-

178 3586 284 3650 rii,
339 3595 451 3641 tum
504 3585 571 3640 de
614 3582 730 3652 ejus
778 3582 1024 3637 dotatore
1080 3590 1135 3636 et
1180 3580 1444 3636 dotatrice
1483 3580 1780 3636 Adalbaldo

183 3681 226 3734 2
262 3677 539 3741 februarii,
573 3684 627 3731 et
655 3675 713 3730 S.
750 3675 1008 3730 Rictrude
1058 3673 1126 3728 12
1155 3672 1282 3728 Maii
1316 3670 1431 3727 fuse
1457 3688 1520 3727 ac
1567 3672 1778 3728 erudite

180 3773 522 3842 disputatum
552 3777 665 3832 est;
710 3767 1161 3838 quemadmodum
1199 3773 1254 3820 et
1297 3766 1389 3821 ubi
1422 3765 1485 3820 de
1544 3765 1778 3821 Eusebia

179 3864 303 3919 ﬁlia
336 3846 401 3917 1'6
428 3861 635 3927 Martii;
666 3861 850 3923 toties,
878 3860 1118 3930 inquam,
1147 3859 1411 3931 agendum
1438 3856 1566 3925 fuit,
1593 3868 1651 3912 ut
1691 3859 1782 3913 hic

180 3951 439 4030 pltiribus
480 3956 830 4025 supersedere
853 3967 1160 4023 possemus,
1192 3951 1293 4005 nisi
1336 3950 1561 4020 paucula
1591 3950 1780 4005 saltem

182 4044 568 4118 prannittenda
620 4042 818 4108 forent,
876 4057 996 4112 qua:
1039 4057 1160 4096 cum
1218 4042 1391 4111 primo
1439 4040 1543 4095 loci
1590 4042 1784 4095 abbate

185 4136 458 4207 singulari
504 4135 737 4206 quadam
784 4135 980 4189 unione
1029 4140 1443 4190 connectuntur.
1501 4133 1567 4186 Et
1619 4134 1781 4186 situm

1802 2944 1848 3004 Β
1878 2942 2151 3012 pontificis
2177 2942 2559 3016 discipulorum
2596 2909 2769 3014 unus,
2806 2944 2923 3015 ejus
2971 2962 3126 3004 sacra
3157 2950 3464 3009 eruditione

1878 3033 2166 3088 admodum
2195 3032 2532 3103 informatus,
2556 3036 2620 3091 ad
2651 3038 2751 3093 hoc
2768 3036 3002 3093 ofﬁcium
3030 3040 3254 3097 idoneus
3275 3041 3465 3098 inven-

1881 3130 1965 3176 tus
1995 3132 2097 3178 est.
2134 3122 2237 3178 Sed
2268 3140 2374 3179 non
2405 3135 2528 3195 post
2550 3125 2778 3182 multum
2808 3129 3065 3199 temporis
3108 3128 3284 3185 altiori
3314 3130 3465 3185 inve-

1881 3213 2172 3284 stigatione
2232 3216 2539 3272 consultum
2608 3227 2711 3284 est,
2784 3228 2846 3274 ut
2902 3219 3159 3290 quoniam
3230 3219 3465 3292 gloriosa

1882 3314 2056 3360 mater
2080 3304 2357 3362 Rictrudis
2384 3306 2485 3363 loci
2524 3308 2822 3375 fundatrix,
2864 3319 2917 3365 et
2943 3310 3317 3366 universorqu
3344 3326 3467 3381 quas

1882 3397 1952 3451 ibi
1983 3398 2285 3453 contradita
2329 3397 2565 3465 fuerant,
2610 3400 2824 3455 domina
2857 3400 2911 3454 in
2949 3400 3038 3454 illo
3064 3410 3252 3456 sancto
3277 3410 3468 3457 contu-

1882 3489 2071 3544 bernio
2100 3490 2241 3544 inter
2270 3504 2454 3545 servos
2480 3489 2576 3544 Dei
2609 3489 2859 3545 famulari
2892 3491 3200 3559 videbatur,
3231 3508 3465 3563 congru-

1880 3581 2058 3637 entius
2093 3582 2231 3636 foret
2270 3583 2493 3637 secundi
2540 3598 2701 3638 sexus
2748 3584 2935 3638 fideles
2997 3584 3196 3639 ibidem
3246 3586 3313 3638 ad
3352 3598 3471 3639 ser-

1881 3673 2135 3728 viendum
2188 3672 2499 3738 immittere,
2542 3673 2598 3727 et
2629 3673 2772 3729 illius
2813 3682 3014 3730 sancta:
3063 3674 3471 3731 inhabitationis

1882 3764 2171 3836 primatum
2214 3764 2703 3820 sanctimonialium
2752 3765 2998 3821 ordinem
3048 3766 3317 3821 obtinere.
3366 3764 3470 3821 Se-

1884 3871 2030 3915 moto
2053 3859 2342 3930 siquidem,
2365 3874 2496 3930 pace
2524 3875 2737 3926 eorum,
2778 3861 2953 3917 adlmc
2989 3862 3202 3917 modico
3228 3862 3471 3917 virorum

1885 3951 2278 4016 conventiculo,
2310 3952 2519 4007 nobiles
2547 3964 2808 4007 matrona:
2852 3953 2980 4007 illuc
3022 3953 3261 4023 undique
3290 3964 3470 4009 certa-

1888 4042 1980 4094 tim
2021 4041 2325 4106 conﬂuunt;
2379 4043 2642 4113 religiosae
2702 4044 2894 4108 vidum,
2951 4059 3071 4113 quae
3122 4059 3249 4099 vere
3298 4046 3473 4099 vidua:

1886 4141 2062 4201 erant,
2095 4134 2349 4190 alacriter
2375 4145 2739 4201 concurrunt;
2771 4136 3026 4206 puellaris
3055 4136 3219 4191 etiam
3249 4136 3475 4206 pudoris

187 4230 413 4301 quidem
464 4229 596 4284 satis
658 4227 896 4283 breviter
948 4224 1201 4281 describit
1258 4224 1488 4280 ρωποι)ἰί
1543 4224 1782 4294 ejusdem
1881 4222 2141 4292 juventus
2187 4233 2337 4279 casta
2389 4226 2784 4293 introducitur,
2848 4225 3144 4295 spiritualis
3204 4226 3475 4297 gymnasii

190 4318 670 4389 chronographus,
722 4317 777 4372 in
833 4316 938 4371 hac
994 4324 1150 4387 parte
1215 4316 1437 4372 minime
1483 4326 1782 4385 suspectus,
1813 4307 1857 4366 C
1890 4318 2194 4388 palarstram
2258 4333 2448 4374 omnes
2496 4319 2551 4373 in
2593 4334 2881 4374 commune
2933 4316 3343 4389 aggrediuntur.
3384 4315 3477 4373 Fit

192 4409 329 4465 dum
372 4409 448 4463 ait
476 4426 490 4462 :
529 4428 547 4458 ι
576 4407 1046 4463 Marcbianensem
1077 4407 1252 4462 locum
1286 4406 1787 4463 circumﬂuentibus

195 4499 358 4570 aquis
403 4508 459 4554 et
504 4499 734 4570 palustri
780 4498 1044 4554 arundine
1084 4498 1434 4563 circumdari,
1477 4501 1788 4567 liabcreque

196 4605 396 4644 versus
444 4588 749 4658 aquilonem
806 4587 998 4642 silvam
1039 4587 1323 4658 grandem,
1367 4588 1431 4641 ad
1479 4586 1787 4641 Australem

196 4695 408 4760 partem
439 4686 658 4742 ﬂuvium
706 4685 987 4756 Scarpam,
1021 4686 1111 4755 qui
1164 4684 1365 4741 labitur
1390 4686 1456 4740 ad
1499 4687 1788 4749 orientem,

201 4796 271 4836 ex
302 4779 456 4848 cujus
485 4788 713 4850 utraque
738 4790 890 4849 parte
926 4780 1171 4849 adjacent
1200 4788 1353 4850 prata
1401 4777 1585 4833 herbis
1633 4777 1790 4848 paln—

204 4872 410 4928 stribus
435 4879 626 4925 strata.
660 4889 677 4923 ι
710 4869 861 4925 Jacet
882 4871 1022 4926 inter
1044 4870 1279 4924 Dnacum
1306 4878 1360 4923 ct
1389 4868 1647 4923 Elnonem
1680 4868 1793 4921 sive

205 4962 620 5033 Amandapolim
661 4961 799 5032 (non
849 4959 1346 5028 Audomaropolim,
1389 4967 1448 5012 ut
1496 4974 1619 5012 cum
1671 4958 1795 5011 aliis

207 5053 349 5109 male
413 5054 597 5108 scribit
649 5051 1015 5120 Maliillonius)
1054 5051 1225 5105 tribus
1271 5049 1489 5104 circiter
1540 5049 1795 5118 utrinque

204 5143 377 5199 leucis
403 5143 670 5198 dissitum.
717 5142 792 5197 De
838 5141 1027 5211 primis
1057 5154 1236 5194 rerum
1286 5137 1570 5208 angustiis,
1623 5138 1795 5207 deque

208 5233 561 5304 amplissimis
620 5233 1069 5304 possessionibus,
1134 5231 1329 5299 quibus
1374 5228 1716 5297 postmodum
1765 5243 1796 5281 a

207 5324 270 5379 S.
305 5320 563 5378 Rictrude
626 5322 853 5377 ditatum
914 5329 1028 5386 est,
1088 5316 1415 5373 eonsulenda
1477 5315 1597 5370 eius
1653 5314 1791 5379 Vita,

208 5427 331 5481 cap.
359 5412 415 5466 2.

282 5502 335 5556 Ξ.
378 5501 682 5556 Chronicon
736 5499 876 5571 apud
923 5515 1021 5555 nos
1081 5514 1181 5553 ms.
1239 5495 1309 5550 ita
1359 5511 1470 5551 rem
1520 5495 1793 5565 explicat:

220 5612 240 5646 ι
262 5593 317 5648 ln
344 5594 533 5650 eodem
566 5610 695 5650 vero
724 5593 841 5649 loco
865 5595 1096 5664 primum
1122 5606 1285 5647 sexus
1304 5588 1588 5646 masculini
1614 5605 1798 5660 perso-

1891 4411 2105 4466 interim
2132 4412 2280 4467 locus
2303 4412 2577 4482 pudicitia:
2596 4411 2948 4478 domicilium,
2976 4410 3161 4466 schola
3190 4410 3473 4477 virtutum,

1890 4501 2029 4556 Ovile
2071 4492 2474 4557 Domilﬁcarum
2504 4502 2705 4567 ovium,
2737 4503 2804 4556 ad
2844 4518 2963 4572 qua:
2991 4502 3172 4557 omnia
3201 4500 3477 4557 Rictrudis

1895 4604 1974 4648 ter
2002 4595 2170 4648 beata:
2223 4594 2438 4651 animus
2488 4594 2840 4650 vehementer
2874 4593 3110 4650 exsultat
3144 4593 3201 4649 in
3247 4594 3478 4650 Domino

1893 4687 2252 4740 dominorum.
2299 4706 2317 4739 ι

1964 4778 2017 4830 5.
2060 4775 2184 4831 Ηωο
2230 4778 2296 4832 ad
2341 4778 2574 4849 aliquam
2612 4779 2809 4835 seriem
2844 4787 3061 4835 revocat
3102 4776 3475 4844 Mabillonius,

1888 4863 2002 4933 jam
2031 4867 2156 4923 dato
2183 4877 2327 4923 textu
2358 4886 2463 4925 non
2500 4870 2657 4941 plane
2684 4869 2946 4926 conformi
2980 4871 3034 4925 in
3065 4866 3478 4924 Observationi-

1896 4949 1995 5002 bus
2026 4951 2237 5017 prmviis
2266 4968 2390 5007 sarc.
2422 4952 2620 5023 ll,pag.
2650 4951 2774 5018 958,
2808 4951 2895 5005 ubi
2925 4966 3029 5004 una
3054 4949 3313 5020 lugendas
3334 4963 3479 5019 prte-

1897 5040 2031 5094 clari
2062 5042 2294 5096 coenobii
2334 5043 2734 5098 vicissitudines
2760 5043 2946 5110 paucis
2976 5055 3308 5105 memorans,
3342 5038 3418 5093 ait
3446 5053 3480 5094 ιι

1899 5130 2000 5189 SS.
2052 5132 2297 5186 Amando
2342 5141 2396 5187 et
2442 5131 2706 5188 Autberto
2748 5148 2868 5202 cpp.
2919 5148 2971 5185 vi
3013 5130 3130 5185 Kal.
3162 5129 3481 5188 Novembris

1898 5225 2211 5281 solemniter
2230 5224 2533 5279 dedicatum
2560 5224 2722 5278 fuisse
2751 5222 2804 5276 iu
2832 5222 3092 5276 honorem
3116 5221 3481 5292 apostolorum

1900 5315 2044 5370 Petri
2069 5324 2123 5368 ct
2143 5312 2293 5367 Pauli
2332 5333 2344 5367 :
2378 5313 2472 5369 Cui
2514 5313 2875 5375 monasterio,
2925 5311 3212 5380 inquit,S.
3256 5310 3482 5367 Jonalus

1905 5399 2067 5451 abbas
2110 5398 2313 5466 primus
2364 5395 2648 5463 prafectus
2700 5403 2800 5449 est.
2843 5391 3046 5462 Duplex
3090 5407 3155 5447 eo
3206 5391 3259 5447 in
3298 5392 3415 5447 loco
3449 5409 3483 5448 ει

1900 5490 2076 5561 primo
2114 5488 2330 5545 condita
2372 5486 2475 5541 fuit
2521 5484 2901 5556 congregatio,
2984 5485 3370 5538 monachorum
3419 5474 3484 5539 ac

1902 5580 2425 5644 sanctimonialium;
2470 5577 2575 5632 illis
2608 5575 2850 5640 Jonatus,
2905 5575 2992 5630 bis
3036 5574 3310 5631 Rictrudis
3345 5589 3484 5644 prte-

216 5690 322 5754 nis,
356 5689 422 5745 ad
452 5688 795 5744 serviendum
827 5660 1105 5759 delegatis,
1138 5692 1323 5756 pastor
1353 5681 1800 5753 vigilantissitnns
1830 5660 1877 5720 υ
1905 5683 2045 5732 erat.
2077 5672 2368 5729 Monachus
2397 5669 2505 5725 illic
2528 5671 2783 5741 primum,
2815 5670 3008 5726 deinde
3028 5667 3190 5742 paulo
3214 5676 3354 5740 post,
3379 5667 3485 5723 hoc

217 5785 275 5834 et
334 5789 655 5851 procurator
702 5779 930 5835 interius
993 5776 1342 5845 exteriusque
1390 5773 1473 5827 vir
1527 5773 1702 5829 ﬁdelis
1749 5785 1804 5829 et
1901 5778 1984 5825 est
2008 5784 2150 5823 anno
2174 5765 2393 5822 Circiter
2413 5765 2535 5831 647,
2566 5764 2801 5835 virgines
2834 5762 2945 5820 Deo
2968 5778 3153 5820 sacras
3182 5760 3345 5817 fuisse
3371 5760 3483 5848 col-

222 5869 451 5943 simplex
495 5870 658 5927 Jonas
713 5872 942 5927 donatus
974 5880 1078 5925 'est
1118 5868 1214 5923 eis.
1248 5867 1347 5935 Qui
1382 5865 1523 5923 beati
1574 5864 1799 5921 Amandi

1905 5861 2205 5921 locatas.iu
2234 5857 2485 5929 ‘gratiam
2538 5857 2594 5914 S.
2643 5856 2915 5913 Riclrudis
2965 5854 3277 5922 dotatrieis,
3322 5845 3485 5909 tradit
