3916 6426
451 439 556 495 895

1012 441 1265 502 HUCBAI
1288 438 1358 495 Dl
1389 439 1554 497 ΜΟΝ.
1587 444 1646 501 8.
1684 445 1943 501 AMANDI
1980 445 2129 504 OPP.
2169 448 2347 506 PARS
2385 451 2424 506 l.
2464 482 2529 492 -—
2569 453 3146 513 IIAGIOGRAPHICA.

3595 464 3699 519 896

450 557 893 631 chronographus
914 561 1360 618 Marcbianensis.
1393 563 1612 619 Vastato
1640 580 1670 617 a
1698 562 2021 621 Normannis
2046 578 2091 632 Α
2122 586 2268 627 rneas
2313 572 2473 628 modo
2516 582 2662 628 certe
2684 589 2788 629 non
2825 575 2957 629 satis
2987 576 3192 629 urbano
3213 618 3227 642 ,
3261 593 3437 648 neque
3473 579 3705 634 lienesto

452 648 778 704 monasterio
814 664 904 704 an.
930 650 1053 714 879,
1098 650 1531 705 sanctimoniales
1557 652 1812 720 paulatim
1833 652 1900 707 ad
1926 653 2022 707 de-

452 737 834 808 terioralapsae
865 748 1027 804 sunt,
1077 741 1251 795 donec
1296 740 1620 808 Balduinus,
1667 750 2023 814 cognomento

451 824 715 882 Barbatus
737 867 753 892 ,
789 828 1078 884 eliminatis
1105 830 1318 885 feminis
1339 874 1353 896 ,
1396 834 1688 886 monachos
1714 831 2022 898 substituit,

454 919 628 971 accito
650 918 918 984 Lieluino,
948 919 1217 975 Vedastini
1238 922 1469 977 ccenobii
1490 922 1683 977 abbate
1703 922 2020 987 clarissimo;

451 1007 541 1074 qui
591 1019 869 1077 postquam
921 1009 1094 1064 locum
1134 1011 1275 1064 rexit
1313 1026 1482 1066 annos
1516 1026 1733 1077 novem,
1774 1010 2024 1066 Alberico

398 1141 413 1149 η
453 1095 713 1166 discipulo
751 1113 847 1153 suo
873 1086 1111 1167 regimen
1134 1098 1542 1155 Marcbianense
1566 1102 1833 1170 imposuit.
1864 1103 2024 1158 Albe-

453 1186 568 1239 rico
622 1204 761 1241 anno
804 1188 939 1242 1048
971 1199 1203 1253 mortuo,
1250 1189 1308 1243 S.
1358 1189 1541 1261 Poppo
1572 1191 1910 1247 Stabulensis
1929 1207 2016 1257 ac,

455 1275 680 1331 decurso
717 1271 918 1340 meust:
942 1280 1179 1349 Popponi
1204 1280 1366 1336 Wido
1394 1281 1673 1336 successit.
1702 1283 1877 1351 Atque
1900 1282 2026 1338 hinc

453 1364 586 1418 satis
621 1374 765 1420 recte
797 1366 912 1420 lluit
946 1369 1198 1425 abbatum
1244 1368 1730 1425 Marchianensium
1758 1371 2026 1426 successio

451 1452 505 1508 in
533 1453 701 1510 Gallia
724 1456 1044 1521 Christiana,
1069 1475 1229 1527 quam
1252 1460 1391 1514 inter
1412 1458 1468 1514 8.
1493 1458 1745 1516 Jonatum
1790 1470 1845 1516 et
1868 1459 2028 1529 ,Liet-

450 1542 652 1597 wiuum
677 1560 942 1616 nusquam
973 1549 1228 1617 reperies.

520 1633 575 1687 4.
597 1634 765 1690 Porro
791 1635 850 1693 S.
871 1635 1114 1701 Jonatus.
1136 1640 1201 1694 de
1217 1656 1321 1709 quo
1337 1641 1425 1695 hic
1439 1642 1777 1710 potissimum
1791 1654 2021 1710 agimus,

452 1739 520 1779 ex
544 1725 834 1782 Elnunensi
864 1731 1115 1785 coenobio
1149 1731 1216 1785 ad
1245 1732 1534 1803 regendum
1559 1731 1963 1787 Marchianense
1991 1746 2023 1787 a

454 1811 513 1866 8.
538 1814 780 1869 Amando
808 1818 1128 1883 destinatus,
1174 1836 1278 1874 non
1324 1820 1420 1875 soli
1463 1822 1549 1875 isti
1593 1820 1827 1890 prmluit,
1854 1821 1946 1876 sed
1969 1829 2024 1875 et

454 1902 553 1971 ipsi
578 1905 741 1958 etiam
768 1906 1074 1972 Elnouensi,
1105 1918 1163 1963 ut
1189 1925 1255 1965 ex
1288 1907 1494 1977 cjudem
1524 1911 1836 1965 monasterii
1864 1911 2026 1966 chro-

453 1993 575 2046 nico
604 1995 836 2049 ostendit
863 1995 1105 2052 Cointius
1134 1986 1203 2053 ad
1230 2015 1428 2053 annum
1452 1996 1576 2066 645,
1607 2016 1750 2054 num.
1780 1999 1831 2052 2.
1856 1999 2028 2057 Chro-

454 2085 560 2139 nici
596 2086 755 2141 verba
788 2098 912 2143 sunt.
945 2105 959 2143 :
989 2109 1006 2143 ε
1032 2090 1305 2146 Amandus
1330 2092 1393 2146 de
1423 2105 1583 2161 grege
1609 2091 1710 2146 sibi
1738 2093 2026 2148 commisso

453 2174 736 2242 sollicitus,
799 2176 1199 2247 Trajectensem
1263 2196 1413 2236 suam
1488 2176 1767 2236 dioecesim
1808 2182 2027 2239 visitare

453 2266 717 2335 disposuit
744 2284 756 2321 :
791 2278 947 2322 antea
978 2278 1152 2324 tamen
1180 2269 1386 2326 Elnone
1423 2270 1569 2326 vices
1595 2279 1869 2341 gerentem
1899 2287 2027 2328 suas

454 2354 508 2408 iu
535 2356 781 2410 abbatem
814 2372 967 2411 suum
998 2359 1267 2413 ordinavit
1304 2359 1646 2429 discipulum,
1678 2361 1894 2415 nomine
1922 2360 2028 2416 Ur-

458 2459 600 2509 sum,
623 2446 714 2515 qui
738 2448 893 2502 annis
927 2448 1133 2518 aliquot
1161 2450 1499 2505 laudabiliter
1526 2450 1681 2516 rexit,
1721 2465 1786 2507 ac
1811 2453 2027 2508 tandem

454 2535 613 2591 beato
651 2536 756 2591 ﬁne
814 2539 1034 2607 quievit.
1063 2539 1159 2595 Cui
1205 2556 1237 2596 a
1274 2542 1430 2595 beato
1465 2540 1711 2596 Amando
1750 2543 2029 2597 ordinatus

455 2639 739 2680 successor
759 2636 979 2682 sanctus
1007 2627 1252 2695 Jonatus,
1277 2632 1358 2685 vir
1386 2630 1834 2697 modestissimus,
1862 2631 2031 2701 ipsius

458 2716 768 2769 monasterii
806 2718 1121 2784 monachus,
1150 2735 1307 2789 quem
1338 2719 1541 2788 pridem
1572 2718 1897 2774 Marchiauis
1923 2720 2029 2774 ins-

458 2806 674 2858 tituerat
729 2805 869 2859 idem
914 2806 1103 2863 beatus
1127 2809 1405 2864 Amandus
1441 2823 1673 2879 primum
1700 2810 1969 2864 abbatem.
2007 2828 2025 2861 ι

459 2897 718 2953 Praeclare
746 2900 922 2956 meriti
952 2908 1131 2955 essent
1166 2901 1315 2955 citati
1350 2899 1461 2970 jam
1500 2916 1664 2971 supra
1703 2902 2032 2972 chronogra-

456 2989 570 3058 phi,
603 2991 671 3056 si,
702 2993 841 3061 quod
866 2993 1100 3061 ipsorum
1121 3001 1256 3059 erat,
1280 3003 1430 3064 gesta
1460 2992 1668 3064 singula
1694 2993 1916 3064 singulis
1938 3011 2031 3049 an-

458 3082 541 3135 nis
591 3068 1457 3156 iuuexuissent,quemadmodum
1498 3093 1554 3139 et
1594 3084 1721 3154 illud
1753 3085 1894 3153 quod
1943 3100 2030 3139 re-

440 3168 564 3227 'l’erl
591 3190 656 3229 ex
681 3174 810 3244 ipsis
831 3173 1077 3231 Coimius
1107 3175 1173 3230 ad
1201 3190 1400 3230 annum
1424 3173 1528 3230 655
1553 3188 1567 3227 :
1594 3173 1859 3237 Amantio,
1887 3172 2028 3227 limi.

2124 664 2205 716 vir
2242 663 2343 717 iste
2371 678 2478 718 non
2503 664 2573 716 ita
2597 663 2802 733 pridem
2825 665 3084 733 repulitet
3109 667 3332 736 respuit,
3363 684 3472 721 non
3500 671 3706 725 usitato

2123 751 2177 805 in
2205 751 2508 820 hujusmodi
2540 753 2699 807 rebus
2719 740 2984 821 exemplo,
3016 755 3143 807 dum
3164 769 3227 809 ea
3250 755 3361 809 sola
3394 755 3705 825 ﬂagitarem

2122 841 2460 908 documenta,
2504 857 2624 911 qum
2666 843 2733 897 ad
2780 841 2837 897 8.
2867 842 3045 897 Jonati
3094 846 3305 912 patroni
3349 847 3436 899 sui
3473 846 3706 916 gloriam

2122 931 2426 986 conducere
2454 940 2722 1002 poterant.
2745 933 2952 987 Cmtera
2985 949 3089 987 non
3114 948 3435 1003 prosequar.

2193 1037 2246 1093 6.
2273 1036 2389 1092 Jam
2416 1038 2481 1092 ad
2525 1040 2696 1094 sancti
2724 1047 2933 1094 aetatem
2962 1041 3104 1110 quod
3150 1042 3365 1106 attinet,
3398 1059 3527 1097 eam
3558 1061 3709 1113 aeque

2123 1124 2339 1183 dubiam
2361 1139 2414 1181 et
2441 1126 2725 1182 obscuram
2757 1128 3028 1201 reliquere
3068 1130 3475 1201 chronogropbi
3513 1138 3706 1201 nostri,

2125 1233 2411 1287 nusquam,
2439 1217 2521 1271 vel
2560 1225 2784 1283 remote,
2822 1218 3121 1273 indicantes
3145 1233 3252 1288 quo
3294 1222 3528 1275 circiter
3570 1239 3710 1278 anno

2124 1310 2179 1365 in
2206 1310 2381 1365 lucem
2406 1308 2579 1364 editus
2607 1309 2694 1372 sit,
2726 1323 2832 1378 quo
2869 1309 3045 1365 factus
3069 1312 3381 1377 monachus,
3410 1328 3526 1384 quo
3548 1316 3713 1370 abbas

2126 1401 2422 1463 institutus,
2452 1398 2687 1468 quandiu
2714 1398 2880 1464 solus,
2925 1400 3160 1470 quandiu
3191 1416 3312 1455 cum
3348 1415 3547 1458 sancta
3586 1405 3710 1460 Bic-

2124 1488 2279 1544 trude
2295 1487 2512 1551 rexerit,
2527 1487 2763 1557 quandiu
2778 1496 3065 1557 utrumque
3079 1489 3384 1544 coenobium
3400 1491 3709 1549 Elnouaise

2122 1588 2179 1633 et
2204 1577 2640 1645 Marchianense,
2677 1593 2787 1648 quo
2831 1578 3046 1633 demum
3098 1594 3239 1635 anno
3284 1581 3542 1637 laborum
3585 1601 3710 1653 pne-

2122 1669 2288 1724 mium
2319 1683 2349 1721 a
2379 1668 2605 1723 Domino
2629 1677 2948 1725 consecutus
2974 1670 3065 1725 sit.
3098 1670 3317 1742 Pugnat,
3356 1681 3565 1741 certat,
3588 1677 3710 1729 ἰιιί-

2122 1772 2348 1829 rumque
2377 1759 2428 1813 in
2472 1761 2687 1814 modum
2724 1759 2961 1815 luctatur
2988 1759 3404 1832 Bellecampius.
3456 1774 3525 1818 ut
3552 1766 3713 1819 versi-

2123 1850 2299 1907 culum
2320 1863 2475 1906 sumn
2500 1850 2955 1918 Blaudiniensem,
2971 1851 3155 1907 nescio
3180 1867 3209 1906 a
3231 1866 3339 1922 quo
3366 1853 3705 1920 confectum,

2054 1924 2099 1984 Β
2127 1951 2340 1997 tueatur
2366 1959 2380 1996 Ξ

2279 2073 2333 2123 in
2356 2078 2664 2125 sexcenteno
2686 2073 2816 2125 deuo
2839 2073 3054 2124 fundavit
3075 2073 3318 2124 Amandus

2279 2136 2421 2186 Anno
2445 2134 2763 2197 Blaudiuium,
2791 2144 3044 2199 patronum
3066 2137 3186 2186 dans
3208 2136 3277 2186 illi
3300 2135 3514 2187 Petrum

2124 2259 2260 2316 Cum
2276 2268 2456 2314 autem
2477 2260 2715 2331 ejusdem
2741 2262 2960 2317 omnino
2983 2262 3158 2317 aetatis
3177 2270 3380 2317 statuat
3399 2263 3712 2318 ctenobium

2128 2367 2283 2406 sumn
2309 2350 2712 2425 Marchiancnse
2734 2366 2853 2405 cum
2877 2352 3021 2407 dicto
3044 2351 3420 2415 Blandiniauo,
3448 2353 3713 2408 inelucta-

2127 2443 2219 2498 bili
2254 2442 2633 2511 consequentia
2657 2456 2717 2497 se
2743 2443 2967 2498 evicisse
2991 2444 3282 2510 existimat,
3315 2441 3430 2511 jam
3463 2445 3537 2499 ab
3571 2460 3715 2500 anno

2129 2536 2225 2590 611
2252 2535 2849 2616 exstitissevcmnobium
2872 2551 3027 2590 suum
3049 2534 3717 2601 Marcbianense,eodem-

2130 2642 2236 2696 que
2262 2642 2424 2692 anno,
2456 2628 2501 2682 si
2524 2626 2745 2698 Superis
2763 2627 2959 2697 placet,
2987 2627 3044 2681 8.
3070 2625 3321 2682 Jonatum
3347 2627 3558 2683 ibidem
3580 2643 3716 2697 pra.

2130 2713 2315 2779 fuisse,
2360 2730 2468 2785 quo
2509 2715 2647 2771 forte
2682 2716 2907 2771 necdum
2962 2724 3120 2771 natus
3161 2724 3314 2771 erat:
3346 2716 3515 2786 idque
3558 2718 3718 2772 toties

2132 2817 2317 2863 contra
2345 2808 2684 2863 adversarios
2725 2822 3071 2877 quoscunque
3120 2808 3317 2877 repetit
3356 2816 3410 2862 et
3454 2807 3714 2872 inculcat,

2132 2893 2219 2951 ut"
2239 2913 2496 2953 nauseam
2539 2897 2758 2953 omnino
2802 2906 2949 2953 creet
3000 2897 3317 2968 legentibus.
3364 2894 3642 2950 Nimirum
3686 2912 3716 2949 a

2133 2988 2541 3057 cbronograpbo
2552 3002 2650 3042 suo
2666 2987 2922 3042 didicerat
2936 2997 3178 3043 sanctum
3191 2985 3502 3041 Amandum
3517 2987 3717 3041 obiisse

2134 3092 2276 3131 anno
2321 3076 2447 3142 651,
2485 3085 2775 3146 natumque
2799 3076 2932 3132 adeo
2960 3076 3055 3131 57-l
3081 3092 3097 3141 ;
3123 3091 3242 3146 quae
3262 3076 3559 3151 multorum
3584 3076 3718 3129 satis

2136 3170 2223 3226 diu
2245 3168 2477 3239 implexa
2509 3168 2609 3222 fuit
2662 3168 2864 3239 opinio,
2895 3168 3099 3237 pridem
3130 3175 3303 3221 tamen
3337 3165 3407 3219 ab
3436 3164 3719 3221 Hensche-

458 3264 616 3333 nibus
659 3266 1023 3335 apostolorum
1064 3266 1314 3331 visitatis,
1367 3266 1720 3320 Elnonensem
1759 3272 2034 3334 repetente
2063 3270 2110 3335 ο
2141 3263 2228 3319 nio
2255 3261 2510 3319 convulsa
2537 3261 2919 3317 Commentarii
2944 3262 3025 3316 sui
3053 3260 3082 3332 §
3110 3260 3172 3314 11
3204 3250 3259 3315 et
3287 3274 3429 3330 seq.,
3464 3259 3614 3314 unde
3665 3268 3722 3315 et

457 3356 669 3422 Ineunt,
717 3356 1054 3414 Marchianas
1092 3354 1343 3413 Jonatum
1388 3356 1646 3426 repetisse
1703 3357 2033 3425 reperimus,

465 3452 553 3506 ubi
584 3439 954 3517 post‘mortem
981 3453 1143 3506 etiam
1177 3451 1234 3505 Β.
1259 3450 1489 3505 Amandi
1512 3449 1716 3519 aliquot
1735 3447 1920 3503 lustris
1959 3462 2037 3503 re~

458 3542 715 3613 gulariter
740 3542 945 3608 vivens,
977 3542 1220 3598 diversos
1278 3542 1557 3611 utriusque
1589 3555 1749 3595 sexus
1800 3540 1868 3594 ad
1911 3539 2041 3594 reli-

460 3635 670 3702 gionem
704 3633 913 3689 induxit
936 3641 990 3689 et
1014 3634 1340 3689 castitatem.
1384 3633 1574 3688 Lustra
1599 3630 1684 3685 illa
1712 3630 1844 3685 satis
1874 3646 2037 3699 appo-

460 3722 562 3775 sita
594 3722 1114 3792 ratione'exponere,
1144 3738 1251 3776 non
1289 3735 1458 3792 usque
1484 3718 1616 3775 adeo
1664 3718 1883 3773 obvium
1916 3733 2038 3774 esse

461 3811 600 3865 intra
629 3811 833 3879 patebit
862 3812 1214 3866 manifestius.

533 3900 587 3954 5.
615 3899 881 3956 Caeterum
911 3901 975 3955 de
1000 3900 1112 3969 jam
1145 3902 1302 3957 dictis
1327 3901 1552 3973 aliisque
1592 3906 1866 3975 prmclaris
1891 3906 2034 3964 baud

463 3991 619 4045 dubie
656 3991 1077 4060 snblimihusque
1117 3990 1175 4046 8.
1224 3990 1401 4047 Jonati
1438 3993 1729 4050 virtutibus
1781 4012 1846 4051 ac
1873 3997 2037 4067 gestis

459 4085 616 4156 plane
643 4084 958 4147 illustribus,
977 4086 1222 4155 equidem
1244 4086 1462 4141 minime
1483 4086 1819 4153 dubitavere;
1846 4102 2031 4142 verum

458 4191 525 4231 ex
557 4176 980 4246 chronographis
1019 4177 1234 4241 nostris,
1274 4178 1387 4233 sive
1420 4177 1705 4234 Elnonensi
1748 4180 1861 4236 sive
1890 4179 2033 4234 Mar-

463 4271 773 4331 rbiauensi;
800 4286 990 4326 eruere
1018 4286 1176 4327 nemo
1204 4283 1287 4327 est
1316 4273 1409 4342 qui
1451 4275 1717 4330 studuerit
1750 4276 2029 4341 hactenus,

460 4371 514 4416 ut
546 4378 765 4430 prorsus
791 4380 895 4418 non
926 4364 1218 4435 intelligam
1252 4366 1379 4435 quid
1411 4367 1512 4421 sibi
1546 4368 1672 4423 velit
1720 4366 1875 4423 Silvii
1911 4371 2025 4425 edi-

463 4462 550 4506 tor
600 4451 985 4531 Qellecampius
1035 4455 1151 4525 (vel
1200 4465 1257 4509 ut
1293 4472 1416 4509 eum
1486 4456 1774 4519 Bollaadus
1837 4449 2029 4524 vocat,

460 4539 903 4611 Beaucbampius)
928 4543 1052 4596 dum
1075 4544 1126 4597 in
1153 4558 1249 4598 sua
1269 4544 1664 4601 Marchia'nensi
1687 4549 2028 4617 antiquitate,

2138 3356 2308 3408 lustra
2358 3348 2463 3408 ista
2517 3360 2697 3418 ruunt,
2741 3352 2937 3422 quibus
2968 3350 3027 3407 8.
3050 3350 3293 3406 Amando
3342 3350 3725 3421 supervixisse

2139 3440 2197 3496 S.
2225 3440 2477 3496 Jonatum
2509 3456 2661 3510 teque
2704 3440 2881 3511 inepte
2920 3441 3110 3506 statuit
3133 3438 3247 3508 jam
3272 3439 3449 3495 dictus
3478 3441 3723 3495 chrono-

2137 3536 2394 3606 grapbus,
2428 3544 2587 3605 atque
2614 3550 2681 3589 ex
2714 3534 2829 3603 ipso
2850 3533 3263 3603 Bellecampius.

2209 3625 2259 3680 7.
2293 3623 2547 3692 Adverte,
2574 3626 2823 3693 obsecro,
2850 3626 3199 3696 paradoxum.
3233 3624 3344 3681 Viri
3399 3623 3564 3678 istius
3599 3623 3722 3679 the-

2136 3716 2214 3771 sis
2240 3724 2324 3772 est
2367 3716 2535 3773 fuisse
2570 3719 2820 3777 abbatem
2861 3718 3322 3773 Marchianensem
3364 3715 3420 3771 S.
3458 3714 3727 3771 leuatum

2139 3807 2207 3862 ab
2233 3822 2375 3867 anno
2391 3808 2503 3878 jam
2527 3809 2671 3862 dicto
2693 3808 2818 3873 610,
2849 3807 2931 3861 vel
2960 3808 3084 3871 611,
3124 3822 3243 3861 eam
3267 3821 3416 3861 suam
3445 3806 3725 3875 epocham

2136 3895 2235 3965 pro
2264 3896 2374 3950 aris
2401 3904 2457 3950 et
2484 3894 2621 3950 focis
2649 3896 2913 3950 acerrime
2937 3909 3279 3965 propugnans
3304 3934 3320 3959 ,
3365 3908 3430 3947 ex
3460 3908 3725 3962 praceu-

2136 3996 2291 4056 cepto
2319 3986 2408 4043 illo
2437 4002 2535 4042 suo
2562 3987 2792 4051 Achille,
2818 3987 2958 4057 quod
2989 3985 3047 4041 8.
3078 3984 3351 4040 Amandus
3376 3984 3587 4040 obierit
3606 3984 3729 4052 jam

2132 4078 2527 4149 nonagenarius
2555 4092 2697 4131 anno
2724 4076 2848 4139 661,
2879 4076 2967 4130 ubi
3001 4076 3116 4147 jam
3165 4076 3605 4147 demonstratum
3638 4074 3727 4129 di—

2134 4171 2332 4236 ximus,
2367 4168 2564 4224 obiisse
2592 4184 2734 4223 anno
2762 4166 2886 4223 634.
2918 4167 3129 4222 Lustris
3175 4182 3334 4237 porro
3359 4165 3597 4235 aliquot,
3633 4180 3731 4220 su-

2135 4270 2343 4334 perstes
2385 4260 2435 4315 ei
2479 4269 2747 4315 statuatur
2777 4257 2836 4314 8.
2864 4258 3127 4314 Jonatus:
3159 4261 3324 4312 lustra
3356 4256 3592 4326 aliquot,
3617 4258 3732 4310 sal-

2132 4362 2240 4407 tem
2273 4359 2422 4406 terna
2454 4358 2543 4404 aut
2570 4359 2833 4419 quaterna
2861 4347 3171 4423 designant,
3210 4348 3351 4401 unde
3397 4347 3729 4401 necessario

2132 4441 2224 4496 ﬁet
2250 4454 2603 4509 consequens,
2653 4448 2897 4494 sanctum
2942 4438 3102 4492 istum
3138 4436 3275 4490 ultra
3317 4434 3478 4488 ﬁnem
3524 4434 3730 4488 saeculi

2133 4550 2206 4588 vn
2233 4534 2626 4605 supervixisse;
2680 4531 2956 4601 fuisseque
2995 4529 3132 4585 adeo
3157 4529 3400 4585 abbatem
3433 4524 3729 4580 Marchia-

460 4629 627 4683 multa
658 4608 939 4699 magniﬁce
972 4633 1269 4700 pollicitus,
1304 4636 1382 4690 sic
1409 4636 1656 4691 notanter
1686 4608 1875 4694 scribit
1903 4608 2027 4710 pag.
2062 4608 2110 4666 υ
2135 4641 2355 4681 nensem
2397 4625 2522 4680 lotis
2570 4624 2861 4695 nonaginta
2887 4630 2939 4677 ει
2960 4621 3190 4692 amplius
3217 4618 3493 4710 anni_5»_ut
3518 4618 3732 4710 priuyis

458 4719 561 4774 505
587 4738 599 4773 :
624 4740 650 4771 ν(
674 4718 777 4774 Sed
802 4720 954 4790 longe
976 4721 1123 4791 plura
1146 4723 1212 4778 de
1235 4734 1418 4780 nostro
1443 4728 2032 4801 sanetissimqprzesule

453 4808 647 4864 .lunato
671 4808 1059 4865 Mart-hianensi
1086 4814 1422 4882 suppeditare
1450 4817 1793 4880 meditamur,
1819 4834 1939 4871 cum
1963 4819 2029 4874 de

456 4901 570 4967 ipso
624 4898 674 4951 in
723 4897 1047 4974 llagiologiae
1081 4912 1279 4956 nostra}
1320 4901 1714 4959 Marchianensi
1752 4913 1958 4977 agetur.
2001 4924 2021 4959 ι

455 4990 595 5053 llaec,
629 4991 840 5059 opinor,
875 4991 1210 5062 idea'operis
1248 5010 1521 5065 nunquam
1561 4994 1807 5067 perfecti,
1851 4998 2024 5066 quod-

453 5100 557 5152 que
579 5083 750 5137 Iucem
775 5100 876 5138 non
905 5084 1125 5149 vidisse,
1147 5100 1213 5139 ex
1243 5100 1308 5139 eo
1338 5086 1587 5157 colligere
1624 5096 1726 5151 est,
1750 5089 1890 5158 quod
1928 5104 2027 5144 nec

452 5171 683 5240 majores
705 5171 896 5236 nosui,
922 5188 1096 5243 neque
1125 5172 1461 5228 Mabillonins
1506 5174 1826 5244 llagiologize
1870 5176 2026 5232 istius

452 5279 676 5334 usquam
694 5262 1053 5318 meminerint.
1072 5261 1380 5331 Susceperit
1397 5262 1621 5318 fortasse
1638 5262 2025 5333 Belccampius

451 5354 750 5421 huiusmodi
775 5353 1125 5426 provinciam,
1149 5361 1203 5407 at
1225 5360 1396 5407 morte
1423 5362 1724 5423 praeventus
1743 5354 2022 5408 absolvere

445 5454 544 5501 aut
598 5447 735 5515 typis
789 5445 953 5499 edere
1011 5459 1118 5499 non
1163 5443 1417 5513 potuerit,
1471 5441 1836 5511 manseritque
1892 5443 2025 5497 adeo

452 5544 678 5589 conatus
709 5535 807 5588 iste
830 5536 973 5589 inter
1000 5535 1220 5589 chartas
1252 5533 1720 5598 Marcbianenses,
1762 5548 1897 5602 quas
1919 5534 2025 5587 uti-

452 5640 574 5680 nam
599 5614 958 5680 consuluisset
982 5625 1212 5681 domnus
1236 5635 1422 5679 sancto
1445 5632 1630 5678 nostro
1655 5622 2020 5695 Synonymus,

450 5718 743 5774 hodiernus
768 5717 1006 5789 praedicti
1027 5716 1256 5773 cmnobii
1289 5714 1456 5784 prior,
1482 5714 1619 5784 apud
1643 5730 1802 5784 quem
1826 5712 2024 5768 frustra

452 5824 546 5880 per
575 5810 774 5866 amicos
804 5807 1004 5877 institi;
1037 5823 1262 5878 quorum
1300 5807 1551 5877 repetitas
1578 5821 1762 5877 preces
1784 5821 1933 5876 aeque
1964 5820 2025 5859 ac

2137 4712 2497 4783 respondeant
2525 4712 2710 4766 ultima
2737 4729 2750 4765 :
2782 4711 2923 4780 quod
2948 4712 3260 4781 priusquam
3288 4706 3588 4771 admisero,
3614 4707 3729 4763 alia

2133 4820 2293 4875 quam
2321 4803 2716 4874 chronographi
2749 4803 2902 4858 istius
2926 4801 3251 4857 auctoritate
3282 4815 3313 4853 a
3345 4797 3728 4870 Bellecampio

2134 4905 2223 4950 aut
2277 4895 2573 4968 symmistis
2630 4893 3004 4949 demonstrare
3050 4891 3229 4962 cupio.
3274 4890 3727 4972 Nonagenarium

2132 4986 2329 5041 obiisse
2371 4984 2429 5039 8.
2451 4983 2756 5038 Amandum
2783 4983 2836 5036 in
2861 4981 3108 5037 confesso
3131 4990 3217 5037 est
3241 4999 3256 5036 :
3289 4982 3336 5036 si
3365 4991 3548 5036 autem
3576 4996 3729 5036 mor-

2130 5086 2236 5132 tem
2262 5075 2378 5145 ejus
2420 5075 2660 5129 innectas
2704 5089 2845 5129 anno
2886 5072 3031 5138 .661,
3081 5082 3266 5128 natum
3312 5079 3528 5142 oportet
3575 5071 3727 5137 5-71,

2126 5183 2251 5223 cum
2305 5180 2433 5220 vero
2467 5164 2924 5234 quadragenarius
2971 5162 3194 5217 circiter
3241 5169 3582 5232 supponatur
3628 5178 3733 5216 ex-

2127 5259 2391 5315 struxisse
2444 5250 2727 5321 ctenobia,
2786 5265 2894 5310 tam
2943 5254 3321 5309 Blandiniense
3360 5267 3523 5323 quam
3576 5252 3728 5307 Mar-

2126 5352 2438 5415 chiauense,
2467 5364 2534 5405 en
2561 5349 2656 5404 tibi
2683 5349 2959 5418 aptissime
3018 5363 3219 5403 anuun:
3263 5356 3645 5401 sexcentarum
3675 5358 3725 5399 et

2126 5445 2315 5499 denum
2339 5463 2357 5500 :
2387 5458 2571 5499 verum
2597 5443 2642 5498 si
2676 5442 2744 5496 ad
2764 5456 2935 5497 annos
2965 5452 3170 5512 septem
3214 5450 3268 5497 et
3309 5442 3500 5513 viginti
3529 5443 3724 5495 omnia

2125 5548 2426 5600 removeas,
2456 5540 2517 5586 ut
2540 5531 2853 5602 planissime
2896 5532 3221 5587 removenda
3245 5533 3428 5587 omnia
3460 5531 3724 5587 demons-

2128 5632 2234 5680 trat
2270 5622 2664 5688 Henschenius,
2712 5623 3012 5679 clarissime
3063 5625 3380 5694 perspicies,
3430 5624 3721 5679 machinas

2126 5729 2316 5769 omnes
2341 5713 2801 5783 Bellecampianas
2835 5729 2913 5768 src
2939 5728 3194 5769 corruere
3247 5725 3303 5770 ut
3341 5722 3619 5770 tractatus
3644 5715 3722 5785 ip-

2129 5806 2241 5861 sius
2278 5806 2412 5860 bene
2442 5806 2629 5876 longus
2659 5805 2712 5871 in
2738 5804 2943 5891 fumum
2972 5804 3151 5861 abeat.
