3916 6410
131 333 240 388 897

765 330 1304 388 COMMENTARIUS
1350 333 1435 387 DE
1473 331 1528 387 S.
1569 329 1830 386 JONATO
1869 329 2135 386 ABBATE
2175 329 2697 386 MARCIIIA‘NENSL

3267 327 3371 384 898

207 447 258 500 8.
275 443 352 498 En
391 443 548 498 modo
568 443 828 513 aptiorem
855 446 976 499 vitae
1015 445 1072 500 S.
1107 445 1284 500 Jonati
1313 461 1378 499 ex
1426 444 1700 498 Hensche-

1825 481 1854 517 ιι
1905 465 2290 519 recentioribus
2333 465 2527 520 tabulis
2574 465 2973 527 ecclesiasticis,
3015 475 3371 534 ptreterquam

127 533 228 586 nio
257 531 648 586 chronotaxim.
689 532 890 608 Statuit
941 535 988 589 is
1025 534 1142 589 loco
1182 535 1368 600 citato,
1409 536 1706 604 probatque

127 623 432 681 evidenter,
455 631 630 684 empta
652 619 890 676 Gandavi
923 625 1269 686 monasteria,
1309 633 1418 676 tum
1444 621 1704 675 Bavonia-

130 725 284 772 nttm,
308 717 416 762 tum
443 708 820 764 Blandiniense
835 725 974 764 anno
993 711 1117 776 656,
1149 712 1446 766 Elnonense
1465 719 1708 764 exstruc-

129 806 250 850 tum
277 796 398 858 638,
425 796 828 852 Marehianense
849 814 976 852 vero
999 815 1142 854 anno
1181 801 1394 854 demum
1445 799 1567 863 645,
1618 798 1704 853 cui

127 885 278 938 idem
313 885 506 953 prtesul
539 886 812 940 Amandus
833 887 1152 956 discipulum
1185 903 1338 941 suum
1371 903 1438 942 eo
1469 898 1706 956 tempore

131 973 652 1044 praefecitJonatum
691 976 1050 1030 venerabilem
1075 977 1268 1038 virum,
1306 977 1496 1030 ordine
1517 990 1706 1028 mona-

125 1065 360 1118 chorum
395 1061 810 1132 colligendorum
831 1064 1167 1132 praescripto.
1199 1065 1350 1130 Quod
1379 1079 1506 1118 vero
1545 1079 1706 1132 supra

127 1153 391 1216 diximus,
438 1154 922 1208 commmendatum
983 1156 1146 1208 etiam
1199 1156 1457 1225 praedicto
1510 1155 1706 1210 Jonato

127 1225 530 1296 Marcbianensi
583 1243 888 1298 Elnonense
953 1246 1280 1308 coenobium,
1365 1247 1416 1299 id
1507 1246 1708 1300 factum

127 1337 351 1403 quando
411 1334 764 1404 episcopalem
792 1349 978 1390 curam
1033 1337 1362 1391 renuntiavit
1409 1338 1704 1404 Amandus,

125 1437 190 1480 et
231 1425 410 1478 limina
449 1425 808 1492 apostolorum
835 1441 930 1494 pro
959 1427 1116 1480 tertia
1155 1427 1270 1481 vice
1301 1429 1532 1496 repetiit.
1567 1444 1708 1482 anno

127 1515 396 1569 nimirum
446 1515 568 1569 6'30.
599 1515 772 1570 Annis
821 1525 1000 1570 autem
1057 1527 1177 1585 post
1234 1519 1464 1582 duobus,
1527 1519 1706 1575 occiso

129 1605 537 1671 S.Adalbaldo,
589 1605 656 1674 .S.
715 1605 958 1660 Rictrudi
1001 1607 1304 1662 castitatem
1353 1609 1542 1674 suasit,
1587 1625 1707 1678 qua:

127 1712 248 1752 non
279 1697 366 1751 diu
398 1705 518 1764 post
565 1697 630 1752 ad
653 1696 1090 1752 Marchianenses
1137 1699 1386 1764 accessit,
1441 1715 1506 1754 eo
1562 1703 1704 1769 quod

1807 550 2067 622 Belgicis,
2124 554 2168 607 si
2223 553 2474 607 Gbinium
2533 555 2788 622 excipias.
2852 553 2942 622 qni
3015 553 3072 608 S.
3123 551 3373 608 Jonatum

1805 641 2078 696 canonicis
2118 645 2227 696 suis
2275 643 2408 698 satis
2447 643 2734 697 liberaliter
2777 645 3074 698 accensuit.
3111 646 3184 700 De
3219 655 3378 700 tctate

1808 727 2038 784 Usnardi
2065 729 2424 801 Aquicinetini
2459 733 2582 786 alibi
2625 733 3034 801 tliSpntavimtts,
3087 734 3174 789 ubi
3205 736 3376 806 ipsum

1806 817 1872 870 ad
1901 820 2154 873 saeculum
2203 821 2422 874 circiter
2468 837 2564 874 xm
2615 822 2954 877 referendum
3015 825 3322 880 censuimus
3362 842 3375 878 :

1806 914 1967 972 atque
1993 905 2078 958 hic
2106 906 2309 974 printns
2335 923 2395 960 ac
2425 909 2838 972 vetustissimus,
2885 910 2975 978 qui
3009 911 3074 964 de
3105 910 3160 964 S.
3188 910 3380 966 Jonato

1807 993 2110 1047 meminerit
2141 995 2224 1048 bis
2254 995 2410 1062 plane
2447 997 2660 1052 verbis:
2698 1018 2716 1050 ς
2764 999 3084 1064 Marcianas,
3115 1002 3382 1071 depositio

1810 1080 1867 1134 S.
1890 1081 2068 1136 Jonati
2101 1083 2327 1138 abbatis.
2361 1105 2378 1136 ι
2415 1085 2580 1140 Paulo
2628 1087 2827 1144 clarius
2857 1089 3116 1154 .‘llolanus,
3167 1107 3232 1146 ex
3279 1107 3385 1162 quo

1807 1181 1861 1225 et
1895 1173 2144 1230 Canisins
2175 1193 2188 1229 :
2221 1195 2239 1226 ι
2283 1177 2479 1232 Eodem
2509 1179 2613 1238 die.
2655 1182 2848 1236 natalis
2875 1181 2932 1235 S.
2962 1181 3136 1238 Jonati
3172 1187 3383 1239 confes-

1806 1263 1964 1326 soris,
2009 1265 2251 1334 discipuli
2298 1267 2354 1320 S.
2385 1267 2643 1335 Amandi;
2695 1289 2713 1321 ι
2745 1286 2864 1340 ιιιιιθ
2911 1271 2962 1324 itt
2994 1271 3384 1342 posterioribus

1804 1354 2127 1411 editionibus
2147 1357 2302 1426 paqu
2319 1357 2532 1414 brevius
2555 1362 2768 1430 repetit.
2787 1363 2860 1416 De
2881 1377 2944 1416 eo
2959 1363 3060 1416 etia
3071 1379 3118 1416 ιιι
3145 1363 3387 1417 meminit

1806 1443 1965 1500 Wion
1998 1463 2118 1502 cum
2175 1450 2384 1502 caeteris
2445 1451 2784 1516 monasticis,
2841 1467 2973 1520 quos
3029 1453 3170 1506 inter
3218 1454 3388 1508 nitide

1807 1535 1980 1604 ipsum
2010 1541 2292 1593 annuntiat
2321 1539 2766 1606 Meinardus,boe
2789 1544 2946 1596 modo
2980 1561 2992 1596 :
3021 1563 3038 1594 ι
3069 1543 3384 1604 Marcianis.

1807 1623 1864 1678 S.
1897 1623 2074 1679 Jonati
2109 1629 2338 1692 abbatis,
2387 1629 2655 1700 discipuli,
2708 1631 2766 1685 S.
2810 1633 3059 1696 Amandi,
3110 1641 3165 1686 et
3215 1633 3386 1702 patris

1807 1717 2100 1785 spiritualis
2131 1719 2188 1773 S.
2215 1719 2512 1788 Rictrudis;
2553 1742 2570 1772 ι
2597 1725 2790 1792 quibus
2811 1723 2990 1778 verbis
3011 1725 3189 1778 omnia
3215 1724 3386 1780 ferme

133 1802 312 1858 supra
333 1787 534 1842 dictum
564 1795 646 1842 est
675 1789 856 1853 modo,
891 1803 1060 1858 eaque
1085 1790 1184 1844 sub
1226 1791 1284 1845 S.
1323 1791 1502 1846 Jonati
1545 1793 1716 1848 direc-

1825 1810 2134 1878 complexus
2161 1821 2259 1876 est,
2293 1828 2412 1882 qua:
2441 1815 2506 1868 de
2551 1813 2606 1868 S.
2632 1815 2822 1870 Jonato
2869 1809 3140 1870 memoria:
3179 1817 3386 1884 prodita

137 1879 316 1942 tione,
331 1878 832 1934 sanctimonialibus
845 1881 1056 1948 praefuit
1079 1897 1254 1952 usque
1269 1883 1335 1936 ad
1357 1897 1554 1936 annum
1571 1884 1675 1939 688
1695 1899 1710 1950 ;

127 1965 360 2022 donatus
391 1982 536 2032 vero,
573 1967 843 2022 laboribus
883 1979 940 2023 et
985 1972 1190 2026 meritis
1227 1971 1436 2040 plenus,
1473 1983 1715 2028 sanctam

133 2055 286 2108 illam
315 2065 529 2110 secutus
564 2057 802 2110 creditur
864 2073 1008 2112 anno
1058 2059 1276 2114 circiter
1319 2059 1446 2125 690,
1473 2071 1532 2115 ιιι
1565 2041 1714 2116 veroL

135 2145 388 2198 similiter
421 2145 634 2200 deducit
661 2145 924 2211 Cointius,
963 2147 1028 2200 ad
1053 2149 1254 2202 dictqu
1297 2163 1522 2214 annum,
1561 2166 1712 2204 num.

139 2235 234 2300 25,
262 2237 362 2290 hoc
387 2245 719 2305 argumento.
735 2236 886 2304 Quod
911 2253 1032 2292 cum
1068 2241 1304 2308 regimen
1331 2242 1486 2294 istius
1527 2257 1714 2296 mona-

147 2329 306 2382 sterii
353 2343 516 2398 penes
564 2328 822 2383 moniales
875 2329 1034 2383 fuerit
1079 2346 1176 2400 per
1227 2347 1398 2386 annos
1448 2343 1715 2387 trecentos

151 2418 362 2487 triginta
391 2427 496 2474 tres
521 2419 604 2474 vel
636 2421 872 2482 circiter,
901 2421 944 2475 si
975 2423 1042 2476 ab
1085 2437 1226 2478 anno
1249 2437 1355 2492 quo
1385 2425 1508 2480 inde
1545 2425 1710 2495 pulsa:

145 2515 271 2560 sunt
299 2507 452 2572 1024,
480 2509 584 2572 vel,
602 2517 662 2562 ut
683 2509 794 2570 alii,
813 2511 972 2574 1028,
1001 2513 1398 2578 retrocedatur,
1433 2529 1538 2568 non
1575 2513 1721 2568 vide-

143 2605 234 2650 tur
257 2595 312 2651 S.
345 2595 536 2652 Jonato
562 2599 672 2652 vita
709 2599 916 2669 longior
957 2602 1116 2656 tribui
1143 2617 1302 2672 posse
1331 2623 1345 2657 :
1375 2615 1543 2670 certe,
1573 2607 1714 2674 quod

141 2689 334 2751 sciam,
392 2689 616 2744 necdum
683 2705 938 2760 eousque
983 2691 1401 2754 SJonatitetas
1455 2695 1716 2750 illustrata

143 2777 248 2830 fuit
279 2779 558 2834 hactenus.
589 2779 708 2834 1am
754 2782 822 2834 ad
861 2782 978 2850 ejus
1015 2783 1219 2838 cultum
1243 2794 1298 2838 et
1325 2785 1498 2855 elogia
1529 2801 1718 2856 proce-

141 2867 356 2922 damus.

217 2979 248 3050 §
285 2979 346 3033 ll.
368 3010 436 3020 —-—
467 2979 650 3036 Cultus
696 2999 844 3037 sacer
877 2991 926 3036 et
970 2983 1140 3038 brevia
1167 2984 1286 3038 hinc
1313 2983 1432 3039 inde
1454 2985 1641 3057 elogia.

215 3093 274 3147 9.
318 3091 416 3146 llic
447 3095 636 3162 paucis
661 3095 1040 3166 complexnrns
1079 3113 1194 3152 sum
1247 3101 1446 3160 omnia,
1488 3115 1606 3170 qua:
1649 3101 1714 3154 ad

141 3184 424 3251 autiquttm
451 3185 618 3237 sancti
649 3185 849 3239 cultum
907 3188 1264 3242 conducentia
1319 3189 1604 3258 reperiam,
1653 3190 1718 3244 iis

142 3271 366 3339 scriptis
391 3273 656 3340 sepositis,
689 3289 806 3342 quaa
855 3273 1026 3346 longis
1073 3275 1390 3345 ambagibus
1429 3279 1494 3332 de
1545 3279 1718 3332 sancti

143 3361 260 3412 vita
288 3369 342 3414 et
363 3363 528 3430 gestis
575 3363 646 3416 nil
695 3365 922 3434 amplius
963 3381 1060 3420 nec
1137 3367 1338 3421 certius
1420 3377 1723 3424 memorant

143 3467 314 3520 quam
345 3466 406 3504 ea
437 3451 662 3506 fideliter
720 3469 787 3509 ex
841 3457 1200 3510 monumentis
1255 3456 1720 3527 qualibuscunque

151 3540 1069 3614 Marcbianensibusdesumpserint
1107 3545 1349 3602 Molanus
1398 3555 1451 3602 et
1488 3547 1718 3610 Mirzens,

145 3643 382 3698 quorum
441 3639 638 3700 textus,
671 3633 744 3686 uti
787 3643 841 3686 et
885 3649 1177 3702 paucorum
1219 3636 1720 3706 martyrologiornta

147 3735 280 3775 mox
312 3719 561 3776 referam.
596 3723 674 3777 Ad
699 3725 937 3778 chronici
969 3733 1172 3778 textum
1201 3727 1266 3780 de
1303 3726 1486 3780 lustris
1519 3728 1722 3798 aliquot

147 3814 350 3884 quibus
385 3815 442 3868 S.
479 3813 702 3871 Jonatus
731 3817 788 3870 S.
839 3811 1083 3874 Amando
1111 3821 1488 3888 supervixerit,
1523 3821 1724 3876 diserte

151 3903 408 3956 additur:
441 3923 457 3954 ι
485 3903 614 3972 Ejus
647 3901 906 3961 festivitas
934 3909 1110 3978 agitur
1139 3909 1392 3964 Kalendis
1418 3911 1666 3980 Augusti.
1699 3930 1718 3962 ι

149 3995 238 4049 Ad
265 3995 380 4064 ejus
399 3995 698 4065 sepulcrum
749 4015 878 4053 vero
926 4001 980 4054 in
1026 4001 1254 4056 ecclesia
1301 4001 1722 4070 Marcbianensi,

153 4087 262 4141 bos
302 4101 488 4142 versus
533 4088 634 4158 legi
657 4087 772 4144 loco
797 4105 956 4161 supra
992 4093 1156 4148 citato
1186 4102 1415 4148 testatur
1435 4094 1677 4150 Cointius
1707 4113 1719 4148 :

405 4233 514 4296 Divi
531 4233 692 4286 Jonati
724 4247 896 4296 corpus
916 4236 994 4284 hic
1015 4237 1370 4287 sanctissimum

395 4295 704 4354 lit-conditur,
727 4295 817 4358 qui
836 4301 1018 4359 primus
1041 4299 1163 4348 banc
1195 4299 1330 4347 rexit
1345 4298 1555 4347 domum.

231 4430 436 4484 Versus
467 4427 656 4497 reliqui
687 4429 790 4482 huc
813 4442 916 4482 non
947 4436 1214 4497 spectant.
1263 4427 1344 4482 Ad
1382 4441 1548 4480 unum
1593 4428 1725 4480 sub-

153 4521 278 4588 jicit
315 4518 558 4574 Cointius
586 4532 600 4570 :
627 4517 754 4572 Post
783 4517 840 4570 S.
893 4513 1068 4572 Jonati
1123 4525 1373 4582 mortem,
1433 4517 1727 4570 monachos

159 4625 302 4679 quos
360 4615 577 4662 rexerat
653 4605 976 4660 Marcbianis
1051 4607 1394 4670 abscessisse,
1455 4615 1732 4674 totumque

161 4699 552 4754 monasterium
581 4697 806 4752 cessisse
834 4696 1176 4758 monialibus.
1201 4697 1396 4766 quibus
1423 4695 1730 4751 Clossendis

163 4809 192 4846 a
229 4791 464 4846 triennio
505 4797 735 4859 praeerat
789 4788 1092 4843 abbatissae.
1141 4787 1272 4854 Quze
1325 4787 1596 4857 ipsissima
1650 4797 1732 4842 est

165 4881 723 4948 Molaniaiiornmque
793 4879 1160 4948 receptissima
1239 4877 1451 4948 opinio,
1505 4879 1612 4942 sic,
1677 4877 1730 4931 ni

165 4969 362 5034 fallor,
413 4969 848 5038 intelligenda,ut
887 4969 1138 5023 monachi
1178 4967 1480 5038 virginibus
1539 4983 1733 5038 regen-

167 5063 257 5116 dis
277 5060 633 5122 substiterint,
661 5075 766 5129 quo
791 5059 1028 5114 salvetur
1073 5059 1305 5128 diploma
1345 5058 1522 5113 Caroli
1553 5061 1678 5128 imp.
1709 5075 1737 5111 a

169 5153 478 5207 Mabillonio
503 5153 810 5214 adductum,
863 5151 952 5206 ttbi
1003 5151 1198 5206 saeculo
1245 5167 1299 5205 ut
1362 5151 1428 5205 de
1479 5151 1738 5205 fratribus

170 5259 328 5315 :eque
356 5259 419 5296 ac
439 5243 714 5298 sororibus
739 5243 1062 5296 mentionem
1095 5241 1210 5294 fieri
1246 5241 1500 5296 ostendit.
1543 5241 1738 5294 Verum

171 5336 244 5390 de
265 5335 368 5389 hac
391 5347 448 5387 re
471 5331 582 5400 jam
609 5334 765 5386 toties
791 5323 1115 5400 disputatum
1163 5340 1264 5395 est,
1297 5341 1356 5385 ut
1397 5331 1555 5385 telam
1597 5331 1739 5384 illam

175 5437 282 5478 non
329 5421 508 5476 lubeat
555 5422 730 5476 denuo
777 5421 1032 5476 exordiri.
1089 5421 1272 5475 Sancti
1325 5422 1527 5476 cultum
1555 5437 1742 5477 prose-

177 5527 421 5579 quamur.

255 5598 337 5652 l0.
369 5597 444 5652 De
466 5613 530 5652 eo
555 5599 686 5654 satis
711 5599 906 5652 mirum
926 5607 1030 5661 est,
1071 5598 1122 5652 in
1141 5597 1532 5666 antiquioribus
1575 5600 1746 5653 sacris

183 5685 336 5740 fastis
392 5689 589 5742 nullam
631 5704 852 5758 usquam
883 5689 996 5743 ﬁeri
1049 5691 1382 5752 memoriam,
1435 5705 1496 5742 nc
1531 5689 1744 5757 quidem

1821 1910 1964 1964 sunt,
1991 1917 2110 1954 cum
2139 1901 2205 1956 de
2224 1911 2419 1956 ctetero
2441 1913 2590 1973 gesta
2627 1905 2743 1974 ejus
2773 1915 2862 1959 aut
2895 1922 3054 1960 nemo
3131 1922 3194 1962 ex
3254 1922 3384 1976 pro-

1819 1988 1962 2046 fesso
1993 2001 2308 2060 prosecutus
2337 1995 2430 2060 sit,
2457 2005 2548 2049 aut
2577 2012 2672 2066 per
2699 1997 3034 2050 vastationes
3066 1997 3388 2052 interierint.

1820 2077 1954 2134 Nam
1984 2097 2102 2150 quae
2128 2082 2226 2136 sub
2285 2082 2544 2138 liuebaldi
2623 2085 2841 2140 nomine
2913 2085 3391 2148 circumferuntur,

1817 2185 1922 2223 non
1963 2171 2342 2225 Viuebistoria
2375 2183 2518 2238 sunt,
2569 2175 2664 2228 sed
2715 2189 2862 2228 mera
2891 2173 3067 2227 oratio
3117 2175 3170 2226 in
3223 2176 3389 2228 sancti

1817 2257 2074 2312 honorem
2103 2261 2443 2324 concinnata,
2507 2270 2702 2331 [ιι-αξιοι·
2753 2263 2914 2316 aliam
2955 2263 3392 2318 verbosissitnam

1815 2349 1915 2402 sub
1943 2349 2220 2405 Gualberti
2273 2353 2510 2416 nomine,
2577 2367 2642 2408 ex
2675 2371 2778 2422 qua
2809 2356 2860 2408 id
2911 2355 3126 2408 demum
3164 2357 3392 2420 eruitur,

1816 2441 1988 2492 sancti
2026 2455 2221 2510 corpus
2257 2441 2526 2496 Saliacum
2557 2445 2874 2498 translatum
2922 2445 3104 2510 fuisse,
3166 2447 3396 2515 indeque

1817 2523 2153 2582 Marchianas
2185 2530 2432 2596 relatum,
2492 2531 2740 2602 quodque
2794 2533 2846 2586 itt
2893 2533 3070 2603 aliqua
3121 2535 3392 2603 supplica-

1815 2617 1959 2669 tione
1980 2619 2256 2672 exstincta:
2276 2617 2434 2682 faces,
2465 2621 2584 2690 igne
2611 2622 2825 2676 cmlitus
2846 2623 3066 2688 emisso,
3096 2639 3398 2679 reaccensat

1820 2703 2042 2766 fuerint,
2079 2717 2136 2760 ut
2159 2710 2366 2764 videbis
2393 2709 2420 2781 ς
2447 2713 2712 2782 sequenti.

1889 2796 1973 2849 ll.
2036 2797 2228 2870 Elogio
2279 2803 2495 2871 preprio
2559 2801 2804 2858 lunatum
2864 2821 3011 2860 more
3073 2821 3170 2862 suo
3237 2815 3397 2860 ornat

1817 2885 2161 2958 SauSSayns:
2197 2909 2212 2940 ι
2250 2891 2535 2947 Marcianis
2573 2909 2737 2963 prope
2767 2897 3000 2950 Duacum
3047 2897 3102 2952 in
3139 2897 3392 2952 Flandria

1816 2977 2064 3033 dimcesis
2111 2981 2502 3042 Atrebatensis.
2537 2985 2800 3052 depositio
2831 2985 2887 3039 S.
2913 2985 3089 3041 Joaali
3113 2987 3318 3042 abbatis
3343 2997 3398 3040 et

1818 3067 2166 3134 confessoris,
2193 3073 2282 3140 qui
2307 3071 2598 3142 discipulus
2622 3073 2678 3128 S.
2703 3075 2952 3138 Amandi,
2973 3075 3116 3128 omni
3143 3077 3397 3130 virtutum

1825 3159 2022 3214 decore
2081 3161 2376 3214 adornatus
2435 3163 2648 3228 enituit,
2693 3163 3056 3232 exemplisque
3107 3173 3160 3218 et
3201 3165 3404 3218 oratio-

1821 3251 1978 3305 nibus
2007 3253 2200 3306 multos
2223 3253 2286 3304 ad
2317 3254 2591 3308 Christum
2619 3255 2861 3308 adduxit.
2903 3254 3082 3308 Beata:
3123 3255 3388 3323 siquidem

1823 3340 2098 3397 Rictrttdis
2127 3343 2408 3410 religiosus
2445 3345 2784 3410 informatur,
2815 3345 3151 3414 fratrumque
3173 3355 3226 3400 et
3250 3361 3402 3400 sanc-

1827 3431 2178 3486 timonialium
2224 3427 2350 3488 loci'
2383 3435 2622 3503 ejusdem
2716 3437 3038 3489 constitutus
3117 3437 3206 3506 (ob
3251 3435 3398 3498 fidei,

1827 3521 2087 3574 doctrinae
2115 3531 2168 3574 et
2191 3538 2396 3576 utorum
2429 3525 2840 3596 prtcstantiam),
2871 3525 3146 3588 dircctor;
3197 3525 3400 3578 utrius-

1827 3631 1931 3683 que
1955 3617 2076 3670 vitae
2111 3627 2400 3684 praecepta,
2427 3619 2560 3670 actis
2590 3629 2642 3672 et
2673 3617 2907 3672 moribus
2941 3619 3018 3672 sic
3044 3619 3297 3688 pra-.buit,
3343 3627 3403 3672 ut

1828 3703 2174 3756 immaculato
2226 3703 2378 3768 calle,
2475 3707 2744 3759 tramitem
2811 3707 2876 3760 ad
2935 3706 3130 3759 ca-lnm
3211 3707 3399 3760 iisdem

1825 3795 2318 3863 prmmonstravcrit
2345 3812 2358 3860 ;
2394 3795 2712 3865 domumque
2733 3807 2932 3851 Sancta:
2966 3799 3398 3852 conversationis

1827 3883 2029 3937 ditatus
2079 3885 2322 3947 meritis,
2402 3896 2558 3938 exuta
2607 3901 2799 3948 carne,
2855 3887 3103 3954 spiritum
3157 3887 3408 3956 supernis

1830 3973 2038 4027 civibus
2069 3973 2120 4026 in
2147 3973 2313 4042 gloria
2366 3975 2696 4030 sociandum.
2743 3973 2974 4028 feliciter
3016 3976 3081 4028 ad
3123 3975 3404 4030 Demittunt

1831 4063 2212 4118 transmiserit.
2254 4082 2272 4114 ι
2323 4061 2528 4116 Habeat
2559 4064 2667 4140 hic
2719 4063 2891 4118 locum
2964 4065 3161 4120 citatus
3241 4081 3401 4134 supra

1829 4153 2076 4214 Gbinius,
2115 4153 2326 4206 tametsi
2359 4154 2412 4206 in
2444 4169 2586 4208 anno
2618 4156 2795 4208 obitus
2823 4155 3075 4220 aberret;
3134 4156 3209 4210 sic
3231 4153 3406 4212 ferme

1835 4243 2098 4299 Nolanum
2144 4245 2416 4298 contrahit
2455 4262 2468 4298 :
2509 4245 2864 4310 «Marcianis,
2912 4247 3176 4315 dopusitio
3229 4248 3404 4302 sancti

1837 4331 2004 4390 lonati
2039 4335 2270 4398 abbatis,
2303 4335 2730 4390 sancliAmandi
2779 4337 3046 4408 discipuli,
3119 4341 3208 4408 qui
3252 4341 3400 4393 omni

1831 4427 2087 4480 virtutum
2119 4426 2311 4478 decore
2341 4425 2652 4488 adornatus,
2675 4427 2932 4494 exemplis
2973 4437 3027 4480 et
3067 4427 3404 4484 orationibus

1834 4515 2030 4568 multos
2078 4515 2142 4568 ad
2173 4515 2447 4570 Christum
2479 4515 2714 4568 adduxit.
2769 4515 2968 4568 Ibidem
3017 4516 3283 4584 requievit
3351 4519 3406 4572 in

1832 4603 2176 4659 Atrebatcnsi
2194 4603 2414 4658 dimecsi
2436 4604 2578 4658 circa
2594 4619 2791 4656 :umum
2819 4603 3024 4658 Domini
3053 4605 3173 4660 670.
3197 4625 3215 4658 ι
3244 4606 3411 4662 Scen—

1836 4705 1920 4750 tus
1947 4697 2034 4750 hic
2067 4697 2204 4750 haud
2231 4695 2391 4750 dubie
2425 4695 2652 4750 Gltinitts
2693 4711 2880 4750 eorum
2945 4698 3270 4766 opinionetn,
3317 4697 3410 4766 qui

1837 4785 1894 4840 S.
1913 4771 2230 4840 'Atnandum
2255 4787 2455 4842 obiisse
2479 4797 2702 4841 censent
2727 4803 2868 4840 anno
2900 4787 3023 4841 66!.

1909 4877 1994 4932 l2.
2015 4877 2210 4932 Verum
2226 4895 2336 4935 rem
2353 4895 2565 4934 omnem
2581 4889 2632 4932 et
2647 4879 2873 4933 solidius
2887 4891 2940 4933 et
2954 4879 3250 4948 elegantius
3265 4894 3409 4934 com-

1839 4969 2026 5038 plexus
2059 4977 2140 5022 est
2168 4967 2410 5021 Mola‘nus
2449 4967 2563 5036 ipse
2603 4967 2654 5020 in
2694 4967 2929 5021 indicnlo
2965 4977 3272 5022 sanctorum
3299 4967 3412 5023 Bel-

1837 5059 1929 5130 gii,
1961 5068 2020 5113 ut
2045 5060 2256 5113 aliunde
2272 5059 2444 5128 elogia
2473 5057 2795 5114 acoersenda
2818 5075 2922 5113 non
2953 5059 3079 5122 sint,
3107 5059 3180 5113 ita
3203 5061 3364 5115 habet
3394 5077 3412 5114 :

1845 5169 1864 5200 ς
1902 5149 2132 5204 Sanctus
2163 5147 2389 5202 Jonatns
2420 5147 2716 5212 confessor,
2742 5147 3038 5217 discipulus
3067 5147 3122 5202 S.
3159 5149 3414 5214 Amandi,

1843 5237 2046 5306 prinms
2086 5235 2371 5290 fuitabbas
2403 5237 2689 5292 Marcianis
2733 5237 2846 5292 sive
2887 5238 3166 5300 Mareenis,
3199 5255 3264 5294 ac
3315 5240 3416 5293 ibi-

1843 5327 1961 5380 dem
2009 5326 2247 5380 elevatus
2292 5327 2541 5395 quiescit.
2583 5325 2705 5378 Fuit
2737 5327 2881 5379 omni
2933 5327 3190 5382 virtutum
3220 5329 3418 5386 decore

1846 5431 1874 5470 a
1897 5417 2155 5482 laruatus,
2190 5417 2452 5486 exemplis
2478 5425 2532 5469 et
2559 5416 2891 5471 orationibus
2929 5417 3126 5473 multos
3153 5419 3219 5472 ad
3259 5419 3416 5474 Cbri-
3475 5425 3484 5432 ”

1846 5517 1988 5561 stum
2017 5508 2264 5562 adduxit.
2319 5507 2446 5561 Post
2483 5507 2656 5576 ipsum
2699 5503 2798 5558 fuit
2839 5507 2884 5560 is
2922 5505 3071 5562 locus
3119 5509 3279 5564 annis
3307 5509 3420 5564 fcre

1847 5601 2104 5653 trecentis
2132 5599 2348 5668 triginta
2375 5597 2544 5650 tribus
2573 5597 2840 5667 virginum
2872 5599 3277 5660 monasterium,
3300 5598 3416 5666 qni-

1849 5695 1946 5747 bus
1971 5693 2140 5760 prima
2173 5691 2386 5760 prtel'uit
2424 5691 2761 5744 sanctissima
2802 5689 3093 5742 liictrudis.
3134 5689 3306 5744 Locus
3333 5697 3416 5744 est
