3916 6412
503 289 609 347 839

1058 287 1394 344 HUCBALBI
1434 286 1598 344 MON.
1640 287 1695 343 S.
1738 286 1999 343 AMANDI
2037 288 2182 343 OPP.
2222 286 2399 342 PARS
2436 288 2477 343 l.
2518 318 2582 333 --
2623 287 3197 350 HAGIOCBAPHICA.

503 407 702 477 pietate
729 416 783 458 et
810 403 1124 458 amoenitate
1151 402 1401 466 celebris,
1433 401 1578 456 haud
1617 400 1803 471 procul
1830 415 1859 453 a
1893 400 2073 454 Duaco
2099 406 2152 464 Α
2180 398 2508 454 adducamus
2551 403 2695 470 quod
2722 402 2791 456 de
2837 400 2894 457 S.
2937 399 3133 456 Jonato
3156 410 3431 477 praeterea
3467 401 3648 456 obiter
3688 403 3740 455 in

502 495 559 551 in
586 493 861 558 Flandria,
884 494 1131 548 dimcesis
1154 493 1546 549 AtrebatenSis.
1572 489 1774 545 Natalis
1801 491 1988 545 incidit
2021 491 2073 544 in

503 585 773 640 Kalendas
798 585 1051 656 Augusti,
1079 585 1305 639 elevatio
1336 584 1390 638 in
1418 592 1625 638 sextum
1646 583 2069 653 lduum_Aprilis,

503 684 564 729 ut
601 690 666 730 eo
717 676 803 729 die
845 674 987 729 inter
1026 674 1417 745 praetermissos
1469 680 1710 727 notatum
1766 672 2068 726 invenies.»

504 766 703 821 Eadem
748 764 1147 821 fermeMolani
1179 765 1362 826 verba,
1405 764 1499 818 sed
1552 771 1758 816 mutata
1808 762 2073 816 tantillum

503 858 709 926 phrasi,
748 856 803 911 in
850 856 1124 912 Natalihus
1168 842 1476 912 sanctorum
1506 855 1672 926 Belgii
1714 858 1875 910 etiam
1906 856 2074 925 es'pli-

504 957 724 1009 cantur;
779 948 833 1001 in
889 949 1083 1016 quibus
1125 946 1374 1001 omnibus
1417 953 1603 1015 aperte
1648 945 1824 1001 elucet
1877 945 2071 1000 Molani

504 1038 772 1092 sententia
818 1039 883 1092 de
926 1039 1314 1093 monachorum
1366 1046 1485 1106 post
1513 1038 1719 1091 obitum
1770 1036 1832 1092 S.
1889 1037 2071 1092 Jonati

503 1143 738 1192 recessu,
778 1136 832 1183 et
870 1139 991 1198 post
1030 1138 1298 1183 trecentos
1339 1128 1556 1198 triginta
1590 1136 1703 1182 tres
1734 1143 1924 1194 annos,
1972 1127 2073 1184 sub

504 1219 763 1274 Balduino
828 1220 1082 1285 Barbato,
1163 1219 1333 1290 pulsis
1407 1219 1926 1284 sanctimonialibus,
2007 1218 2074 1273 ad

502 1311 675 1379 ipsum
710 1312 1012 1367 coenobium
1052 1312 1249 1366 reditu.
1292 1310 1478 1379 Neque
1509 1313 1603 1365 abs
1638 1326 1695 1365 re
1730 1311 1833 1366 erit
1861 1311 1947 1365 hic
1976 1310 2073 1365 ad-

495 1398 721 1469 jungere
752 1416 870 1469 qua:
893 1402 1055 1455 tradit
1077 1400 1285 1455 Miratus
1312 1402 1362 1453 in
1388 1400 1564 1455 Fastis
1587 1399 1830 1471 Belgicis,
1859 1410 1916 1455 ut
1942 1400 2078 1455 alio-

504 1503 622 1540 rum
656 1487 922 1541 defectum
952 1490 1213 1556 tantisper
1257 1488 1555 1558 suppleant.
1608 1489 1687 1541 En
1722 1489 1838 1558 ejus
1865 1489 2027 1543 verba
2057 1504 2072 1542 :

573 1576 660 1629 15.
696 1593 714 1625 ι
752 1575 1026 1632 Amandus
1047 1575 1409 1645 Trajcetcnsis
1428 1586 1482 1632 et
1506 1577 1800 1632 Autbertus
1825 1576 2075 1631 Camera-

474 1652 680 1718 censis
707 1665 944 1736 cpiscopi
976 1665 1361 1719 monasterium
1402 1663 1858 1720 Marchianensea
1887 1674 2070 1720 sancta

2177 488 2443 544 Chronico
2482 499 2813 545 memoratur
2852 491 2991 562 apud
3039 490 3402 544 Mabillonium
3452 505 3584 560 pag.
3620 488 3741 544 951.

2247 580 2314 634 15
2341 598 2361 632 ι
2400 580 2602 636 Dirutis
2636 597 2850 651 quoque
2893 583 3257 646 monasteriis,
3286 598 3411 652 qua:
3435 597 3605 651 super
3647 579 3743 634 ﬂu-

2174 668 2318 721 vium
2344 667 2515 740 Scarp
2554 670 2658 725 sita
2695 679 2871 737 erant,
2907 672 3072 726 etiam
3110 671 3525 726 Marchianense
3567 684 3747 726 ceno-

2172 754 2319 810 bium
2530 758 2730 813 accolis
2758 767 2915 814 terra:
2942 759 3141 830 fugatis
3171 769 3229 814 et
3254 758 3588 822 interfectis,
3611 758 3748 813 dde-

2174 853 2286 899 tum
2315 854 2419 901 est.
2445 847 2687 918 Corpora
2713 864 2843 906 vero
2867 860 3200 917 sanctorum,
3233 866 3353 921 quae
3376 853 3437 905 in
3466 852 3748 905 destmen-

2173 938 2527 996 disecclesiis
2568 945 2842 999 recondita
2889 943 3129 1012 fuerant,
3176 947 3243 999 ad
3268 946 3385 1000 loca
3420 946 3628 999 tutiora
3660 958 3749 1013 per

2174 1028 2408 1087 divinam
2478 1020 2870 1101 providentiam
2926 1035 3077 1089 salva
3100 1045 3466 1105 transportata
3492 1045 3645 1089 sunt.
3693 1034 3745 1087 in

2174 1133 2279 1188 qua
2303 1120 2667 1179 destructione
2715 1125 2946 1194 deperiit
2989 1125 3167 1180 omnis
3205 1134 3435 1180 ornatus
3478 1124 3750 1180 Matthia-

2172 1209 2354 1265 nensis
2392 1212 2659 1278 ecclesiae,
2687 1214 2744 1275 in
2791 1215 2995 1269 chartis
3023 1214 3276 1269 videlicet
3295 1224 3349 1269 et
3373 1213 3750 1283 privilegiiset

2173 1300 2327 1356 libris
2344 1310 2400 1356 et
2427 1304 2590 1373 gestis
2620 1314 2955 1371 sanctorum,
2989 1314 3046 1361 et
3075 1307 3285 1363 caeteris
3309 1307 3478 1363 rebus
3498 1307 3575 1361 ad
3597 1308 3750 1361 deco-

2174 1406 2287 1446 rem
2314 1403 2370 1448 et
2399 1409 2553 1448 usum
2589 1394 2690 1451 loci
2736 1397 3249 1466 pertinentibus.....
3309 1397 3525 1452 Verum
3556 1398 3615 1450 in
3646 1398 3748 1452 dis-

2172 1480 2463 1548 quisitione
2510 1482 2831 1539 elevationis
2872 1484 2934 1539 S.
2991 1484 3168 1540 Jonati
3213 1486 3453 1551 abbatis,
3511 1486 3613 1556 qui
3656 1484 3747 1539 fuit

2177 1567 2474 1637 discipulus
2533 1572 2734 1642 egregii
2792 1572 3118 1629 confessoris
3165 1573 3421 1640 Amandi,
3486 1577 3745 1644 scriptum

2175 1657 2497 1727 invenimus,
2553 1663 2697 1732 quod
2743 1671 2981 1732 tempore
3030 1665 3312 1720 abbatissae
3356 1665 3579 1730 Judith,
3636 1680 3745 1736 qua:

502 1754 778 1820 Rictrnde,
822 1755 1124 1821 Adalbaldi,
1174 1755 1323 1810 ducis
1375 1755 1671 1810 Dnacensis
1724 1756 1905 1821 vidua,
1946 1746 2148 1811 con-B
2176 1749 2569 1807 Marchianeusi
2597 1754 2926 1809 monasterio
2962 1754 3178 1824 pmefnit
3205 1765 3451 1826 tempore
3502 1756 3746 1812 Lotharii

500 1853 786 1910 structum,
817 1845 869 1897 in
902 1845 1160 1899 honorem
1202 1852 1510 1899 sanctorum
1548 1843 1694 1898 Petri
1734 1853 1789 1898 et
1829 1844 1975 1899 Pauli
2018 1860 2071 1898 vt

500 1930 768 1986 Kalendas
819 1931 1136 1987 Novembris
1193 1933 1528 1987 dedicarunt.
1602 1932 1659 1987 In
1708 1949 1773 1988 eo
1827 1934 2074 1988 ccenobio

499 2023 731 2093 primum
765 2024 1041 2078 monachis
1084 2023 1150 2077 ad
1194 2023 1533 2079 serviendum
1590 2025 1699 2080 Deo
1748 2026 2074 2091 constitutis,

498 2121 684 2181 pastor
715 2112 1155 2182 vigilantissimus
1168 2112 1323 2167 datus
1343 2121 1424 2167 est
1446 2113 1693 2179 Jonatus,
1717 2115 2077 2170 beatiAman-

499 2203 551 2257 di
584 2202 900 2273 discipulus.
953 2202 1153 2256 Verum
1183 2212 1370 2273 postea
1413 2204 1613 2258 rationi
1652 2214 2074 2260 consentaneum

496 2292 673 2346 visum
731 2302 812 2346 est
843 2292 1115 2362 (quoniam
1151 2307 1247 2346 sua
1277 2293 1417 2348 bona
1464 2293 1617 2348 beata
1647 2293 1921 2349 Rictrudis
1951 2295 2077 2351 huic

495 2379 619 2435 loco
659 2391 1023 2446 consecrarat,
1070 2380 1250 2451 ibique
1301 2382 1410 2436 Deo
1443 2382 1717 2439 deservire
1764 2382 2073 2451 statuerat),

497 2479 558 2524 ut
587 2471 781 2526 ibidem
809 2480 864 2525 et
890 2472 1325 2528 sanctimoniales
1359 2472 1774 2529 collocarentur.
1803 2475 1932 2541 Qua:
1952 2476 2073 2545 qni-

497 2562 617 2617 dem
653 2577 748 2633 per
784 2578 952 2617 annos
997 2572 1267 2619 trecentos
1307 2565 1526 2635 triginta
1565 2577 1675 2622 tres
1724 2567 1811 2621 vel
1857 2566 2077 2630 circiter

497 2650 785 2706 ecclesiam
812 2650 1293 2707 Marchiamensem
1337 2656 1608 2710 vexerunt.
1643 2655 1772 2712 Post
1804 2654 2073 2711 Norman-

498 2742 673 2796 nicam
725 2744 1110 2808 vastationem,
1168 2744 1439 2801 Leduinus
1500 2746 1665 2802 abbas
1722 2746 2071 2815 Vedastinus,

496 2840 714 2901 petente
760 2831 1021 2887 Balduino
1075 2833 1346 2889 Flandriae
1381 2836 1599 2902 comite,
1654 2840 1948 2895 monachos
1976 2839 2075 2894 Bc-

496 2924 795 2980 nedictinos
822 2941 886 2980 eo
912 2926 966 2980 in
994 2925 1110 2981 loco
1138 2926 1436 2993 collocavit,
1466 2937 1527 2984 ut
1554 2929 1722 2985 fusius
1771 2930 1825 2984 in
1855 2932 2074 2986 chroni-

495 3029 563 3068 co
616 3016 983 3085 nianuscripto
1036 3014 1427 3072 Marchianensi
1500 3030 1783 3086 narratur,
1830 3022 1971 3090 quod
2022 3031 2076 3076 et

2181 1841 2326 1910 regis
2369 1841 2727 1911 Francorum,
2769 1845 2946 1900 adhuc
3002 1845 3351 1914 quiescebant
3410 1846 3472 1900 in
3535 1846 3745 1901 tumulis

2171 1929 2419 2000 lapideis,
2450 1932 2709 1988 altaribus
2744 1935 3085 2003 antepositis,
3130 1949 3362 2004 corpora
3404 1946 3745 2000 sanctorum,

2160 2020 2421 2076 'videlieet
2459 2021 2627 2076 beatae
2651 2012 3148 2079 Rictrudis'nobilis
3185 2032 3472 2086 matronae,
3505 2035 3565 2078 et
3589 2026 3749 2080 bono-

2174 2122 2293 2162 rum
2312 2107 2680 2164 confessorum
2720 2109 2985 2166 Mauronti
3022 2121 3184 2180 atque
3230 2113 3539 2183 supradicti
3583 2110 3744 2167 Jona-

2174 2200 2269 2254 ti.»
2294 2199 2441 2255 Nihil
2469 2211 2730 2270 praeterea
2773 2210 3064 2270 suggerunt
3102 2212 3453 2257 monumenta
3488 2202 3751 2257 Mat-chi:-

2174 2291 2379 2356 nensia,
2430 2292 2574 2361 quod
2611 2292 2678 2347 ad
2725 2294 2900 2347 sancti
2952 2291 3182 2363 gloriam
3232 2293 3321 2348 hic
3369 2294 3748 2348 illustrandae:

2174 2388 2400 2448 spectet,
2431 2389 2630 2449 praeter
2649 2381 2877 2450 paucula
2898 2380 3094 2451 elogia,
3134 2380 3244 2449 jam
3279 2383 3611 2436 memoratis
3631 2397 3751 2436 coa-

2178 2468 2392 2535 formia,
2430 2485 2551 2539 qua:
2573 2486 2641 2525 ex
2665 2469 2925 2527 Huchaldi
2953 2471 3468 2537 exbortatianculis,
3504 2488 3605 2527 seu
3634 2488 3751 2541 apo-

2175 2559 2315 2632 logia
2344 2562 2682 2630 temeritatis,
2731 2564 2787 2619 in
2831 2565 3092 2620 lectiones
3119 2566 3532 2635 quodammodo
3577 2567 3750 2620 distri-

2173 2653 2323 2718 buta,
2367 2654 2583 2724 decerpi
2631 2663 2901 2724 poterunt.
2938 2656 3105 2711 Porro
3152 2657 3377 2711 historia
3430 2656 3751 2712 elevatioais

2176 2741 2315 2796 sacri
2336 2743 2578 2812 corporis
2604 2752 2658 2798 et
2675 2757 3025 2800 accensorum
3046 2742 3332 2800 cereorum
3359 2746 3471 2800 erit
3497 2745 3749 2810 materia,

2175 2837 2234 2884 ut
2259 2846 2422 2899 supra
2450 2831 2717 2896 dicebam,
2739 2833 3014 2902 sequentis
3032 2833 3383 2904 paragraphi.

2247 2919 2333 2974 16.
2375 2919 2464 2975 Sic
2490 2922 2650 2992 igitur
2676 2922 2980 2978 Hucbaldus
3004 2922 3234 2978 lectione
3259 2924 3312 2988 5,
3343 2923 3590 2980 adducto
3618 2923 3749 2980 Scri-

2174 3012 2507 3083 pturzeloco:
2527 3012 2586 3068 Si
2606 3013 2677 3068 vis
2697 3015 2952 3085 perfectus
2977 3031 3105 3080 esse,
3122 3025 3249 3080 etc.,
3263 3015 3329 3070 de
3349 3027 3545 3071 saneto
3568 3026 3752 3071 nostro

493 3113 675 3159 exstat
698 3106 751 3159 in
778 3105 1096 3161 Rubravalle
1135 3124 1148 3160 :
1178 3116 1339 3177 atque
1380 3111 1493 3164 haac
1538 3119 1663 3165 sunt
1693 3111 1904 3182 vulgata
1933 3116 2070 3183 typis
2101 3100 2145 3163 C
2174 3103 2450 3173 loquitur:
2483 3104 2647 3174 Cujus
2686 3105 2928 3177 praecepti
2969 3116 3177 3160 sanctus
3203 3106 3431 3161 lanatas
3458 3124 3569 3160 non
3606 3109 3753 3177 iaspi-

502 3195 677 3266 elogia
712 3212 831 3265 qua:
861 3197 927 3251 de
967 3195 1024 3251 S.
1060 3196 1253 3252 Jonato
1274 3199 1626 3255 describenda
1656 3203 1995 3257 censuimus.
2037 3224 2055 3256 ι

502 3283 688 3355 Pergit
730 3283 946 3340 Mimas
981 3301 1169 3342 versus
1192 3287 1412 3353 referre,
1460 3291 1551 3359 qui
1592 3293 1645 3344 in
1683 3292 1887 3347 ambitu
1918 3295 2069 3349 chori

497 3375 923 3433 Marchianensis
984 3377 1252 3450 leguntur,
1314 3382 1617 3453 quibusque
1686 3396 2072 3442 enumerantur

496 3471 651 3525 varia
706 3481 1019 3526 sanctorum
1074 3485 1302 3541 corpora
1354 3472 1551 3527 ibidem
1607 3476 1874 3546 deposita,
1929 3478 2072 3533 inter

499 3575 637 3630 quos
663 3570 716 3613 et
740 3559 813 3613 illi
844 3560 948 3614 duo
969 3574 1105 3629 quos
1128 3574 1291 3628 supra
1317 3575 1381 3615 ex
1422 3559 1634 3617 Cointio
1660 3564 1925 3620 dedimus.
1968 3566 2070 3634 Qui

496 3645 725 3705 caéteros
752 3664 909 3705 nosse
937 3649 1102 3719 cupit,
1135 3648 1335 3705 fontem
1364 3652 1538 3721 ipsum
1579 3653 1756 3707 adeat.

573 3741 657 3793 Η.
690 3740 899 3794 Nullam
946 3755 1173 3810 usquam
1211 3751 1428 3796 exstare
1460 3742 1520 3797 S.
1551 3742 1734 3798 Jonati
1785 3744 1959 3800 Vitam
1984 3754 2077 3800 aut

499 3830 827 3902 Legendam,
885 3831 1012 3885 inde
1037 3832 1259 3887 omnino
1308 3832 1581 3902 colligitur
1645 3836 1785 3904 quod
1829 3835 1883 3889 in
1927 3838 2077 3892 Actis

504 3921 830 3977 Sanctorum
870 3921 1233 3977 Benedictinis
1291 3931 1399 3978 tam
1434 3923 1619 3994 jejune
1654 3924 1719 3979 de
1757 3939 1821 3979 eo
1865 3934 2072 3995 agatur,

504 4020 565 4067 nt
592 4028 658 4067 ex
693 4012 841 4066 Actis
869 4010 1036 4081 ipSius
1082 4020 1279 4069 sancta:
1323 4013 1599 4069 Rictrudis
1628 4022 1774 4070 tomo
1796 4013 1861 4081 ll,
1895 4031 1924 4069 a
1953 4031 2075 4086 pag.

502 4102 629 4168 937,
659 4100 883 4172 paucula
914 4101 1276 4173 assignentur,
1307 4104 1420 4175 jam
1466 4105 1650 4161 relatis
1679 4104 1811 4160 adeo
1859 4104 2077 4160 confar-

502 4194 631 4257 mia,
658 4190 967 4247 utdescribi
989 4206 1092 4245 non
1142 4206 1470 4251 mereantur.
1522 4195 2080 4251 anbservationibus

503 4283 718 4352 praeviis
744 4283 886 4336 inter
914 4290 1137 4338 exteros
1164 4296 1383 4341 sanctos
1408 4284 1659 4341 Jonatum
1700 4286 1881 4340 laudat
1907 4288 2081 4342 editor

503 4371 647 4440 quod
677 4372 732 4427 in
759 4376 1004 4431 cmnobio
1056 4374 1448 4430 Marchianensi
1487 4374 1751 4429 floruerit.
1800 4374 1929 4446 Pag.
1974 4376 2079 4433 944

2170 3211 2262 3265 ger
2285 3195 2497 3265 eiectus
2525 3195 2919 3266 obtemperator,
2970 3196 3173 3250 beatum
3213 3197 3518 3251 Amandum
3544 3214 3751 3267 prmo

2171 3288 2271 3342 lem
2301 3304 2509 3343 sacrum
2538 3299 2587 3343 et
2612 3288 2814 3359 populis
2857 3288 3172 3343 destinatum
3221 3307 3255 3344 a
3304 3289 3416 3344 Deo
3456 3291 3756 3344 medicas

2171 3378 2432 3432 doctorem
2460 3379 2723 3432 humiliter
2749 3378 2913 3445 adiit;
2942 3388 2996 3432 ut
3024 3378 3172 3448 cujus
3202 3378 3485 3448 informari
3512 3380 3755 3447 cupiebat

2173 3467 2401 3521 mirabili
2445 3468 2715 3533 doctrina,
2765 3484 2923 3538 opera
2964 3477 3146 3522 sancta
3174 3482 3290 3537 qua:
3315 3468 3643 3536 magniﬁcus
3674 3467 3756 3521 ille

2174 3560 2503 3629 operabatur,
2546 3558 2699 3629 plena
2727 3559 3019 3613 imitaretur
3062 3558 3370 3613 obedientia.
3411 3558 3589 3623 Quem
3621 3561 3758 3613 idem

2174 3648 2367 3719 praesul
2394 3650 2571 3704 devote
2601 3666 2869 3704 assumens
2890 3690 2906 3716 ,
2958 3666 3134 3705 omnes
3161 3667 3279 3705 eum
3310 3648 3611 3705 Christiani
3633 3652 3761 3722 dog-

2176 3739 2332 3793 matis
2386 3739 2734 3794 observantias
2792 3740 3007 3808 docuit,
3053 3751 3102 3796 et
3145 3740 3434 3796 Dominicis
3487 3745 3758 3796 seruitutis

2177 3832 2425 3886 mandata
2468 3833 2515 3885 ei
2554 3832 2833 3901 prudenter
2874 3826 3121 3902 injunxit.
3169 3830 3271 3898 Qui
3330 3833 3463 3886 tanti
3506 3834 3759 3904 magistri

2178 3924 2445 3992 prwceptis
2506 3922 2890 3988 obsecundans,
2961 3924 3189 3992 seipsum
3248 3922 3455 3992 ﬁdelem
3514 3926 3763 3978 exhibuit

2180 4012 2460 4083 fantulum,
2497 4015 2758 4084 probaque
2783 4015 3165 4069 conversatione
3194 4014 3380 4067 multos
3406 4016 3668 4070 excitarit
3696 4017 3763 4070 ad

2181 4103 2416 4157 divinum
2449 4103 2735 4157 servitium.
2764 4104 2898 4158 Tum
2928 4104 3104 4174 pergit
3130 4104 3250 4158 lect.
3280 4103 3313 4156 4
3341 4121 3352 4155 :
3380 4102 3567 4173 Igitur
3586 4108 3645 4159 lii
3672 4108 3763 4161 riri

2179 4194 2348 4247 sancti
2378 4191 2647 4246 Amandus
2695 4202 2851 4263 atque
2875 4191 3138 4257 Jonatus,
3177 4194 3233 4245 in
3275 4192 3430 4246 domo
3474 4193 3583 4247 Dei
3631 4197 3763 4249 aetat

2181 4282 2327 4335 clara
2356 4279 2582 4334 lucentes
2610 4279 2925 4346 luminaria,
2963 4281 3298 4335 densissimas
3333 4280 3680 4348 inﬁdelitatis
3716 4295 3762 4336 et

2180 4370 2378 4440 peccati
2404 4369 2659 4441 pellentes~
2691 4370 2958 4436 tenebras,
3003 4370 3219 4424 cmlestis
3259 4369 3453 4424 lumine
3494 4372 3764 4426 claritatis

504 4461 739 4517 refertur
781 4466 921 4534 quod
952 4465 1067 4534 jam
1100 4466 1351 4530 diximus,
1412 4481 1605 4536 nempe
1655 4465 1713 4521 S.
1771 4445 2076 4521 Amandum
2106 4445 2158 4504 D
2183 4460 2449 4514 universos
2481 4460 2857 4530 aspergebanl;
2894 4459 3315 4531 atqueesemplis
3338 4472 3390 4513 ει
3429 4464 3765 4517 orationum

506 4552 833 4623 perficiendo
884 4557 1291 4625 ordinandoque
1357 4556 1692 4611 monasterio
1726 4536 2078 4626 ‘discipulnm

505 4659 663 4700 suum
703 4646 1011 4715 prtefecissc
1051 4647 1108 4701 S.
1168 4634 1422 4702 Jonatu'm
1467 4647 1834 4703 venerabilem
1881 4648 2078 4714 virum,

505 4737 661 4807 cujus
695 4739 872 4793 adhuc
912 4739 964 4792 in
1008 4739 1197 4795 eodem
1255 4740 1584 4795 monasterio
1616 4754 1831 4795 sacrum
1886 4754 2082 4809 corpus

506 4829 737 4885 habetur
774 4830 1107 4885 reconditum
1153 4849 1166 4885 :
1214 4830 1265 4893 in
1293 4848 1399 4902 quo
1424 4840 1480 4886 et
1523 4831 1910 4886 monachorum
1937 4832 2083 4887 ordi-

506 4935 631 4976 nem
662 4921 850 4975 beatus
891 4919 1165 4975 Amandus
1191 4921 1377 4977 haberi
1418 4921 1606 4987 voluit,
1654 4922 1749 4976 sed
1772 4922 1886 4993 ja‘m
1913 4923 2086 4980 dictus

507 5011 676 5065 abbas
741 5010 1176 5066 sanctimoniales
1228 5011 1410 5080 (prout
1481 5010 1584 5065 sibi
1653 5011 1830 5066 visum
1888 5010 2083 5083 fuerat)

507 5101 835 5172 aggregavit.
868 5100 995 5168 Quae
1024 5102 1293 5171 quomodo
1329 5109 1383 5156 et
1421 5101 1657 5173 quandiu
1691 5101 1850 5157 isthic
1896 5102 2086 5172 persti-

512 5194 695 5254 terint.
719 5209 786 5247 ex
808 5210 969 5265 supra
998 5182 1279 5264 explicatis
1314 5209 1418 5248 non
1442 5194 1673 5249 obscure
1703 5194 1862 5248 datur
1884 5193 2086 5248 intelli-

512 5285 588 5354 gi.
614 5284 943 5353 Deploranda
965 5300 1029 5340 ea
1053 5294 1293 5354 tempora
1330 5299 1660 5349 successere,
1686 5285 1880 5353 quibus
1906 5293 1959 5338 et
1980 5285 2087 5339 dis-

513 5373 708 5442 ciplina
747 5374 885 5428 inter
932 5374 1191 5430 moniales
1229 5376 1448 5441 omnino
1498 5374 1791 5439 intercidit,
1845 5383 1900 5430 et
1939 5374 2093 5445 quid-

514 5462 645 5533 quid
668 5476 731 5517 eo
760 5462 877 5518 loco
922 5474 1225 5535 supererat,
1273 5464 1521 5519 barbaris
1561 5464 1742 5534 praeda
1782 5463 1906 5531 fuit,
1955 5472 2089 5520 utet

515 5553 692 5625 ipsum
714 5554 1035 5622 ccenobium,
1064 5564 1119 5611 et
1150 5572 1269 5628 qua
1297 5556 1363 5612 de
1392 5559 1558 5629 gestis
1587 5566 1900 5613 sanctorum
1949 5557 2087 5612 Mar-

515 5643 882 5699 chianensium
930 5645 1130 5717 scripta
1158 5654 1334 5714 erant,
1376 5662 1480 5703 una
1522 5646 1784 5721 perierint
1823 5664 1837 5702 :
1885 5646 1938 5703 id
2002 5647 2089 5704 hic

2180 4550 2374 4604 multos
2418 4549 2488 4603 ad
2534 4540 2746 4620 regnum
2792 4550 2847 4603 in
2915 4549 3056 4605 cretis
3122 4552 3484 4619 repromissum
3538 4550 3767 4619 feliciter

2182 4641 2597 4696 introducebant.
2624 4642 2880 4697 Eamdem
2904 4630 3063 4710 plane
3102 4655 3293 4696 venam
3320 4642 3541 4710 sapiunt
3560 4682 3580 4705 ,
3612 4653 3767 4697 sunt-

2185 4748 2292 4805 que
2317 4731 2555 4801 ejusdem
2579 4733 2802 4787 omnino
2844 4732 3126 4788 sententiaa
3148 4742 3401 4801 congesta
3442 4732 3658 4786 ibidem
3688 4748 3770 4787 re-

2185 4825 2331 4894 liqua
2357 4825 2528 4894 elogia
2577 4823 2634 4878 S.
2666 4824 2908 4879 Amando
2932 4838 3086 4893 reque
3110 4838 3174 4877 ac
3198 4822 3257 4877 S.
3296 4821 3490 4878 Jonato
3517 4839 3769 4878 ωωωυο

2188 4916 2303 4981 nia,
2328 4915 2497 4969 donec
2521 4913 2837 4968 lectionibus
2860 4913 2895 4968 8
2918 4922 2974 4967 et
2996 4912 3030 4969 9
3057 4911 3314 4967 nonnulla
3338 4911 3609 4981 praedicat
3638 4911 3769 4966 Bue

2186 5006 2377 5062 baldus
2409 5022 2527 5076 quae
2551 5007 2677 5062 huic
2698 5005 2859 5076 paulo
2886 5005 3060 5076 magis
3091 5004 3309 5075 proprie
3338 5004 3694 5074 adaptantur,
3718 5005 3768 5057 in

2188 5097 2333 5155 hunc
2362 5100 2577 5152 modum
2603 5083 2623 5150 τ’

2261 5189 2347 5243 17.
2390 5185 2495 5263 Per
2521 5186 2818 5242 Martianas
2846 5191 3033 5258 quippe
3075 5187 3393 5241 monasterio
3419 5197 3671 5239 sanctum
3706 5187 3772 5239 ri-

2144 5301 2155 5311 ε
2190 5295 2306 5333 runt
2332 5287 2380 5332 et
2416 5295 2507 5349 per
2524 5288 2711 5331 cuncta
2733 5277 3050 5332 laudabilem
3076 5276 3330 5330 Jonatum
3355 5276 3425 5328 ad
3448 5275 3772 5345 perﬁcienda

2190 5385 2307 5442 qua:
2336 5370 2510 5424 minus
2538 5377 2709 5435 erant,
2738 5378 2787 5422 et
2821 5367 2891 5421 ad
2921 5366 3213 5422 sanctitatis
3245 5364 3479 5434 regulam
3512 5365 3575 5416 in
3606 5363 3772 5416 οιιιὶο

2192 5459 2285 5513 bus
2309 5457 2718 5512 conservandam
2744 5456 3050 5527 pra-posuit,
3077 5454 3381 5524 praecipiens
3406 5452 3476 5517 ei,
3494 5461 3558 5504 ut
3576 5464 3770 5520 super

2190 5553 2259 5608 ad
2285 5552 2727 5623 augmentandum
2757 5567 2974 5621 qumque
2997 5558 3144 5605 erant
3169 5555 3376 5609 sancta,
3420 5546 3478 5599 in
3505 5545 3626 5598 dies
3662 5558 3771 5595 eut-

2188 5643 2462 5717 pliﬁcarct.
2497 5642 2597 5710 Qui
2625 5653 2836 5700 sanctus
2861 5640 3091 5698 videlicet
3132 5638 3203 5692 ad
3235 5636 3335 5690 hoc
3377 5634 3664 5689 ordinatas
3690 5631 3773 5685 ab-

3797 5840 3841 5880 Ι
