3916 6426
175 321 278 380 901

813 319 1358 378 COMMENTARIUS
1398 321 1487 376 DE
1525 317 1563 372 S
1602 312 1864 372 JONATO
1905 313 2170 368 ABBATE
2213 315 2720 372 MARCHIANENSI

3338 323 3442 395 902

176 439 270 492 bas
298 434 530 490 Jonatus
561 429 823 495 obediens,
859 432 1023 500 jussu
1061 431 1310 502 implevit,
1339 441 1386 484 et
1413 431 1474 482 ob
1505 428 1559 481 id
1591 427 1644 480 in
1675 440 1757 476 re-
1786 426 1834 484 Α
1860 421 2040 478 Jonati
2071 425 2124 478 in
2153 426 2481 480 eminentiori
2518 436 2566 480 et
2602 428 2753 494 quasi
2798 430 3077 483 sacratiori
3116 430 3229 486 loco
3270 434 3440 490 debito

175 524 682 592 compensationem,
753 531 960 576 (eterna?
1003 522 1184 591 gloria:
1240 537 1486 574 coronam
1538 517 1752 586 accepit.

177 615 323 670 Sane
354 612 424 664 ad
453 612 780 666 serviendum
813 610 1036 662 Domino
1066 610 1126 664 S.
1177 610 1446 662 Amandus
1477 607 1756 660 monachos

175 707 234 758 in
257 702 546 756 Marcianis
576 716 856 770 aggregare
881 699 1227 769 disposuerat,
1251 702 1339 752 sed
1365 698 1612 762 Jonatus,
1635 713 1756 750 con-

175 808 326 846 cessa
372 793 469 844 sibi
516 799 768 858 potestate
825 787 888 840 ab
935 789 1078 857 ipso,
1127 788 1432 858 virginalem
1475 786 1658 838 mentis
1707 793 1756 838 et

175 882 412 950 corporis
439 879 658 948 diligens
705 878 1044 947 pudicitiam,
1093 875 1514 931 sanctimoniales
1547 875 1617 929 ibi
1650 891 1757 928 esse

177 975 426 1028 instituit.
483 971 626 1024 Fecit
657 971 752 1024 hoc
775 970 997 1038 fortasse
1025 972 1364 1040 inspiratione
1392 987 1614 1038 superna
1641 970 1758 1022 edo-

177 1075 296 1118 ctus
315 1105 330 1129 ,
359 1075 416 1116 ut
449 1063 778 1132 postmodum
805 1062 967 1115 beata:
993 1060 1230 1114 Rictrudi
1271 1063 1482 1130 ejusque
1516 1059 1753 1128 filiabus,

175 1155 376 1206 sanctis
405 1155 580 1222 utique
608 1151 890 1220 virginibus
911 1161 1062 1220 aptus
1088 1161 1218 1205 esset
1241 1150 1406 1214 locus,
1428 1159 1474 1204 et
1505 1150 1756 1218 condigne

175 1261 210 1298 ιι
247 1255 499 1298 conventu
523 1242 767 1296 sazculari
791 1251 1034 1295 remotus.
1057 1239 1254 1294 Fervor
1275 1241 1448 1310 itaque
1469 1239 1756 1292 Dominica:

176 1337 478 1390 dilectionis
509 1336 564 1386 in
601 1343 781 1387 sancto
825 1325 1020 1384 Ionato
1050 1331 1330 1385 laudabilis
1377 1341 1423 1385 et
1453 1330 1752 1399 multiplex,

177 1445 288 1484 non
325 1429 582 1480 modicam
605 1435 904 1480 sanctarum
935 1425 1179 1478 virtutum
1206 1434 1424 1493 segetem
1455 1422 1754 1476 cumulave-

177 1527 286 1581 rat,
319 1527 472 1586 atque
497 1517 740 1570 bonitatis
765 1517 927 1586 ipsius
955 1515 1151 1584 famam
1185 1514 1336 1584 longe
1369 1513 1570 1583 lateque
1596 1513 1758 1580 diffu-

175 1611 354 1662 derat.
395 1606 526 1662 Erat
559 1609 694 1662 enim
721 1617 894 1660 castus
924 1608 1098 1671 corde,
1125 1607 1335 1660 humilis
1367 1614 1534 1658 mente
1555 1644 1570 1669 ,
1614 1603 1756 1658 vultu

177 1717 417 1764 serenus,
457 1699 695 1752 omnibus
722 1699 972 1766 affabilis,
1003 1699 1255 1751 universis
1283 1696 1544 1750 amabilis.

265 1789 355 1843 18.
400 1789 678 1853 Quoddam
752 1789 972 1856 denique
1049 1786 1316 1855 speculum
1379 1795 1426 1838 et
1492 1775 1830 1852 exemplari}

181 1887 370 1932 sancta
400 1877 668 1930 Rictrudis
713 1885 760 1930 et
791 1892 966 1930 omnes
997 1892 1115 1930 cum
1145 1878 1256 1945 ipsa
1285 1875 1576 1928 habitantes
1605 1873 1760 1927 habe-

183 1968 310 2020 bant
339 1968 394 2018 in
421 1967 564 2036 ipso,
617 1982 746 2035 quas
775 1965 912 2019 idem
953 1975 1161 2019 sanctus
1193 1965 1356 2018 verbis
1399 1962 1756 2028 demulcebat,

183 2057 632 2112 exhortationibus
658 2057 942 2120 animabat,
971 2069 1125 2126 atque
1155 2055 1394 2125 operibus
1419 2054 1759 2108 sanctissimis

185 2147 256 2200 ad
279 2163 480 2200 summa
500 2147 791 2200 sanctitatis
811 2145 1038 2198 culmina
1059 2147 1392 2215 provocabat.
1419 2144 1558 2210 Quid
1579 2142 1762 2214 plura?

187 2239 276 2292 Ita
295 2240 348 2292 in
369 2255 426 2292 eo
447 2239 618 2308 gratia
643 2237 926 2308 singularis
945 2237 1220 2302 eminebat,
1251 2246 1306 2288 ut
1325 2236 1760 2306 quemadmodum

195 2347 391 2400 gemma
414 2329 666 2400 exquisita
689 2331 744 2382 in
767 2330 885 2382 auri
907 2329 1108 2396 fabrica
1136 2327 1472 2382 laudabiliter
1495 2336 1540 2380 et
1561 2325 1760 2378 decenti

193 2433 379 2476 ornatu
409 2423 710 2491 composita,
747 2421 948 2474 decoris
975 2421 1058 2474 sui
1083 2420 1308 2490 gratiam
1343 2429 1632 2484 ostentans,
1679 2418 1759 2472 vi-

187 2513 364 2567 dentes
391 2513 458 2566 ad
499 2530 552 2568 se
575 2513 873 2568 Amandum
903 2511 1090 2576 illicit;
1121 2513 1194 2566 ita
1220 2512 1264 2565 is
1289 2527 1316 2564 e
1358 2512 1536 2564 beatus
1555 2547 1572 2574 ,
1617 2509 1760 2562 omni

184 2607 368 2660 decore
397 2608 644 2660 vii-tumin
689 2605 1000 2670 adornatus,
1044 2604 1154 2658 Deo
1199 2613 1247 2658 et
1287 2603 1432 2656 bonis
1460 2602 1758 2656 hominibus

181 2697 467 2768 apparebat
510 2699 792 2767 gratiosus.
837 2696 980 2750 Talis
1010 2698 1172 2767 igitur
1195 2706 1242 2749 et
1269 2703 1448 2749 tantus
1477 2708 1594 2747 cum
1631 2700 1760 2746 esset

182 2788 368 2842 beatus
393 2797 439 2842 et
473 2789 832 2842 sanctissimus
861 2789 946 2841 hic
973 2785 1132 2840 Pater
1155 2795 1328 2840 noster
1364 2783 1594 2838 Jonatus
1612 2823 1627 2848 ,
1673 2799 1762 2838 vo-

181 2879 408 2932 cationis
435 2893 546 2934 sua:
576 2879 800 2932 instante
826 2878 1046 2932 termino
1067 2917 1082 2943 ,
1127 2877 1421 2931 abstractus
1469 2892 1502 2928 a
1532 2873 1758 2939 mundo,

177 2987 280 3040 per
297 2972 526 3024 divinam
553 2971 782 3040 gratiam
803 2969 1088 3024 collocatus
1115 2969 1168 3023 in
1194 2969 1345 3032 caelo,
1372 2984 1478 3020 una
1503 2981 1622 3022 cum
1643 2982 1764 3018 san-

180 3063 284 3114 ctis
318 3061 554 3114 omnibus
580 3077 765 3114 nomen
811 3060 1023 3114 Domini
1053 3058 1419 3122 benedicendo,
1451 3057 1614 3111 beata:
1644 3055 1762 3125 feli-

1861 514 2096 582 ﬁdelium
2127 532 2267 568 more
2303 516 2560 586 sepultum
2584 527 2680 582 est,
2711 519 2784 570 ita
2823 530 2995 572 tamen
3024 521 3140 574 imis
3179 532 3330 577 terra:
3368 527 3442 579 vi-

1861 604 2089 658 sceribus
2121 607 2558 670 commendatum,
2588 617 2640 659 ut
2679 625 2835 676 supra
2865 609 3097 662 trabibus
3128 611 3284 680 duplo
3311 623 3358 668 et
3387 615 3442 668 in

1863 709 2214 752 transversum
2259 701 2467 768 positis,
2519 719 2806 772 magnoque
2841 717 3098 774 apparatu
3127 704 3360 774 lapidum
3393 717 3442 760 et
3517 761 3520 764 .

1863 789 2099 841 ca’menti
2123 786 2254 840 mole
2283 791 2587 858 composita,
2611 792 2846 844 omnibus
2871 809 2973 846 non
2993 795 3076 862 pie
3096 795 3440 864 qurerentibus

1863 880 2156 934 inveniendi
2187 878 2318 932 illud
2346 880 2570 948 facultas
2597 884 2804 935 omnino
2837 894 3126 952 negaretur.
3158 884 3296 938 Loca
3321 903 3444 938 san-

1863 979 2060 1022 ciorum
2100 982 2145 1021 et
2189 969 2424 1038 sepulcra
2457 971 2526 1022 ibi
2551 971 2739 1042 absque
2769 973 2908 1026 tituli
2937 975 3084 1043 signo
3123 975 3442 1043 superposito

1863 1062 2190 1116 solummodo
2231 1063 2490 1117 altaribus
2521 1075 2639 1116 ante
2674 1067 2855 1135 positis
2882 1069 3280 1132 venerabantur,
3311 1069 3444 1122 sicut

1863 1155 2018 1206 etiam
2070 1154 2128 1222 fit
2183 1155 2354 1207 adhuc
2389 1157 2442 1208 in
2493 1155 2654 1208 Italia
2701 1167 2748 1209 et
2799 1158 2852 1210 in
2905 1159 3018 1228 ipsa
3052 1159 3242 1224 Roma,
3276 1159 3446 1213 sancti

1865 1240 2011 1294 Petri
2043 1259 2106 1296 ac
2137 1254 2434 1296 sanctorum
2458 1245 2915 1300 innumerabilium
2945 1248 3145 1300 ossibus
3167 1258 3211 1300 et
3237 1247 3446 1316 pulvere

1861 1333 2112 1403 gloriosa.
2143 1332 2275 1386 Cum
2307 1345 2478 1388 autem
2517 1347 2711 1388 secreto
2753 1337 2914 1390 divini
2952 1337 3154 1390 consilii
3196 1339 3446 1392 instinctu

1842 1423 2140 1496 .aliqttoties
2175 1433 2474 1476 sanctorum
2510 1423 2740 1492 reliquia!
2768 1425 2834 1476 ad
2860 1435 3160 1494 conspectus
3190 1427 3444 1480 humanos

1863 1514 2229 1582 subriguntur,
2261 1514 2542 1583 ferventior
2569 1515 2744 1584 utique
2764 1525 2810 1568 et
2837 1533 2958 1585 erga
2987 1515 3184 1568 cultum
3215 1516 3446 1584 ipsorum

1863 1606 2066 1658 avidior
2104 1607 2309 1658 animus
2351 1606 2635 1669 incitatur;
2675 1607 2807 1660 sicut
2839 1607 3033 1676 factum
3073 1617 3146 1660 est
3185 1596 3252 1660 in.
3279 1605 3446 1662 eleva-

1866 1699 2004 1752 tione
2031 1699 2316 1767 supradicti
2357 1697 2532 1751 Patris
2557 1699 2766 1760 Jonati,
2809 1700 3018 1768 quando
3049 1716 3122 1764 se,
3153 1700 3447 1768 frequenter

1865 1789 2080 1857 repetita
2109 1789 2483 1850 admonitione,
2513 1788 2701 1842 elevari
2723 1789 2916 1858 jussit,
2957 1799 3002 1841 et
3041 1787 3332 1842 incolarum
3363 1789 3447 1841 sui

1863 1878 1966 1932 loci
2005 1877 2261 1948 simulque
2291 1879 2450 1930 totius
2479 1878 2640 1947 plebis
2669 1887 2862 1932 mentes
2892 1886 2940 1931 et
2980 1877 3180 1930 animos
3210 1877 3450 1946 laniﬁca-

1863 1973 1950 2026 vit.
1982 1972 2147 2042 Cujus
2173 1972 2472 2026 elevationis
2514 1971 2720 2034 modus,
2761 1981 2814 2024 ut
2857 1972 3053 2024 cunctis
3083 1969 3248 2038 legere
3273 1967 3449 2022 volen-

1863 2063 1998 2117 tibus
2025 2063 2332 2128 innotescat,
2357 2063 2542 2116 Immili
2561 2062 2862 2116 charactere
2888 2069 2936 2115 et
2968 2061 3160 2114 rustica
3188 2059 3448 2114 locutione

1863 2154 1938 2208 ita
1963 2155 2288 2224 manifestius
2319 2154 2432 2222 fiat.

1931 2245 2022 2298 2-1.
2051 2244 2134 2298 Ill.
2171 2243 2432 2308 Quoniam
2457 2245 2568 2308 diu,
2593 2245 2725 2298 sicut
2755 2260 2914 2312 supra
2953 2243 3148 2296 dictum
3191 2251 3291 2302 est,
3322 2259 3448 2297 san-

1863 2349 1976 2392 ctus
2004 2335 2230 2388 Jonatus
2253 2345 2534 2405 sanctaque
2561 2335 2827 2390 Rictrudis
2854 2345 2898 2388 et
2927 2335 3104 2388 beatus
3134 2333 3446 2388 Haurontus

1862 2429 1916 2482 in
1947 2429 2064 2482 imis
2089 2437 2240 2482 terra:
2267 2429 2542 2482 visceribus
2583 2430 2852 2493 mandati,
2885 2431 2994 2483 sine
3033 2428 3138 2482 ullo
3184 2429 3334 2482 titulo
3366 2445 3450 2482 se-

1860 2518 2055 2588 pulcris
2091 2519 2410 2588 superposito
2451 2528 2764 2588 jacuerant,
2815 2529 2988 2572 tamen
3033 2520 3318 2588 aliquando
3348 2519 3448 2572 Dei

1861 2611 2114 2680 permissu
2141 2620 2186 2662 et
2209 2608 2468 2664 voluntate
2491 2609 2545 2662 in
2574 2607 2748 2678 vigilia
2777 2625 2893 2678 qua:
2919 2608 3195 2662 Dominica
3225 2608 3449 2662 habeba-

1863 2709 1983 2764 tur,
2013 2701 2193 2754 beatus
2218 2701 2442 2754 .lonatus
2479 2717 2722 2770 procerus
2762 2717 3004 2770 corpore,
3051 2702 3268 2754 decorus
3296 2718 3446 2770 aspe-

1863 2801 1969 2849 ctu,
1999 2791 2166 2858 capite
2194 2807 2406 2860 cygneo,
2431 2791 2953 2860 vestimentorumque
2979 2791 3279 2844 indumento
3311 2807 3450 2845 reve-

1866 2877 2076 2940 rendus,
2108 2879 2314 2932 cuidam
2339 2878 2751 2948 congregationis
2774 2895 2886 2932 sua’
2903 2879 3217 2948 presbytero,
3244 2879 3450 2932 nomine

1865 2967 2126 3038 Malgero,
2156 2969 2378 3024 blandus
2399 2981 2446 3022 et
2467 2968 2796 3023 lwtabundus
2819 2986 3073 3040 apparens
3095 2971 3204 3024 ait:
3235 2988 3252 3020 ι
3286 2969 3448 3035 Vade,

1867 3057 2126 3132 inquiens,
2159 3059 2222 3112 de
2249 3069 2396 3128 parte
2427 3074 2582 3122 mea;
2621 3068 2666 3112 et
2707 3059 2982 3112 abbatissa:
3016 3057 3204 3111 Iudith
3227 3061 3449 3128 principe

179 3151 362 3204 citatis
387 3151 579 3220 gaudia
619 3149 919 3218 confovetur
945 3149 1058 3202 sine
1101 3148 1205 3216 ﬁne
1235 3147 1482 3202 ltetando.
1516 3143 1762 3214 Sepultus
1790 3117 1834 3178 C
1869 3129 2025 3214 (tunc
2049 3149 2188 3200 enim
2215 3117 2360 3201 locus
2388 3163 2480 3216 per
2507 3147 2928 3201 sanctimoniales
2959 3117 3252 3218 regebatur)
3285 3160 3336 3202 ut
3367 3117 3450 3202 tis—

179 3255 364 3298 autem
389 3253 462 3296 est
491 3241 786 3296 Marcianis
829 3241 884 3294 in
913 3239 1241 3294 eminentiori
1271 3238 1384 3291 loco
1410 3247 1456 3291 et
1485 3244 1765 3290 veneratur

178 3335 262 3388 ibi
289 3336 352 3388 ab
383 3334 522 3390 omni
550 3332 764 3404 populo,
793 3332 862 3384 ad
891 3331 1100 3384 laudem
1125 3329 1339 3392 Christi,
1369 3344 1560 3398 perque
1601 3327 1763 3396 ipsius

177 3429 376 3482 merita
429 3436 476 3481 et
522 3426 782 3480 orationes
825 3431 1148 3494 pra’stantur
1192 3419 1456 3489 egentibus
1503 3417 1764 3486 condigna

177 3520 439 3584 remedia,
481 3527 536 3571 ut
585 3524 834 3586 appareat
881 3512 1140 3576 omnibus,
1174 3509 1420 3580 quoniam
1469 3507 1525 3560 in
1567 3505 1762 3560 sanctis

175 3611 302 3667 suis
325 3619 396 3664 est
423 3608 743 3676 omnipotens
771 3613 818 3659 et
843 3602 1096 3657 mirabilis
1119 3601 1285 3656 Deus.

177 3750 214 3825 ς
247 3749 331 3804 Ill.
387 3745 539 3804 Sacri
574 3743 803 3813 corporis
840 3740 1056 3796 elevatio
1077 3780 1092 3807 ,
1144 3736 1420 3794 translatio
1457 3744 1504 3790 et
1557 3732 1758 3788 relatio.

263 3873 349 3940 19'.
383 3883 514 3938 Post
549 3878 1071 3936 exhortatiuncuiam
1104 3875 1170 3929 de
1201 3887 1306 3942 qua
1337 3869 1498 3926 modo
1531 3869 1758 3938 egimus,

179 3975 465 4045 subjungit
481 3973 622 4027 idem
639 3969 946 4024 Hucbaldus
966 3967 1110 4021 hunc
1131 3964 1342 4018 titulum
1367 3979 1382 4014 :
1409 3951 1648 4024 Qualiter
1663 3956 1765 4010 ele-

177 4083 364 4125 uatum
410 4075 482 4119 est
515 4079 700 4133 corpus
729 4062 898 4114 sancti
943 4058 1126 4112 Jonati
1170 4053 1482 4123 confessoris
1530 4049 1763 4112 Christi,

181 4169 470 4227 totamque
512 4157 592 4210 rei
633 4164 798 4226 gesta:
835 4151 1115 4207 historiam
1141 4145 1485 4218 prosequitur
1511 4157 1607 4212 per
1633 4141 1766 4195 alias

182 4265 408 4312 novem,
436 4248 528 4302 sed
555 4245 829 4300 breviores
855 4242 1132 4304 lectiones,
1177 4253 1313 4307 quas
1339 4239 1428 4292 hic
1451 4235 1642 4289 ordine
1667 4247 1766 4288 suo

183 4341 426 4397 ﬁdeliter
471 4337 846 4400 describimus,
873 4331 1174 4388 observatis
1205 4329 1378 4384 tribus
1405 4327 1610 4382 voculis
1635 4327 1764 4380 bar-

180 4435 362 4496 baris,
392 4447 524 4501 quas
550 4429 820 4500 explicare
847 4443 951 4480 non
995 4423 1347 4495 negleximus.
1377 4423 1458 4476 Ex
1503 4437 1763 4477 LECTIONE

181 4528 208 4582 1
244 4542 259 4580 :
300 4523 585 4576 Marcianis
615 4531 688 4574 est
721 4517 1020 4572 monasterii
1067 4515 1234 4579 locus,
1282 4531 1312 4566 α
1343 4515 1490 4566 beato
1529 4513 1768 4566 Amando

181 4619 250 4669 in
290 4615 536 4665 honorem
570 4611 627 4664 S.
661 4610 803 4662 Petri
834 4606 1185 4676 apostolorum
1215 4603 1463 4673 principis
1491 4619 1768 4655 consecra-

185 4719 298 4761 tus.
327 4702 564 4755 Ecclesia
589 4699 796 4770 quidem
819 4699 1032 4750 honesto
1061 4693 1320 4746 schemate
1344 4703 1392 4745 et
1422 4692 1606 4744 decore
1640 4691 1768 4744 satis

185 4807 425 4862 congruo
449 4799 726 4859 perornata
748 4803 766 4852 ;
812 4787 900 4840 sed
925 4785 1044 4838 inde
1072 4783 1234 4835 multo
1265 4783 1530 4835 decentior
1552 4791 1770 4850 etqama-

187 4883 351 4938 bilior
375 4882 497 4934 viris
524 4876 884 4948 spiritualibus
907 4873 1146 4943 refulget,
1161 4871 1298 4942 quod
1321 4881 1620 4924 sanctorum
1644 4869 1769 4922 inibi

187 4975 568 5046 quiescentium
614 4970 833 5039 pignora
882 4973 1188 5028 conservat,
1229 4979 1452 5034 quarunt
1501 4961 1770 5030 suffragiis

185 5065 336 5137 plebs
359 5064 540 5116 devota
567 5062 768 5120 nititur,
799 5056 970 5127 gratia
1000 5054 1209 5124 superni
1251 5055 1385 5105 roris
1425 5053 1698 5104 abundans
1722 5060 1770 5102 et

191 5155 419 5230 fecunda
461 5153 914 5207 subministratur.
962 5145 1048 5199 lbi
1094 5145 1469 5198 monachorum
1529 5143 1656 5194 ordo
1700 5142 1768 5193 ad

191 5250 446 5302 honorem
471 5247 771 5296 s’anctorum
797 5237 1012 5308 psalmis
1032 5276 1045 5297 ,
1078 5235 1282 5304 hymnis
1325 5243 1370 5285 et
1402 5231 1629 5311 canticis.
1664 5231 1796 5298 spi-'

192 5335 474 5392 ritualibus
537 5333 726 5384 divinat
789 5327 1053 5397 majestati
1113 5324 1430 5393 conjubilttt,
1497 5321 1769 5390 locumque

193 5435 436 5481 sanctum
458 5421 774 5476 ministratio
816 5417 1117 5488 angelorum
1156 5415 1396 5484 frequens
1433 5413 1685 5474 invisitat,
1723 5421 1770 5464 et

194 5517 370 5572 oratio
411 5515 586 5568 devote
611 5511 892 5582 petentium
934 5509 1002 5562 ad
1043 5523 1193 5560 aures
1219 5505 1384 5558 divini
1419 5504 1630 5557 auditus
1655 5517 1774 5556 evo-

197 5603 358 5658 lando
390 5603 621 5672 festinat.

265 5693 340 5749 20
387 5692 512 5749 an.
559 5691 621 5748 ll.
668 5691 738 5746 In
779 5691 879 5747 hac
921 5689 1096 5759 itaque
1143 5685 1358 5744 ecclesia
1405 5697 1591 5754 corpus
1639 5681 1774 5737 beati

1865 3238 2001 3291 sium
2031 3254 2264 3291 meorum
2291 3237 2539 3308 reliquias
2567 3238 2760 3292 elevari
2799 3247 2846 3292 et
2889 3239 2958 3292 ad
3001 3249 3302 3309 conspectus
3340 3255 3452 3293 om-

1867 3330 2011 3381 nium
2039 3329 2326 3382 submoveri
2355 3329 2540 3397 faciat.
2576 3347 2594 3380 ι

1935 3417 2024 3472 2‘2.
2051 3419 2136 3472 IV.
2168 3418 2295 3472 Cum
2325 3435 2440 3471 vero
2470 3419 2756 3488 presbyter,
2787 3420 2856 3472 ad
2885 3419 2980 3474 hoc
3007 3421 3451 3489 manifestandum

1865 3524 1920 3562 se
1947 3509 2119 3562 minus
2145 3508 2388 3562 idoneum
2429 3525 2539 3563 esse
2557 3549 2572 3574 ,
2609 3521 2652 3562 et
2686 3513 2936 3564 neminent
2967 3513 3286 3564 crediturum
3313 3513 3453 3565 dice-

1865 3606 1970 3658 ret,
2023 3595 2243 3650 blandus
2285 3599 2507 3661 iterum,
2547 3607 2660 3666 post
2704 3599 3112 3652 admonitionem
3145 3601 3447 3668 repetitum,

1864 3684 2170 3748 subintulit,
2209 3686 2426 3738 dicens:
2469 3704 2486 3737 ‹
2522 3684 2650 3738 Vide
2687 3702 2748 3738 ne
2784 3686 2961 3755 jussui
2999 3703 3110 3739 meo
3153 3687 3450 3742 inobediens

1865 3774 2069 3842 factus,
2105 3775 2292 3844 dignus
2335 3774 2558 3827 ridearis
2599 3775 2850 3828 inauditis
2903 3775 3214 3829 verberibus.
3259 3795 3276 3828 ι
3332 3776 3448 3830 [loc

1867 3868 2064 3936 factum
2097 3877 2170 3921 est
2202 3877 2346 3920 terna
2375 3867 2712 3936 apparitionis
2737 3868 3132 3933 admonitione;
3167 3869 3256 3921 sed
3288 3869 3449 3938 negli—

1865 3959 2038 4028 gentia
2063 3959 2224 4027 ipsius
2247 3958 2531 4027 presbyteri
2554 3969 2710 4028 atque
2735 3959 3080 4012 inobedientia
3112 3961 3180 4012 ad
3208 3961 3447 4027 e/fectum

1865 4048 2076 4100 minime
2103 4049 2326 4116 pervenit
2357 4047 2574 4100 elevatio
2596 4047 2770 4115 jussa.
2796 4046 2946 4100 Idem
2967 4057 3138 4101 tamen
3165 4048 3449 4116 Malgerus,

1865 4147 2119 4206 pra'cepto
2148 4137 2316 4188 sancti
2343 4135 2564 4188 multant
2595 4146 2803 4204 stupens
2823 4175 2838 4200 ,
2885 4147 3036 4206 atque
3065 4138 3125 4190 ob
3153 4137 3450 4191 illusionem

1867 4225 2064 4294 factam
2109 4227 2176 4276 ad
2217 4240 2294 4286 se,
2337 4223 2519 4276 timens
2562 4224 2720 4276 videri
2759 4225 2984 4277 mendax
3019 4215 3072 4278 et
3105 4225 3448 4294 falsiloquus,

1869 4319 2046 4372 crebra
2062 4317 2254 4369 ducens
2277 4315 2508 4384 jejunio,
2535 4315 2856 4368 orationibus
2879 4326 2924 4368 et
2941 4315 3277 4385 eleemosynis
3301 4333 3452 4385 expe-

1872 4416 1982 4460 tens
2017 4417 2064 4459 et
2096 4387 2330 4474 aperiens
2357 4404 2514 4473 hujus
2545 4406 2792 4458 aromatis
2822 4405 3072 4474 (visionis
3109 4405 3184 4458 vel
3222 4407 3451 4478 somnii)

1799 4489 1846 4544 D
1877 4499 2159 4562 mandata,
2201 4513 2316 4550 cum
2347 4513 2461 4550 ecce
2503 4497 2559 4549 in
2600 4498 2706 4550 alia
2751 4497 3039 4552 Dominica:
3083 4499 3452 4553 observationis

1875 4593 2048 4661 vigilia
2087 4601 2296 4644 sanctus
2323 4588 2547 4642 Jonatus
2592 4589 2772 4642 eodem
2814 4589 3070 4643 schemate
3109 4607 3214 4661 quo
3259 4604 3450 4658 supra,

1876 4681 2116 4734 baculum
2153 4681 2389 4734 manibus
2409 4675 2623 4742 tenens,
2650 4681 2884 4733 eumdem
2919 4681 3270 4750 presbyterum
3297 4697 3453 4748 super

1875 4778 2118 4848 scapulas
2157 4778 2404 4846 percussit
2433 4786 2478 4828 et
2507 4775 2680 4846 dixit;
2726 4793 2744 4826 ς
2789 4775 2924 4839 Quia
2955 4777 3066 4828 voci
3105 4791 3231 4828 mea:
3270 4773 3452 4826 in'be-

1875 4869 2022 4922 diens
2050 4869 2239 4936 factus,
2267 4883 2588 4936 nequaquam
2619 4865 2862 4936 reliquias
2901 4883 3042 4917 meas
3079 4865 3267 4917 elevari
3284 4863 3452 4931 jussi—

1872 4962 1960 5024 sti,
1987 4977 2050 5013 ea:
2071 4961 2166 5012 hoc
2184 4959 2300 5027 jam
2321 4959 2474 5032 pynis
2497 4955 2726 5010 eduiium
2755 4973 2858 5010 non
2881 4956 3127 5025 percipies
3144 4995 3158 5016 ,
3201 4969 3360 5024 usque
3381 4955 3450 5006 ad

1875 5061 2072 5118 tempus
2106 5050 2198 5100 tibi
2225 5048 2474 5100 debitum.
2983 5043 2987 5046 ’

1943 5141 2032 5193 25.
2069 5140 2130 5193 V.
2161 5137 2430 5207 Evigilans
2462 5146 2632 5190 autem
2664 5135 2960 5204 Malgerus,
2994 5135 3166 5188 statim
3195 5134 3342 5202 coepit
3365 5149 3450 5186 os-

1872 5230 2014 5284 sibus
2044 5238 2256 5282 tremere
2291 5237 2338 5281 et
2378 5236 2484 5280 toto
2510 5242 2742 5295 corpore,
2769 5225 2926 5278 simul
2969 5234 3014 5277 et
3043 5225 3194 5292 panis
3218 5224 3447 5276 edulium

1876 5297 2168 5390 fastidiens,
2205 5320 2322 5373 licet
2347 5319 2557 5381 invitus,
2586 5318 2720 5386 quod
2759 5317 2848 5368 diu
2879 5315 3154 5380 celaverat,
3183 5314 3450 5382 confessus

1875 5412 2152 5466 abbatissae
2181 5411 2384 5465 Judith.
2412 5427 2528 5480 qua:
2555 5409 2748 5461 recti-ix
2774 5419 2881 5459 erat
2911 5407 3145 5470 ctrnobii,
3175 5405 3449 5460 denuntia-

1877 5502 1962 5568 vit,
1991 5519 2052 5555 ac
2080 5501 2243 5556 multo
2268 5517 2430 5555 suasu
2457 5513 2572 5550 cum
2608 5496 2852 5565 lacrymis
2877 5495 3186 5566 efﬂagitabat
3211 5495 3448 5549 elevatio-

1876 5611 1992 5648 nem
2024 5593 2156 5646 tanti
2195 5589 2374 5644 Patris
2405 5587 2669 5642 celerrime
2705 5587 2918 5656 perduci
2943 5585 3011 5638 ad
3041 5586 3299 5654 effectum.
3331 5583 3458 5652 Ipse

1877 5701 1994 5740 vero
2013 5683 2278 5752 presbyter
2301 5679 2452 5749 panis
2481 5675 2714 5732 edulium
2737 5685 2842 5730 toto
2865 5675 2972 5744 fere
2993 5693 3128 5730 anno
3155 5673 3452 5744 fastidiens,
