3878 5668
497 356 600 413 905

1042 354 1382 415 HUCBALN
1426 354 1585 411 ΜΘΝ.
1631 354 1689 408 S.
1727 349 1985 406 AlllANl‘al
2023 346 2170 404 OPP.
2210 346 2389 403 PARS
2426 347 2464 401 Ι.
2508 378 2573 387 —-
2609 346 3177 404 HAGIOGIIAPIIICA.

3626 350 3715 404 9M

494 469 667 541 parvis
696 477 744 521 et
771 466 1077 538 permodicis
1107 465 1330 519 aliorum
1368 462 1599 518 ciborum
1639 469 1909 515 contentus
1937 456 2072 536 refe-
2096 459 2142 517 Α
2173 464 2361 510 auctor
2401 452 2795 509 verbosissimis
2814 463 2900 515 1οῑ
2934 456 3124 524 ﬁguris
3159 464 3214 510 Cl
3250 454 3491 526 μετὸν-εἰς
3525 461 3724 515 ornavit

496 560 781 625 ctionibus,
826 576 928 613 non
968 559 1169 612 modice
1204 558 1395 612 anxius
1425 557 1559 610 diem
1596 553 1890 609 elevationis
1918 552 2071 606 adve-

496 652 608 706 nire
662 650 937 720 gaudebat.
988 649 1090 703 Sed
1137 646 1533 716 impedientibus
1581 643 1832 698 mundani
1883 641 2071 711 negotii

493 740 871 795 mevitabilibus
910 741 1114 801 causis,
1147 739 1446 807 subrepente
1483 752 1681 807 quoque
1722 732 2067 804 negligentia,

496 846 623 898 apus-
652 830 748 882 hoc
776 827 1157 898 aliquantulum
1190 839 1262 880 est
1296 826 1680 895 prolongatum.

563 917 656 971 24.
688 918 769 971 Vl.
808 915 1093 971 Transacto
1123 925 1292 969 autem
1320 914 1474 968 unius
1500 911 1625 965 anni
1653 927 1756 965 non
1776 909 1927 980 pleno
1949 924 2069 963 cur-

496 1008 681 1070 riculo,
713 1008 973 1062 abbatissa
997 1007 1184 1061 Iudith
1212 1023 1244 1059 a
1265 1005 1385 1060 sede
1415 1002 1776 1058 Cameracensi
1802 1001 2067 1054 ministros

493 1111 541 1155 et
566 1100 742 1170 fideles
772 1118 865 1154 suo
895 1100 1128 1171 pontifici
1157 1114 1422 1153 accersens
1463 1097 1620 1161 viros,
1648 1096 1716 1149 ad
1736 1111 1923 1165 corpus
1943 1111 2069 1149 san-

494 1193 563 1246 cti
607 1192 788 1246 Jouati
834 1191 1238 1245 submovendum
1284 1188 1509 1243 debitam
1562 1202 1740 1240 curam
1784 1185 2064 1255 impendit,

494 1283 815 1352 trabiumque
858 1282 1257 1343 connexionem,
1302 1295 1458 1345 quam
1498 1279 1733 1345 superius
1769 1292 1924 1346 super
1955 1276 2067 1345 ejus

492 1371 811 1441 sepulturam
832 1370 1060 1424 diximus
1094 1379 1407 1439 coaptatam,
1444 1376 1492 1422 et
1521 1367 1755 1437 lapidum
1788 1376 1941 1438 atque
1967 1383 2069 1422 cte-

491 1463 652 1515 menti
677 1478 777 1515 non
805 1462 1061 1515 modicam
1097 1461 1312 1529 efferens
1345 1458 1550 1523 molem,
1578 1458 1735 1528 juxta
1760 1459 1898 1525 quod
1926 1475 2069 1513 sum-

492 1568 697 1621 mopere
740 1552 1098 1617 desiderabat,
1138 1551 1348 1606 tandem
1389 1549 1801 1604 ina'stimabilem
1844 1551 1945 1604 voti
1982 1551 2065 1604 sui

491 1644 813 1707 thesaurum,
844 1643 900 1696 id
926 1650 1025 1705 est,
1056 1658 1244 1712 corpus
1264 1640 1397 1695 illud
1428 1641 1698 1694 honestum
1743 1641 1967 1710 positum
2011 1641 2067 1695 in

491 1732 689 1787 tumulo
716 1734 919 1801 reperit,
950 1732 1099 1801 cujus
1128 1749 1247 1786 ossa
1267 1743 1312 1785 et
1345 1732 1541 1785 cineres
1570 1729 1875 1784 clericorum
1896 1730 2066 1783 mani-

497 1825 595 1878 bus
617 1824 668 1877 in
691 1823 866 1876 sericis
892 1822 1209 1876 indumentis
1236 1823 1400 1891 excipi
1431 1821 1570 1889 fecit.

499 1974 521 1989 .
563 1914 652 1967 25.
685 1911 795 1966 VII.
834 1911 978 1977 Quas
1004 1912 1328 1983 postmodum
1372 1911 1615 1981 reliquias
1642 1911 1697 1966 in
1737 1909 1887 1965 titulo
1916 1926 2072 1980 super

494 2004 786 2074 sepulcrum
815 2003 929 2073 ejus
956 2004 1143 2073 posito,
1170 2003 1223 2056 id
1249 2013 1325 2057 est
1355 2004 1409 2057 in
1440 2003 1533 2057 illa
1570 2005 1875 2072 apparione,
1907 2019 2069 2073 quam

492 2108 667 2162 repam
694 2090 970 2163 (feretrum
1002 2108 1100 2163 pro
1127 2092 1402 2163 operculo)
1425 2092 1627 2162 vulgari
1655 2109 1752 2146 usu
1783 2091 2066 2161 appellant,

494 2184 836 2238 recollocavit.
880 2182 979 2239 Ubi
1033 2186 1190 2241 etiam
1234 2196 1566 2253 sanctorum,
1613 2187 1798 2240 matris
1837 2185 2069 2240 videlicet

486 2283 535 2325 et
562 2272 680 2341 ﬁlii,
714 2274 767 2326 id
805 2284 901 2339 est,
924 2275 1188 2329 Rictrudis
1215 2285 1263 2329 et
1308 2274 1575 2330 Mauronti
1605 2275 1766 2347 prolis
1808 2286 2083 2345 venustis,S

488 2366 779 2432 patrocinia
806 2367 1034 2435 pretiosa
1070 2368 1265 2436 pariter
1291 2376 1411 2421 sunt
1454 2368 1688 2437 apposita
1732 2378 1780 2421 et
1824 2384 2069 2423 veneran-

492 2465 579 2507 tur
616 2453 686 2507 ibi
730 2470 761 2506 a
803 2458 1185 2526 superveniente
1224 2456 1414 2527 populo
1451 2457 1719 2511 devotione
1746 2455 2065 2533 plenissima.

490 2543 617 2598 Post
669 2545 777 2599 lucc
825 2556 998 2601 autem
1046 2557 1257 2602 sanctus
1299 2547 1525 2601 Jonatus
1564 2547 1839 2601 abbatissa!
1881 2546 2068 2600 Judith

490 2636 735 2707 dignatus
758 2655 1028 2708 apparere,
1044 2639 1273 2709 jussioni
1294 2655 1404 2694 sum
1426 2639 1555 2692 dixit
1585 2638 1912 2706 satisfactum
1937 2653 2064 2702 esse,

487 2727 703 2794 insuper
723 2729 879 2781 totius
899 2729 1337 2799 congregationis,
1368 2730 1453 2783 cui
1474 2737 1717 2799 pra'erat,
1742 2743 1928 2782 causas
1952 2744 2070 2799 pro-

491 2817 628 2869 misit
654 2833 708 2870 se
732 2817 1109 2885 dispositurum
1142 2819 1273 2887 fore.

560 2904 650 2959 26.
689 2905 819 2959 VIII.
866 2904 989 2959 Jam
1034 2923 1172 2961 nunc
1214 2923 1334 2979 ergo
1376 2907 1589 2962 Domini
1633 2907 1896 2978 magnalia
1943 2924 2066 2978 erga

488 3003 695 3047 sanctos
740 3010 863 3048 suos
903 2995 1155 3049 hodierna
1196 2996 1281 3050 die
1318 3012 1433 3049 cum
1462 2995 1726 3065 spirituali
1753 2996 2066 3053 celebrantes

481 3084 835 3151 jucunditate,
865 3088 1053 3154 fratres
1081 3086 1418 3151 dilectissimi,
1455 3098 1652 3157 oportet
1685 3105 1777 3143 nos
1797 3091 1930 3143 votis
1951 3105 2067 3143 con-

2169 546 2569 615 ampliavitque,
2603 556 2661 600 ut
2689 562 2831 618 stupe
2856 561 2962 615 quo
2990 547 3171 601 tendat
3197 555 3287 600 aut
3316 548 3444 617 quid
3469 548 3618 613 velit,
3641 567 3722 605 ne-

2167 645 2328 707 queat
2356 638 2596 708 intelligi.
2637 639 2714 705 En
2757 638 2965 692 titulum
2993 655 3006 691 :
3048 637 3305 707 Prologus
3330 656 3490 708 super
3515 641 3721 694 miracu-

2168 725 2278 779 lum
2309 744 2410 796 quo
2435 726 2692 781 Dominus
2718 726 2994 781 illustravit
3030 727 3372 795 confessorem
3398 745 3551 782 suum
3574 729 3726 784 Ioue-

2167 827 2271 871 tam
2301 818 2538 872 abbatem
2560 819 2962 872 sanctissimum.
2997 818 3168 872 Voces
3196 828 3320 872 sunt
3356 819 3723 874 bombisonan-

2169 917 2269 973 tes,
2301 909 2545 979 ampullw
2575 917 2623 963 et
2659 909 3046 979 sesquipedalia
3071 910 3265 974 verba,
3295 910 3360 963 ad
3400 927 3523 980 qua:
3558 914 3724 967 subse-

2167 1000 2349 1067 quitur
2376 1008 2637 1053 tractatus
2681 1000 2849 1068 ipsius
2891 999 3136 1053 miraculi
3175 1000 3243 1054 de
3280 1002 3518 1055 candelis
3542 1003 3723 1058 exstin-

2166 1091 2288 1153 ctis,
2316 1090 2408 1145 sed
2438 1090 2643 1145 caelesti
2674 1090 2874 1143 lumine
2903 1090 3238 1153 reaccensis;
3265 1106 3387 1159 quae
3407 1094 3585 1146 omnia
3606 1094 3726 1149 satis

2166 1180 2337 1235 nitido
2362 1181 2681 1250 compendio
2708 1180 3016 1234 referuntur
3052 1181 3169 1235 loco
3189 1178 3302 1248 jam
3342 1183 3529 1237 citato.
3572 1182 3726 1238 Verbo

2167 1271 2367 1326 dictum
2412 1271 2501 1333 sit,
2546 1280 2665 1339 post
2706 1284 2894 1325 necem
2923 1271 3108 1339 optimi
3153 1270 3331 1325 Caroli
3360 1272 3725 1328 Flaudriseco-

2170 1360 2334 1425 mitis,
2371 1360 2671 1431 ingruentia
2700 1361 2934 1430 undique
2974 1359 3141 1423 bella,
3194 1360 3568 1431 bonorumque
3608 1364 3725 1417 adeo

2170 1447 2655 1503 Marchianensium
2695 1449 3041 1518 direptiones,
3078 1459 3368 1503 suaserunt
3397 1450 3576 1503 abbati
3598 1491 3613 1513 ,
3652 1467 3727 1506 ss-

2169 1553 2290 1593 cras
2320 1553 2446 1594 suas
2474 1539 2748 1608 reliquias,
2779 1548 2939 1609 atque
2963 1553 3055 1594 eas
3085 1540 3228 1593 inter
3264 1540 3323 1593 S.
3351 1538 3553 1605 Jouati,
3576 1541 3726 1596 Salia-

2169 1644 2290 1684 cum
2323 1630 2662 1694 transferret,
2695 1630 2761 1683 ad
2792 1629 2895 1685 loci
2922 1630 3245 1694 custodiam,
3287 1640 3541 1701 tanquam
3572 1634 3725 1686 muni-

2170 1728 2408 1775 mentum
2439 1719 2678 1787 coeleste,
2706 1733 2814 1790 quo
2846 1719 3012 1774 multa
3038 1720 3230 1775 incolis
3256 1721 3489 1777 feliciter

2097 1810 2143 1871 B
2173 1809 2441 1863 dicuntur.

2243 1897 2333 1954 28.
2373 1900 2509 1955 Dom
2547 1915 2613 1957 eo
2645 1899 2763 1957 loco
2808 1902 3047 1973 deposita
3077 1911 3261 1959 essent
3319 1919 3475 1960 sacra
3523 1905 3720 1977 pignora

2178 2004 2244 2047 ac
2270 1992 2464 2061 saepius
2511 1994 2983 2063 processionaliter
3011 1994 3518 2059 circumferrentur,
3547 1999 3718 2052 aceiﬁt

2170 2089 2232 2135 ut
2258 2080 2402 2135 faces
2424 2095 2517 2135 seu
2544 2082 2798 2138 candcllre
2820 2080 3101 2137 exstinctae
3130 2082 3353 2148 fuerint,
3403 2086 3711 2154 patentique.

2172 2179 2233 2225 ut
2253 2172 2424 2234 aiunt,
2458 2171 2740 2237 miraculo,
2769 2173 2890 2244 igne
2912 2171 3118 2228 cmlesti
3151 2188 3495 2238 reaccensaz;
3518 2191 3711 2244 quiores

2144 2264 2336 2345 _totius
2368 2264 2541 2335 longae
2568 2267 2971 2337 compositionis
2994 2266 3222 2321 medulla
3241 2275 3347 2332 est,
3372 2268 3473 2322 sed
3498 2270 3587 2322 cui
3603 2268 3706 2322 ml.

2172 2361 2224 2408 ta
2270 2352 2373 2408 alia
2419 2354 2774 2424 inopportuno
2805 2356 3192 2410 admiscentur.
3224 2354 3354 2410 Haec
3386 2358 3551 2418 inter,
3602 2358 3715 2427 quod

2172 2443 2239 2498 ad
2272 2454 2517 2499 sanetum
2547 2444 2767 2513 propius
2804 2444 3059 2514 pertinet,
3090 2453 3243 2499 nutat
3271 2455 3470 2501 orator
3491 2447 3711 2502 Qualiter

2171 2545 2258 2586 tus
2287 2548 2505 2588 suorum
2549 2533 2927 2604 negligentiam
2960 2534 3012 2588 in
3053 2534 3283 2589 colendo
3312 2534 3374 2589 S.
3411 2534 3627 2599 Jonato,
3654 2537 3716 2590 ﬁs

2168 2622 2327 2692 plane
2354 2622 2535 2677 verbis
2565 2639 2579 2675 :
2616 2641 2633 2674 ι
2674 2623 3052 2678 Verumtamen
3075 2638 3182 2678 non
3222 2625 3344 2678 sine
3393 2636 3535 2679 nutu
3571 2626 3717 2682 dit-im

2170 2727 2408 2781 persaepe
2439 2711 2727 2767 meditatus
2754 2726 2873 2766 sitm
2897 2713 2951 2766 in
2975 2713 3140 2767 corde
3179 2728 3323 2779 meo,
3353 2716 3511 2785 quod
3541 2715 3718 2771 contes—

2168 2816 2260 2856 sor
2313 2803 2547 2867 Domini,
2576 2812 2796 2858 sanctus
2851 2802 3103 2859 videlicet
3123 2804 3380 2872 donatus,
3447 2809 3522 2864 de
3545 2823 3647 2878 quo
3680 2809 3719 2861 is

2171 2901 2358 2948 nostro
2387 2894 2602 2949 climate
2631 2908 2773 2950 nunc
2812 2894 3042 2950 habetur
3071 2898 3319 2967 grandis
3350 2914 3568 2965 sermo,
3609 2902 3723 2972 juste

2168 2982 2329 3037 habet
2360 2982 2568 3036 causari
2613 2982 2679 3038 de
2709 2991 2893 3039 nostro
2919 2984 3026 3039 huc
3064 3000 3255 3055 usque,
3292 2995 3351 3041 et
3410 2991 3647 3046 maxime
3673 2990 3724 3042 ab

2170 3070 2410 3140 antiquis
2441 3078 2547 3124 tam
2586 3070 2787 3140 tepido,
2835 3082 3018 3141 atque,
3063 3084 3124 3127 ut
3181 3074 3389 3130 dicitur
3442 3077 3501 3130 in
3552 3081 3728 3147 Apoca-

489 3173 791 3240 gruentibus
836 3185 1134 3229 venerantes
1172 3156 1756 3246 suppliciteradorare,
1796 3188 1844 3232 et
1880 3195 2061 3233 nomen
2090 3163 2134 3226 (ἶ
2166 3156 2320 3227 ῙῩβδίν
2350 3172 2450 3212 nec
2487 3158 2682 3229 frigido
2711 3175 2811 3215 "ec
2828 3161 3002 3216 calido
3042 3164 3289 3229 δθτνίίίον
3340 3170 3653 3235 l'mcﬂi'l
3688 3170 3729 3219 in

489 3260 653 3328 ipsius
681 3263 819 3331 quod
854 3263 909 3316 in
945 3265 1183 3319 universa
1206 3274 1343 3319 terra
1372 3275 1446 3320 est
1475 3267 1804 3334 admirabile,
1841 3269 2065 3337 fideliter

486 3352 794 3419 prtedicare,
831 3355 983 3424 cujus
1025 3356 1398 3425 magnitudinis
1431 3357 1594 3427 pietas
1618 3357 1867 3411 immensa
1901 3368 1948 3411 et
1986 3360 2064 3412 in-

490 3441 811 3495 a’stimabilis
849 3444 1071 3499 evidenti
1113 3445 1314 3499 ratione
1349 3446 1600 3515 probatur
1620 3446 1677 3499 in
1706 3446 1878 3501 e.’ectis
1919 3448 2061 3508 suis,

487 3534 676 3602 quibus
714 3534 769 3588 in
801 3545 1051 3588 internum
1079 3526 1337 3589 ministrat
1377 3536 1594 3606 prsentia
1623 3552 1732 3590 suae
1759 3537 2061 3607 promissio-

490 3626 591 3677 nis.
626 3623 729 3678 Vos
750 3626 910 3695 igitur
936 3626 1103 3679 sancti
1126 3626 1244 3692 Dei,
1269 3627 1321 3679 in
1340 3627 1669 3693 ,canfessione
1693 3626 1867 3680 laudis
1890 3628 2064 3681 Domi-

487 3714 618 3765 nicas
639 3714 793 3779 positi
812 3729 965 3781 super
989 3712 1232 3778 caelestia,
1255 3714 1550 3783 pariterque
1575 3715 1876 3782 patrociniis
1901 3716 2063 3769 beatas

485 3802 749 3855 societatis
787 3802 973 3870 copula
993 3802 1190 3870 junctis
1217 3804 1272 3854 in
1299 3811 1460 3863 terra.
1502 3811 1679 3855 sancte
1709 3803 1938 3856 uidelicet
1965 3802 2065 3855 Jo-

483 3900 604 3943 nate
652 3905 847 3942 necnon
873 3899 921 3943 et
958 3889 1233 3943 Mauronte
1254 3890 1570 3958 confessores
1595 3891 1894 3956 beatissimi,
1911 3901 2064 3963 atque

458 3976 637 4031 sbeata
656 3986 712 4031 et
739 3977 1038 4031 venerabilis
1067 3986 1306 4030 matrona
1338 3976 1621 4042 Rictrudis,
1650 3979 1739 4048 qui
1761 3980 2062 4049 pignoribus

484 4068 679 4120 nostris
708 4065 806 4138 [an
835 4081 940 4121 non
972 4067 1151 4120 vestris
1174 4064 1229 4137 ?]
1254 4066 1390 4120 hunc
1412 4066 1583 4120 locum
1609 4068 1927 4133 honorastis,
1954 4069 2065 4123 la‘u-

480 4155 566 4210 dis
595 4167 787 4209 nostra:
812 4157 1132 4211 devotionem
1175 4166 1445 4226 acceptare
1477 4156 1780 4228 dignemini,
1822 4160 2063 4231 omnique

480 4246 673 4317 populo
699 4249 928 4316 poscenti
957 4249 1026 4301 ad
1064 4257 1182 4301 vota
1226 4258 1421 4303 sancttc
1446 4250 1711 4318 petitionis
1739 4253 2057 4316 succurrite,

482 4347 540 4390 ut
595 4337 1083 4391 misericordissima
1136 4339 1497 4408 omnipotentis
1547 4340 1740 4394 Christi
1792 4343 2061 4396 clementia

480 4438 694 4497 peccata
733 4438 911 4482 nostra
935 4427 1018 4497 pie
1046 4426 1332 4499 indulgeat,
1376 4428 1620 4483 oblivioni
1662 4432 1715 4485 in
1759 4440 2057 4501 perpetuum

2169 3248 2285 3318 ejus
2315 3248 2505 3302 festivo
2532 3262 2699 3305 sacra:
2725 3252 3074 3321 depositionis
3102 3256 3521 3321 anniversario,
3544 3269 3731 3314 careat:

2163 3341 2490 3409 proprietate
2553 3340 2863 3405 lectionum,
2913 3350 2968 3397 et
3016 3344 3421 3401 miraculorum
3478 3351 3603 3419 ejus
3648 3351 3734 3405 fre-

2162 3432 2347 3500 quenti
2382 3441 2599 3496 eventu,
2634 3447 2841 3488 necnon
2875 3443 3254 3503 perstrcpcute
3300 3437 3579 3506 tripudio.
3607 3439 3731 3501 Unde

2165 3524 2457 3578 timendum
2485 3536 2569 3578 est
2596 3526 2769 3591 valde,
2807 3542 2873 3581 ne
2893 3526 3108 3596 quando
3140 3527 3394 3584 favorem
3424 3547 3596 3598 suum
3627 3547 3732 3588 em-

2144 3622 2274 3677 ,mat
2321 3614 2390 3666 ab
2413 3614 2568 3682 hujus
2595 3615 2717 3681 loci,
2749 3631 2908 3686 quem
2936 3633 3035 3672 sua
3078 3633 3237 3674 saera
3283 3626 3595 3690 pmsentia
3644 3636 3734 3679 tm

2162 3703 2250 3757 diu
2282 3703 2523 3769 incoluit,
2572 3706 2887 3761 munimine.
2935 3706 3052 3772 Quo
3102 3717 3287 3762 autem
3349 3710 3560 3767 deinde
3607 3715 3730 3769 cultu

2162 3805 2405 3850 sanctum
2455 3811 2608 3850 suum
2657 3808 2937 3867 patronum
2984 3801 3229 3853 t'encrati
3289 3801 3428 3863 sint,
3465 3814 3563 3859 aut
3601 3808 3733 3859 modo

2161 3895 2484 3941 venerentur
2511 3886 2967 3953 Marcliianenses,
2997 3888 3201 3944 frustra
3228 3893 3325 3960 qui
3358 3910 3455 3950 tne
3500 3896 3624 3951 inde
3657 3901 3737 3950 co-

2161 3985 2325 4040 ceret,
2351 3978 2571 4046 quaesivi
2603 3978 2882 4046 hactenus.
2920 3999 2941 4033 ι

2229 4067 2319 4123 29.
2360 4068 2672 4137 Sequuntur
2703 4086 2865 4140 porro
2891 4071 2965 4126 ibi
3013 4072 3243 4129 confusa
3288 4079 3565 4133 nonnulla
3598 4096 3735 4136 reac-

2162 4159 2384 4215 rationis
2415 4174 2752 4232 argumenta,
2787 4177 2957 4232 usque
2981 4165 3122 4219 adeo
3151 4174 3211 4220 ut
3236 4182 3402 4224 sacra
3435 4184 3732 4227 sanctorum

2162 4263 2389 4319 corpora
2432 4250 2868 4307 Marcltianenses
2913 4253 2981 4307 ad
3031 4256 3310 4325 propriam
3350 4260 3544 4315 sedem
3569 4277 3730 4331 repor-

2163 4342 2265 4395 tari
2287 4343 2613 4398 curaverint.
2636 4342 2771 4397 Audi
2792 4344 2967 4398 denuo
2991 4343 3351 4403 Gualbertum
3413 4369 3428 4405 :
3485 4371 3504 4402 s
3532 4352 3727 4423 (lngua

2166 4447 2358 4489 verunt
2383 4435 2596 4490 tandem
2621 4444 2679 4490 et
2724 4435 2899 4506 reipsa
2928 4440 3141 4507 experti
3167 4450 3291 4494 sunt
3323 4441 3494 4497 iidem
3545 4443 3727 4499 fratres

479 4519 679 4583 tradat,
703 4529 980 4590 uestrreque
1000 4518 1250 4573 orationis
1277 4519 1655 4586 intercessione,
1682 4524 1919 4592 perennis
1939 4524 2053 4577 uiue
2083 4505 2134 4563 Ῐ)
2159 4524 2573 4589 Marccuieuses,
2620 4505 2962 4596 praesentiam
2989 4520 3313 4585 sanctorum
3342 4533 3481 4589 locis
3505 4526 3727 4589 humano

476 4603 705 4674 januam
727 4607 873 4661 nobis
907 4610 1129 4677 aperire,
1169 4616 1322 4678 atque
1360 4603 1415 4662 in
1452 4625 1566 4662 eam
1594 4626 1686 4664 nos
1725 4611 2049 4666 introducere

478 4696 742 4765 dignetur.
771 4696 1010 4763 Quicum
1042 4698 1202 4752 Patre
1225 4707 1274 4751 et
1307 4698 1510 4769 Spiritu
1540 4710 1721 4753 sancto
1743 4702 1862 4754 vicit
1893 4711 1940 4755 et
1971 4718 2051 4755 re-

476 4795 602 4856 gnat
629 4802 762 4841 unus
787 4787 926 4841 Deus
944 4803 1034 4857 per
1057 4790 1230 4842 omnia
1251 4791 1445 4843 seceula
1474 4790 1804 4844 saeculorum.
1828 4793 2014 4848 Amen.

547 4877 639 4931 27.
669 4877 847 4947 Atque
890 4879 1002 4934 haec
1031 4881 1097 4936 de
1135 4881 1366 4938 mirabili
1398 4882 1555 4938 .sacri
1595 4884 1839 4953 corporis
1876 4883 2051 4938 eleva-

478 4969 647 5034 tione,
678 4972 730 5025 in
755 4972 858 5026 fide
880 4974 1157 5043 scriptoris
1182 4974 1314 5029 satis
1344 4974 1483 5029 dicta
1508 4974 1645 5041 sint;
1678 4975 1943 5044 reliquum
1970 4984 2054 5030 est

478 5070 542 5114 ut
564 5062 628 5115 de
654 5063 1002 5119 translatione
1027 5080 1090 5119 ac
1118 5066 1183 5119 de
1212 5066 1468 5121 relatione
1507 5083 1674 5138 pauca
1704 5069 2050 5138 decerpamus

478 5166 547 5205 ex
576 5152 763 5221 grandi
794 5168 895 5207 ms.
919 5159 1040 5223 pag.
1065 5153 1136 5208 24
1178 5154 1231 5209 ἰιι
1268 5154 1418 5221 folio,
1465 5157 1605 5226 quod
1629 5172 1898 5212 annexum
1923 5156 2049 5212 dici-

480 5247 570 5292 tur
595 5241 744 5309 operi
773 5241 1050 5297 Gualbcrti
1080 5245 1360 5309 monachi,
1410 5246 1476 5299 de
1514 5244 1629 5300 Vita
1678 5256 1735 5301 et
1777 5246 2049 5301 miraculis
2100 5246 2105 5251 ’

482 5328 542 5381 S.
572 5328 867 5385 Rictrudis.
896 5332 1137 5388 Ttediosa
1172 5335 1346 5390 oratio
1370 5342 1473 5399 est,
1518 5336 1674 5406 cujus
1712 5344 1878 5392 totam
1920 5336 2048 5391 sub-

483 5418 736 5472 stantiam
760 5420 983 5476 nitidius
1011 5422 1260 5478 traditam
1288 5424 1527 5478 iuvenies
1548 5426 1616 5480 ad
1644 5426 1784 5480 diem
1806 5425 1874 5480 12
1893 5424 2044 5491 Maii,

486 5521 519 5559 a
559 5517 681 5577 p'ag.
718 5508 852 5573 104,
878 5511 966 5566 ubi
996 5514 1181 5570 titulus
1202 5530 1321 5583 cap.
1363 5516 1398 5570 3
1437 5531 1551 5570 rem
1594 5517 1762 5585 ipsam
1801 5517 2043 5572 indicat:

497 5588 644 5640 ναήί
664 5595 898 5648 malivoli
915 5600 1157 5646 divinitus
1177 5605 1361 5657 "uniti.
1377 5604 1607 5656 candela:
1625 5604 1762 5656 ultro
1783 5622 2013 5654 accensre
2026 5621 2045 5654 .-

2159 4613 2354 4669 solatio
2379 4615 2677 4679 destitutis,
2709 4615 2999 4671 salubriter
3031 4634 3292 4686 prmesse,
3316 4637 3427 4675 non
3455 4624 3720 4677 minimum

2154 4702 2433 4773 prodesse,
2467 4712 2726 4758 terrorem
2755 4703 2999 4758 hostibus
3025 4705 3297 4772 incutere,
3322 4710 3589 4765 bonorum
3612 4726 3721 4778 pro-

2156 4791 2319 4847 fectui
2371 4792 2572 4861 aliquid
2597 4793 2651 4847 in
2678 4792 2793 4847 dies
2841 4804 3057 4862 augere.
3110 4793 3362 4864 Namque
3412 4800 3718 4853 immittat:

2151 4880 2437 4935 messionis
2484 4888 2758 4951 tempore,.
2799 4881 2993 4950 dignus
3018 4880 3133 4935 Deo
3182 4886 3435 4940 minister
3479 4898 3537 4943 et
3574 4890 3720 4956 atque

2149 4984 2455 5033 successor,
2499 4979 2606 5024 tam
2637 4983 2693 5023 re
2720 4985 2879 5038 quam
2929 4973 3150 5027 nomine
3173 4973 3475 5040 Amandus,
3516 4993 3718 5033 monas-

2148 5058 2271 5113 terii
2330 5067 2523 5129 pater,
2583 5059 2962 5127 pmmeditans
3034 5061 3304 5118 minorem
3357 5066 3715 5136 diligentiam,

2154 5148 2459 5202 necessaria
2498 5148 2848 5224 occupatione
2873 5158 3116 5217 segetum
3156 5155 3545 5224 praepediente,
3584 5157 3717 5209 circa

2152 5245 2401 5293 sanctum
2423 5235 2784 5294 confessorem
2812 5237 3027 5293 Domini
3054 5239 3314 5297 Jonatum
3354 5246 3470 5299 ruri
3509 5244 3718 5299 adiuta-

2152 5342 2287 5393 ram,
2353 5326 2701 5385 demandavit
2758 5329 2949 5384 referri
3012 5331 3344 5402 condignam
3413 5344 3715 5389 sanctam
3776 5384 3783 5401 ,

2150 5421 2498 5491 reliquiarum
2524 5420 2795 5477 sarcinam
2830 5421 2897 5477 ad
2927 5423 3218 5478 emeritum
3268 5434 3328 5481 et
3373 5428 3526 5496 quasi
3584 5427 3715 5481 nati—

2153 5524 2305 5575 vum,
2329 5520 2538 5567 secrete
2567 5525 2635 5566 ac
2659 5511 2778 5566 sine
2807 5510 3172 5581 strepitufere
3201 5514 3715 5573 mandantium»

2152 5602 2355 5656 nionsis
2424 5604 2835 5659 coltahi'tationis
2926 5603 2954 5624 “
3048 5604 3060 5610 ’
