3916 6424
549 411 651 465 007

1132 405 1472 461 ΗΠΩΒΛΙᾸΠ
1515 406 1675 461 ΜΟΝ.
1718 407 1775 460 S.
1817 405 2076 460 AMANDI
2115 431 2117 444 <

2224 407 2264 460 ).
2306 406 2484 462 PARS
2522 407 2584 462 ll.
2625 438 2693 447 —
2729 407 3225 465 MISCELLAKEL

3698 417 3794 473 903

547 532 830 592 ιιι-πωπω,
863 527 993 588 quot
1025 516 1105 570 vel
1139 516 1334 585 quibus
1367 518 1531 581 sonis,
1560 518 1650 587 qui
1682 517 1796 572 vice
1818 517 2119 574 habeantur
2145 524 2194 581 Α
2222 517 2441 572 vissimo
2477 518 2708 586 quodam
2747 533 2958 583 exorsa,
2997 519 3370 591 gradatimque
3418 536 3517 593 per
3561 525 3795 596 singulos

542 611 959 670 elementorum,
990 616 1099 662 tota
1124 615 1341 678 regatur
1367 607 1657 662 cantilena.

617 701 736 756 1am
765 714 895 753 vero
920 698 1007 752 his
1035 712 1141 752 non
1187 697 1340 766 parvi
1389 697 1647 767 temporis
1695 695 1970 752 exercitiis
1997 704 2116 750 tan-

543 808 708 865 quam
733 805 831 861 pro
859 789 1064 844 foribus
1091 797 1386 854 assuetum,
1417 788 1483 843 ad
1516 788 1683 857 ipsius
1709 789 1923 843 demum
1952 803 2119 858 pene-

548 885 711 940 tralia
741 881 1062 952 disciplinae,
1115 881 1232 936 acie
1284 881 1682 950 quodammodo
1728 881 1878 935 visus
1940 879 2118 935 obtusi

499 997 508 1006 ν
535 974 848 1046 paullatim,
899 980 1170 1027 summota
1219 971 1470 1043 caligine,
1501 973 1709 1027 radiata
1740 971 1950 1026 admitti
1982 971 2120 1026 forte

544 1065 851 1122 donabitur.
871 1063 1152 1132 Quomodo
1181 1063 1389 1118 scilicet
1413 1063 1530 1117 haec
1557 1063 1760 1128 omnia,
1790 1062 1874 1118 vel
1894 1061 2116 1133 qumvis,

543 1159 612 1213 de
628 1157 823 1227 quibus
850 1170 912 1210 ea
943 1163 1160 1218 tractat,
1187 1155 1663 1210 consonantiarum
1693 1154 2120 1212 rationabilitate

543 1248 1025 1321 congruentissima
1075 1247 1428 1316 disponantur
1456 1260 1821 1309 numerorum,
1873 1245 2118 1315 atquein

543 1340 856 1396 eorumdem
900 1339 1009 1393 sint
1036 1335 1314 1406 exemplar
1335 1335 1592 1392 universa
1621 1335 1917 1406 composita
1957 1344 2119 1407 atque

535 1435 844 1499 campacta.

611 1519 682 1573 Et
709 1519 776 1573 de
810 1516 1106 1586 :equalibus
1153 1515 1370 1586 quidem
1402 1515 1646 1581 vocibus,
1677 1517 1932 1588 quoniam
1988 1517 2118 1588 ipsa:

539 1623 638 1678 per
666 1622 724 1663 se
751 1615 968 1675 patent,
994 1605 1125 1660 nihil
1153 1605 1295 1660 aliud
1321 1605 1631 1672 dicendum,
1663 1606 1767 1660 nisi
1801 1605 1943 1676 quod
1969 1606 2119 1678 (605)

541 1697 846 1753 communis
907 1696 1056 1750 vocis
1113 1696 1314 1765 impetu
1391 1695 1742 1765 proferuntur
1797 1697 1851 1750 in
1898 1697 2116 1752 modum

537 1791 716 1846 soluta
740 1789 986 1845 oratione
1033 1787 1298 1857 legentis;
1354 1795 1410 1842 et
1456 1788 1598 1857 quod
1642 1803 1749 1842 una
1779 1795 1985 1842 tantum
2011 1803 2114 1843 vox

2222 609 2566 678 ampliatione
2614 609 2857 679 adjecta,
2904 627 3076 682 usque
3124 615 3192 668 ad
3250 630 3444 670 novem
3518 619 3794 674 modorum

2220 709 2494 755 crementa
2534 713 2885 774 consurgunt.
2919 702 3090 760 Porro
3136 720 3199 760 ea
3246 721 3525 776 nunquam
3566 709 3797 779 perfecte

2220 788 2426 844 dinosci
2477 790 2760 856 valebunt,
2808 794 2980 849 donec
3026 794 3197 850 series
3238 797 3484 852 omnium
3528 813 3602 851 xv
3649 814 3800 854 sono-

2222 895 2360 946 rum,
2386 881 2453 936 de
2480 883 2674 950 quibus
2699 893 2821 954 post
2845 885 3074 952 dicetur,
3109 900 3176 941 ex
3227 887 3440 958 integro
3467 887 3797 943 addiscstnr.

2225 967 2294 1023 Ut
2323 977 2504 1026 tamen
2542 971 2596 1026 in
2631 974 2886 1043 praesenti
2933 975 3168 1031 breviter
3193 986 3550 1041 annotentur,
3577 978 3802 1047 geminis

2221 1073 2543 1131 unoquoque
2600 1077 2700 1133 pro
2752 1065 3001 1120 acumine
3050 1074 3106 1120 et
3164 1068 3431 1138 gravitate
3489 1069 3802 1123 monstrabo

2219 1152 2500 1222 exemplis.

2289 1241 2503 1298 Primus
2541 1245 2731 1300 modus
2766 1253 2870 1311 est,
2899 1260 3023 1301 cum
3054 1245 3154 1302 sibi
3191 1247 3310 1304 dua:
3339 1263 3510 1304 voces
3550 1250 3800 1304 brevissi-

2221 1331 2293 1384 mi
2342 1331 2501 1401 spatii
2550 1331 2813 1388 divisione
2850 1334 3143 1400 cohaerent,
3184 1337 3336 1402 adeo,
3372 1347 3432 1392 ut
3474 1339 3571 1392 vix
3613 1339 3794 1392 discri-

2221 1436 2342 1476 men
2374 1420 2641 1476 sentiatur
2669 1422 2810 1477 inter
2841 1437 2960 1489 eas,
2990 1432 3050 1478 ut
3077 1425 3130 1478 in
3163 1425 3454 1494 antiphona
3497 1425 3699 1480 Μίδεω
3734 1439 3798 1479 est

2221 1510 2429 1566 Gabriel
2459 1511 2526 1566 ad
2571 1511 2622 1566 id
2660 1513 2763 1568 loci
2797 1513 3046 1567 Mariam.
3095 1515 3226 1569 Item
3270 1514 3569 1586 Virginem.
3603 1515 3799 1570 Secun-

2221 1604 2320 1658 dus
2343 1602 2454 1672 jam
2494 1604 2943 1672 perceptibilioris
2972 1604 3117 1678 (608)
3149 1616 3252 1673 est,
3292 1616 3352 1661 ut
3383 1607 3436 1661 in
3472 1607 3582 1661 hoc
3616 1607 3797 1661 Missas

2217 1703 2314 1748 est.
2346 1694 2478 1748 ltem
2511 1694 2579 1747 ad
2620 1693 2848 1748 Mariam
2899 1694 3176 1766 Virginem.
3209 1697 3340 1752 Item
3378 1697 3644 1768 Angelus.
3679 1698 3796 1753 Ter—

2221 1784 2328 1838 tius
2354 1783 2530 1838 adhuc
2555 1797 2721 1852 parvo
2749 1783 3034 1838 diductiori
3067 1784 3235 1855 (609),
3260 1795 3318 1839 ut
3350 1786 3403 1840 in
3430 1787 3542 1842 hoc
3569 1805 3584 1840 :
3619 1787 3797 1841 Nisus

541 1889 644 1946 est,
701 1879 1150 1950 quotiescumque
1207 1886 1552 1948 repetantur;
1611 1878 1774 1934 veluti
1824 1879 1868 1935 si
1901 1879 2116 1936 unicam
2147 1871 2192 1930 B
2219 1882 2292 1930 est
2334 1872 2544 1928 Gabriel
2582 1873 2651 1928 ad
2692 1873 2919 1928 Mariam
2955 1873 3238 1945 Virginem.
3264 1876 3510 1943 Quartus
3545 1879 3656 1934 hoc
3683 1896 3801 1949 qua.)-

541 1970 843 2044 quamlibet
868 1970 1104 2024 litteram
1137 1969 1333 2038 saepius
1359 1969 1587 2035 scribas,
1621 1977 1711 2024 aut
1744 1969 1988 2040 proferas
2020 1988 2033 2024 :
2061 1979 2120 2024 ut

541 2079 594 2118 a.
636 2078 687 2117 a.
715 2077 768 2116 a.
815 2049 871 2116 et
898 2046 1040 2130 quod
1073 2059 1218 2114 nulla
1257 2059 1402 2114 inter
1451 2073 1544 2115 eas
1591 2069 1675 2115 est
1717 2062 2066 2117 consonantia
2101 2078 2115 2115 :

541 2163 670 2210 sunt
696 2153 839 2208 enim
874 2151 1185 2222 arquisonaa,
1216 2167 1322 2206 non
1364 2166 1634 2207 consume.
1675 2151 1808 2206 Nam
1839 2153 1892 2207 in
1918 2168 2116 2209 conso-

537 2243 726 2298 nantia
751 2243 869 2298 dum
899 2256 1060 2296 voces
1109 2256 1138 2294 a
1171 2254 1229 2296 se
1282 2241 1595 2298 omnimodo
1647 2243 1910 2300 distantes
1957 2245 2118 2300 simul

535 2332 879 2388 concorditer
912 2341 1126 2387 sonant.
1164 2331 1220 2386 In
1260 2332 1344 2388 his
1373 2343 1552 2388 autem
1595 2334 1816 2390 vocibus
1844 2335 2056 2392 etiamsi
2085 2352 2115 2391 a

536 2424 780 2496 pluribus
808 2423 1006 2480 eaedem
1036 2432 1375 2493 promantur,
1403 2423 1551 2480 nullo
1579 2433 1758 2481 tamen
1789 2441 1820 2481 a
1849 2441 1908 2482 se
1940 2428 2118 2498 spatio

539 2517 760 2579 distant,
798 2523 857 2569 ut
881 2521 964 2570 est
995 2514 1047 2567 iu
1081 2514 1183 2568 hac
1203 2514 1492 2584 antiphona
1527 2515 1696 2586 (606).
1751 2510 1791 2569 Ᾱ
1827 2517 2116 2572 Astiterunt

537 2624 682 2677 reges
711 2616 884 2660 terrm.
911 2604 978 2658 Α.
1007 2604 1146 2658 Dum
1165 2605 1524 2674 sanctiﬁcatus
1547 2605 1721 2675 fuero.
1762 2607 1830 2660 Et
1849 2605 2119 2662 Sebastia-

497 2694 506 2706 '
538 2714 637 2752 nus
663 2696 794 2750 dixit
825 2695 893 2749 ad
919 2694 1305 2759 Nicostratum,
1339 2709 1510 2764 usque
1533 2695 1600 2750 ad
1628 2696 1680 2750 id
1713 2713 1726 2750 :
1758 2695 2014 2766 Dignatus
2038 2705 2115 2751 est

533 2805 688 2842 suam
713 2787 968 2842 exhibere.
1023 2786 1092 2840 Et
1139 2785 1193 2839 in
1233 2785 1538 2856 hujusmodi
1569 2786 1786 2856 quidem
1824 2785 1980 2852 locis,
2023 2787 2115 2841 ubi

524 2881 858 2953 'totsyllabae
904 2879 1259 2936 continuatim
1303 2879 1404 2934 sub
1457 2895 1564 2934 una
1617 2894 1749 2935 voce
1791 2877 2112 2950 junguntur,

536 2973 680 3028 nulla
709 2971 1051 3028 eminentiori
1084 2981 1177 3026 aut
1221 2971 1481 3041 pressiori
1536 2971 1924 3040 intercedente,
1957 2972 2113 3041 quasi

535 3065 678 3120 linea
703 3065 757 3119 in
790 3065 1054 3120 directum
1109 3063 1359 3128 deducta,
1396 3063 1554 3118 facile
1606 3063 1887 3133 inqualitas
1935 3071 2116 3134 potest

517 3157 770 3213 adverti.
800 3157 860 3210 in
897 3156 1136 3226 quolibet
1185 3164 1364 3210 autem
1397 3155 1596 3210 diversi
1653 3171 1786 3212 sono
1815 3164 2028 3221 cantus,
2067 3157 2112 3212 si

537 3257 812 3320 qumratur
860 3262 979 3318 quae
1021 3262 1124 3300 vox
1178 3245 1266 3300 alii
1299 3247 1350 3300 in
1379 3246 1565 3301 eodem
1616 3247 1756 3302 melo
1801 3248 1994 3304 similis
2029 3249 2114 3304 vel
2141 3220 2186 3282 C

536 3355 692 3410 :equa
715 3339 995 3404 habeatur,
1035 3338 1086 3394 id
1131 3337 1344 3393 nonnisi
1399 3340 1680 3396 assuetiori
1733 3349 1842 3395 tam
1888 3341 2030 3396 ultro
2059 3357 2118 3398 se

539 3430 756 3501 ingerit.
788 3429 940 3497 Quod
971 3438 1148 3484 tamen
1203 3428 1500 3484 studiosum
1529 3431 1777 3500 quemvis
1808 3431 2116 3487 nullatenus

536 3524 837 3580 morabitur
871 3540 883 3576 :
920 3530 977 3576 ut
1001 3521 1052 3576 in
1081 3522 1182 3577 hac
1211 3521 1499 3592 antiphona
1526 3540 1539 3577 :
1577 3521 1719 3578 Puer
1739 3533 1892 3578 natus
1921 3534 1996 3578 est
2026 3541 2118 3578 no-

540 3615 637 3670 bis.
674 3615 730 3670 Si
757 3629 970 3684 quaeras
1001 3629 1122 3684 qua:
1148 3628 1254 3667 vox
1306 3612 1546 3683 ejusdem
1579 3614 1830 3669 introitus
1863 3629 1985 3670 cum
2007 3613 2117 3683 pri-

543 3721 627 3760 ma
647 3712 995 3773 vcomquetur,
1026 3710 1256 3771 apparet
1276 3701 1328 3756 in
1358 3703 1533 3771 prima
1553 3711 1611 3758 et
1635 3702 1686 3757 in
1707 3703 1865 3757 tertia
1893 3701 2117 3772 hujusce

542 3794 763 3865 syllabae
795 3810 807 3846 :
843 3793 1009 3845 Datus
1035 3801 1110 3844 est
1143 3791 1312 3856 nobis,
1342 3792 1515 3863 cujus,
1538 3803 1585 3846 et
1619 3792 1869 3865 Angelus.
1896 3794 2018 3849 llaec
2035 3802 2116 3848 ta-

523 3903 660 3942 men
703 3894 925 3940 vocatur
961 3884 1118 3940 Cirus
1147 3883 1230 3938 vel
1284 3883 1549 3950 Circulus,
1584 3900 1704 3940 cum
1747 3887 1799 3941 in
1848 3887 2116 3953 eamdem,

537 3993 646 4048 quo
683 3984 898 4047 ceptum
959 3984 1064 4040 est,
1119 3983 1376 4044 punctum
1423 3978 1776 4031 convertitur.
1820 3977 2030 4032 Rursus
2073 3978 2118 4034 si
2153 3997 2171 4010 ο

537 4084 778 4140 qmeram
817 4069 973 4131 hanc,
1001 4066 1162 4131 Puer,
1193 4075 1320 4122 sunt
1349 4067 1465 4122 hanc
1498 4067 1584 4121 Na
1615 4068 1804 4123 Nobis.
1831 4068 1900 4122 Et
1940 4066 2010 4122 Fi
2033 4068 2118 4122 hic

541 4178 605 4214 ca
641 4160 713 4214 Ν.
749 4159 894 4231 (607)
929 4157 1020 4214 Sic
1040 4166 1094 4213 et
1121 4159 1186 4214 de
1209 4158 1348 4213 aliis.
1401 4158 1675 4213 lnterlinia
1721 4175 1938 4230 quoque
1995 4175 2121 4230 par-

541 4251 673 4306 tium
697 4251 810 4306 sive
857 4263 1174 4305 neumarum
1199 4249 1504 4320 hujusmodi
1532 4249 1897 4305 creberrimus
1930 4251 2120 4305 obser-

532 4340 772 4396 tvatiouis
799 4348 882 4395 est
903 4355 1032 4394 usus
1058 4357 1071 4393 :
1105 4347 1162 4393 ut
1187 4339 1290 4394 hoc
1317 4355 1332 4392 :
1357 4338 1484 4403 Ave,
1510 4337 1706 4406 Maria,
1739 4341 1912 4410 gratia
1940 4339 2116 4411 plena.

537 4436 669 4490 Item
700 4432 864 4487 Beata
892 4432 1061 4502 Agnes
1087 4431 1141 4484 in
1164 4431 1334 4485 medio
1363 4431 1630 4501 expansis.

613 4521 960 4591 lumqualium
988 4537 1116 4576 vero
1143 4536 1420 4584 sonorum,
1444 4521 1535 4592 qui
1561 4519 1812 4589 disjuncti
1842 4522 2112 4587 dicuntur,

539 4614 768 4668 diversa:
801 4613 1008 4683 species
1041 4611 1360 4667 oﬂ‘cruntur.
1397 4612 1687 4682 lnmquales
1728 4615 1810 4669 ha:
1841 4615 2119 4684 appellan-

538 4715 628 4761 tur
662 4721 842 4770 voccs,
873 4721 992 4775 qua:
1042 4706 1180 4760 bime
1225 4706 1327 4760 sibi
1373 4707 1692 4775 conjunctae,
1725 4722 1829 4760 una
1870 4707 2118 4772 acutiori,

541 4800 708 4854 altera
749 4799 1006 4868 pressiori
1059 4813 1193 4852 sono
1225 4813 1348 4852 cum
1388 4797 1629 4867 quolibet
1666 4799 1954 4853 intervallo
1992 4815 2118 4870 pro—

538 4893 790 4946 teruntur
826 4909 840 4945 :
874 4891 966 4945 sed
995 4891 1107 4960 ipsa
1137 4888 1413 4943 intervalla
1446 4889 1499 4942 in
1531 4889 1850 4958 quibusdam
1887 4891 2119 4953 minora,

538 4984 594 5036 in
638 4981 958 5054 quibusdam
1008 4981 1214 5050 majora
1257 4979 1514 5035 existunt.
1550 4981 1680 5047 Quae
1721 4990 1897 5036 tamen
1937 4997 1966 5035 a
2000 4997 2123 5053 par—

633 5207 757 5261 605l
796 5205 1066 5261 Ctesenat.
1099 5204 1222 5260 eod.
1245 5203 1511 5258 continuo.

633 5207 736 5261 605
796 5207 1066 5261 Ctesenat.
1099 5207 1222 5260 eod.
1245 5207 1511 5258 continuo.

633 5207 758 5349 60th
801 5277 966 5332 Notas
1006 5277 1242 5331 musicas
1289 5275 1454 5349 textui
1487 5277 1877 5349 superpositas,
1927 5281 2120 5349 utpote

536 5345 679 5403 nunc
702 5345 1023 5417 incognitas,
1050 5349 1190 5401 haud
1239 5345 1584 5417 adponeudas
1631 5347 1903 5400 duximus.
1947 5345 2121 5417 luser-

536 5421 652 5472 vire
682 5414 932 5488 poterunt
963 5419 1154 5472 harum
1180 5431 1360 5472 rerum
1381 5416 1569 5488 peritis
1592 5418 1846 5488 moderna
1875 5414 2120 5488 ecclesia:

537 5485 794 5543 Romana:
823 5489 1215 5557 antiphouaria,
1279 5487 1422 5540 notis
1472 5485 1691 5541 musicis
1739 5485 2120 5540 communibus

534 5575 815 5628 expressa,
846 5575 966 5628 qua:
994 5561 1192 5614 emdem
1221 5557 1333 5612 fere
1364 5567 1488 5610 sunt
1513 5574 1573 5612 ac
1596 5557 1698 5610 illa:
1727 5557 1986 5628 antiquae.

609 5626 757 5701 (607)
797 5626 1059 5685 Nimirum
1091 5631 1143 5684 in
1177 5637 1286 5684 tota
1339 5627 1628 5697 antiphona
1673 5629 1752 5682 lim
1789 5627 2008 5697 syllaba:
2063 5626 2116 5680 in

2221 1979 2328 2034 que
2381 1963 2685 2034 protensior
2717 1980 2731 2017 :
2765 1973 2825 2018 ut
2870 1963 2924 2018 in
2967 1964 3070 2018 hac
3120 1966 3412 2036 antiphona
3462 1985 3478 2020 :
3527 1966 3685 2020 Beati
3725 1972 3798 2036 ῃί

2217 2053 2509 2108 ambulant.
2559 2053 2792 2120 Quintus
2829 2055 3006 2110 adhuc
3061 2056 3350 2124 spatiosior
3393 2075 3407 2110 :
3451 2065 3517 2111 ut
3558 2059 3617 2111 in
3668 2059 3796 2112 hoc:

2220 2143 2304 2200 Ne
2327 2149 2526 2210 timeas,
2554 2145 2749 2199 Maria.
2779 2145 2924 2200 Etln
2943 2146 3036 2200 illa
3057 2148 3142 2202 die
3162 2149 3345 2217 ﬂuent.
3378 2147 3592 2204 Sextus
3625 2151 3799 2204 nihilo-

2217 2236 2396 2291 minus
2439 2235 2714 2305 amplior:
2749 2246 2806 2291 ut
2854 2238 2907 2291 in
2955 2238 3057 2292 hoc
3100 2252 3359 2308 responso
3401 2257 3414 2292 :
3455 2238 3590 2293 1am
3631 2256 3798 2308 corpus

2217 2328 2353 2398 ejus.
2403 2327 2569 2399 Cujus
2617 2337 2767 2398 pater
2815 2329 3086 2398 feminam.
3127 2329 3253 2385 Item
3295 2331 3350 2399 ἢ.
3380 2329 3488 2384 Isti
3521 2339 3651 2385 sunt
3683 2333 3796 2392 dies,

2215 2439 2346 2494 quos
2401 2423 2670 2477 observare
2727 2423 2923 2476 debetis
2977 2422 3311 2492 temporibus.
3371 2422 3667 2492 Septimus
3719 2425 3796 2478 bas

2218 2531 2432 2586 quoque
2477 2516 2651 2586 spatio
2692 2515 2912 2586 proprio
2944 2515 3272 2585 supervadit,
3302 2524 3362 2569 ut
3409 2517 3469 2568 in
3521 2515 3635 2570 hac
3680 2517 3796 2568 anti-

2217 2609 2395 2678 phona
2427 2625 2440 2659 :
2474 2607 2640 2662 Beata
2686 2609 2856 2677 Agnes
2905 2607 2959 2660 in
3012 2607 3180 2661 medio
3229 2607 3582 2676 ﬂammarum
3624 2609 3796 2659 nius.

2220 2698 2484 2755 Octavum
2513 2713 2642 2754 vero
2669 2696 2722 2752 in
2753 2698 2857 2754 hoc
2885 2696 3125 2767 reperies
3157 2713 3169 2750 :
3196 2695 3273 2749 Tu
3313 2697 3391 2750 vir
3418 2694 3799 2766 Symphorinr

2217 2788 2470 2859 suspende
2492 2788 2546 2842 in
2571 2790 2862 2842 tormentis.
2895 2787 3080 2842 Nonus
3107 2786 3389 2858 prolixiori
3419 2802 3602 2857 super
3627 2801 3798 2840 omnes

2220 2892 2404 2938 tensus
2428 2882 2601 2952 spatio
2627 2889 2826 2936 metam
2852 2866 3155 2950 hujusmodi
3186 2879 3521 2935 divisionum
3546 2881 3798 2935 sortitur:

2219 2991 2345 3031 nam
2385 2991 2486 3032 nec
2529 2975 2757 3045 amplius
2787 2975 2908 3040 isto,
2945 2989 3046 3030 nec
3083 2975 3326 3030 strictius
3356 2972 3540 3044 primo
3575 2987 3801 3042 unquam

2218 3081 2412 3122 vocum
2445 3067 2683 3138 reperies
2707 3065 3062 3132 divisionem;
3097 3073 3152 3120 et
3179 3074 3260 3120 est
3288 3065 3402 3136 ipse
3450 3066 3506 3118 in
3542 3065 3652 3119 hac
3679 3064 3806 3116 autio

2217 3159 2395 3230 phona
2430 3176 2442 3212 :

2289 3248 2370 3303 Ad
2417 3258 2466 3305 te
2501 3247 2662 3304 levavi
2700 3249 2930 3304 animam
2979 3265 3166 3303 meam.
3240 3247 3381 3304 Deus
3431 3264 3589 3304 ments
3639 3249 3698 3302 in
3729 3246 3804 3301 Te.

2217 3339 2273 3410 ἢ.
2314 3338 2462 3394 Inter
2494 3349 2640 3394 natos
2667 3339 2944 3394 mulierum
2973 3356 3096 3394 non.

2291 3431 2344 3486 In
2382 3431 2467 3486 his
2505 3431 2671 3503 igitur
2707 3430 3115 3486 intervallorum
3157 3430 3440 3501 speciebus
3481 3429 3671 3485 solers
3699 3430 3806 3497 qui-

2216 3538 2321 3594 que
2345 3521 2487 3577 valct
2512 3521 2803 3591 inspicere,
2825 3521 3094 3591 quomodo
3122 3520 3452 3590 aequalitate,
3477 3521 3646 3588 quasi
3676 3519 3811 3573 fonte

2219 3613 2476 3684 quodam,
2518 3613 2850 3682 materieque
2896 3613 3196 3682 proposita,
3236 3611 3412 3666 omnis
3461 3611 3586 3666 haec
3638 3610 3714 3664 ab
3753 3624 3809 3662 ea

2219 3707 2429 3762 ratione
2465 3705 2612 3777 (610)
2652 3705 3036 3775 inmqualitatis
3079 3703 3389 3776 proﬂuxerit
3427 3721 3442 3757 :
3480 3704 3554 3757 ita
3603 3713 3669 3758 ut
3713 3703 3808 3774 pri-

2219 3813 2327 3864 mo,
2358 3813 2518 3866 quam
2568 3795 2890 3851 brevissimo
2929 3795 3105 3866 potuit
3149 3795 3342 3864 spatio,
3375 3795 3447 3849 ab
3485 3810 3552 3848 ea
3602 3795 3808 3864 digres.

2220 3905 2338 3946 sum
2377 3890 2465 3954 sit,
2508 3888 2702 3943 deinde
2744 3887 3072 3958 pedetentim
3117 3886 3261 3941 facto
3305 3895 3609 3956 augmento
3648 3899 3812 3952 usque

2220 3980 2288 4035 ad
2320 3979 2372 4034 id
2402 3976 2765 4034 excrescendo
2804 3978 3070 4048 pervenit,
3103 3993 3211 4046 quo
3239 3977 3454 4031 modum
3486 3977 3811 4030 naturaliter

2221 4073 2335 4143 ipse
2383 4072 2652 4126 humanus
2693 4071 2992 4139 imponeret
3026 4069 3267 4140 spiritus.
3305 4067 3450 4123 Ultra
3485 4069 3644 4122 hunc
3675 4069 3810 4122 enim

2221 4165 2574 4221 novissimum
2625 4161 2919 4225 divisionis,
2955 4163 2998 4217 si
3041 4177 3174 4231 quas
3224 4161 3396 4216 adhuc
3447 4160 3695 4230 amplius
3738 4161 3810 4212 di-

2221 4257 2434 4313 stantia:
2468 4254 2804 4310 continentes
2843 4269 3006 4308 voces
3037 4253 3349 4324 quaesieris,
3391 4267 3492 4306 nec
3528 4253 3590 4305 in
3639 4252 3810 4320 aliqua

2222 4349 2275 4403 id
2329 4346 2633 4402 rationabili
2681 4355 2840 4402 cantu
2894 4345 3154 4414 reperies,
3189 4360 3287 4400 nec
3327 4342 3674 4413 possibilitas
3721 4344 3810 4396 hu-

2221 4439 2366 4494 mani
2398 4438 2651 4508 appulsus
2676 4439 2764 4493 hic
2787 4437 3136 4492 accommoda
3167 4437 3273 4491 erit
3299 4455 3312 4490 :
3342 4445 3398 4490 ut
3424 4437 3478 4490 in
3510 4445 3633 4489 tam
3663 4437 3809 4506 longe

2223 4531 2546 4588 distantibus
2573 4531 2796 4586 vocibus
2821 4545 2926 4584 uno
2953 4529 3106 4599 quasi
3141 4529 3251 4584 ictu
3282 4537 3389 4582 tam
3421 4526 3588 4581 facile
3617 4543 3652 4581 e
3680 4542 3811 4580 sum-

2223 4642 2312 4681 mo
2353 4626 2421 4680 ad
2466 4624 2648 4678 intima
2691 4621 3028 4687 reﬂectatur;
3061 4622 3187 4690 quin
3234 4621 3412 4691 potius
3446 4634 3590 4689 pene
3633 4620 3688 4672 in
3726 4633 3808 4671 uo-

2222 4733 2344 4771 vam
2390 4715 2716 4786 permutatio
2755 4715 2860 4770 erit
2895 4729 3100 4768 vocem.
3136 4712 3245 4766 llas
3283 4721 3464 4766 autem
3505 4711 3811 4779 intercapeo

2225 4807 2377 4861 dines
2425 4806 2506 4860 ha:
2554 4805 2739 4868 lineae,
2780 4803 3065 4873 diligenter
3104 4810 3282 4856 tamen
3338 4816 3366 4854 a
3418 4800 3808 4868 transcriptum

2224 4913 2411 4952 earum
2443 4897 2630 4967 spatiis
2661 4895 2987 4960 observatis,
3014 4894 3300 4950 ostendere
3329 4893 3562 4963 possint.

2225 5218 2359 5257 voce
2386 5210 2513 5258 sunt
2541 5201 2778 5271 aequales
2811 5220 2824 5255 :
2862 5198 3002 5254 Puer
3033 5207 3190 5271 natus
3220 5205 3305 5252 est
3347 5194 3642 5271 uobis._Et
3685 5195 3810 5262 ﬁlias

2225 5275 2384 5327 datus
2419 5282 2502 5328 est
2542 5268 2696 5327 nobis
2752 5288 2765 5325 :
2803 5271 2956 5338 cujus
3003 5270 3287 5338 imperium
3333 5282 3502 5335 super
3531 5268 3805 5338 humerum

2225 5345 2384 5410 ejus;
2423 5352 2478 5395 et
2508 5343 2787 5397 vocabitur
2825 5337 3018 5396 numen
3064 5337 3180 5410 ejus
3223 5339 3405 5408 magni
3442 5337 3666 5392 consilii
3718 5337 3807 5388 An-

2227 5414 2397 5482 gelus,
2431 5412 2518 5467 Ps.
2544 5413 2767 5466 Cantate
2794 5412 3042 5482 Domino,
3069 5421 3173 5464 etc.

2297 5484 2445 5552 (60:5)
2488 5483 2616 5537 Scil.
2652 5481 2939 5546 intervalli,
2960 5481 3045 5552 vel
3068 5479 3252 5550 spatii.

2487 5554 2539 5677 id
2566 5562 2655 5634 est.
2679 5553 2834 5621 paulo
2866 5551 3056 5622 majori
3088 5548 3373 5606 intervallo
3397 5564 3501 5605 seu
3531 5549 3730 5620 spatio.

2514 5663 2523 5672 .
2554 5635 2711 5677 ratio.

2298 5624 2443 5695 (610)
2487 5624 2523 5677 Γ.
2554 5624 2711 5678 ratio.
