3916 6418
157 427 269 488 909

269 579 354 616 ma
462 563 512 634 gi
623 579 710 617 am

163 655 333 964 [τη

815 567 886 618 lie
993 567 1062 618 fin
1174 565 1225 622 fe
1334 569 1405 620 mi
1519 585 1582 622 cn

1033 646 1408 656 —————————

363 1001 448 1057 las

496 1143 609 1198 .uir
645 1117 658 1198 ι
693 1139 706 1150 -
985 1117 1038 1170 In
1075 1133 1318 1188 gravem.

847 1441 934 1480 em

1323 1857 1390 1909 tle

1257 429 1346 488 DE
1381 429 1782 488 llAﬂMONlCA
1821 427 2318 498 lNS’IlTUTlONE.

1692 585 1816 622 rum

2477 565 2506 616 ι
2567 546 2841 605 I’robatio.

2647 1284 2950 1476 Ἓξ

2441 1515 2499 1569 In
2531 1525 2772 1572 acutum.
2948 1495 2958 1572 ι
2992 1495 3073 1548 "is

3144 1668 3230 1708 em

2003 1929 3428 2096 L_._________l

235 2187 294 2242 In
325 2187 520 2258 quibus
545 2185 795 2242 videlicet
823 2187 1014 2258 spatiis
1057 2187 1445 2243 attendendum
1475 2185 1748 2258 quomodo
1780 2187 1826 2249 Α
1854 2198 1975 2240 eum
2023 2187 2199 2238 vmlls
2249 2199 2314 2238 ac
2359 2182 2584 2254 puerilis
2631 2198 2736 2238 vox
2780 2183 2986 2252 pariter
3031 2183 3314 2250 senuerit;
3357 2182 3445 2238 vel

165 2275 452 2345 sequentia
487 2290 701 2348 semper
729 2275 798 2330 ab
827 2277 1276 2332 antecedentibus
1305 2285 1622 2342 nascuntur,
1646 2290 1748 2331 ex-

1853 2277 2022 2332 etiam
2071 2275 2126 2330 in
2179 2290 2278 2342 eo,
2331 2276 2478 2345 quod
2524 2284 2782 2332 consuete
2829 2275 3294 2346 organisationem
3349 2290 3444 2332 vo-

175 2381 282 2436 que
315 2364 579 2436 prioribus
625 2365 926 2434 posteriora
975 2366 1298 2422 consistunt.
1339 2365 1580 2420 Primum
1619 2379 1752 2437 ergo
1849 2375 1997 2422 cant.

175 2455 400 2525 spatium
429 2469 550 2510 cum
582 2455 706 2524 ipsi,
730 2470 798 2510 ex
827 2469 932 2525 qua
959 2455 1177 2520 dicitur,
1205 2454 1277 2510 sit
1303 2454 1598 2526 aequalitati
1623 2469 1749 2510 con-

173 2547 370 2617 tiguum
421 2543 592 2616 (6H),
634 2560 850 2616 semper
895 2544 1186 2602 bisfactum
1237 2546 1453 2602 videtur
1489 2545 1746 2602 edicere:

165 2639 262 2695 sed
299 2641 398 2694 hoc
439 2652 546 2694 non
590 2639 812 2694 omnino
853 2650 1002 2706 vere,
1033 2639 1100 2694 de
1127 2638 1323 2708 quibus
1351 2647 1476 2710 post
1513 2639 1746 2694 dicetur.

167 2731 317 2789 Unde
353 2730 570 2788 nonnisi
610 2731 828 2800 quidam
857 2730 979 2801 plus
1019 2745 1086 2787 eo
1119 2731 1208 2787 hic
1251 2732 1521 2788 secundus
1553 2732 1753 2788 habere

162 2833 402 2897 putetur.
431 2823 551 2880 Jam
584 2837 712 2880 vero
743 2825 937 2881 tertius
981 2841 1046 2881 ex
1087 2826 1265 2895 primo
1309 2833 1524 2881 constat
1563 2835 1619 2880 et
1663 2840 1751 2882 se-

160 2917 366 2986 cundo;
405 2919 460 2973 id
489 2917 616 2989 (est)
648 2925 910 2987 quantum
957 2917 1114 2986 spatii
1147 2917 1254 2972 illis
1297 2917 1440 2973 inest
1486 2919 1749 2988 utrisque,

163 3017 370 3064 tantum
398 3008 487 3063 hic
511 3005 720 3062 obtinet
748 3005 894 3060 solus
926 3022 940 3061 :
969 3015 1198 3076 quartus
1223 3021 1290 3062 ex
1321 3007 1531 3062 duobus
1555 3019 1754 3062 secun-

161 3098 242 3154 dis
271 3115 288 3153 :
315 3098 540 3169 quintus
570 3111 638 3152 ex
671 3095 852 3165 primo
890 3103 945 3152 et
989 3096 1201 3153 duobus
1237 3098 1490 3154 secundis
1521 3116 1534 3151 :
1569 3107 1754 3154 sextus

159 3206 228 3248 ex
273 3192 451 3247 tribus
499 3190 757 3247 secundis
785 3206 800 3244 :
827 3189 1092 3259 septimus
1142 3205 1210 3246 ex
1257 3191 1432 3262 primo
1479 3199 1536 3247 et
1581 3191 1755 3246 tribus

159 3283 416 3340 secundis
446 3301 460 3338 :
489 3293 716 3339 octavus
753 3298 822 3337 ex
861 3291 1094 3353 quatuor
1131 3285 1386 3340 secundis
1419 3303 1432 3339 :
1465 3301 1642 3341 nonus
1685 3299 1754 3341 ex

159 3377 340 3446 primo
385 3385 438 3432 et
484 3384 719 3447 quatuor
773 3377 1046 3432 secundis.
1098 3377 1364 3438 Subtilius
1409 3393 1626 3450 quoque
1674 3379 1758 3435 in-

159 3467 336 3522 tuenti
381 3475 626 3536 apparet,
657 3467 926 3536 quomodo
962 3467 1120 3536 primi
1161 3468 1320 3537 spatii
1357 3470 1634 3539 quantitas
1661 3483 1744 3524 or-

1927 2455 2066 2512 Sunt
2111 2465 2294 2512 autem
2343 2455 2475 2526 ipsa;
2519 2456 2887 2513 consonantiae
2927 2471 3046 2526 sex,
3075 2466 3138 2514 ut
3180 2466 3295 2514 tres
3331 2457 3448 2528 qui-

1821 2548 1978 2610 dem
2023 2549 2330 2619 simplices;
2365 2556 2480 2604 tres
2519 2563 2652 2605 vero
2689 2550 3024 2619 compositae,
3058 2563 3180 2620 quae
3207 2548 3448 2622 propriis

1855 2642 2168 2699 nominibus
2215 2650 2594 2713 nuncupantur
2633 2661 2646 2696 :
2692 2631 2974 2714 diapason,
3007 2635 3282 2713 diapente,
3331 2641 3447 2697 dia-

1857 2740 2124 2800 tessaron,
2157 2742 2214 2789 et
2244 2734 2496 2804 diapente
2541 2734 2821 2804 diapason,
2851 2743 2908 2788 et
2945 2734 3206 2806 diapason
3249 2734 3448 2790 diates-

1855 2839 2040 2890 saron,
2081 2825 2166 2880 bis
2212 2824 2472 2896 diapason
2506 2842 2520 2878 :
2553 2839 2783 2896 quarum
2835 2824 3318 2880 consonantiarum
3363 2824 3448 2880 in-

1855 2916 2080 2970 tervalla
2111 2917 2486 2972 tantummodo
2515 2915 2660 2972 inter
2685 2917 2807 2972 haec
2841 2917 3102 2986 praedicta
3134 2919 3308 2990 spatia
3337 2917 3446 2974 duo

1855 3005 1970 3060 sola
2013 3005 2242 3076 reperiri
2289 3015 2537 3076 possunt,
2569 3005 2624 3060 id
2669 3015 2756 3062 cst
2799 3007 3138 3064 diatessaron
3171 3003 3443 3080 diapente,

1857 3095 1910 3150 in
1939 3096 2131 3166 quinta
2158 3091 2410 3151 videlicet
2435 3111 2499 3151 ac
2525 3096 2756 3166 septima
2783 3098 2984 3167 specie,
3007 3105 3064 3154 et
3088 3098 3132 3152 si
3160 3097 3280 3154 dure
3305 3095 3449 3168 ipsa-

1856 3205 1975 3244 rum
1991 3188 2194 3244 vocula:
2208 3187 2368 3244 simul
2383 3189 2752 3256 enuntientur,
2767 3190 3176 3244 consonantiam
3193 3187 3444 3246 reddunt.

1855 3279 2124 3336 Caeterum
2171 3295 2346 3350 neque
2373 3279 2476 3352 (in)
2511 3280 2640 3348 ipsis
2667 3294 2844 3350 neq-ue
2883 3281 2940 3336 in
2971 3281 3197 3358 reliquis
3226 3275 3331 3336 ulla
3360 3289 3449 3338 est

1857 3370 2234 3436 consonantia,
2267 3371 2362 3426 sed
2409 3380 2616 3426 tantum
2667 3372 2980 3428 discrimina
3028 3374 3272 3444 quaadam
3316 3365 3450 3430 sunt

1857 3475 2081 3524 vocum,
2127 3476 2248 3530 qua:
2297 3462 2600 3534 hujusmodi
2647 3463 2814 3519 certis
2859 3465 3212 3520 terminorum
3255 3467 3448 3536 spatiis

156 3558 384 3614 dinabili
415 3559 796 3628 progressione
836 3557 1062 3629 singulis
1098 3559 1404 3630 quibusque
1441 3561 1752 3629 superaddi-
1785 3567 1828 3626 Β
1855 3553 2198 3608 θοιιὶὺθηιιιικ
2247 3553 2324 3608 De
2347 3555 2541 3624 (litibus
2577 3563 2756 3612 tamen
2807 3557 3024 3612 interim
3069 3557 3442 3632 reticendum;

159 3663 248 3708 tur
300 3654 506 3719 modis;
557 3653 632 3708 ita
679 3662 742 3708 ut
789 3653 892 3723 ipsi
937 3653 1113 3721 primo
1160 3653 1328 3708 addas
1378 3655 1658 3721 eumdem,
1696 3665 1751 3710 et

158 3743 335 3799 facias
379 3743 702 3810 secundum,
736 3741 984 3813 quamvis
1011 3742 1066 3798 in
1105 3743 1212 3798 hoc
1243 3742 1446 3814 aliquid
1485 3743 1748 3815 scrupuli,

157 3845 218 3890 ut
264 3849 434 3905 supra
483 3835 688 3890 dictum
737 3843 840 3899 est,
869 3835 1138 3890 videatur.
1165 3835 1336 3892 Porro
1369 3835 1468 3906 ipsi
1514 3837 1751 3893 secundo

157 3925 386 3982 additur
402 3925 630 3996 primus,
653 3934 709 3980 et
733 3925 924 3980 tertius
950 3935 1269 3995 procreatur
1294 3945 1306 3980 :
1333 3927 1574 3998 itemque
1598 3944 1754 3999 quar-

157 4024 244 4072 tus
305 4015 750 4086 superadditione
801 4013 972 4085 ipsius
1031 4015 1190 4084 primi
1245 4016 1310 4070 ad
1367 4017 1586 4072 tertium
1633 4032 1648 4072 :
1696 4019 1750 4074 in

155 4108 356 4178 quinto
395 4107 750 4163 nihilominus
795 4113 852 4162 et
895 4107 1110 4162 caeteris
1147 4108 1334 4164 eadem
1383 4111 1752 4180 augmentatio

155 4197 488 4252 custoditur.

227 4287 510 4344 Vocantur
537 4299 718 4345 autem
751 4291 922 4361 prima
960 4291 1065 4347 duo
1102 4291 1278 4360 spatia
1313 4291 1610 4346 secundum
1641 4309 1752 4348 mu-

155 4380 288 4436 sicae
342 4379 715 4450 disciplinam,
778 4382 1014 4452 primum
1079 4384 1294 4453 quidem
1359 4383 1748 4452 semitonium;

155 4471 312 4528 aliud
343 4477 500 4525 tonus
533 4489 546 4524 :
577 4485 646 4525 ex
675 4471 872 4539 quibus
905 4472 1116 4528 duobus
1141 4473 1383 4528 omnium
1417 4473 1750 4544 reliquorum

155 4571 344 4618 status
371 4561 670 4632 perﬁcitur.
699 4561 926 4618 Constat
953 4565 1096 4619 enim
1129 4565 1320 4619 tertius
1360 4579 1426 4619 ex
1464 4565 1751 4622 semitonio

155 4663 212 4708 et
257 4661 410 4707 tono.
459 4651 695 4719 Quartus
744 4653 880 4708 duos
919 4653 1266 4723 amplectitur
1297 4661 1474 4708 tonos.
1520 4653 1751 4720 Quintus

157 4743 508 4800 semitonium
573 4743 782 4798 duobus
828 4743 1046 4814 copulat
1096 4745 1259 4802 tonis.
1321 4743 1522 4800 Sextus
1579 4745 1749 4800 tribus

157 4848 318 4903 aeque
351 4841 564 4888 constat
594 4832 755 4888 tonis.
791 4831 1066 4904 Septimus
1096 4834 1238 4890 tonis
1277 4835 1451 4890 tribus
1492 4842 1549 4889 et
1591 4835 1749 4890 semi-

1853 3644 2156 3714 praesertim
2211 3659 2336 3699 cum
2391 3661 2646 3716 perrarus
2699 3647 2941 3702 scientia:
2997 3663 3186 3704 eorum
3234 3649 3447 3706 fructus

1853 3735 2023 3806 possit
2079 3735 2302 3802 haberi,
2357 3735 2674 3806 priusquam
2727 3752 2983 3794 sonorum
3041 3739 3326 3812 dispositio
3374 3756 3446 3796 ex

1852 3826 2044 3882 ordine
2088 3827 2504 3882 demonstretur.
2553 3826 2759 3895 Quibus
2800 3829 2870 3884 ad
2911 3833 3312 3902 perceptionem
3349 3829 3446 3888 de-

1835 3919 2030 3990 ductis
2059 3930 2114 3976 et
2141 3921 2258 3978 lucc
2281 3922 2484 3988 omnia,
2517 3929 2574 3978 et
2593 3923 2839 3993 quaedam
2867 3924 3028 3980 simul
3059 3925 3162 3980 alia
3193 3925 3446 3982 utilitatis

1833 4025 1948 4076 seu
1977 4011 2138 4066 etiam
2159 4013 2516 4083 jocunditatis
2558 4029 2665 4070 non
2704 4015 2976 4072 modicum
3005 4014 3286 4072 all‘erentia
3318 4033 3446 4090 per-

1852 4103 2036 4159 videre
2067 4103 2270 4160 licebit.

1925 4195 2038 4250 Hoc
2081 4195 2256 4250 solum
2307 4196 2374 4250 de
2413 4195 2618 4252 eisdem
2660 4211 2854 4252 novem
2897 4197 3072 4252 modis
3109 4198 3442 4276 addendum,

1853 4285 1996 4355 quod
2039 4294 2246 4354 septem
2287 4287 2568 4340 dumtaxat
2603 4287 2824 4342 vocibus
2859 4289 3230 4356 continentur,
3260 4301 3315 4346 et
3352 4307 3448 4347 ea-

1853 4391 1974 4430 rnm
2006 4377 2248 4446 exempla
2279 4377 2382 4432 hac
2407 4377 2612 4432 autenti
2647 4377 2872 4432 tetrardi
2903 4379 3069 4436 babes
3101 4382 3394 4452 autiphona
3425 4399 3441 4437 :

1856 4465 2107 4522 Undecim
2143 4468 2387 4538 discipuli
2429 4469 2486 4522 in
2528 4467 2733 4524 Galilea
2759 4470 2988 4524 videntes
3019 4471 3304 4528 Dominum
3340 4475 3442 4530 ad-

1853 4569 2173 4613 oraverum:
2204 4559 2292 4614 ubi
2341 4574 2512 4628 usque
2556 4560 2622 4616 ad
2665 4559 2924 4630 syllabam
2948 4578 3037 4616 ve-
3069 4563 3197 4632 ipsae
3235 4573 3441 4636 septem

1854 4660 1981 4706 sunt
2026 4665 2201 4706 voces.
2249 4649 2386 4704 Nam
2432 4649 2622 4704 ultima
2669 4649 3032 4721 syllabarum,
3079 4670 3200 4724 quae
3249 4667 3446 4712 octavo

1851 4741 1972 4795 loco
2015 4755 2046 4795 a
2095 4741 2270 4810 prima
2318 4741 2623 4812 deponitur,
2671 4741 2718 4796 si
2767 4751 3114 4812 comparetur
3154 4760 3276 4798 cum
3330 4746 3445 4814 ipsa

1851 4832 2045 4900 prima,
2077 4831 2267 4888 eodem
2309 4833 2472 4888 modo
2497 4833 2732 4898 sonabit,
2765 4835 3014 4905 quamvis
3045 4851 3178 4890 voce
3207 4837 3322 4892 haec
3360 4838 3444 4900 vi-

157 4925 332 4978 tonio.
381 4923 536 4990 Quod
589 4924 636 4978 si
686 4923 950 4992 adjeceris
999 4935 1186 4982 tonum
1246 4935 1302 4982 et
1359 4927 1702 4982 semitonium
1727 4969 1742 4994 ,
1775 4924 1819 4987 C
1853 4923 1962 4988 rili,
1995 4922 2084 4978 illa
2128 4923 2341 4994 puerili.
2380 4925 2446 4978 Et
2486 4934 2572 4980 est
2611 4925 2728 4982 haec
2768 4927 3022 4996 diapason
3064 4931 3441 4994 consonantia,

155 5014 210 5068 in
241 5014 395 5086 (6-12)
423 5029 620 5068 nonam
649 5029 836 5070 vocem
873 5016 1136 5084 prosiliet.

228 5106 352 5162 Non
391 5115 572 5162 autem
615 5109 912 5176 putandum
942 5117 1045 5172 est,
1077 5109 1175 5164 has
1209 5124 1400 5164 vocum
1442 5111 1748 5181 discrepan-

157 5199 265 5254 tias
307 5199 544 5270 reputari
573 5199 715 5254 inter
745 5199 1128 5256 consonantias
1162 5216 1176 5252 :
1213 5201 1279 5255 de
1307 5199 1505 5270 quibus
1544 5203 1748 5256 musica

157 5299 463 5361 pertractat
491 5291 810 5346 auctoritas.
854 5289 1013 5346 Aliud
1054 5290 1199 5346 enim
1251 5300 1336 5346 est
1369 5293 1746 5358 consonantia,

161 5380 314 5436 aliud
361 5381 726 5436 intervallum.
771 5380 1138 5436 Consonantia
1185 5381 1452 5452 siquidem
1497 5391 1582 5438 est
1622 5383 1749 5438 duo-

162 5487 290 5526 rum
319 5486 574 5527 sonorum
607 5481 724 5528 rata
754 5481 810 5526 et
845 5471 1241 5528 concordabilis
1289 5473 1603 5540 permixtio,
1631 5487 1753 5542 quae

165 5579 278 5619 non
323 5564 480 5618 aliter
524 5564 816 5630 constabit,
849 5564 950 5618 nisi
984 5563 1088 5618 duo
1118 5563 1438 5619 altrinsecus
1471 5563 1600 5620 editi
1633 5563 1752 5620 soni

163 5651 223 5708 in
279 5670 440 5710 unam
487 5655 650 5710 simul
699 5654 1118 5711 modulationem
1163 5655 1517 5724 conveniant,
1563 5663 1622 5711 ut.
1671 5653 1752 5724 ﬁt,

243 5827 389 5904 (6H)
429 5829 692 5888 Ca‘senat.
727 5828 844 5886 cod.
881 5829 1183 5884 secundum.

1853 5013 2084 5084 ideoque
2108 5031 2139 5070 a
2167 5016 2380 5071 ratione
2405 5025 2778 5086 sequestratur
2805 5019 3233 5076 intervallorum.
3257 5022 3446 5093 Dispo-

1841 5117 2053 5180 _nantur
2082 5117 2262 5163 autem
2291 5109 2491 5164 eaedem
2518 5124 2678 5166 voces
2705 5111 2961 5182 gradibus
2989 5111 3118 5177 suis,
3145 5113 3236 5168 ubi
3266 5114 3446 5183 spatia

1854 5215 2042 5256 earum
2085 5201 2322 5270 propriis
2363 5202 2759 5270 quantitatibus
2811 5202 3050 5272 direpta,
3097 5204 3190 5274 ubi
3231 5211 3444 5266 tonum,

1855 5290 1947 5362 ubi
1993 5289 2340 5346 semitoninm
2390 5291 2724 5366 contineant,
2765 5299 3138 5346 annoteutur:
3173 5293 3446 5364 iidemque

1855 5381 2001 5436 modi
2052 5379 2242 5434 lineari
2291 5379 2435 5436 inter
2479 5395 2574 5434 eas
2619 5379 2927 5435 diductione
2970 5381 3272 5452 signentur.
3312 5367 3444 5452 Quae

1856 5473 2134 5550 exempla,
2165 5488 2290 5528 cum
2334 5488 2400 5528 ex
2449 5471 2626 5526 media
2673 5486 2928 5527 sonorum
2973 5476 3133 5542 serie,
3165 5477 3232 5532 ad
3280 5495 3444 5549 quam

1857 5575 2110 5620 autentns
2166 5563 2440 5644 tetrardus
2493 5577 2614 5615 cum
2665 5561 2838 5633 plagis
2885 5562 3125 5634 ejusdem
3173 5570 3448 5638 pertinere

1833 5655 2130 5738 rvidentur,
2161 5654 2214 5708 in
2246 5652 2498 5732 praesenti
2525 5652 2634 5706 sint
2661 5653 3026 5712 demonstrata
3053 5672 3068 5710 :
3099 5659 3154 5738 in
3198 5659 3318 5730 aliis
3358 5661 3413 5715 ui
3439 5693 3447 5702 ο

1931 5831 2078 5905 (612)
2119 5831 2247 5889 Cod.
2277 5823 2769 5914 Caesenahnovana
