3878 5430
557 460 654 518 911
1146 462 1488 521 llUCBALDl
1533 465 1696 524 MON.
1733 465 1792 524 S.
1835 467 2094 527 AMANDI
2135 469 2286 528 OPP.
2326 468 2504 531 PARS
2537 475 2600 533 ll.
2636 509 2706 520 -—-
2745 479 3246 545 MISCELLANEA.
3723 502 3816 557 912

551 579 846 636 hilominus
881 576 1161 634 ordinibus
1197 594 1294 636 seu
1331 581 1492 637 etiam
1524 579 1664 637 tonis
1690 581 1902 637 eosdem
1930 582 2136 639 scilicet
2163 592 2210 652 Α
2241 588 2473 654 primum
2514 589 2738 658 positos,
2780 595 2870 662 qui
2917 595 3125 653 scilicet
3166 609 3436 658 vocantur
3463 613 3633 664 tonus
3657 570 3714 664 et
3741 627 3813 667 se-

549 692 675 732 cum
719 675 849 746 ipsis
887 689 1041 745 seque
1079 675 1267 744 spatiis
1302 674 1542 744 reperire
1574 675 1868 744 continget,
1900 690 2130 745 quorum
2234 675 2535 746 mitoninm,
2565 679 2804 749 quolibet
2847 699 3035 741 eorum
3079 688 3345 746 duntaxat
3379 708 3484 749 suo
3521 705 3681 752 certo
3713 697 3815 755 loco

546 769 938 826 demonstratio
965 769 1180 824 interim
1213 767 1508 824 deserenda
1542 785 1555 822 :
1588 783 1733 824 nunc
1765 768 1832 824 ad
1871 782 2128 824 sonorum
2231 775 2472 835 extante,
2502 781 2694 827 Cuncta
2722 788 2908 830 eorum
2937 778 3109 834 series
3138 781 3441 840 incedendo
3465 786 3735 844 decurrit.

541 861 743 917 seriem
774 860 1096 916 veniendum
1133 867 1236 913 est.
2297 857 2377 912 Ac
2419 859 2614 928 primo,
2658 863 2786 932 quid
2823 873 3001 933 tonus,
3040 870 3171 939 quid
3208 875 3591 942 semitonium,
3640 880 3810 936 dicen-

612 950 807 1016 Sonos,
849 951 1046 1021 quibus
1091 964 1187 1020 per
1229 947 1474 1019 quadam
1521 948 1686 1004 veluti
1740 947 2005 1003 elementa
2057 948 2124 1003 ad
2227 946 2375 1002 dum.
2404 948 2501 1005 llis
2527 951 2672 1006 enim
2716 958 3084 1028 prtccognitis,
3112 976 3231 1030 qua:
3259 966 3421 1032 quasi
3452 967 3578 1023 vice
3620 969 3811 1025 haben-

535 1043 801 1099 musicam
836 1041 1000 1112 prisci
1026 1041 1428 1096 aestimaverunt
1465 1039 1896 1110 ingrediendum,
1937 1039 2124 1094 Grarco
2229 1045 2315 1091 tur
2339 1037 2752 1108 elementorum,
2781 1045 2939 1103 facile
2960 1059 3156 1106 cuncta
3181 1056 3468 1123 sequentia
3494 1072 3807 1129 cognoscen-

534 1138 754 1193 nomine
796 1137 1104 1207 phthongos
1147 1133 1434 1189 voluerunt
1473 1132 1762 1203 appellare,
1794 1131 1846 1187 id
1889 1140 1973 1186 est
2016 1147 2120 1187 non
2227 1136 2330 1182 tur.
2365 1129 2459 1185 Est
2483 1146 2613 1202 ergo
2645 1145 2802 1191 tonus
2843 1152 2967 1194 cum
3009 1155 3112 1196 vox
3154 1145 3222 1198 ab
3258 1146 3368 1200 alio
3398 1162 3494 1202 seu
3526 1152 3680 1219 gravi
3722 1167 3801 1206 seu

532 1227 956 1297 qualescumque
997 1238 1178 1288 sonos,
1211 1230 1400 1293 utputa
1435 1219 1801 1291 quarumlibet
1834 1219 2121 1275 insensibi-
2220 1229 2382 1275 acuto
2426 1237 2560 1278 sono
2611 1228 2825 1283 modico
2873 1229 3174 1289 deﬂectitur
3221 1246 3318 1291 aut
3359 1239 3602 1309 erigitur
3653 1242 3799 1297 inter-

529 1315 661 1370 lium
701 1330 916 1379 rerum,
963 1321 1056 1367 aut
1097 1321 1246 1368 certe
1295 1309 1741 1366 irrationabilium
1788 1325 1948 1366 voces
2001 1311 2118 1364 ani-
2220 1310 2380 1374 vallo,
2413 1313 2577 1368 veluti
2621 1317 2782 1374 unius
2817 1322 3004 1389 puncti
3035 1324 3361 1395 direptione,
3398 1328 3476 1382 ita
3509 1339 3574 1384 ut
3595 1335 3795 1387 omnim

526 1405 781 1472 malium;
835 1405 929 1460 sed
977 1418 1071 1459 eos
1116 1411 1342 1466 tantum,
1373 1417 1509 1474 quos
1557 1401 1861 1458 rationabili
1909 1403 2114 1458 discre-
2217 1414 2405 1456 carum
2453 1403 2773 1462 divisionem
2815 1408 2973 1468 facile
3022 1415 3242 1472 auditus
3285 1418 3565 1474 advertat.
3613 1422 3792 1492 Estque

525 1505 611 1553 tos
636 1512 700 1552 ac
726 1497 1118 1552 determinatos
1142 1497 1468 1566 quantitate,
1498 1495 1698 1566 quique
1726 1496 1970 1552 melodia:
1999 1498 2112 1570 apti
2217 1501 2377 1549 tonus
2417 1495 2652 1566 spatium
2695 1498 2934 1570 ipsarum
2980 1503 3208 1560 duarum
3254 1523 3449 1563 vocum
3492 1511 3601 1566 sibi
3634 1513 3787 1566 taliter

523 1588 855 1653 existerent,
895 1589 995 1660 ipsi
1035 1587 1338 1644 certissima
1385 1587 1548 1642 totius
1593 1587 1872 1642 cantileme
1921 1586 2112 1643 funda-
2211 1584 2635 1652 cohaerentium;
2679 1605 2787 1646 non
2834 1607 2996 1650 voces
3037 1595 3167 1666 ipsa)
3216 1598 3496 1665 videlicet,
3537 1617 3659 1672 qua:
3695 1619 3782 1656 non

520 1688 704 1734 menta
751 1678 1017 1748 jecerunt.
1070 1678 1223 1734 Unde
1269 1688 1322 1733 cl
1369 1678 1635 1733 elementa
1676 1677 1758 1734 vel
1804 1677 2109 1750 phtbengos
2214 1674 2362 1731 aliud
2405 1687 2532 1733 sunt
2577 1694 2739 1750 quam
2782 1685 2937 1754 soni,
2978 1687 3071 1742 sed
3101 1689 3250 1758 quod
3298 1691 3442 1745 inter
3469 1695 3692 1748 easdem
3714 1704 3779 1748 Cal

517 1775 738 1830 eosdem
784 1782 1233 1846 nuncupaverunt
1262 1791 1275 1828 :
1306 1773 1450 1843 quod
1487 1772 1722 1838 scilicet,
1758 1771 2107 1842 quemadmo-
2209 1764 2572 1823 intervallum.
2604 1771 2662 1825 ln
2689 1773 2930 1843 quolibet
2971 1786 3149 1832 autem
3188 1779 3563 1837 instrumento
3599 1784 3773 1836 musica

517 1867 648 1921 dum
690 1865 988 1920 litterarum
1027 1863 1312 1920 elementis
1353 1877 1661 1919 sermonum
1692 1871 1885 1916 cuncta
1918 1859 2104 1916 multi-
2209 1855 2368 1928 hujus
2413 1861 2720 1934 exemplum
2767 1865 2910 1920 inter
2952 1868 3160 1938 primas
3201 1871 3339 1927 duas
3379 1875 3644 1941 chordas,
3666 1876 3769 1928 bene.

511 1955 730 2028 plicitas
763 1961 1093 2020 coarctatur,
1120 1962 1175 2008 et
1209 1953 1467 2024 quidquid
1506 1951 1610 2008 dici
1651 1960 1849 2022 potest,
1881 1966 1978 2021 per
2009 1964 2103 2006 eas
2133 1948 2176 2008 Β
2205 1948 2470 2008 duntaxat
2518 1952 2832 2024 dispositas,
2871 1956 2956 2013 vel
3011 1958 3067 2014 in
3118 1959 3412 2031 hydraulia
3463 1962 3617 2034 (6l6)
3661 1964 3766 2017 inter

513 2045 808 2116 digeritur;
863 2044 940 2098 ita
993 2043 1178 2098 solerti
1225 2049 1656 2114 procuraverunt
1704 2041 2001 2107 industria,
2039 2047 2100 2095 ut
2200 2038 2336 2096 duas
2365 2041 2572 2111 primas
2601 2043 2811 2102 ﬁstulas
2839 2047 3003 2104 habet
3030 2050 3214 2117 simul,
3245 2062 3302 2107 et
3339 2052 3399 2108 in
3439 2054 3546 2108 hac
3571 2056 3758 2123 probare

509 2133 856 2190 immensitas
883 2132 1277 2188 cantilenarum
1310 2131 1553 2201 quaedam
1587 2129 1812 2186 haberet
1849 2130 2096 2198 exordia,
2197 2135 2406 2204 poteris
2435 2136 2728 2208 antiphona
2762 2156 2775 2193 :
2811 2137 2892 2195 Ite
2922 2141 3097 2208 dicite,
3132 2152 3294 2200 tonus
3324 2144 3379 2199 in
3417 2160 3649 2216 gravem.
3677 2145 3757 2199 To-

506 2236 562 2281 ct
592 2226 766 2298 ipsam
794 2235 945 2281 certo
973 2224 1343 2280 moderamine
1372 2224 1784 2294 comprehensa,
1817 2238 1914 2294 per
1952 2237 2093 2293 quin,
2199 2237 2306 2278 nus
2336 2223 2389 2278 in
2421 2235 2639 2282 acutum
2673 2226 2793 2283 :Ite
2825 2229 2982 2285 dicite
3007 2229 3233 2288 Joanni.

505 2318 768 2390 quidquid
794 2316 1097 2373 canendum
1140 2314 1300 2382 foret,
1333 2315 1450 2371 sine
1483 2315 1590 2370 ullo
1621 2329 1808 2371 errore
1836 2316 2094 2385 procede-
2265 2313 2622 2371 Semitonium
2645 2332 2772 2374 vero
2793 2321 2994 2376 dictum
3016 2323 3230 2378 videtur
3251 2326 3413 2396 quasi
3443 2328 3742 2382 medietatem

503 2420 610 2477 ret,
641 2409 774 2466 nihil
803 2424 1016 2480 quoque
1043 2409 1097 2463 in
1125 2409 1204 2463 eis
1231 2416 1398 2474 esset,
1429 2407 1572 2478 quod
1607 2421 1715 2461 non
1751 2405 1900 2460 omni
1931 2419 2091 2475 pror-
2192 2403 2469 2460 contineat
2494 2407 2603 2462 toni
2639 2426 2651 2461 :
2690 2411 2785 2465 sed
2811 2411 2855 2465 si
2884 2411 2956 2466 ita
2985 2422 3150 2479 esset,
3183 2423 3313 2472 tunc
3341 2417 3398 2471 in
3431 2417 3571 2473 duas
3601 2434 3737 2486 mea;

499 2517 596 2560 sus
647 2501 1071 2558 rationabilitate
1120 2501 1345 2572 vigeret.
1403 2499 1541 2556 Dieti
1590 2508 1768 2554 autem
1825 2497 2088 2569 phthongi
2189 2499 2372 2564 partes
2423 2506 2581 2554 tonus
2625 2511 2808 2571 posset
2849 2504 3068 2572 partiri;
3113 2507 3258 2576 quod
3311 2509 3627 2565 nullatenus
3661 2510 3735 2565 isi

482 2599 605 2654 aut
642 2603 732 2654 τοῦ
762 2597 1066 2671 φθέγγεσθαι
1107 2595 1263 2666 quasi
1310 2610 1342 2650 a
1386 2593 1738 2650 similitudine
1787 2593 2087 2666 loquendi:
2189 2599 2350 2655 posse
2391 2585 2792 2659 diligentiorum
2833 2592 3112 2662 probabile
3140 2597 3510 2652 reddiderunt
3553 2601 3737 2670 ingenia

476 2689 644 2760 quod
664 2729 679 2756 ,
716 2686 1171 2759 quemadmodum
1213 2685 1483 2741 locutione
1530 2683 1888 2755 intelligibilia
1924 2683 2087 2740 verba
2189 2677 2454 2733 DiVidilur
2479 2681 2746 2751 siQuidem
2778 2691 2935 2740 tonus
2964 2686 3014 2740 in
3043 2687 3170 2753 duo,
3197 2689 3292 2744 sed
3319 2690 3418 2756 ita,
3443 2701 3510 2745 ιιι
3535 2693 3744 2746 unum

475 2785 820 2849 :redduntur,
851 2783 925 2838 ita
954 2782 1125 2854 (615),
1151 2779 1239 2836 his
1266 2779 1642 2836 subintellecto
1671 2779 1922 2835 decidant
1944 2793 2004 2833 so

2209 2781 2250 2821 ra
2281 2782 2406 2837 pars
2435 2777 2531 2824 aut
2557 2772 2904 2829 medietatem
2943 2779 3316 2846 transcendat,
3343 2792 3444 2836 aut
3471 2783 3646 2837 minor
3669 2798 3740 2834 ur-

493 2875 661 2931 etiam
692 2882 746 2929 et
774 2874 919 2945 ipsos
961 2871 1229 2928 interdum
1270 2869 1668 2927 irrationabiles
1698 2884 1860 2926 sonos
1887 2869 2083 2926 horum
2186 2859 2388 2916 ἀίειειιθ
2430 2873 2741 2933 remane“;
2781 2875 2836 2922 el
2871 2875 3114 2939 utraeque
3145 2869 3248 2925 illm
3296 2872 3602 2930 divisiones
3625 2876 3741 2929 seu?

2911 3359 3126 3372 ——

3160 3359 3383 3376 ——

489 2963 752 3034 dijudicat
781 2963 928 3036 (6M)
959 2962 1258 3018 exercitata
1293 2963 1578 3033 sagacitas.
2184 2952 2333 3044 lonia
2364 2965 2761 3024 nuncupantur,
2792 2973 2958 3014 unum
2989 2959 3185 3030 majus,
3215 2961 3366 3018 aliud
3418 2965 3607 3020 minus
3633 2983 3650 3018 :
3689 2980 3746 3017 ve-
3833 2947 3835 2998 ⁴

556 3055 831 3124 Quocirca
861 3055 1169 3126 hujusmodi
1200 3070 1414 3122 sonum,
1445 3069 1551 3110 non
1587 3053 1893 3126 generalem
1929 3055 2078 3110 scili-
2183 3041 2280 3098 Ῑυῑί
2307 3044 2350 3100 Si
2381 3044 2486 3100 hoc
2510 3046 2723 3105 diVidas
3834 3041 3835 3104 1

473 3157 601 3216 cet,
634 3148 817 3203 taliter
841 3148 1073 3203 diliinirc
1101 3147 1406 3203 voluerunt.
1439 3145 1618 3202 Sonus
1640 3158 1722 3203 est
1747 3147 1895 3203 vocis
1921 3163 2079 3204 casus
2323 3133 2509 3192 Tonus
2971 3142 3335 3201 Semitonium

470 3239 774 3304 emmclos,
806 3240 858 3294 id
900 3248 984 3294 est
1018 3239 1159 3294 melo
1197 3248 1376 3307 aptus,
1402 3254 1508 3292 una
1551 3239 1829 3294 mensione
1877 3241 2077 3308 produ-
2921 3235 3103 3292 minus
3175 3237 3378 3307 majus.

489 3339 636 3396 ctus,
671 3339 860 3402 utputa
904 3344 1026 3386 cum
1065 3329 1308 3400 qualibet
1354 3343 1484 3384 voce
1525 3329 1880 3398 depromitur,
1911 3337 1970 3384 ut
2007 3329 2072 3384 A.
2102 3313 2148 3376 C
2178 3351 2246 3362 —

480 3423 570 3478 vel
598 3438 720 3479 cum
749 3423 950 3478 chorda
980 3421 1144 3478 semel
1176 3429 1326 3478 tensa
1357 3422 1623 3478 sonuerit.
2176 3413 2308 3481 Qua:
2333 3431 2458 3472 cum
2506 3419 2561 3472 in
2606 3435 2773 3474 unum
2815 3423 3191 3491 convenerint,
3220 3425 3504 3497 integrum
3553 3426 3740 3482 redibat

544 3512 689 3570 Cum
715 3515 894 3585 primo
925 3514 1088 3586 igitur
1115 3513 1420 3584 hujusmodi
1465 3513 1812 3571 rationabiles
1840 3515 2072 3586 plithon-
2176 3515 2381 3564 tonum.
2422 3509 2562 3567 Poro
2609 3513 2654 3568 si
2701 3513 2808 3568 duo
2857 3515 3062 3584 majora
3110 3518 3406 3572 semitonia
3452 3519 3739 3589 jungam.

477 3608 536 3680 gi
566 3607 737 3680 pauci
782 3609 1144 3676 exstitissent,
1178 3607 1448 3679 principio
1497 3607 1764 3678 siquidem
1815 3623 1922 3664 non
1965 3608 2070 3664 nisi
2172 3599 2442 3655 excedunt
2485 3612 2670 3658 tonum
2713 3621 2727 3658 :
2773 3603 2818 3660 si
2860 3605 2968 3662 duo
3012 3607 3246 3672 minora,
3288 3609 3416 3679 ejus
3465 3625 3739 3665 mensuram

488 3707 726 3768 quatuor
785 3699 1052 3768 repertis,
1094 3698 1150 3753 hi
1199 3707 1408 3752 tantum
1447 3697 1649 3754 diutius
1686 3698 1742 3753 in
1781 3713 1881 3754 usu
1918 3695 2070 3754 fuere
2173 3689 2485 3746 nullatenus
2513 3692 2845 3764 pertingant.
2876 3693 3078 3765 Estque
3103 3697 3468 3752 semitonium
3497 3713 3742 3767 nuncm-

478 3791 819 3846 canentibus.
867 3789 1062 3845 Postea
1111 3790 1341 3845 diversis
1388 3789 1840 3859 subsequentibus
1889 3790 2068 3846 causis
2175 3791 2314 3848 tum.
2347 3798 2455 3839 non
2494 3786 2622 3855 quia
2655 3787 2765 3841 ιοιιὶ
2810 3787 2882 3843 Sil
2924 3788 3210 3854 medietas.
3239 3788 3342 3844 sed
3387 3790 3539 3859 quod
3568 3802 3740 3844 9mm

477 3898 588 3939 non
649 3882 1141 3948 irrationabilibus,
1186 3882 1470 3952 .paullalim
1521 3897 1781 3939 numerus
1829 3882 2068 3938 excrevit
2168 3873 2274 3930 dici
2303 3874 2441 3931 solet
2469 3876 2834 3947 unaqutclibet
2860 3893 2988 3948 pars
3017 3879 3099 3935 rei
3128 3879 3388 3950 alicujus,
3423 3881 3482 3934 in
3513 3880 3616 3935 duo
3639 3875 3740 3932 lictl

455 3973 986 4044 'phthongorum,.et
1010 3970 1243 4040 primum
1283 3971 1502 4042 quidem
1539 3986 1710 4043 usque
1747 3971 1816 4026 ad
1858 3979 2064 4041 septem
2165 3978 2272 4018 non
2300 3979 2452 4035 tequa
2479 3965 2664 4021 divisa:
2696 3983 2710 4021 :
2737 3975 2796 4021 ut
2817 3967 2864 4023 si
2889 3967 3102 4024 dividas
3131 3978 3243 4024 tres
3278 3968 3336 4023 in
3367 3971 3737 4024 unumetdm.

474 4062 562 4118 vel
597 4072 740 4129 octo,
773 4061 968 4118 deinde
1009 4062 1076 4117 ad
1123 4076 1316 4117 novem
1363 4061 1446 4117 vel
1483 4061 1760 4129 undecim,
1789 4071 2064 4134 postremo
2165 4053 2527 4111 Semitonium
2551 4071 2680 4114 vero
2700 4066 2802 4124 est,
2833 4073 2954 4115 cum
2982 4059 3083 4115 sibi
3111 4060 3230 4115 duae
3250 4075 3425 4116 voces
3450 4060 3737 4116 brevissim

474 4150 544 4206 ad
573 4151 882 4222 quindecim
910 4164 1080 4220 usque
1110 4150 1373 4206 terminus
1405 4151 1620 4206 interim
1651 4150 1887 4207 devenit.
1915 4149 2005 4218 ρω

2203 4145 2321 4201 alde
2342 4146 2644 4218 junguntur
2680 4149 2877 4220 spatio,
2912 4159 2971 4206 ut
3006 4150 3095 4205 vix
3140 4150 3446 4221 aliquando
3473 4153 3734 4207 discrime-

455 4241 782 4314 phthongos
814 4239 1138 4296 chordarum
1170 4241 1388 4296 nomine
1415 4241 1670 4297 usitatius
1712 4256 2058 4312 nuncupave-
2163 4237 2304 4294 inter
2332 4253 2426 4295 eas
2473 4239 2660 4295 sentiri
2708 4241 2899 4311 possit.
2943 4241 3248 4313 Aliquando
3304 4253 3496 4298 autem
3559 4244 3732 4297 dictu

469 4342 629 4400 runt;
692 4332 836 4402 quod
899 4331 1304 4398 instrumentis,
1371 4331 1566 4401 quibus
1623 4333 2055 4402 apponebantur,
2159 4337 2382 4397 propter
2416 4327 2596 4383 minus
2638 4330 2980 4385 semitonium
3014 4345 3030 4385 :
3070 4332 3248 4402 majus
3272 4334 3484 4387 etenim
3515 4332 3734 4404 quamvis

468 4425 777 4496 promptius
839 4432 1294 4480 monstrarentur.
1350 4423 1428 4479 De
1489 4439 1719 4494 quarum
1782 4424 2058 4480 mentione
2159 4431 2216 4476 et
2259 4420 2435 4490 ipsum
2485 4420 2640 4478 valde
2684 4423 2788 4478 sibi
2837 4424 3182 4495 propinquas.
3215 4426 3421 4481 habeat
3449 4442 3636 4490 voces,
3660 4425 3737 4478 ali-

457 4516 554 4571 vel
603 4515 814 4582 ordine,
852 4530 945 4569 seu
989 4515 1267 4571 vocabulis
1310 4515 1668 4586 singularum,
1703 4531 1824 4571 cum
1871 4516 2054 4572 caeteri
2156 4513 2477 4582 quantulum
2525 4522 2704 4569 tamen
2750 4513 3058 4571 distinctius
3110 4516 3256 4571 inter
3311 4531 3412 4572 eas
3464 4519 3736 4589 percipitur

467 4607 750 4679 perplures
791 4607 1034 4678 ejusdem
1081 4606 1378 4677 disciplina:
1405 4607 1697 4678 scriptorcs
1730 4617 1841 4663 tam
1879 4609 2052 4666 Graeci
2084 4674 2112 4679 _
2158 4602 2498 4659 intervallum
2543 4622 2554 4657 :
2608 4603 2710 4659 hoc
2759 4603 3112 4662 nihilominus
3171 4608 3262 4663 hic
3316 4609 3651 4674 observato,
3691 4617 3735 4660 η

469 4674 632 4772 qua-ul
684 4674 890 4766 Latini,
919 4708 1030 4754 tum
1073 4674 1341 4771 praecipue
1384 4674 1571 4756 doctor
1615 4701 1896 4768 mirabilis,
1935 4715 2050 4756 om-
2083 4674 2131 4734 ο
2158 4709 2264 4750 non
2323 4709 2485 4751 voces
2533 4695 2664 4766 ipsa:
2701 4695 2840 4767 (sed)
2887 4697 3121 4768 spatium
3162 4713 3356 4754 earum
3411 4702 3732 4756 semianima

464 4795 616 4848 nium
648 4791 1099 4865 prudentissimus
1140 4792 1338 4846 artium
1381 4790 1684 4847 liberalium
1720 4791 2052 4862 perquisitor
2157 4785 2247 4839 Sil.
2301 4785 2469 4856 Igitur
2511 4786 2796 4842 semilouia
2837 4787 2962 4852 duo,
3002 4796 3163 4843 lonus
3206 4792 3431 4847 nonnisi
3479 4809 3619 4848 unus
3656 4793 3733 4846 ha-
3834 4819 3835 4826 ι

461 4885 685 4940 Boetius
726 4884 778 4939 in
820 4883 996 4955 primo
1031 4898 1142 4940 sua:
1182 4883 1538 4940 institutionis
1567 4883 1873 4940 Armonicze
1913 4884 2050 4941 libro
2156 4879 2334 4935 betur.
2379 4880 2883 4951 Quantumcumque
2919 4883 3065 4936 enim
3105 4884 3328 4940 sublimi
3377 4888 3472 4942 vel
3503 4888 3732 4958 depressa
3834 4881 3835 4884 “

463 4975 800 5032 sullicientur
840 4975 1111 5032 edisserit.
1144 4975 1202 5031 In
1250 4977 1446 5047 quibus
1493 4977 1726 5047 denique
1763 4978 2050 5050 phthongis
2153 4983 2438 5047 promatur
2479 4989 2648 5041 sono,
2694 4990 2795 5030 nec
2843 4974 2963 5046 plus
3017 4991 3119 5030 nec
3171 4977 3359 5034 minus
3419 4982 3585 5050 spatii
3629 4995 3728 5033 coa-

463 5066 550 5116 vel
600 5065 820 5116 chordis
875 5066 1081 5114 nullam
1134 5066 1467 5114 consimilem
1534 5070 1828 5116 nutantium
1892 5069 2046 5118 alteri
2158 5066 2370 5122 linebil.
2419 5067 2644 5118 idmnue
2692 5083 2830 5116 unus
2876 5068 3128 5139 idemque
3171 5071 3299 5126 erit.
3349 5072 3530 5128 Porro
3577 5088 3726 5128 eset!!-

3255 5162 3440 5218 ’διατι
3467 5182 3566 5222 su
3600 5167 3726 5219 (ber-
