3916 6472
162 441 313 500 915

1299 443 1388 500 DE
1425 437 1822 498 HARMONlCA
1861 436 2359 495 INSTITUTIONE.

3342 435 3472 484 illi»

166 554 387 610 Hodie
414 555 652 627 completi
680 566 802 612 sunt
829 557 938 614 dies
968 557 1322 624 Pentecostes,
1345 555 1702 626 similiterque
1726 552 1779 608 in
1808 561 1856 621 Α
1883 560 1939 610 et
1964 568 2088 623 quo.
2118 560 2173 608 et
2216 553 2304 607 do.
2348 550 2614 608 semitonii
2640 557 2800 620 atque
2844 547 2953 603 toni
2982 554 3065 604 est
3089 543 3444 610 interyallum.

161 643 486 716 hydraulis
507 646 699 702 eodem
729 647 866 704 loco.
899 649 1257 720 Designeutur
1284 663 1495 718 quoque
1537 645 1781 716 exempla

169 745 324 790 tam
351 735 462 792 toni
489 751 649 806 quam
689 739 956 794 semitonii
996 739 1050 794 in
1087 739 1326 809 quolibet
1357 745 1520 794 cantu
1544 751 1668 793 cum
1698 735 1782 790 di-

167 823 463 882 ductione
490 841 587 883 sex
629 828 978 896 chordarum,
1015 844 1244 900 quarum
1290 829 1463 884 vicem
1508 827 1660 883 linea:
1705 833 1782 880 te-

168 924 393 982 neant,
417 926 677 973 annotato
703 913 916 992 semper
955 921 1098 977 inter
1137 920 1389 989 chordas,
1429 919 1520 975 ubi
1565 917 1783 976 semito-

168 1004 358 1060 nium
380 1006 746 1064 contineatur.

1367 1103 1424 1150 ta

168 1217 340 1272 Ton.
1316 1222 1432 1293 li/\

167 1349 424 1407 TomEc
905 1357 907 1364 ί
981 1354 1091 1412 lsra
1194 1356 1235 1426 /
1502 1355 1544 1422 \
1579 1354 1631 1408 in
1672 1366 1780 1422 quo

172 1504 354 1561 Sent.
461 1509 562 1574 \ce
943 1510 984 1582 /
1084 1512 1124 1581 \
1159 1511 1226 1566 be

171 1660 340 1715 Ton.
550 1663 755 1736 \vere/

265 1815 609 1887 Ubicumque
634 1832 764 1889 ergo
793 1819 845 1874 in
881 1819 1125 1889 quolibet
1167 1816 1308 1873 melo
1343 1815 1648 1885 huiusmodi
1685 1829 1774 1870 re-

1884 642 2089 698 Caatera
2119 643 2394 712 :cqualiter
2412 651 2468 700 et
2497 643 2550 698 in
2578 642 2842 697 directum
2873 639 3126 695 dicuntur
3161 653 3181 694 :
3217 647 3278 692 ut
3310 655 3444 694 vere.

1884 739 1939 787 et
1959 729 2100 785 Isra.
2132 739 2186 786 et
2211 733 2265 785 in
2299 748 2422 801 quo.

1953 819 2257 876 Secundum
2279 822 2518 894 geminas
2533 820 2695 893 igitur
2713 819 2811 874 has
2825 817 3132 888 qualitates,
3157 815 3275 872 loco
3297 816 3452 881 vidc-

1881 911 2010 965 licet
2040 918 2202 981 atque
2224 911 2412 967 ordine
2431 926 2529 968 suo
2555 911 2756 967 eisdem
2780 907 3109 969 constitutis.
3135 915 3250 960 rata
3270 907 3452 962 distri-

1880 1001 2064 1056 buitur
2089 1002 2265 1057 omnis
2289 1001 2647 1071 posteriorum
2677 998 2982 1070 integritas.
3015 997 3332 1064 Quindecim
3375 999 3450 1054 si-

1879 1091 2094 1162 quidem
2136 1092 2530 1164 phthongorum
2568 1107 2731 1162 super
2769 1104 2828 1146 se
2855 1089 3084 1144 invicem
3123 1089 3476 1144 coadunatiov

1879 1180 2060 1237 taliter
2086 1182 2386 1248 ordinatur,
2424 1191 2487 1236 ut
2521 1181 2566 1238 si
2596 1182 2959 1237 scandendum
3005 1197 3112 1237 uno
3149 1179 3333 1244 fuerit,
3365 1179 3448 1234 in-

1879 1273 2070 1343 primis
2096 1288 2229 1330 sono
2249 1282 2404 1329 extra
2430 1273 2586 1344 quasi
2623 1274 2817 1354 posito,
2845 1289 3004 1343 quem
3035 1282 3161 1328 tono
3183 1270 3391 1328 dividas
3415 1283 3448 1322 a

1879 1363 2145 1434 sequenti,
2169 1364 2422 1435 deinceps
2447 1378 2546 1434 per
2566 1363 2932 1431 semitonium,
2961 1372 3146 1419 tonum
3170 1373 3226 1418 et
3261 1371 3472 1418 tonum-

1877 1453 2049 1523 usque
2089 1453 2155 1508 ad
2179 1462 2383 1524 septem
2407 1468 2566 1509 voces
2605 1453 2960 1510 conscendas.
3008 1452 3138 1508 Post
3171 1457 3310 1522 qhas
3340 1451 3450 1504 dis-

1872 1544 2148 1616 iunctione
2191 1545 2387 1601 iterum
2432 1545 2541 1600 toni
2580 1544 2839 1610 admissa,
2889 1544 3194 1614 superiores
3237 1550 3466 1611 septem:

1876 1649 2036 1690 voces
2062 1635 2250 1691 eodem
2279 1635 2437 1689 modo
2479 1651 2576 1706 per
2615 1635 2795 1690 omnia
2837 1635 3112 1714 decurras.
3141 1633 3198 1688 In
3237 1632 3465 1702 deposi--

1878 1725 2027 1780 tione
2065 1739 2216 1788 vero.
2253 1726 2300 1782 si
2331 1741 2362 1780 a
2396 1740 2606 1781 summo
2645 1725 2894 1781 videlicet
2939 1724 3193 1788 ordiaris,
3235 1737 3332 1793 per
3369 1731 3448 1776 to-

1878 1830 2007 1870 num
2033 1822 2218 1870 tonum
2242 1823 2298 1871 et
2322 1815 2690 1880 semitonium,
2720 1824 2921 1886 septem
2945 1815 3194 1870 similiter
3225 1811 3452 1868 vocibus

180 1906 376 1976 peries
401 1908 766 1974 intervallum,
790 1910 947 1980 quale
977 1909 1066 1966 hic
1093 1908 1234 1964 inter
1257 1905 1492 1979 syllabas
1524 1922 1580 1959 ec
1606 1912 1663 1960 et
1693 1920 1769 1958 ce.
1801 1909 1850 1970 Β
1877 1903 2116 1970 deﬂexis,
2145 1904 2492 1976 ejusdemque
2517 1915 2645 1963 tono
2667 1907 2912 1978 direptis,
2937 1907 3219 1964 inferiores
3243 1913 3448 1974 septem

115 2021 118 2023 λ
179 1996 288 2050 vel
312 2013 392 2052 ra.
436 2001 520 2052 Ire.
565 1998 648 2053 vel
678 1999 766 2053 do.
808 2015 860 2053 ο.
888 1998 972 2054 vel
1015 2015 1105 2054 ne.
1137 2014 1226 2052 on.
1268 1994 1612 2052 semitonium
1651 2008 1771 2049 esse

181 2102 307 2142 non
337 2087 565 2144 dubites.
595 2088 694 2145 Ubi
732 2104 861 2145 vero
887 2088 1066 2144 taliter
1093 2088 1459 2156 discrepantes
1501 2097 1684 2150 voces,
1714 2091 1773 2139 ut

185 2177 259 2231 li.
292 2187 364 2234 ta.
391 2179 476 2235 vel
515 2180 619 2236 lus.
649 2196 736 2236 no.
759 2181 845 2237 vel
869 2197 946 2238 ce.
977 2197 1053 2236 ve.
1095 2179 1180 2235 vel
1222 2177 1408 2234 ultima
1450 2193 1554 2232 non
1577 2184 1632 2231 et
1669 2185 1767 2240 est,

193 2275 368 2326 tonus
391 2269 504 2326 sine
531 2270 690 2328 dubio
713 2271 837 2328 erit.
867 2270 989 2328 Jam
1010 2287 1140 2330 vero
1161 2271 1304 2328 inter
1327 2287 1400 2326 re.
1419 2270 1483 2325 is.
1499 2276 1554 2326 et
1577 2269 1641 2324 Ite
1653 2276 1708 2324 et
1731 2266 1770 2323 li

595 2472 1571 2547 οξοοξοο

579 2567 718 2637 Tol
770 2567 1783 2641 SelTolTolSelTo|T0|To|

606 2663 1558 2737 οξοοξοο

263 2818 376 2875 Nec
399 2827 574 2875 tamen
600 2819 800 2891 aliquid
829 2818 988 2878 aﬂ'ert
1015 2821 1273 2891 scrupuli,
1299 2822 1342 2875 si
1374 2821 1509 2874 forte
1537 2819 1766 2890 hydrau-

186 2911 282 2970 lia.
313 2909 399 2965 vel
445 2910 588 2964 aliud
614 2911 888 2980 quodlibet
928 2910 1118 2966 musici
1163 2910 1375 2980 generis
1419 2908 1768 2964 considerans

88 3070 95 3078 ο
185 2999 634 3063 instrumentum,
662 3012 768 3053 non
799 2997 868 3052 ibi
897 3012 1058 3053 voces
1087 2995 1179 3051 tali
1223 2996 1462 3066 reperias
1493 2995 1768 3051 schemate

183 3091 470 3156 deductas,
513 3091 762 3161 quodque
808 3106 1090 3146 numerum
1122 3090 1444 3145 chordarum
1488 3089 1769 3144 videantur

181 3183 475 3239 excedere.
511 3182 636 3238 Haec
663 3182 804 3237 enim
841 3182 1147 3238 distributio
1186 3182 1480 3238 secundum
1540 3180 1641 3234 viri
1685 3179 1761 3234 di-

184 3273 477 3329 sertissimi
511 3273 682 3328 Boetii
718 3272 1144 3343 dispositionem,
1176 3271 1265 3342 qui
1294 3267 1764 3325 commensurabili

183 3364 478 3420 concordia
508 3378 854 3419 numerorum
880 3363 995 3418 hac
1021 3363 1202 3417 omnia
1230 3361 1470 3433 diligenti
1497 3360 1770 3416 examinat

183 3456 424 3520 ratione,
453 3464 537 3509 est
563 3454 830 3509 instituta.

256 3544 528 3603 Greterum
561 3541 672 3601 non
694 3544 813 3601 ideo
840 3544 1025 3599 eadem
1056 3542 1410 3599 instrumenta
1434 3539 1767 3596 intellectua-

181 3637 253 3693 lis
312 3637 540 3708 alicujus
584 3637 820 3707 putanda
853 3645 978 3692 sunt
1019 3636 1227 3701 aliena;
1272 3650 1394 3691 cum
1444 3643 1500 3689 et
1541 3649 1608 3688 ex
1653 3634 1769 3702 ipso

182 3727 545 3798 longaevitatis
566 3742 666 3782 usu
695 3725 794 3782 sub
825 3731 901 3782 tot
927 3727 1203 3796 hucusque
1231 3733 1506 3795 pertracta
1534 3723 1769 3794 pruden-

186 3818 364 3882 tibus,
407 3817 656 3873 maximis
701 3816 889 3886 utique
928 3825 1177 3872 eonstcnt
1219 3815 1490 3886 exquisita
1539 3814 1768 3885 ingeniis

181 3918 239 3963 et
263 3908 515 3978 probata.
557 3907 664 3963 Sed
704 3917 760 3962 et
803 3907 1076 3978 exemplar
1111 3905 1475 3978 dispositionis
1513 3905 1762 3976 praeﬁxae,

180 3999 266 4054 eis
318 4000 562 4054 advertat
603 3997 823 4054 omnino
873 3999 1068 4054 inesse.
1116 3997 1221 4053 Per
1265 3997 1481 4053 easdem
1535 4010 1766 4066 namque

180 4087 481 4158 qualitates
508 4089 753 4160 geminas
781 4088 884 4144 rite
911 4103 1008 4158 per
1033 4087 1214 4144 omnia
1247 4086 1576 4158 diriguntur,
1600 4084 1764 4140 nihil-

181 4195 296 4250 que
323 4180 443 4237 aliis
477 4182 680 4236 distare
707 4180 1017 4244 credantur,
1050 4178 1155 4235 nisi
1181 4177 1308 4248 quia
1351 4176 1502 4233 initia
1537 4191 1642 4234 non
1674 4175 1764 4232 tali

180 4271 378 4326 ordine
428 4271 726 4327 metiuntur
773 4288 787 4324 :
838 4269 1098 4340 incipiunt
1143 4269 1288 4323 enim
1333 4267 1484 4337 quasi
1530 4283 1561 4321 a
1604 4266 1764 4321 tertio

182 4358 558 4426 dispositionis
588 4358 750 4414 illius.
778 4358 948 4413 Porro
972 4356 1334 4412 numerositas
1367 4371 1654 4412 nervorum
1678 4355 1761 4411 vel

182 4447 510 4512 ﬁstularum,
553 4456 741 4518 utputa
781 4447 967 4519 viginti
1012 4447 1172 4502 unius
1214 4453 1307 4501 aut
1352 4444 1609 4516 plurium,
1655 4459 1761 4500 non

1877 1995 2141 2050 consimli
2178 1995 2491 2052 habitudine
2526 1997 2796 2068 dispones,
2831 1998 2924 2053 ubi
2953 1997 3219 2060 ultimam,
3247 2011 3365 2066 qum
3395 1995 3450 2049 in

1875 2085 2181 2140 scandendo
2200 2085 2432 2156 primum
2458 2095 2704 2144 tenuerat
2725 2088 2919 2154 locum,
2946 2087 3118 2158 SpallO
3138 2087 3448 2141 distinctam

1876 2175 1986 2229 toni
2019 2183 2170 2230 extra
2202 2190 2408 2245 appone
2459 2195 2472 2231 :
2513 2177 2690 2248 sitque
2724 2180 2900 2235 omnis
2929 2194 3118 2234 eorum
3153 2177 3323 2234 series
3365 2176 3452 2231 his

1874 2273 2192 2335 punctorum
2219 2265 2385 2337 signis
2409 2275 2590 2323 notata
2625 2285 2640 2324 :

1989 2467 2417 2542 Ιξο
2650 2467 2998 2544 ξὀο

2169 2565 3034 2637 |Se|To|To|Se|T0|To

2178 2659 3225 2735 §oo§ool

2267 2742 2646 2749 ψ

1871 2823 1954 2871 est
1983 2815 2383 2882 attendendum,
2414 2817 2554 2881 quod
2580 2817 2885 2888 superiores
2910 2826 3034 2874 octo
3059 2835 3218 2875 voces
3243 2823 3444 2879 credent

1871 2917 2018 2974 sunt,
2062 2924 2181 2978 quas
2208 2918 2264 2965 et
2310 2910 2589 2965 inferiores
2624 2930 2637 2965 ;
2683 2919 2908 2980 excepto
2952 2913 3092 2982 quod
3145 2913 3248 2969 illa:
3288 2917 3441 2983 quasi

1871 2997 2106 3067 pueriles
2140 2998 2248 3052 sint
2275 3013 2433 3054 voces
2453 3039 2467 3064 ,
2506 3000 2588 3054 hae
2633 3009 2821 3054 contra
2851 3001 2994 3071 ipsas
3023 3003 3174 3071 quasi
3206 3004 3386 3060 viriles
3423 3019 3439 3058 :

1872 3095 1926 3140 ct
1997 3085 2114 3142 ideo
2169 3095 2449 3158 postquam
2514 3089 2798 3158 septimum
2866 3091 3157 3159 protuleris
3213 3107 3440 3160 sonum,

1872 3177 2128 3233 continuo
2171 3177 2224 3232 in
2275 3188 2522 3234 octavam
2566 3189 2622 3234 et
2666 3195 2861 3236 nonam
2923 3184 3170 3252 prosilies
3226 3200 3436 3240 vocem.

1869 3265 2052 3334 Itaque
2101 3267 2272 3334 prima
2317 3283 2437 3322 cum
2489 3277 2703 3335 octava,
2734 3277 2788 3324 et
2832 3271 3066 3326 sccumla
3106 3287 3227 3326 cum
3277 3288 3458 3338 nona;

1869 3355 2025 3408 tertia
2052 3370 2172 3409 cum
2205 3355 2434 3421 decima,
2463 3364 2519 3412 et
2559 3358 2631 3411 ita
2661 3374 2756 3427 per
2779 3359 3023 3415 ordinem
3059 3360 3282 3432 singulae
3310 3361 3448 3417 infe-

1869 3445 2039 3500 riores
2067 3461 2187 3500 cum
2212 3447 2438 3517 singulis
2467 3450 2833 3518 superioribus
2857 3451 3042 3521 pulsa',
3071 3453 3209 3507 dulci
3233 3463 3286 3509 et
3313 3469 3444 3509 con-

1865 3538 2124 3594 cordabili
2172 3541 2437 3594 suavitate
2480 3542 2804 3596 omnimodis
2843 3545 3238 3610 consonabunt,
3282 3561 3348 3600 ac
3392 3546 3448 3600 si

1863 3642 2026 3693 unus,
2055 3627 2390 3698 simplexque
2419 3630 2488 3684 sit
2517 3645 2683 3684 sonus
2721 3648 2734 3684 :
2769 3640 2824 3686 et
2863 3631 2977 3686 hare
3004 3632 3124 3688 talis
3152 3637 3440 3690 concordia

1865 3717 2119 3787 diapason
2161 3719 2512 3774 consonantia
2561 3721 2881 3791 appelLatur.
2922 3722 3268 3794 Superiorem
3310 3741 3457 3781 vero.

1865 3809 2268 3879 dispositionem
2297 3810 2514 3868 Boetius
2551 3828 2648 3884 per
2672 3823 2907 3885 quatuor
2950 3819 3293 3874 tetrachorda
3327 3820 3440 3876 dis-

1864 3898 2102 3969 pcrtiens
2148 3899 2252 3956 hoc
2294 3901 2454 3957 modo
2493 3902 2705 3974 digerit,
2731 3913 2790 3960 ut
2817 3906 2922 3962 duo
2965 3908 3307 3965 tetrachorda
3337 3911 3442 3966 sibi

1865 3989 2093 4045 invicem
2122 4005 2220 4061 per
2248 4007 2412 4046 unum
2449 3993 2663 4064 copulet
2709 4011 2958 4063 nervum,
3005 4007 3060 4053 et
3095 3999 3164 4054 ab
3205 3999 3291 4056 his
3336 4000 3460 4055 alia.

1863 4084 1969 4141 duo
1999 4085 2144 4142 inter
2175 4100 2234 4142 se
2264 4088 2517 4144 similiter
2535 4087 2724 4157 juncta
2752 4089 3043 4162 disiungat.

1937 4175 2362 4232 Tetrachordum
2393 4193 2522 4236 vero
2558 4188 2642 4235 est
2665 4188 2897 4250 quatuor
2924 4181 3246 4237 chordarum
3278 4197 3442 4254 copu-

1862 4265 2020 4330 latio;
2047 4281 2182 4336 quas
2207 4267 2422 4336 quidem
2451 4268 2680 4324 chordas
2707 4284 2867 4325 voces
2897 4271 3126 4326 dicimus
3152 4289 3164 4323 :
3198 4272 3436 4343 itemque

1862 4375 2021 4416 voces
2063 4360 2292 4416 chordas
2333 4361 2639 4430 promiscue
2667 4377 3060 4431 nuncupamus.
3103 4361 3226 4418 Haec
3257 4373 3440 4430 autem

1861 4462 2116 4521 quatuor,
2153 4453 2267 4509 ﬁve
2312 4453 2551 4518 chordae,
2583 4454 2778 4524 quibus
2813 4468 2974 4509 omne
3017 4462 3233 4509 constat
3277 4465 3444 4510 tetra-

183 4537 392 4593 idcirco
437 4538 743 4608 apponitur,
785 4538 927 4608 quod
974 4536 1094 4594 soni
1135 4537 1274 4591 ultra
1317 4536 1622 4606 quindecim
1668 4546 1763 4592 aut
1788 4565 1838 4625 υ
1863 4541 2149 4608 chordum,
2179 4542 2451 4613 dispositae
2479 4542 2583 4600 hoc
2623 4553 2783 4600 erunt
2821 4545 2999 4610 modo,
3031 4553 3091 4600 ut
3125 4545 3442 4602 vicinosibi

181 4629 332 4683 forte
361 4629 629 4686 sexdecim
654 4628 1036 4695 extendantur,
1060 4629 1152 4684 sed
1183 4628 1281 4700 ipsi
1311 4629 1497 4694 iidem,
1520 4627 1610 4697 qui
1638 4635 1762 4682 sunt

184 4718 438 4782 inferius,
467 4728 811 4788 repetuntur;
841 4729 894 4774 et
922 4720 1023 4775 hoc
1049 4735 1146 4790 pro
1171 4719 1430 4776 varietate
1452 4719 1756 4783 modorum,

182 4809 281 4879 qui
309 4809 417 4863 toni
446 4825 589 4864 nunc
618 4810 976 4880 appellantur,
1003 4820 1062 4865 ut
1089 4817 1171 4866 est
1202 4819 1456 4865 autentus
1483 4819 1673 4879 protus
1704 4818 1762 4864 ct

182 4899 401 4966 caeteri;
429 4909 486 4953 ut
509 4901 631 4970 quia
659 4901 864 4957 scilicet
885 4917 990 4958 non
1013 4917 1201 4958 omnes
1224 4902 1290 4958 ab
1312 4901 1433 4957 imis
1452 4901 1762 4970 eisdemque

182 4988 320 5044 locis
345 4998 572 5058 possunt
613 4991 798 5053 ordiri,
831 5007 860 5045 a
885 5006 1226 5061 quocumque
1273 4991 1542 5062 inceptum
1576 4991 1757 5056 fuerit,

183 5078 534 5136 sufﬁcientem
567 5081 937 5153 progrediendi
971 5083 1205 5152 reperiat
1243 5081 1577 5138 facultatem.

255 5170 498 5241 Denique
523 5172 737 5228 illorum
763 5172 882 5227 talis
911 5181 994 5228 est
1019 5172 1181 5228 etiam
1221 5173 1520 5242 dispositio,
1564 5182 1623 5229 ut
1661 5188 1759 5243 per

185 5270 392 5324 tonum,
425 5269 606 5316 tonum
634 5271 688 5316 et
715 5261 1078 5326 semitonium,
1107 5276 1295 5316 rursus
1317 5271 1427 5316 tres
1449 5269 1604 5317 tonos
1626 5277 1756 5318 con-

187 5351 364 5406 tinuos
378 5359 432 5407 et
444 5352 784 5407 semitonium
800 5365 970 5422 usque
983 5352 1049 5407 ad
1063 5360 1189 5408 octo
1200 5365 1359 5408 voces
1375 5352 1682 5414 scandatur,
1700 5362 1752 5410 et

184 5440 251 5496 ab
268 5441 379 5509 ipsa
403 5457 589 5496 rursus
607 5449 797 5497 octava
815 5441 1120 5512 incipiendo
1131 5441 1382 5512 superior
1412 5457 1508 5512 per
1537 5443 1751 5498 eosdem

184 5531 433 5587 similiter
480 5533 732 5590 metiatur
775 5534 972 5605 gradus
1019 5535 1084 5588 ad
1123 5534 1263 5589 hunc
1311 5535 1552 5599 modum,
1604 5535 1756 5605 cujus

184 5621 487 5691 exemplum
504 5624 769 5691 praebetur
783 5639 846 5679 ex
863 5622 1577 5694 oll'ertorioAnge—IusDomi
1584 5625 1635 5678 ni
1647 5626 1758 5678 des-

190 5710 694 5768 cen—-dit.Locus
711 5712 810 5768 iste
823 5728 918 5783 pro
936 5714 1060 5770 totis
1074 5715 1290 5770 vocibus
1307 5729 1465 5793 super
1477 5729 1534 5770 se
1547 5715 1755 5785 positis.

180 5839 186 5860 .
258 5799 371 5859 Hoc
394 5811 573 5861 autem
603 5812 708 5860 tam
737 5803 791 5861 in
813 5805 914 5863 hac
935 5821 1097 5877 quam
1122 5807 1386 5879 superiori
1409 5805 1756 5876 dispositione

1075 6021 1103 6046 ἔτ

1862 4632 2082 4687 omnino
2110 4632 2347 4687 haereant
2377 4634 2574 4704 spatio,
2599 4642 2659 4688 ut
2688 4633 2864 4689 nullus
2902 4635 3153 4690 videlicet
3181 4636 3318 4690 alius
3355 4652 3444 4691 so-

1863 4735 1963 4775 nus
1995 4721 2134 4776 inter
2179 4735 2270 4776 eas
2321 4721 2557 4791 legitime
2601 4721 2772 4793 possit
2815 4722 3107 4788 interseri;
3147 4725 3241 4779 sed
3285 4739 3441 4788 sono,

1863 4817 2014 4878 tono,
2054 4811 2139 4866 vel
2182 4811 2472 4868 semitonio
2499 4812 2878 4884 distabunt,cet
2920 4814 3006 4868 his
3053 4828 3266 4884 quoque
3310 4815 3442 4868 locis

1861 4903 2291 4974 competentibus
2317 4904 2525 4974 positis.
2555 4903 2679 4960 llaec
2703 4904 2982 4976 aequalitas
3004 4904 3117 4960 soni
3147 4906 3440 4975 quidquam

1863 4992 1964 5047 sibi
1995 4992 2049 5046 in
2093 4992 2172 5047 eis
2216 4992 2486 5058 defendet,
2522 4993 2615 5048 sed
2659 4993 2777 5065 lege
2829 4993 3117 5048 scandendi
3164 5008 3352 5047 omnes
3380 5008 3440 5047 se

1783 5085 1797 5098 '
1861 5082 2192 5151 superabunt
2213 5083 2483 5148 acumine,
2513 5090 2608 5136 aut
2634 5094 2781 5138 certe
2813 5082 3114 5151 depriment
3153 5080 3436 5150 gravitate.

1859 5172 1942 5228 Ad
1972 5171 2135 5227 unius
2169 5181 2349 5227 autem
2378 5173 2658 5242 exemplar
2699 5180 3019 5228 cancrorum
3064 5177 3237 5223 status
3276 5179 3439 5223 tetra-

1860 5263 2184 5318 chordorum
2208 5265 2466 5333 procedit.
2494 5265 2730 5331 Quorum
2757 5271 2934 5317 tamen
2968 5260 3440 5316 tetrachordorum

1859 5352 2178 5423 positionem
2205 5353 2422 5410 Boetius
2449 5371 2481 5408 a
2517 5354 2742 5409 summis
2772 5353 2995 5408 vocibus
3027 5353 3264 5418 ordiens,
3309 5353 3439 5407 sibi-

1862 5457 1967 5513 que
1993 5457 2057 5500 ea
2101 5452 2288 5500 mutuo
2335 5457 2657 5514 supponcns,
2705 5456 2866 5496 unam
2914 5442 3058 5498 velut
3102 5442 3439 5498 extrinsecus

1861 5531 2118 5586 chordam
2165 5531 2282 5586 loco
2308 5531 2716 5601 ‘quintodecimo
2757 5531 2906 5585 addit
2933 5531 2985 5586 in
3015 5531 3236 5598 inﬁmis,
3268 5547 3444 5601 eaque

1860 5638 1957 5693 per
1995 5631 2200 5687 tonum,
2233 5632 2435 5690 tonum,
2471 5624 2926 5694 scmitoniumque
2962 5625 3308 5691 distribuens,
3335 5626 3438 5680 hoc

1864 5714 2024 5768 modo
2062 5714 2312 5780 diducta),
2349 5722 2406 5768 ut
2443 5715 2548 5770 duo
2570 5715 2851 5786 superiora
2897 5733 2993 5788 per
3037 5733 3200 5773 unam
3248 5732 3448 5772 vocem.

1863 5803 1964 5860 sibi
1993 5819 2252 5875 connexa,
2283 5806 2350 5864 ab
2381 5805 2502 5864 aliis
2540 5807 2747 5865 duobus
2767 5809 3179 5881 ~'superioribus,
3207 5825 3328 5882 quae
3364 5812 3435 5867 si-
