3878 5512
71 325 172 385 9ὶ7

1163 325 1250 383 DE
1288 325 1692 384 [IARMONICA
1731 324 2231 382 INSTITUTIONE.

3251 315 3363 376 9ίῦ

77 439 326 494 lenarum
354 449 496 491 nunc
515 435 619 491 hoc
643 451 786 491 nunc
811 435 900 492 illo
929 435 1069 492 melo
1092 438 1330 508 reperies
1364 438 1659 494 decurren-
1692 443 1742 504 Α
1841 437 1971 492 Item
2001 436 2098 504 (in)
2125 434 2417 505 antiphona
2447 448 2462 488 :
2495 432 2632 489 Ecce
2669 450 2784 505 1am
2811 434 2967 489 venit.
3004 434 3348 505 diezeugme-

78 530 176 582 tia.
221 526 494 582 lnterdum
550 526 768 596 quidem
813 527 1054 597 quolibet
1105 543 1212 583 uno
1249 543 1439 584 eorum
1484 544 1582 599 per
1605 543 1666 584 se

77 621 250 675 melos
292 618 616 689 complente,
666 618 955 690 aliquando
1005 621 1074 676 ab
1103 636 1211 676 uno
1250 621 1305 676 in
1332 621 1561 676 alterum
1585 621 1666 675 vi—

73 711 264 766 cissim
321 708 562 776 reﬂexo;
615 717 674 764 ut
728 725 851 765 cum
882 711 968 766 hic
997 711 1137 766 forte
1161 710 1326 766 fuerit
1357 725 1662 784 synemme-

73 820 214 869 non,
239 802 512 858 relabatur
542 819 557 868 ;
591 803 743 873 cujus
769 803 1074 874 exemplum
1096 803 1356 874 przebebit
1377 817 1665 874 responso-

71 893 222 946 riutn
249 889 508 945 Nativitas
525 890 766 962 glorioso:
791 891 1020 962 Virginis
1044 891 1267 946 Mariw:
1295 893 1347 947 in
1382 906 1665 962 quousque

67 983 144 1036 ad
203 982 279 1046 id,
339 981 484 1051 quod
514 982 730 1036 canitur
761 999 774 1036 :
814 999 878 1037 ea:
907 983 1088 1052 stirpe,
1120 998 1218 1053 per
1243 982 1667 1056 diezeugmenon

65 1071 303 1125 omnino
348 1071 610 1140 procedit.
643 1071 714 1125 At
759 1072 815 1126 in
849 1072 1011 1128 tertio
1052 1082 1251 1142 puncto
1273 1072 1514 1143 syllabae,
1547 1086 1669 1141 quae

67 1171 168 1216 est
193 1179 274 1232 pe.
305 1163 397 1231 qni
423 1162 504 1217 sic
533 1171 826 1218 annotatur
850 1163 1002 1235 (619)
1035 1163 1087 1218 in
1119 1178 1508 1234 synemmenon
1531 1161 1669 1216 infe-

67 1255 197 1310 rius
221 1254 520 1310 deducatur
547 1271 563 1322 ;
597 1264 817 1324 totaque
848 1271 1067 1322 neuma,
1115 1271 1235 1325 qua:
1259 1264 1343 1310 est
1376 1256 1427 1309 in
1451 1255 1671 1309 nomine

62 1347 276 1410 David,
304 1362 403 1418 per
431 1362 822 1419 synemmenon
871 1348 1106 1403 canitur.
1142 1347 1275 1403 Item
1315 1349 1367 1402 in
1397 1347 1623 1402 lntroitu
1652 1360 1667 1400 :

65 1434 285 1490 Stamit
329 1436 376 1489 ei
408 1435 686 1502 Dominus,
745 1437 1040 1492 secundum
1074 1446 1331 1506 punctum
1375 1437 1428 1491 in
1467 1435 1674 1508 syllaba

58 1538 188 1597 sta,
237 1529 380 1598 quod
413 1543 444 1583 a
472 1529 648 1598 primo
675 1539 874 1600 puncto
915 1532 1104 1602 quinto
1140 1531 1305 1586 distat
1345 1531 1483 1596 loco,
1514 1531 1674 1586 tertio

61 1630 286 1693 pllﬂClO
305 1637 522 1678 sursum
553 1638 651 1692 per
694 1637 1087 1694 synemmenon
1115 1623 1400 1694 copulatur
1433 1641 1446 1676 2
1480 1633 1673 1693 estque

63 1715 430 1771 semitonium
459 1715 600 1790 inter
625 1715 740 1785 ipsa
785 1716 893 1771 duo
922 1724 1124 1786 puncta
1157 1716 1455 1772 secundum
1486 1723 1540 1770 et
1568 1724 1675 1770 ter-

1769 545 1897 584 non.
1949 529 2218 599 plenitudo
2259 543 2670 600 synemmenon.
2721 527 2776 596 ιῆ.
2810 527 3354 597 Paganorummulti-

1767 621 1914 676 tudo.
1949 621 2039 676 ubi
2071 630 2281 675 tantum
2319 621 2372 675 in
2403 620 2669 690 principio
2711 635 2882 690 usque
2903 619 2969 674 ad
2999 619 3261 690 syllabam
3293 627 3354 670 tu

1769 712 2191 783 diezeugmenon
2261 711 2504 782 ingresso
2565 711 2771 780 reliqua
2825 725 2998 781 usque
3056 709 3125 764 ad
3187 708 3356 763 ﬁnem

1771 818 2160 874 synemmenon
2188 802 2477 860 reﬂexibus
2501 803 2839 857 moderatur.

1842 894 1967 951 llaec
1994 896 2156 968 igitur
2204 904 2328 951 sunt
2378 884 2616 964 quinque
2648 892 2995 949 tetrachorda
3021 891 3216 963 quibus
3244 890 3356 946 sin-

1772 986 1910 1059 gulis
1931 987 2147 1058 propria
2170 985 2471 1056 artigraphi
2491 985 2710 1039 nomina
2735 992 3092 1054 apponentes,
3117 983 3360 1052 primum

1771 1094 1838 1134 ex
1864 1078 1967 1143 his,
1997 1077 2138 1148 quod
2191 1086 2247 1132 et
2293 1075 2675 1148 gravissimum
2703 1075 2786 1130 vel
2821 1074 3088 1140 inﬁmum,
3117 1075 3362 1144 hypaton.

1774 1170 1923 1242 (620)
1950 1171 2244 1226 secundum
2269 1183 2453 1224 meson
2478 1184 2493 1233 ;
2518 1167 2733 1222 tertium
2757 1179 3170 1237 synemmenon,
3193 1177 3360 1232 quar-

1775 1273 1899 1318 tum.
1935 1264 2380 1331 diezeugmenon,
2431 1260 2681 1330 quintum
2711 1255 3092 1329 hyperbolmon
3137 1269 3363 1308 nuncu-

1772 1361 2056 1422 paverunt.
2105 1352 2344 1419 Quorum
2374 1351 2606 1420 primum
2657 1363 2687 1402 a
2727 1343 3012 1418 principali
3044 1343 3248 1399 chorda
3280 1343 3373 1412 ip!

1775 1447 1889 1502 sius
1935 1445 2290 1508 tetrachordi,
2338 1458 2458 1514 qua:
2510 1442 2710 1514 hypate
2744 1439 2966 1503 dicitur,
2989 1435 3289 1492 secundum
3325 1449 3360 1488 a

1776 1537 1950 1592 media
1983 1536 2150 1591 totius
2175 1535 2335 1590 seriei
2366 1550 2533 1598 mese,
2585 1533 2801 1588 tertium
2839 1537 3094 1601 quartum
3121 1538 3176 1582 et
3200 1526 3361 1596 quin-

1777 1635 1889 1680 tum
1943 1639 2010 1679 ex
2064 1625 2296 1680 rationis
2355 1623 2751 1695 signiﬁcatione
2803 1619 3064 1676 vocabula
3115 1619 3362 1673 trahunt.

1776 1717 1912 1771 Nam
1965 1729 2360 1786 synemmenon
2420 1714 2879 1784 conjunctarum;
2936 1711 3372 1780 diezeugmenon

69 1807 242 1860 lium.
270 1805 382 1859 lam
408 1819 539 1860 vero
567 1805 771 1877 syllaba
805 1805 886 1861 Do
915 1807 969 1860 in
997 1807 1420 1877 diezeugmenon
1454 1823 1514 1862 se
1541 1805 1672 1861 sub-
1703 1811 1752 1872 B
1783 1809 2100 1872 divisarum,
2137 1804 2514 1878 hyperbolaeon
2540 1802 2922 1858 excellentium
2951 1801 3364 1870 interpretatur.

70 1897 319 1967 rigente,
366 1910 554 1951 rursus
609 1895 812 1967 syllaba
874 1897 945 1951 mi
996 1896 1051 1951 in
1093 1911 1485 1968 synemmenon
1530 1895 1672 1952 infra

73 1985 373 2042 relabitur.
422 1987 554 2042 ltem
609 1987 815 2058 syllaba
846 1997 943 2042 tes.
985 1995 1040 2044 et
1071 1987 1121 2057 fe
1145 2003 1534 2059 synemmenon
1565 1987 1626 2042 ﬁt
1655 2006 1670 2043 :

74 2085 143 2133 et
187 2077 245 2147 fa
291 2076 716 2148 diezeugmenon
746 2094 760 2144 ;
820 2094 1012 2134 rursus
1041 2080 1112 2133 mi
1143 2094 1532 2149 synemmenon
1569 2081 1674 2136 sibi

74 2169 328 2224 vindicat
353 2167 687 2223 alternatim.

156 2261 326 2332 Cujus
359 2259 694 2316 tetrachordi
715 2260 962 2331 exempla
987 2275 1110 2316 cum
1134 2275 1233 2332 per
1265 2277 1456 2320 omnes
1484 2264 1675 2321 modos

79 2355 173 2411 vel
196 2364 354 2410 tonos
385 2368 446 2409 se
494 2352 834 2423 frequentius
885 2352 1137 2421 otl‘erant,
1187 2363 1367 2411 tamen
1402 2357 1676 2426 praecipue

84 2447 144 2501 in
201 2453 425 2500 autento
481 2444 596 2498 triti
649 2443 734 2499 vel
774 2444 948 2516 plagis
969 2443 1086 2513 ejus
1116 2445 1188 2500 ita
1218 2446 1418 2515 ubique
1443 2448 1677 2517 perspici

85 2545 341 2608 possunt,
371 2543 431 2590 ut
454 2535 543 2589 vix
574 2533 791 2604 aliquod
818 2534 1015 2590 melum
1065 2536 1120 2590 in
1148 2535 1228 2591 eis
1249 2535 1454 2606 absque
1485 2538 1677 2592 horum

92 2625 466 2697 permixtione
514 2623 1008 2691 tetrachordorum,
1055 2639 1445 2695 synemmenon
1475 2626 1684 2682 scilicet

92 2716 196 2788 (et)
230 2715 659 2786 diezeugmenon
714 2716 1036 2786 reperiatur.
1068 2715 1220 2783 Quod
1249 2717 1303 2772 in
1337 2717 1451 2787 ipsa
1475 2718 1682 2773 autenti

93 2809 210 2863 triti
238 2808 470 2864 melodia
497 2810 731 2881 diligens
767 2811 998 2880 quisque
1027 2810 1311 2866 advertere
1337 2810 1532 2880 quibit,
1564 2825 1686 2878 quae

90 2898 177 2952 sic
231 2906 524 2956 annotatur
573 2917 586 2954 :
623 2898 716 2956 NO
745 2899 931 2960 EANE
979 2914 1392 2972 synemmenon.
1424 2901 1688 2972 Diezeug-

90 3001 317 3046 1118ηοοο

1850 1899 1922 1956 Ut
1961 1909 2139 1954 autem
2190 1896 2432 1968 plenaria
2462 1908 2650 1950 eorum
2683 1893 2855 1949 series
2885 1891 2954 1946 ad
3000 1889 3370 1961 cognitionem

1780 1991 1993 2048 facilius
2022 1990 2226 2054 veniat,
2261 1987 2372 2058 jam
2404 2002 2548 2041 nunc
2590 1995 2911 2041 cunctarum
2938 1983 3156 2038 nomina
3184 1997 3251 2037 ex
3280 1995 3366 2036 or-

1780 2083 1904 2138 dine
1926 2080 2252 2136 chordarum
2281 2087 2409 2134 sunt
2437 2076 2784 2147 apponenda;
2811 2089 3040 2145 quarum
3057 2071 3246 2144 procul
3271 2071 3369 2127 du-

1781 2173 1872 2228 bio
1925 2186 2108 2236 sonos,
2143 2179 2345 2239 puncta
2390 2169 2444 2222 in
2472 2165 2974 2236 superioribusjam
3001 2163 3255 2220 distincte
3279 2160 3364 2215 lo-

1783 2273 1904 2319 cata
1958 2262 2260 2325 ordinibus,
2320 2260 2388 2314 ad
2438 2273 2632 2328 purum
2684 2257 2861 2313 redire
2917 2254 3365 2324 comprobantur.

1785 2354 2001 2409 Primus
2051 2362 2231 2408 tamen
2271 2352 2422 2414 ordo,
2473 2348 2566 2418 qui
2616 2348 2825 2404 scilicet
2858 2361 2958 2417 per
2997 2343 3369 2406 semitonium,

1790 2456 1975 2502 tonum
2014 2453 2069 2499 et
2093 2452 2277 2499 tonum
2304 2439 2667 2513 progreditur,
2701 2438 2827 2493 huic
2865 2434 3206 2508 dispositioni
3246 2448 3373 2504 pro-

1787 2541 1906 2612 prie
1948 2537 2242 2610 aptabitur.
2299 2535 2390 2591 Sic
2436 2534 2582 2590 enim
2609 2548 2640 2587 a
2676 2532 2806 2587 Viro
2841 2530 3152 2587 clarissimo
3181 2526 3372 2582 Boetio

1791 2641 1906 2686 rata
1959 2645 2148 2685 eorum
2200 2626 2510 2684 contexitur
2547 2623 2863 2680 modulatio.
2901 2621 3042 2677 Sunt
3071 2620 3236 2690 igitur
3255 2617 3380 2671 hree.

1790 2723 2007 2778 nomina
2030 2719 2333 2790 quindecim
2357 2732 2636 2781 sonorum,
2656 2715 2861 2785 absque
2881 2716 3376 2780 duntaxatsynem-

1792 2829 1989 2868 menon
2027 2809 2413 2876 tetrachordo;
2449 2809 2541 2865 illo
2580 2807 2723 2864 enim
2754 2810 3116 2862 annumerato
3141 2798 3364 2857 octode-

1789 2907 1897 2963 cim
1924 2905 2223 2961 redduntur
2251 2902 2422 2975 (621).

833 3172 879 3224 Α
954 3169 993 3224 F
1067 3169 1668 3231 Proslambanomenos,
1702 3165 1782 3222 vel
1809 3163 2205 3222 Prostnelodos.

1285 3262 1487 3317 Tonus.

829 3347 870 3428 ἡ
955 3366 988 3408 Γ
1062 3352 1270 3424 Hypate
1303 3352 1558 3423 hypaton.

1284 3440 1664 3496 Semitonium.

833 3534 875 3590 C
943 3535 988 3589 -Β
1061 3535 1327 3605 Parypate
1348 3534 1608 3602 hypaton.

1292 3625 1496 3680 Tontts.

205 3533 381 3591 Unum
405 3534 732 3592 Tetrachor-

404 3621 554 3676 dum.

863 3724 881 3772 )
953 3720 992 3774 Ρ
1067 3719 1338 3773 Liehanos
1359 3717 1617 3788 hypaton.
1652 3713 1749 3769 Hic
1770 3724 2022 3768 antentus
2047 3721 2236 3782 protus
2251 3727 2373 3767 cum
2402 3726 2499 3767 suo
2527 3709 2790 3782 subjugali
2831 3709 3036 3766 finitur.

1289 3810 1493 3864 Tenus.

845 3974 887 4028 E
963 3986 1001 4031 ιι
1083 3975 1290 4046 llypate
1321 3987 1528 4028 meson.
1562 3969 1661 4026 llic
1685 3976 1936 4023 autentus
1962 3967 2217 4022 deuterus
2247 3981 2370 4022 cum
2403 3981 2524 4019 suo.

1285 4060 1664 4118 Semitonium.

137 4139 447 4203 Secundum
479 4149 806 4210 Tetrachor-
844 4152 880 4208 τε
955 4154 997 4210 C
1081 4153 1352 4224 Parypale
1391 4166 1600 4207 meson.
1642 4147 1740 4203 llic
1766 4155 2022 4202 autentus
2051 4145 2212 4202 tritus
2237 4160 2360 4201 cum
2388 4160 2507 4200 suo.

405 4241 556 4298 dum.
1297 4245 1500 4300 'l‘onus.

850 4333 894 4389 G
970 4333 1016 4388 Μ
1091 4333 1362 4391 Lichanos
1399 4347 1606 4389 meson.
1637 4329 1734 4386 llic
1766 4336 2020 4386 autentus
2049 4327 2317 4384 tetrardus
2345 4341 2469 4381 cum
2494 4340 2610 4380 suo.

1297 4427 1502 4483 Tenus.

848 4541 877 4579 a
976 4523 990 4577 l
1091 4523 1254 4578 Mese.

1301 4677 1505 4734 Tenus.

845 4763 881 4847 Η
955 4790 1000 4828 ει
1081 4770 1392 4835 Paramese,

165 4862 426 4932 Quartum
453 4859 779 4917 Tetrachor-
1295 4861 1677 4918 Setnitonium.

411 4954 559 5010 dum.
849 4971 879 5010 c
964 4965 1004 5011 Θ
1092 4954 1240 5010 Trite
1267 4954 1726 5024 Diezeugmenon.

1296 5046 1502 5101 Tenus.

851 5138 886 5194 (ι
962 5137 1003 5192 U
1091 5137 1354 5194 Paranete
1379 5134 1842 5207 Diezeugmenon.

1300 5227 1515 5286 Tonus.

171 5480 330 5512 mam
369 5475 473 5512 ῐῘῖη
504 5485 642 5512 nnlm
678 5475 729 5512 in
771 5475 861 5512 HQ

3229 5423 3278 5433 ...ο

1891 5469 2040 5512 mam
2074 5468 2348 5512 Sanun...-
2373 5463 2465 5512 hic.
2494 5461 2548 5512 in
2587 5462 2778 5512 codice.
2818 5458 3013 5512 labello
3034 5461 3286 5512 omnium
3307 5462 3432 5510 octo
