3916 6434
489 365 600 421 919

1217 494 1249 534 e
1340 479 1383 533 N
1455 479 1588 536 Nete
1615 480 2073 551 Diezeugmenon.

544 568 806 638 Quintum
839 568 1161 624 Tetrachor—
1431 609 1434 614 .
1676 569 2054 625 Semitonium.

787 663 936 717 dum.
1351 673 1383 728 y
1471 657 1618 712 Trite
1643 656 2058 729 ilyperhoheon.

1672 748 1714 802 Τ
1718 763 1876 803 onus.

1345 850 1383 895 ι]
1455 838 1526 894 Pa
1534 847 1718 896 ranete
1747 837 2131 910 Hyperbolzeon

1663 925 1865 982 Tonus.

1360 1031 1392 1088 y
1466 1015 1600 1071 Nete
1629 1015 2038 1090 Hyperbolmon.

1377 1109 1395 1162 ι
1466 1108 1630 1164 Mese.

1467 1201 1617 1256 Trite
1648 1199 2072 1272 Synemmenon.

1665 1292 1867 1348 Touus.

554 932 796 990 Tertium
825 933 1147 988 Tetrachor-

771 1025 919 1079 dum.

623 1364 1056 1440 Syneugmenon.

1658 1471 1862 1528 Tonus.

1446 1560 1579 1617 Nete
1605 1559 2028 1634 Synemmenon.

1027 367 1368 424 llUCBALDl
1407 364 1572 424 ΜΘΝ.
1613 369 1671 438 S.
1710 367 1972 423 AMANDI
2011 367 2159 425 OPP.
2203 369 2382 428 PARS
2418 371 2480 428 ιι.
2517 403 2586 414 -
2613 368 3122 438 MISCELLANEA.

3609 447 3628 458 δ
3647 363 3761 424 920

1338 1381 1382 1438 U
1455 1379 1718 1435 Paranele
1741 1378 2165 1452 Synemmenon.

559 1686 945 1761 Unusquisque
973 1701 1132 1751 ιοηυ,
1155 1703 1407 1753 amemus
1436 1711 1468 1751 a
1493 1711 1594 1752 suo
1618 1695 1763 1752 ﬁnali
1796 1711 1972 1768 usque
2002 1696 2057 1751 ίη
2086 1677 2139 1739 Α
2164 1678 2401 1736 tervallis
2429 1688 2679 1739 tonorum
2707 1682 2789 1741 vel
2817 1683 3228 1742 semitouiorum
3254 1682 3541 1750 discreta;
3565 1694 3750 1757 estque

485 1792 689 1833 nonum
736 1794 928 1837 sonum
982 1785 1241 1840 ascendit.
1304 1786 1593 1844 Descendit
1647 1796 1829 1844 autem
1869 1788 1922 1842 in
1961 1787 2064 1843 sibi

489 1870 753 1937 vicinum,
797 1883 851 1929 et
903 1876 1192 1946 aliquando
1230 1881 1297 1935 ad
1343 1880 1710 1947 semitonium,
1753 1879 1839 1935 vel
1866 1880 1932 1934 ad
1958 1889 2065 1934 ter-

492 1961 650 2016 tium.
692 1963 872 2035 Plagis
928 1968 991 2038 (ι.
1033 1968 1272 2043 Plagius)
1303 1981 1483 2028 autem
1518 1987 1690 2043 usque
1721 1973 1777 2028 in
1811 1982 2062 2044 quartum

490 2053 829 2112 descendens
866 2060 933 2113 ad
960 2061 1206 2130 quintum
1230 2065 1492 2120 ascendit.

549 2144 702 2211 Quod
725 2147 770 2202 si
787 2147 1058 2204 inseratur
1072 2166 1451 2223 synemmenon
1471 2155 1891 2221 tetrachordum,
1912 2155 2064 2226 cujus

480 2234 632 2293 locus
662 2246 746 2292 est
775 2238 918 2294 inter
945 2256 1125 2297 mesen
1174 2251 1228 2298 et
1261 2258 1576 2313 paramesen
1603 2261 1618 2311 ;
1647 2252 1775 2302 tunc
1800 2255 1924 2315 post
1944 2259 2061 2300 me-

479 2343 576 2384 sen
629 2329 953 2387 locabuntur
1000 2335 1083 2389 hae
1138 2343 1251 2391 tres
1296 2336 1400 2393 hoc
1430 2338 1638 2394 ordine.
1695 2337 1861 2393 Mese.
1914 2337 2063 2392 Trite

484 2437 896 2493 synemmenon.
934 2426 1203 2485 Paranetc
1229 2445 1637 2503 synemmenon.
1673 2430 1809 2488 Nete
1838 2447 2057 2502 synem-

483 2527 706 2569 menon.
751 2515 807 2570 ln
848 2516 1046 2586 quibus
1069 2535 1174 2574 una
1204 2528 1432 2585 tantum,
1459 2521 1561 2576 hoc
1589 2530 1673 2576 est
1701 2522 1826 2576 trite
1849 2536 2063 2592 synem-

479 2619 702 2674 menon,
762 2607 1034 2664 diversum
1084 2625 1116 2665 a
1169 2611 1539 2682 superioribus
1582 2613 1789 2668 obtinet
1845 2628 2058 2669 sonum.

479 2691 617 2749 Nam
647 2705 904 2764 paranete
950 2714 1340 2770 synemmenon
1382 2703 1594 2768 eadem,
1645 2718 1752 2774 qua
1783 2704 1909 2759 trite
1943 2705 2060 2759 die-

481 2801 839 2859 zeugmenon,
862 2792 1137 2848 resonabit
1158 2808 1290 2850 voce
1313 2810 1328 2860 ;
1351 2795 1662 2852 nominibus
1686 2796 1829 2852 enim
1856 2795 2061 2851 tantum

482 2879 795 2951 discrepant
842 2884 987 2938 :sed
1041 2893 1263 2956 propter
1317 2887 1420 2944 hoc
1474 2887 1875 2956 adscribuntur,
1933 2890 2060 2960 quia

480 2971 738 3038 quotiens
785 2973 983 3028 melum
1035 2977 1312 3046 quodlibet
1370 2979 1443 3034 ita
1495 2981 1858 3050 componitur,
1901 2983 1974 3039 ita
2003 2991 2062 3038 ut

482 3070 602 3130 post
622 3077 805 3118 mesen
827 3066 1196 3135 semitonium,
1229 3070 1393 3126 totius
1413 3082 1468 3126 et
1498 3073 1662 3128 totius
1687 3073 1818 3127 fiant
1845 3089 2058 3129 sursum

481 3165 693 3218 versus,
730 3155 1030 3224 eodemque
1054 3165 1238 3214 tenore
1287 3176 1386 3230 per
1421 3169 1626 3226 tonum,
1672 3170 1856 3217 tonum
1889 3174 1944 3218 et
1977 3179 2063 3220 se-

482 3241 768 3297 mitonium
795 3260 965 3314 usque
990 3249 1058 3302 ad
1083 3248 1253 3318 ipsam
1305 3266 1487 3307 mesen
1514 3253 1766 3308 redeatur
1790 3271 1804 3320 ;
1840 3270 2062 3312 necesse

484 3341 587 3394 est,
643 3341 705 3387 ut
758 3349 857 3389 suo
907 3339 1126 3394 nomine
1153 3341 1495 3398 tetrachordo
1518 3354 1823 3415 nuncupato
1853 3346 2064 3401 dicatur

485 3423 797 3491 decurrere,
854 3430 995 3497 quod
1035 3439 1258 3486 vocatur
1286 3448 1690 3504 synemmenon,
1720 3435 1772 3490 id
1793 3443 1895 3503 est,
1925 3451 2059 3491 con-

481 3512 749 3582 junctum,
797 3519 925 3589 quia
973 3537 1096 3576 cmn
1125 3540 1271 3581 mese
1309 3541 1405 3595 per
1427 3528 2057 3600 semitoniumjungitur.

483 3607 746 3674 Quotiens
790 3625 918 3668 vero
971 3623 1093 3684 post
1115 3631 1296 3672 mesen
1331 3619 1438 3673 toni
1481 3619 1761 3675 intervallo
1787 3621 2002 3676 diducto
2030 3638 2060 3676 a

485 3716 772 3768 paramese
822 3707 1226 3761 tetrachordum
1250 3723 1420 3778 usque
1449 3710 1501 3764 in
1538 3721 1696 3766 ncten
1723 3711 2061 3781 diezeugme-

486 3806 592 3844 non
647 3795 982 3860 provehitur,
1027 3796 1135 3851 alio
1188 3797 1364 3866 ipsum
1403 3801 1805 3856 tetrachordum
1850 3810 2064 3871 oportet

486 3880 708 3935 nomine
756 3883 1032 3952 appellari,
1093 3883 1146 3940 id
1188 3895 1294 3951 est,
1339 3875 1783 3957 diezeugmenon,
1815 3890 2062 3958 quodest

489 3968 858 4037 disjunctum;
905 3973 1033 4042 quia
1070 3973 1210 4030 inter
1247 3989 1430 4032 mesen
1457 3985 1513 4032 et
1547 3992 1867 4047 paramesen
1900 3986 2061 4034 tonus

489 4058 800 4114 distantiam
829 4060 980 4116 facit.

559 4149 605 4204 A
634 4151 882 4222 supernis
930 4152 1093 4223 igitur
1134 4155 1325 4212 ordine
1361 4164 1574 4226 sumpto
1601 4164 1683 4213 est
1702 4173 1866 4212 unum
1890 4165 2059 4213 tetra-

486 4240 751 4296 chordum
799 4259 829 4298 a
891 4252 1015 4299 nete
1059 4245 1436 4316 hyperbolaeon
1464 4261 1634 4318 usque
1677 4248 1730 4302 in
1761 4257 1918 4304 neten
1947 4248 2060 4304 die-

477 4346 823 4404 zeugmenon
857 4352 870 4387 :
899 4334 1043 4389 aliud
1079 4351 1205 4390 vero
1230 4337 1297 4392 ah
1338 4337 1451 4407 ipsa
1480 4346 1603 4392 ncte
1633 4337 2053 4408 diezeugmenon

490 4438 662 4491 usque
691 4425 742 4479 in
763 4440 1100 4493 paramesen,
1135 4436 1365 4498 suntque
1388 4429 1502 4482 hate
1525 4429 1628 4483 duo
1651 4427 1934 4497 conjuncta
1972 4429 2054 4482 in-

495 4520 578 4567 ter
607 4529 684 4569 se.
728 4515 862 4569 Nam
895 4525 1017 4572 nete
1069 4519 1486 4590 diezeugmenon
1529 4521 1823 4591 superioris
1852 4521 2059 4587 ultima,

429 4606 433 4609 ’
489 4625 610 4678 quae
654 4617 709 4664 et
757 4611 1091 4679 gravissima,
1144 4612 1412 4668 inferioris
1464 4625 1642 4667 autem
1691 4615 1864 4682 prima
1901 4623 2062 4684 atque

2164 1786 2351 1836 unum,
2383 1773 2527 1843 quod
2555 1782 2610 1830 et
2635 1775 2874 1842 tertium,
2897 1792 2928 1831 a
2951 1790 3096 1831 mese
3124 1789 3294 1846 usque
3319 1774 3373 1830 in
3401 1774 3613 1846 hypate
3644 1793 3744 1832 me-

2163 1877 2282 1918 son.
2308 1862 2467 1920 Aliud
2489 1873 2766 1934 quartum,
2789 1865 2996 1922 scilicet
3019 1866 3086 1921 ah
3109 1866 3306 1936 hypate
3329 1878 3524 1920 meson
3559 1880 3743 1945 rursus

2163 1956 2218 2010 in
2247 1956 2444 2028 hypate
2463 1956 2722 2030 hypaton.
2751 1957 2994 2030 Suntque
3030 1959 3143 2015 haec
3175 1959 3330 2027 inter_
3353 1973 3414 2014 se
3454 1959 3745 2030 conjuncta

2163 2049 2269 2104 hoc
2297 2049 2478 2106 modo.

2193 2155 2229 2211 ε
2371 2140 2540 2197 Meae.
3037 2141 3237 2198 Tonus.

2199 2231 2225 2284 f
2292 2231 2559 2289 Lichanos
2596 2247 2805 2289 meson.
3037 2232 3238 2289 Tonus.

2196 2336 2228 2377 e
2301 2320 2373 2376 Pa
2383 2331 2568 2393 rypate
2604 2338 2818 2382 meson.
3033 2322 3423 2379 Semitonium.

2160 2453 2178 2482 ι
2196 2414 2230 2468 d
2302 2411 2569 2469 Lichanos
2608 2413 2862 2484 hypaton.
3026 2413 3229 2469 Tonus.

2197 2519 2230 2559 c
2300 2505 2560 2575 hypaton.
2708 2504 2910 2562 Tonus.
3023 2504 3149 2560 Haec
3214 2507 3530 2562 communis
3606 2516 3745 2564 utro-

3102 2611 3351 2665 rumque.

2311 2687 2579 2759 Parypate
2613 2688 2870 2760 hypaton.
3029 2686 3411 2743 Semitonium.

2197 2795 2227 2834 a
2301 2779 2499 2850 hypate
2535 2782 2791 2852 hypaton.
3010 2778 3214 2835 Tonus.

2231 2871 2594 2944 Restatigitur
2608 2865 3204 2938 l‘roslambanomenos,
3229 2887 3395 2944 quam
3429 2874 3753 2944 superaddi-

2163 2969 2270 3016 tam
2318 2977 2418 3032 pro
2465 2964 2674 3019 ratione
2711 2963 2796 3020 his
2846 2963 3110 3034 diapason
3165 2963 3509 3034 symphonia
3530 2964 3748 3019 Boetius

2095 3031 2135 3089 Β
2167 3031 2417 3110 affirmat.
2445 3055 2538 3110 Sin
2566 3065 2745 3112 autem
2776 3055 2878 3111 tria
2919 3031 3259 3112 tetrachorda
3286 3031 3593 3126 conjuncta
3619 3057 3751 3111 veli-

2162 3162 2302 3210 mus,
2351 3152 2577 3216 ponetur
2618 3160 3003 3218 synemmenon
3038 3145 3176 3199 inter
3203 3159 3389 3200 mesen
3419 3154 3476 3200 et
3495 3160 3751 3214 parame—

2161 3253 2276 3304 sen,
2307 3239 2372 3294 de
2397 3253 2502 3307 quo
2542 3253 2704 3308 supra
2733 3237 2967 3294 ubertim
3013 3237 3212 3292 dictum
3254 3245 3355 3292 est.
3392 3234 3528 3291 Soni
3566 3247 3754 3291 autem

2163 3331 2359 3385 harum
2389 3329 2701 3384 earumdem
2730 3328 3052 3384 chordarum
3076 3327 3190 3399 jam
3233 3329 3485 3398 superius
3526 3330 3751 3384 abunde

2162 3431 2287 3479 sunt
2335 3421 2630 3488 distributi,
2685 3420 2777 3477 ubi
2820 3421 3027 3478 scilicet
3077 3419 3380 3490 exemplum
3434 3421 3750 3490 primarum

2160 3527 2352 3568 vocum
2381 3521 2614 3582 quatuor
2651 3527 2719 3567 ex
2762 3511 2992 3567 melodia
3026 3510 3168 3582 proli
3195 3511 3399 3566 autenti
3432 3512 3750 3581 posuimus,

2162 3603 2213 3659 id
2241 3613 2343 3660 est.
2382 3603 2481 3659 No.
2508 3602 2604 3658 Ne.
2638 3618 2725 3658 no.
2754 3618 2809 3675 y.

2231 3693 2605 3764 interpretatio
2653 3701 2833 3748 autem
2882 3693 3075 3748 horum
3126 3693 3403 3749 nominum
3453 3692 3750 3747 succincte

2162 3785 2380 3855 quidem
2405 3800 2437 3840 a
2472 3784 2658 3840 Boetio
2699 3791 2950 3850 attracta,
2992 3783 3203 3853 planius
3229 3791 3407 3838 autem
3437 3783 3750 3837 Martianus

2161 3878 2465 3947 exequitur.
2507 3875 3066 3931 Proslambanomenos
3115 3875 3430 3947 acquisitos,
3478 3877 3750 3945 quoniam

2161 3975 2286 4038 post
2328 3981 2516 4024 omnes
2559 3967 2651 4022 hic
2700 3967 2915 4021 additus
2947 3973 3032 4022 est
3079 3981 3294 4021 nervus.
3329 3964 3541 4036 Hypata
3565 3967 3753 4038 gravis

2162 4059 2248 4115 vel
2284 4058 2618 4130 principalis,
2669 4066 2929 4129 parypate
2959 4056 3109 4128 (622)
3133 4058 3389 4128 hypaton.
3430 4056 3704 4111 Lichanos
3733 4072 3752 4109 :

2161 4151 2286 4221 quia
2315 4149 2504 4206 Graece
2533 4150 2692 4204 index
2719 4149 2918 4220 digitus
2945 4149 3024 4204 sic
3049 4149 3381 4211 nominatur;
3410 4157 3465 4204 et
3489 4148 3552 4202 in
3575 4149 3754 4203 citha.

2162 4256 2245 4306 ra,
2267 4240 2312 4296 si
2340 4239 2563 4294 minimo
2589 4239 2753 4310 digito
2773 4238 3003 4309 primam
3031 4237 3308 4304 chordam,
3329 4253 3448 4308 quae
3471 4246 3562 4292 est
3594 4253 3751 4308 pros-

2163 4329 2620 4394 lambanomenos,
2665 4339 2875 4398 tangas,
2915 4327 3029 4398 ipse
3057 4327 3216 4382 index
3237 4328 3303 4382 ad
3328 4341 3444 4382 eam
3469 4327 3746 4381 chordam

2163 4423 2332 4488 venit,
2360 4422 2480 4476 ideo
2501 4422 2611 4492 ipsa
2643 4434 2856 4491 quoque
2879 4420 2981 4475 hoc
3009 4435 3207 4474 nomen
3236 4419 3424 4475 sortita
3453 4428 3569 4473 est.
3606 4421 3748 4473 lese

2164 4514 2400 4569 medium
2426 4512 2692 4582 signiﬁcat
2726 4529 2738 4564 :
2768 4511 2884 4565 haec
2925 4509 3104 4566 medio
3145 4510 3304 4564 totius
3344 4509 3561 4564 ordinis
3583 4509 3750 4564 collo-

2163 4613 2320 4660 catur
2344 4620 2358 4669 ;
2387 4612 2467 4657 est
2487 4601 2630 4656 enim
2658 4610 2845 4657 octava
2870 4600 3147 4669 utriusque
3170 4600 3426 4669 regionis.
3452 4597 3749 4653 Paruum:

491 4701 803 4756 acutissima
833 4711 1120 4771 utrumque
1139 4704 1489 4775 conglutinat.
1519 4703 1744 4759 Constat
1774 4713 2060 4774 utrumque

2170 4693 2312 4761 iuxta
2365 4707 2566 4747 mesen.
2629 4690 2771 4744 Trite
2818 4691 2973 4744 tertia
3010 4705 3040 4743 a
3070 4703 3216 4744 mese
3253 4689 3392 4744 vela
3424 4696 3580 4742 ncte.
3615 4687 3750 4742 Net:

491 4805 640 4860 tono,
676 4805 804 4848 tono
834 4801 887 4849 et
917 4795 1222 4861 semitouio,
1263 4811 1492 4865 quorum
1523 4795 1645 4850 talis
1665 4803 1749 4851 est
1767 4796 1916 4851 ordo.

490 4903 518 4938 a
560 4885 642 4940 vel
681 4886 713 4940 d
753 4885 886 4940 Nete
925 4887 1322 4957 hyperbolaron.
1400 4887 1602 4941 Tonus.

490 4994 524 5043 g
679 4993 710 5030 c
747 4975 1014 5031 Paranete
1051 4977 1423 5048 hyperbolmon
1521 4977 1738 5032 Tonus.’

488 5070 512 5122 Γ
661 5062 702 5145 ἥ
739 5068 889 5124 Tritc
928 5067 1323 5141 hyperbolmon.
1366 5066 1743 5122 Semitonium.

489 5184 519 5218 e
676 5185 705 5220 a
745 5166 879 5222 Nele
915 5165 1359 5235 diezeugmenon.
1414 5163 1539 5218 limo
1577 5161 1880 5217 communis
1913 5168 2062 5217 ntro-

816 5268 1063 5323 rumque.

483 5345 516 5396 cl
674 5359 706 5413 g
742 5344 1004 5398 Paranete
1029 5341 1472 5409 diezeugmenon.
1515 5339 1717 5394 Tonus.

490 5448 521 5484 c
682 5432 706 5485 ι’
739 5432 890 5488 Trite
930 5433 1367 5503 diezeugmenon.
1446 5430 1648 5484 'l‘onus.

492 5517 531 5597 ὴ
651 5521 1043 5598 ,οΡαι-ειηιοεθ.
1118 5520 1496 5576 Semitonium.

564 5614 646 5668 Ah
673 5613 758 5666 his
783 5621 960 5666 autem
982 5611 1150 5668 divisa
1177 5612 1282 5667 duo
1330 5609 1581 5665 inferiora
1608 5606 1808 5662 eisdem
1833 5613 1956 5660 sunt
1983 5605 2062 5658 in-

2163 4794 2368 4850 acuta;
2405 4781 2666 4835 Paranete
2704 4781 2857 4851 juxta
2897 4788 3075 4836 neten.
3123 4779 3304 4833 Primo
3329 4787 3507 4832 autem
3540 4778 3749 4832 solun»

2163 4875 2322 4930 modo
2341 4883 2464 4928 octo
2492 4871 2706 4926 chordm
2750 4869 2964 4926 fuerunt
3007 4871 3092 4925 his
3127 4870 3480 4925 nominibus:
3515 4870 3744 4940 hypate,

2161 4972 2440 5034 parypate,
2466 4961 2724 5025 lichanos,
2755 4975 2922 5026 mese,
2951 4975 3254 5031 paramese,
3281 4959 3428 5024 trite,
3457 4968 3745 5028 paranete,

2164 5064 2304 5111 nete.
2346 5055 2423 5108 Ex
2450 5053 2535 5108 his
2573 5064 2757 5123 postea
2795 5052 2919 5107 dum
2959 5066 3249 5107 nervorum
3276 5051 3449 5106 crevit
3477 5049 3741 5120 adjectis,

2161 5162 2248 5214 ea,
2275 5161 2392 5217 qua:
2445 5144 2586 5199 dicta
2611 5144 2882 5214 superius,
2930 5153 3056 5198 sunt
3085 5143 3408 5198 chordarum
3449 5142 3745 5196 substituta

2161 5235 2418 5292 vocabula
2444 5252 2458 5300 ;
2493 5235 2557 5289 de
2582 5249 2806 5303 quarum
2839 5234 3144 5288 inventione
3170 5233 3255 5288 vel
3283 5233 3601 5303 adjectione
3630 5233 3742 5302 ple-

2162 5331 2282 5384 nius
2340 5342 2501 5383 nosse
2549 5326 2816 5379 volentem
2851 5326 3054 5394 primos
3084 5325 3413 5379 harmoniae
3443 5325 3744 5394 disciplina:

2163 5419 2298 5472 lihcr
2316 5416 2486 5470 Boetii
2521 5414 2827 5484 diligentius
2854 5413 3120 5468 instruere
3153 5411 3374 5482 poterit.

2234 5509 2384 5563 Nunc
2413 5507 2477 5561 ad
2502 5516 2656 5561 notas
2681 5506 2937 5570 musicas,
2959 5521 3078 5574 qnte
3099 5504 3390 5574 unicuique
3413 5505 3742 5562 chordarum

2163 5601 2418 5672 apposita?
2453 5615 2558 5653 non
2589 5599 2868 5652 minimum
2902 5597 3158 5653 studiosis
3179 5595 3430 5652 melodia:
3459 5595 3744 5653 conferunt

575 5781 1161 5854 ((E‘Z‘ZWizleturhiatus,
1186 5784 1319 5837 forte
1338 5784 1406 5838 ita
1426 5781 1781 5852 supplendos:
1807 5779 2064 5852 Part/pale
2093 5778 2243 5849 juxta
2273 5788 2489 5849 ypaten,
2522 5776 2603 5831 vel
2632 5775 3001 5846 principalem.
