3916 6410
159 419 261 477 9‘21

1244 405 1324 465 DE
1359 401 1758 460 IIARMONICA
1796 396 2287 455 INSTITUTIONE.

3308 387 3417 444 922

159 535 427 595 fructum,
449 530 582 585 ordo
603 534 865 584 vertatur.
890 524 984 581 Ila:
1003 531 1183 578 autem
1207 522 1274 577 ad
1293 521 1432 575 hanc
1456 517 1740 574 utilitatem
1767 513 1820 576 Α
1911 511 1969 566 ln
1995 511 2100 567 hac
2122 510 2328 566 autenti
2351 508 2492 580 proti
2518 507 2714 564 usitata
2741 503 2992 570 melodia,
3019 516 3182 573 qnam
3212 500 3416 595 notulis

157 632 291 681 sunt
335 589 583 690 repertae,
637 617 868 674 utsicut
908 630 1007 687 per
1031 615 1238 669 litteras
1275 625 1436 666 voces
1471 615 1527 664 et
1549 607 1739 664 distin-
1836 603 2074 675 ejusdem
2098 600 2571 670 superscribimus,
2591 597 2684 668 qui
2708 593 3135 666 superioressint
3162 591 3271 648 toni
3294 589 3411 660 pla-

154 712 376 767 ctiones
426 708 716 764 verborum
775 710 1237 774 recognoscuntur
1291 701 1347 754 in
1399 698 1623 768 scripto,
1681 701 1741 750 ut
1836 691 2201 749 niuselueebit
2228 691 2304 774 Im
2345 705 2404 774 Et

154 801 374 856 nullum
414 799 686 870 legentem
712 795 875 852 dubio
905 794 1092 850 fallant
1124 791 1331 862 judicio
1363 806 1378 856 ;
1405 789 1485 845 sie
1513 803 1610 859 per
1635 787 1736 842 has

151 907 326 949 omne
370 890 568 946 melum
599 897 933 952 annotatum,
967 886 1132 942 etiam
1169 883 1286 940 sine
1311 882 1557 948 docente,
1590 888 1737 950 post-

153 995 331 1049 quam
357 978 522 1034 semel
545 977 772 1049 cognita:
801 974 1025 1040 fuerint,
1054 973 1232 1030 valeat
1257 971 1555 1029 decantari.
1581 969 1736 1037 Quod

148 1071 248 1127 bis
275 1071 438 1135 notis,
487 1085 622 1139 quas
654 1083 798 1124 nunc
850 1082 980 1122 usus
1009 1065 1245 1132 tradidit,
1285 1079 1511 1135 quaeque
1531 1077 1631 1133 pro
1656 1061 1736 1116 lo-

148 1181 351 1222 corum
380 1165 644 1220 varietate
686 1163 918 1219 diversis
963 1161 1313 1217 nihilominus
1363 1159 1734 1216 deformantur

147 1255 369 1327 ﬁguris,
394 1254 641 1325 quamvis
668 1254 734 1308 ad
766 1252 969 1322 aliquid
1003 1252 1231 1321 prosint,
1280 1249 1734 1306 remunerationis

147 1346 457 1403 subsidium
503 1345 726 1400 minime
751 1351 930 1414 potest
971 1345 1286 1414 contingere
1317 1360 1330 1397 :
1359 1343 1565 1398 incerto
1587 1341 1732 1397 enim

143 1453 373 1508 semper
419 1437 688 1494 videntem
726 1435 930 1492 ducunt
970 1435 1217 1507 vestigio,
1267 1445 1476 1507 utputa,
1504 1434 1550 1490 si
1581 1431 1730 1502 adje-

145 1537 304 1584 ctam
326 1526 614 1583 formulam
638 1525 920 1597 respicias.

214 1619 476 1685 77:1:

221 1710 272 1764 Α
293 1708 508 1765 EVIA.
548 1709 785 1765 Primam
811 1710 956 1765 enim
999 1710 1235 1766 notulam
1264 1724 1386 1766 cum
1418 1709 1726 1781 aspexeris,

147 1816 274 1872 quae
309 1815 430 1857 esse
457 1802 670 1856 videtur
719 1801 934 1869 elatior,
966 1801 1212 1873 proferre
1234 1817 1353 1858 eam
1384 1815 1725 1872 quocumque

147 1892 304 1948 vocis
345 1907 476 1948 casu
541 1890 698 1947 facile
747 1893 970 1962 poteris.
1014 1893 1317 1950 Secundam
1365 1908 1514 1959 vero,
1559 1907 1720 1963 quam
1752 1865 1799 1926 Β

149 1983 479 2052 pressiorem
502 1983 760 2048 attendis,
787 1998 909 2039 eum
934 1984 1122 2055 prima:
1148 1985 1402 2056 c0pulare
1423 1983 1721 2054 quaesieris,

149 2087 386 2142 quonam
429 2073 592 2128 modo
645 2073 698 2128 id
741 2072 931 2141 facias,
983 2083 1166 2130 utrum
1217 2076 1468 2132 videlicet
1503 2091 1611 2131 uno
1638 2075 1722 2130 vel

153 2163 362 2219 duobus
403 2171 497 2218 aut
519 2171 667 2220 certe
699 2165 871 2221 tribus
911 2165 980 2222 ab
1015 2182 1078 2222 ea
1100 2166 1340 2238 elongari
1366 2168 1559 2222 debeat
1583 2183 1720 2237 pun-

157 2253 284 2319 ctis,
315 2253 420 2308 nisi
467 2254 648 2309 auditu
674 2255 740 2310 ab
772 2255 877 2311 alio
922 2258 1211 2328 percipias,
1242 2257 1552 2313 nullatenus
1581 2258 1663 2314 sic
1691 2274 1723 2313 a

159 2344 518 2414 compositore
565 2354 823 2419 statutam
863 2363 984 2408 esse
1023 2366 1348 2422 pernoscere
1375 2361 1550 2423 potes.
1576 2351 1722 2407 Idem

159 2444 213 2491 et
256 2437 322 2492 de
367 2436 576 2493 caeteris
627 2448 857 2495 conStat.
922 2441 978 2495 Si
1036 2456 1188 2507 vero,
1219 2457 1356 2513 quas
1389 2444 1725 2512 subsequens

155 2527 294 2581 ratio
326 2526 736 2597 demonstrabit,
773 2530 1096 2586 chordarum
1121 2533 1322 2589 notulis
1355 2535 1584 2589 eandem
1610 2534 1721 2588 for-

150 2617 350 2672 mulam
409 2621 778 2692 consignatam
829 2624 1028 2680 videris
1056 2665 1071 2689 ,
1120 2639 1244 2680 mox
1289 2625 1482 2696 procul
1523 2625 1723 2692 dubio,

149 2708 384 2776 qualiter
461 2712 760 2781 procedat,
834 2715 1085 2770 advertas
1139 2716 1326 2786 utique
1395 2717 1500 2773 hoc
1565 2717 1726 2772 modo

171 2800 251 2854 1M
322 2812 397 2851 rm
471 2803 695 2854 cf..-
796 2842 808 2854 .
895 2842 917 2854 -
1146 2841 1256 2854 ....

325 2838 397 2927 ἰς
589 2838 701 2906 Est
724 2842 868 2896 enim
895 2842 918 2898 I
941 2857 1118 2912 mese,
1146 2842 1197 2898 Μ
1223 2841 1466 2899 lichanos
1496 2858 1681 2900 meson
1707 2859 1720 2896 :

149 2959 294 3014 inter
322 2976 460 3031 quas
488 2963 598 3018 toni
653 2966 883 3034 spatium
927 2975 1096 3036 patet.
1144 2984 1199 3038 p.
1239 2976 1722 3040 parypatemeson,

145 3066 272 3120 qua:
301 3067 331 3105 a
358 3051 603 3111 lichanos
628 3072 814 3114 meson
840 3060 1092 3117 similiter
1119 3060 1285 3117 distat
1307 3069 1454 3118 tono.
1481 3080 1550 3116 m.
1577 3063 1728 3119 simi-

145 3140 281 3195 liter
331 3141 574 3200 lichanos
618 3163 824 3214 meson,
867 3163 1028 3222 supra
1081 3161 1532 3224 parypatemeson
1572 3154 1727 3211 incli-

2233 691 2304 745 Im
2351 705 2404 744 m
2461 705 2520 814 ὦ)
2568 688 2640 742 im
2667 701 2736 756 pc
2784 685 2807 739 f
3335 747 3350 761 υ

2233 760 2313 817 No
2345 759 2423 815 Ne
2508 758 2553 816 Ο
2603 771 2635 812 e
2681 758 2724 810 A
2762 754 2850 810 NE
2870 765 3247 824 quamcunque
3265 762 3410 806 enim

1833 870 1897 910 ex
1937 855 2024 910 his
2064 852 2310 909 notulam
2354 852 2470 908 sive
2511 850 2750 907 litteram
2798 847 2853 902 in
2883 843 3156 916 superiori
3179 840 3410 897 formula

1832 947 2054 1012 videris,
2092 944 2342 1001 similiter
2377 942 2622 1015 proferre
2642 955 2748 996 non
2793 937 3086 995 cuneteris.
3110 933 3204 990 Hae
3231 940 3410 988 autem

1831 1035 2313 1094 consuetudinariae
2363 1042 2504 1089 notae
2555 1047 2662 1088 non
2720 1030 2939 1086 omnino
2988 1027 3258 1082 habentur
3299 1037 3412 1079 non

1831 1130 2153 1187 necessaria:
2181 1145 2196 1196 ;
2226 1129 2424 1199 quippe
2447 1141 2566 1182 cum
2601 1133 2655 1181 et
2679 1123 2987 1178 tarditatem
3016 1117 3318 1183 cantilenae,
3350 1121 3409 1171 et

1831 1223 1922 1278 ubi
1968 1220 2254 1276 tremulam
2290 1232 2456 1275 sonus
2503 1215 2781 1272 contineat
2821 1226 3033 1276 vocem,
3059 1209 3144 1264 vel
3171 1205 3408 1279 qualiter

1830 1312 1931 1384 ipsi
1962 1311 2081 1367 soni
2131 1311 2430 1382 iungantur
2473 1307 2527 1362 in
2559 1319 2749 1372 unum,
2781 1303 2863 1358 vel
2904 1300 3307 1369 distinguantur
3336 1295 3408 1351 ab

1828 1404 2082 1469 invicem,
2104 1402 2194 1457 ubi
2219 1415 2432 1472 quoque
2455 1397 2779 1454 claudantur
2803 1391 3136 1448 inferius’vel
3162 1386 3410 1459 superius

1828 1508 1927 1563 pro
1957 1494 2164 1549 ratione
2211 1487 2568 1562 quarumdam
2610 1487 2936 1547 litterarum,
2989 1493 3218 1552 quorum
3275 1473 3411 1530 nihil

1828 1584 2049 1639 omnino
2073 1584 2159 1638 ha:
2187 1580 2497 1637 artificiales
2525 1588 2664 1635 nota:
2687 1575 2868 1631 valent
2887 1570 3194 1634 ostendere,
3221 1567 3408 1622 admo-

1827 1674 1952 1729 dum
1985 1679 2271 1729 censentur
2306 1672 2579 1742 proficuaa.
2640 1667 2981 1736 Quapropter
3019 1661 3062 1716 si
3107 1673 3289 1729 super,
3315 1662 3413 1710 aut

1827 1765 1970 1821 circa
2020 1765 2118 1819 has
2161 1777 2258 1833 per
2301 1758 2537 1831 singulos
2563 1758 2868 1829 phthongos
2890 1752 3092 1809 eaedem
3136 1745 3410 1810 litterulas,

1830 1874 1963 1930 quas
1999 1873 2099 1929 pro
2129 1855 2272 1911 notis
2301 1853 2520 1910 musicis
2546 1850 2864 1921 accipimus,
2907 1850 3262 1915 apponantur,
3288 1851 3413 1930 per-

1825 1929 1962 2009 fecte
1989 1967 2053 2008 ac
2081 1951 2198 2006 sine
2223 1949 2332 2004 ullo
2354 1961 2541 2003 errore
2570 1943 2871 2014 indaginem
2897 1933 3143 1993 veritatis
3179 1929 3410 2001 liquebit

1825 2043 2095 2114 inspicere
2122 2057 2136 2095 :
2164 2055 2286 2096 cum
2313 2039 2412 2102 hie,
2442 2042 2643 2108 quanto
2669 2031 2860 2087 elatius
2881 2033 3150 2098 quantove
3171 2020 3410 2092 pressius

1824 2110 1928 2189 vox
1951 2147 2176 2203 quaeque
2202 2129 2425 2192 feratur,
2449 2125 2757 2180 insinuent:
2784 2119 2886 2174 illa:
2909 2130 3038 2171 vero
3069 2110 3409 2203 supradictas

1831 2198 2140 2284 varietates,
2183 2219 2300 2273 sine
2344 2215 2539 2286 quibus
2579 2219 2698 2267 rata
2728 2223 2834 2265 non
2873 2206 3076 2262 texitur
3119 2198 3410 2263 cantilena,

1825 2311 1996 2367 menti
2031 2308 2232 2366 certius
2261 2306 2445 2377 ﬁgant.

1897 2421 2041 2477 Sunt
2067 2417 2231 2490 igitur
2264 2422 2408 2471 noue
2441 2410 2654 2483 quidem
2693 2405 3015 2464 chordarum
3045 2399 3287 2490 plurimm
3320 2411 3414 2490 an.

1824 2485 2245 2579 tiquitatis'usni
2293 2501 2509 2566 habitur,
2553 2513 2674 2570 quae
2717 2513 2748 2552 a
2785 2494 2974 2550 Boetio
3019 2507 3116 2562 per
3161 2485 3404 2579 singulos

1823 2574 1946 2654 octo
1999 2597 2187 2651 modos
2237 2593 2379 2650 binae
2431 2588 2660 2662 singulis
2717 2586 2938 2644 chordis
3001 2579 3300 2653 appositae,
3355 2574 3412 2628 in

1826 2685 2242 2751 CCLXXXVIII,
2283 2685 2574 2740 tenduntur
2622 2699 2635 2736 :
2691 2679 2890 2734 eaedem
2938 2687 3152 2745 quoque
3207 2665 3412 2725 Grzecis

1826 2778 2147 2852 quibusdam
2175 2773 2372 2830 litteris
2401 2771 2582 2839 rectis,
2615 2767 2935 2840 quihusdam
2964 2763 3118 2818 varie
3155 2761 3412 2852 immuta-

1828 2846 1896 2925 tis
1940 2880 2230 2938 expressae,
2275 2863 2564 2936 plurimum
2614 2859 2822 2931 paginre
2871 2855 3123 2912 videntur
3177 2846 3410 2920 Spatium

1825 2973 2112 3029 occupare.
2156 2956 2310 3013 Unde
2354 2955 2406 3010 in
2451 2952 2703 3025 prtesenti
2737 2965 2831 3005 eas
2873 2955 3103 3010 tantum,
3133 2956 3253 3012 quae
3283 2945 3410 3029 sunt

1827 3028 1982 3122 Lydii
2007 3047 2149 3103 modi
2173 3044 2520 3109 assumimus,
2545 3042 2802 3112 quasdam
2825 3049 3113 3106 supernas,
3137 3028 3405 3102 quasdam

1830 3119 2270 3208 subterjacentes.
2301 3136 2367 3191 Et
2395 3136 2494 3190 has
2521 3141 2681 3204 prout
2700 3128 2943 3186 strictius
2969 3123 3085 3180 fieri
3116 3119 3291 3194 potuit
3315 3121 3411 3172 de-
3489 3133 3494 3136 ’

146 3242 334 3287 natur.
355 3234 396 3290 Ο
421 3246 599 3293 autem
623 3249 706 3295 est
723 3208 1106 3312 hypatemeson
1130 3208 1417 3301 seiriitonio
1441 3262 1469 3300 a
1498 3262 1725 3318 parypa-

1830 3237 2114 3300 cursatas,
2165 3242 2286 3298 quae
2339 3226 2544 3282 scilicet
2589 3221 2806 3278 brevius
2871 3225 3032 3287 atque
3085 3208 3413 3270 succinctius

148 3331 398 3380 temeson
425 3327 648 3384 distans.
677 3330 717 3400 ι’.
752 3332 938 3388 ultima
972 3333 1214 3392 lichanos
1240 3337 1475 3408 hypaton
1504 3352 1728 3394 servans

147 3419 342 3469 tonum
371 3416 436 3472 ad
469 3419 875 3491 hypatemeson.

511 3571 556 3625 V
627 3575 761 3632 Nete
789 3579 1165 3650 hyperbolaeon
1196 3581 1377 3654 itaque
1402 3584 1606 3640 habet]
1628 3585 1736 3640 iota
1766 3593 2046 3641 extensum
2076 3585 2155 3641 sic

511 3677 550 3722 Π
613 3667 884 3745 .Paranete
912 3672 1290 3742 hyperbolaeon
1323 3685 1360 3730 tt
1383 3690 1617 3745 graecum
1647 3684 1933 3732 extensum

513 3756 550 3809 Υ
613 3751 768 3816 ’Τνίιο
788 3761 1162 3833 hyperbolzeon
1199 3763 1235 3817 Y
1263 3765 1487 3836 simplex

510 3845 556 3900 N
619 3848 754 3904 Nete
778 3851 1198 3924 diezeugmenon
1225 3855 1269 3910 N
1306 3868 1648 3914 contractum
1740 3854 1742 3856 ’

509 3940 552 3995 0
613 3940 878 3999 Paranete
912 3945 1331 4018 diezeugmenon
1356 3973 1397 4004 ω
1425 3954 1751 4020 quadratum

512 4033 554 4087 E
625 4035 773 4089 'I‘rite
796 4034 1220 4108 diezeugmenon
1257 4039 1300 4092 E
1323 4039 1553 4110 simplex

516 4142 562 4180 ει
624 4123 910 4181 Paratnese
929 4138 968 4183 Π
995 4142 1228 4196 grtecum
1257 4126 1446 4197 jacens

630 4214 764 4270 Nete
791 4231 1174 4287 synemmenon
1201 4218 1412 4284 eadem,
1441 4235 1561 4290 qua:
1586 4228 1850 4291 paranete
1880 4221 2301 4290 diezeugmenon
2387 4240 2398 4247 -

631 4303 892 4360 Paranete
921 4322 1306 4378 synemmenon
1332 4309 1545 4376 eadem,
1573 4325 1694 4381 qua:
1723 4311 1850 4367 trite
1881 4311 2304 4381 diezeugmenon

503 4402 544 4448 Θ
629 4391 777 4446 Trite
804 4409 1189 4464 synemmenon
1211 4407 1252 4453 9
1286 4412 1522 4468 graecum

509 4483 530 4537 I
628 4483 816 4538 MeseI
850 4485 1077 4554 simplex

512 4575 562 4629 M
628 4575 1077 4633 Liehanosmeson
1109 4577 1156 4631 Μ
1180 4578 1404 4650 simplex

510 4735 550 4788 P
623 4735 1072 4806 Parypatemeson
1088 4682 1390 4807 lIggrzzecum
1421 4739 1648 4811 simplex

508 4823 550 4878 C
622 4824 1016 4893 IIypatemeson
1045 4826 1083 4882 C
1107 4828 1275 4899 sigma
1299 4845 1532 4899 graecum
1556 4830 1788 4901 simplex

510 4915 550 4969 [ε’
624 4915 892 4971 Lichanos
922 4917 1154 4987 hypaton
1179 4920 1216 4972 F
1246 4920 1516 4990 digamma
1551 4922 1780 4992 simplex

505 5009 546 5062 B
616 5008 880 5078 Parypate
906 5009 1138 5080 hypaton
1162 5011 1202 5062 Β
1233 5012 1352 5066 beta
1384 5013 1611 5082 simplex

510 5108 547 5152 Γ
621 5097 828 5167 llypate
853 5098 1085 5167 hypaton
1112 5111 1147 5153 Γ
1172 5116 1381 5170 gamma
1413 5102 1640 5169 simplex

511 5186 539 5239 ις
624 5187 1199 5243 Proslamhanomenos
1221 5190 1261 5243 F
1284 5191 1467 5244 dasiau
1504 5200 1707 5246 rectum

1831 3328 2054 3391 possunt
2101 3317 2274 3392 adigi,
2325 3331 2525 3388 easque
2577 3312 2698 3370 usui
2753 3306 3105 3382 praesentium
3161 3309 3412 3394 putamus

1836 3410 2100 3467 sufﬁcere.

2852 3581 2896 3634 ν
3008 3577 3049 3630 F'

2848 3679 2887 3724 II
3013 3667 3054 3722 E

2859 3759 2901 3813 Υ
3015 3757 3059 3811 D

2864 3849 2908 3904 N
3017 3849 3059 3904 C

2863 3965 2909 4009 υ
3014 3943 3056 3996 Β

2865 4036 2906 4089 Ε
3013 4033 3060 4085 Α

2858 4135 2904 4173 t:
3019 4122 3064 4175 G

2863 4209 3057 4270 cf}

2866 4303 2908 4356 E
3014 4300 3060 4352 A

2862 4401 2904 4448 Θ
3011 4391 3057 4445 G

2865 4481 2885 4534 l
3011 4479 3054 4533 Ρ

2855 4569 3056 4624 ME

2857 4730 2900 4785 P
3011 4730 3054 4784 D

2858 4823 2901 4878 C
3009 4824 3051 4877 C

2860 4910 2901 4966 [η’
3014 4911 3057 4964 Β

2867 5003 2909 5058 Β
3010 5004 3057 5056 Α

2871 5107 2907 5149 r
3007 5094 3054 5150 G

2877 5186 2910 5241 1‘
3021 5185 3062 5239 F

230 5347 324 5402 llis
360 5347 521 5418 igitur
557 5346 835 5416 hucusque
872 5347 1165 5415 productis,
1205 5364 1312 5419 quo
1336 5349 1447 5420 jam
1493 5350 1615 5404 inde
1661 5350 1728 5406 ab
1759 5354 1809 5416 ι)
1834 5348 2056 5403 rundem
2097 5347 2368 5419 dispositis
2415 5347 2481 5402 ad
2526 5359 2752 5416 purum;
2789 5341 3021 5412 qualiter
3063 5341 3179 5396 hmo
3219 5341 3410 5398 eadem

151 5438 310 5497 initio
333 5445 520 5493 cuncta
545 5446 912 5508 prospectant;
939 5437 1080 5507 quod
1103 5438 1185 5494 his
1210 5449 1539 5508 procreetur,
1564 5441 1730 5509 quod-

151 5542 262 5598 que
306 5541 616 5597 Sparsorum
654 5527 860 5583 fruetus
901 5537 1148 5597 assurgat
1191 5529 1478 5593 seminum,
1522 5528 1731 5597 planius

155 5616 355 5671 abhinc
395 5616 794 5671 declarandum.
840 5616 1040 5686 Spatiis
1083 5616 1276 5686 quippe
1317 5632 1507 5672 vocum
1557 5618 1730 5687 primo

151 5715 477 5779 punctorum
527 5706 837 5760 discrimine
892 5717 1014 5776 post
1060 5708 1481 5773 tetrachordum,
1536 5709 1731 5766 dehinc

150 5803 394 5866 ipsarum
437 5794 757 5852 chordarum
804 5797 1108 5866 nomnihas,
1151 5806 1422 5869 postremo
1464 5798 1604 5854 notis
1643 5814 1730 5853 ca-

1832 5441 1933 5497 sibi
1960 5441 2432 5503 commisceantur,
2457 5451 2550 5491 seu
2578 5435 2812 5505 qualiter
2842 5433 2893 5488 in
2934 5433 3178 5488 diversos
3218 5436 3410 5489 modos

1829 5531 2143 5601 procedant,
2167 5528 2278 5597 jam
2310 5529 2459 5583 locus
2481 5532 2563 5579 est
2599 5524 2828 5594 aperire.

1825 5650 1834 5667 ς
1903 5621 2190 5688 Quatuora
2219 5617 2407 5688 primis
2433 5615 2625 5680 tribus,
2652 5615 2700 5669 id
2735 5621 2838 5679 est,
2873 5612 3115 5668 lichanos
3143 5615 3402 5684 hypaton,

1833 5713 2029 5780 hypate
2071 5723 2278 5772 meson,
2323 5714 2584 5777 parypate
2631 5719 2814 5759 meson
2839 5744 2854 5770 ,
2896 5703 3136 5759 lichanos
3183 5717 3402 5765 meson,

1834 5812 2064 5871 quatuor
2104 5799 2273 5854 modis
2309 5797 2392 5854 vel
2433 5796 2619 5867 tropis,
2653 5811 2788 5868 quos
2824 5811 2966 5852 nunc
3005 5807 3158 5852 tonos
3196 5795 3400 5854 dicunt.
