3916 6408
603 351 710 410 923

1133 346 1476 405 llUCBAlJﬂ
1516 345 1680 404 ΜΟΝ.
1732 341 1791 399 S.
1820 338 2077 397 AMANDI
2114 336 2265 394 OPP.
2305 334 2485 393 PARS
2522 334 2584 390 ΙΙ.
2626 365 2695 376 -
2728 329 3218 390 MISCELLANEA.

3644 342 3711 399 921

601 464 705 519 hoc
752 467 858 527 est,
884 466 1092 531 protus,
1141 458 1414 527 dcuterus,
1460 458 1642 519 tritus,
1686 450 2167 520 tetrardus.’perti-
2198 456 2239 509 Α
2268 445 2588 515 junguntur,
2642 441 2800 508 adeo,
2845 454 2906 499 ut
2952 443 3201 513 pleraque
3251 442 3399 498 etiam
3443 443 3489 499 in
3517 445 3579 503 eis
3610 454 3709 520 quasi

602 553 809 609 ciendis
852 557 1106 621 aptantur
1157 564 1172 602 :
1220 548 1294 602 ita
1346 554 1406 603 ut.
1446 544 1670 615 singula:
1711 557 1897 599 earum
1938 536 2171 609 quatuor

601 647 923 704 chordarum
973 641 1212 714 geminos
1260 638 1360 694 sibi
1407 645 1588 706 tropos
1637 642 1828 701 regant
1878 629 2167 699 subjectos,

600 733 970 806 principalem,
995 731 1086 800 qui
1123 737 1393 792 autentus,
1423 735 1478 781 et
1501 722 1801 787 lateralem,
1832 721 1922 790 qui
1965 719 2172 791 plagius

601 826 900 898 appellatur
930 839 944 878 :
976 821 1217 877 lichanos
1246 818 1479 890 hypaton
1507 815 1715 870 scilicet
1741 821 2021 869 autentum
2042 825 2170 881 pro-

600 928 714 973 tum
743 924 798 971 et
837 914 1070 986 plagium
1098 910 1361 981 ejusdem,
1389 909 1441 963 id
1484 914 1586 972 est,
1619 905 1850 976 primum
1887 912 1943 958 et
1987 917 2173 959 secun-

599 1008 725 1063 dum
753 1025 766 1061 :
797 1008 1176 1078 hypatemesou
1228 1008 1507 1057 autentum
1554 998 1834 1054 deuterum
1861 1004 1916 1051 et
1938 993 2170 1065 plagium

598 1098 737 1169 ejus,
783 1097 837 1151 id
880 1103 983 1159 est,
1018 1092 1238 1148 tertium
1283 1099 1339 1147 et
1376 1096 1627 1159 quartum
1670 1104 1683 1142 :
1718 1086 2172 1156 Parypatemeson

602 1197 880 1244 autentum
926 1187 1113 1241 tritum
1150 1191 1206 1238 et
1250 1181 1490 1252 plagium
1534 1177 1673 1248 ejus,
1706 1178 1759 1234 id
1795 1186 1897 1243 est,
1923 1176 2170 1247 quintum

603 1288 660 1334 et
697 1285 909 1334 sextum
942 1292 959 1331 :
990 1276 1233 1331 lichanos
1265 1288 1451 1328 meson
1493 1277 1770 1325 autentum
1800 1269 2093 1324 tetrardum
2120 1280 2174 1323 et

597 1370 833 1441 plaginm
859 1368 996 1438 ejus,
1022 1367 1074 1421 id
1096 1373 1198 1431 est,
1226 1364 1513 1435 septimum
1534 1370 1589 1419 et
1615 1371 1865 1417 octavum
1893 1375 1907 1415 :
1932 1361 2005 1415 ita
2028 1370 2087 1415 ut
2106 1363 2174 1416 ad

598 1458 830 1528 aliquam
877 1458 1114 1526 ipsarum
1151 1464 1384 1525 quatuor
1415 1452 1563 1524 (625)
1609 1451 1894 1522 quantavis
1927 1451 2065 1505 ultra
2093 1451 2175 1506 ci-

599 1559 794 1620 traque
842 1547 1176 1603 variabiliter
1218 1546 1568 1611 circumacta,
1618 1543 1927 1599 necessario
1973 1543 2174 1609 omnis,

598 1654 949 1711 quaecumque
1010 1637 1205 1703 fuerit,
1250 1637 1525 1707 redigatur
1589 1635 1882 1691 cantilena.
1926 1633 2082 1691 Unde
2121 1642 2176 1688 et

601 1730 802 1785 eisdem
831 1728 1020 1785 ﬁnales
1063 1727 1361 1799 appellata»,
1414 1728 1557 1798 quod
1586 1727 1746 1782 tinem
1778 1726 1831 1781 in
1885 1727 2014 1796 ipsis
2039 1743 2172 1783 cun-

2271 534 2593 604 regulariter
2647 534 2787 588 mela
2828 533 3167 588 inveniantur
3203 533 3446 601 desinere,
3481 552 3563 594 nec
3581 544 3709 599 rationi

2270 626 2339 681 ob
2383 626 2483 683 hoc
2526 625 2609 681 vel
2668 625 2848 680 sensui
2900 625 3028 695 quid
3078 626 3359 691 contraire,
3400 636 3447 683 et
3483 632 3710 689 subeoden

2270 717 2432 772 modo
2448 716 2531 771 vel
2559 725 2712 788 tropo
2736 725 2885 772 recte
2909 717 3211 772 decurrere.
3240 716 3347 772 Hac
3372 731 3483 785 ergo
3502 721 3712 780 sodalitate

2270 807 2614 863 continentur
2662 808 2907 864 lichanos
2957 808 3191 879 hypaton
3232 822 3348 863 cum
3389 824 3546 877 mese;
3586 813 3711 884 hypate

2278 913 2465 955 meson
2509 914 2631 954 cum
2660 911 2942 970 paramese
2967 914 2982 964 ;
3038 905 3292 968 parypate
3327 911 3490 953 meson
3512 914 3608 955 eum
3637 905 3713 960 trite

2272 991 2716 1063 diezeugmenon,
2743 1005 2864 1060 qua:
2891 989 3080 1060 quinto
3099 987 3299 1044 scilicet
3327 986 3434 1043 loco
3454 989 3664 1059 singula:
3679 1009 3714 1048 se

2282 1079 2649 1151 disparantur.
2679 1080 2948 1136 Lichanos
2973 1093 3156 1134 meson
3180 1092 3298 1133 cum
3324 1085 3547 1148 paranete
3574 1079 3713 1136 diezeu-

2272 1190 2502 1247 gmenon
2524 1189 2647 1229 cum
2689 1171 3034 1228 inferioribus
3069 1184 3277 1241 quoque
3302 1169 3506 1239 quartis,
3529 1177 3572 1223 et
3587 1170 3626 1223 in
3639 1172 3713 1237 qni-

2272 1266 2499 1323 busdam
2525 1263 2750 1336 quintis,
2780 1277 2968 1333 parem
2997 1259 3383 1332 quodammodo
3404 1258 3603 1314 obtinent
3621 1259 3711 1313 Iulii

2276 1356 2543 1420 tudinem,
2594 1353 2843 1425 quamvis
2891 1365 3003 1406 non
3045 1349 3164 1416 ﬁni,
3201 1346 3460 1403 sedinitiis
3475 1346 3707 1415 deputentur.

2277 1445 2458 1516 Usque
2483 1444 2551 1500 ad
2586 1444 2686 1500 has
2706 1444 2851 1499 enim
2881 1450 3079 1499 metam
3106 1437 3380 1495 inchoandi
3401 1435 3645 1491 declinant:
3664 1435 3708 1488 ha

2274 1544 2401 1592 sunt
2424 1535 2998 1592 Proslambanomenos
3018 1531 3089 1588 ad
3108 1530 3342 1586 lichanos
3357 1527 3573 1598 hypaton,
3590 1526 3709 1594 hypate

2275 1628 2510 1698 hypaton
2568 1626 2635 1682 ad
2674 1626 2872 1698 hypate
2922 1638 3134 1688 meson,
3172 1620 3264 1677 sed
3298 1617 3349 1673 id
3383 1623 3707 1684 raro;parypatt

2276 1715 2513 1788 hypaton
2564 1714 2634 1771 ad
2686 1722 2943 1787 parypate
2981 1726 3205 1776 meson;
3242 1708 3463 1765 lichanos
3490 1704 3705 1776 hypaton“

597 1832 707 1886 cta,
758 1834 876 1890 quae
931 1792 1233 1885 canuntur,
1283 1792 1573 1890 accipiant.
1645 1817 1751 1873 Eas
1800 1792 1923 1874 cum
1977 1818 2176 1874 notulis
2205 1806 2250 1866 Β
2279 1807 2526 1863 lichanos
2572 1820 2759 1862 meson
2798 1823 2813 1860 :
2853 1804 2948 1859 sed
2996 1804 3050 1858 in
3090 1802 3196 1857 hoc
3231 1795 3492 1890 aliquando
3530 1792 3706 1890 usque-sd

598 1910 780 1982 paullo
806 1910 952 2020 (62:)
983 1911 1336 1981 praesentibus
1380 1911 1572 1981 positis
1600 1919 1941 1967 annotamus.
1968 1911 2025 1966 In
2055 1927 2179 1982 gra-

596 2049 804 2106 viorem
912 2049 1044 2128 _Pc_
1142 2054 1273 2109 item
1329 2054 1621 2111 acutiorem
1778 2064 1862 2128 Acr

1023 2122 1069 2162 ι.
1142 2100 1273 2109 ”’“””
1329 2100 1621 2111 “⁷“””””“
1770 2100 1823 2164 1°

666 2207 750 2248 no
783 2207 1009 2263 quarum
1050 2194 1327 2264 exemplar
1360 2203 1557 2250 caetera
1612 2193 1963 2252 nihilominus
2010 2203 2178 2252 tetra-

598 2282 820 2347 chorda,
870 2298 1097 2354 quorum
1139 2300 1304 2338 unum
1335 2284 1582 2350 inferius,
1625 2285 1728 2341 tria
1767 2287 2015 2356 superius
2038 2288 2174 2343 emi-

598 2379 746 2437 nent,
779 2372 973 2441 spatia,
995 2371 1081 2427 vel
1100 2372 1415 2444 qualitatem
1443 2372 1711 2430 deducunt
1736 2389 2010 2430 sonorum.
2043 2375 2173 2442 Quae

607 2460 780 2517 smnia
811 2460 1088 2518 sufﬁciens
1133 2464 1471 2534 superiorum
1518 2464 1881 2535 exemplorum
1912 2475 2176 2523 monstra-

607 2554 679 2608 eit
723 2554 974 2624 adjectio.
1002 2555 1137 2612 Illud
1183 2555 1318 2618 nihil
1351 2557 1755 2623 attendendum,
1791 2558 1935 2627 quod
1959 2574 2173 2630 synem-

607 2657 794 2698 .nenou
819 2645 1162 2701 tetrachordo
1183 2657 1470 2713 summoto,
1497 2646 1686 2716 quinta
1712 2662 1925 2718 semper
1948 2647 2063 2705 loca
2088 2649 2173 2705 his

606 2739 833 2802 quatuor
877 2733 1152 2804 superiora
1193 2734 1427 2806 quadam
1455 2733 1556 2793 sibi
1584 2736 1940 2794 conuexionis
1972 2739 2170 2794 unione

612 2956 644 3011 l‘
719 2955 860 3012 Mese
1548 2962 1568 3012 1
1659 2960 1723 3012 Α.
1756 2961 2027 3012 (Ληιίηὶι.ὶ
2066 2901 2177 3012 isi:

1810 3061 1921 3115 mh
1994 3058 2054 3112 ff

1529 3145 1581 3184 tn
1654 3129 1780 3184 Ant.
1810 3129 1915 3184 Ave
1940 3127 2135 3184 Maria.

1824 3233 1910 3288 pc
1996 3218 2062 3273 ff

1551 3304 1587 3360 p
1657 3290 1720 3343 A.
1758 3288 1887 3342 Volo
1916 3300 2084 3360 pater.

614 3128 646 3182 l‘
719 3128 986 3186 Lichanos
1013 3144 1217 3186 meson.

620 3287 651 3342 l‘
725 3288 988 3360 Parypate
1013 3303 1201 3344 meson
1248 3352 1251 3355 _

611 3380 646 3434 S
718 3379 927 3451 Hypate
949 3394 1133 3436 meson

2280 1905 2537 1970 parypate
2562 1898 2797 1969 hypaton
2819 1892 3184 1958 descenditur,
3212 1888 3266 1945 id
3283 1896 3380 1952 est,
3396 1899 3538 1956 usque
3556 1884 3604 1937 ad
3619 1881 3705 1950 quit-

2280 1996 2392 2044 tum
2417 1988 2632 2055 locum;
2666 1987 2722 2042 in
2749 1985 2961 2042 caneris
2997 1981 3292 2039 rarissime.
3337 1978 3399 2033 Et
3417 1973 3703 2032 omnisomnino

2279 2091 2439 2137 tonus
2478 2096 2511 2135 a
2549 2079 2694 2134 ﬁnali
2739 2094 2839 2134 suo
2873 2092 2974 2133 nec
3014 2090 3180 2146 supra
3218 2071 3446 2143 quintum
3468 2065 3700 2137 θαρρήσων,

2276 2186 2377 2228 nec
2415 2172 2556 2227 infra
2581 2171 2827 2241 quintum
2868 2167 3180 2223 inferiorem
3223 2175 3441 2232 unquam
3482 2151 3696 2241 ortlieuﬁfaf

2279 2263 2538 2319 cultatem
2568 2238 2820 2326 habebit,
2865 2259 2958 2315 sed
2988 2259 3133 2313 intra
3167 2269 3261 2311 eas
3294 2264 3467 2308 novem
3498 2238 3697 2305 νοω,τό

2278 2354 2567 2424 aliquando
2596 2359 2719 2409 octo
2748 2349 2945 2422 partim
2970 2343 3317 2418 principales,
3343 2339 3512 2411 partim
3537 2331 3697 2389 latonia

2276 2445 2411 2500 lines
2437 2443 2521 2499 vel
2556 2442 2708 2498 initia
2730 2440 3085 2497 cohibehunt.
3115 2436 3219 2493 Per
3239 2431 3457 2502 singulos
3478 2427 3600 2496 igitur
3618 2430 3694 2475 tota

2275 2535 2386 2591 suis
2412 2535 2463 2590 id
2487 2533 2802 2605 expediatur
2828 2527 3113 2598 exemplis.
3136 2527 3203 2581 Et
3219 2530 3424 2579 amento
3441 2517 3696 2605 quidemn?

2272 2635 2324 2682 et
2350 2626 2540 2698 plagiis
2558 2596 2732 2695 ipsius
2752 2623 2836 2677 ha:
2853 2596 3109 2692 aptantur
3144 2624 3341 2674 octava:
3410 2625 3437 2666 a
3467 2596 3698 2679 quime

2273 2717 2439 2774 ordiri
2466 2717 2569 2771 hoc
2602 2713 2790 2770 ordine
2816 2708 3155 2799 pervidebis.

2285 2905 2373 2944 tm
2479 2885 2757 2959 pmipefq

1548 2962 1568 3017 1
1659 2960 1723 3016 Α.
1756 2961 2027 3033 (Antiph.)
2066 2962 2235 3017 Erunt
2287 2960 2441 3031 primi
2484 2957 2756 3013 novissimi

1550 3344 1580 3434 2:
1651 3380 1717 3434 A.
1746 3379 1828 3437 Ab
1856 3344 1959 3434 hac
1983 3379 2152 3443 ordiri
2177 3379 2265 3434 vix
2299 3376 2499 3447 aliquid
2522 3374 2581 3447 (Γ.
2614 3373 2767 3445 solet)
2793 3371 3025 3428 all‘erunt
3056 3368 3201 3426 enim
3234 3356 3503 3423 huiusmodi
3534 3367 3583 3410 ex
3621 3344 3698 3402 anti-

1816 3472 2036 3543 tiphona
2067 3489 2080 3525 :
2114 3471 2181 3525 Et
2206 3471 2441 3525 minister
2461 3485 2622 3524 meus.

617 3636 649 3689 Γ
725 3635 992 3692 Lichanos
1020 3637 1255 3709 hypaton
1542 3638 1581 3692 F
1653 3638 1718 3693 A.

1808 3726 1903 3782 Μ
2026 3725 2200 3780 fff

611 3796 653 3850 T
728 3796 799 3850 Pa
808 3807 993 3867 rypate
1020 3797 1255 3867 hypaton

614 3887 652 3943 S
725 3885 931 3957 Hypate
955 3885 1187 3956 hypaton

1870 3992 1958 4046 pc
2063 3974 2147 4031 ff

1948 3582 2056 3636 pm
2131 3566 2315 3634 pmii

1542 3638 1581 3692 F
1653 3638 1718 3693 A.
1747 3638 1882 3693 Ecce
1908 3635 2093 3692 nomen
2113 3635 2349 3690 Domini.

1545 3797 1585 3851 Β
1669 3798 1734 3852 Α.
1770 3797 1967 3852 Ductus
2005 3804 2079 3850 est
2099 3796 2273 3850 Jesus.

1540 3885 1586 3941 ϐ
1668 3885 1733 3940 Α.
1788 3886 1976 3941 Ethac
2018 3885 2131 3939 fere
2178 3896 2443 3953 nusquam
2487 3898 2501 3934 :
2551 3889 2607 3936 et
2651 3888 2736 3934 est
2780 3876 2955 3934 simile
3001 3871 3264 3946 superiori
3319 3864 3568 3936 antiphone

2318 3971 2572 4028 fbt‘afc
2621 3971 2759 4026 cflT

1823 4042 2246 4102 Circumdantur.
2280 4042 2596 4099 Vindicabor
2619 4043 2673 4096 in
2699 4042 2794 4095 eis.

1771 4138 1958 4208 [bib
2027 4153 2063 4208 p
2131 4152 2200 4206 pc

615 4210 657 4266 Τ
730 4209 1300 4266 Prosalmbanomenos

1538 4207 1580 4262 F
1663 4209 1726 4263 A.
1765 4206 1892 4264 Veni
1917 4218 1965 4262 et
1984 4205 2194 4262 ostende
2218 4205 2384 4260 nobis.

1348 4319 1484 4377 [tem
1510 4321 1807 4376 Autentum
1830 4320 2113 4376 deuterum
2143 4332 2263 4374 cum
2287 4314 2494 4373 laterali
2527 4328 2624 4370 suo
2658 4312 2742 4369 hae
2764 4316 2956 4381 regunt
2981 4315 3124 4365 octo.

620 5294 662 5349 T
737 5294 888 5351 Trite
905 5293 1325 5365 diezeugmenon

543 5440 555 5463 _
622 5387 662 5440 S
731 5383 1020 5441 Paramese
1530 5408 1589 5453 ει

530 5476 551 5499 ”
623 5472 664 5527 Τ
708 5473 884 5548 ,Μρεθ
1549 5470 1567 5523 1

718 5654 842 5721 625)
868 5652 909 5707 1.
941 5654 1218 5723 quantavis
1242 5647 1606 5714 variabilitale,
1634 5646 1710 5702 vel
1734 5644 2085 5718 quantumvis.

695 5656 844 5798 ξθξμι)
872 5723 912 5780 1.
960 5724 1095 5780 Cms.
1129 5730 1450 5793 prtrsentes,
1501 5719 1593 5774 sed
1628 5715 1926 5791 _legendum
1970 5728 2085 5783 priet

1419 5171 1516 5229 His
1537 5186 1747 5243 quoque
1766 5170 1951 5226 Tritus
1971 5176 2243 5236 autentus,

1547 5287 1592 5342 E
1669 5287 1734 5342 Α.
1774 5284 1908 5341 Ecce
1932 5285 2185 5339 Dominus
2208 5284 2389 5347 veniet,
2417 5292 2463 5338 et
2488 5296 2660 5336 omnes
2684 5278 2865 5335 Sancti
2886 5280 3001 5351 ejus
3023 5295 3140 5334 cum
3162 5292 3242 5334 ea.

1671 5377 1739 5431 A.
1778 5377 1963 5446 Aspice
1984 5376 2038 5429 in
2062 5391 2140 5428 me
2164 5373 2406 5428 Domine.

1670 5466 1737 5521 A.
1779 5464 1969 5521 Solvite
1995 5463 2242 5534 templum
2266 5462 2383 5535 hoc.

615 4437 654 4491 S
725 4435 1014 4491 Paramese
1528 4461 1573 4501 ει
1659 4432 1726 4485 Α.
1769 4428 1965 4486 Notam
1994 4429 2181 4499 fecisti.

616 4527 659 4580 Τ
733 4525 878 4580 Mese
1537 4522 1557 4577 1
1656 4523 1722 4578 Α.
1759 4522 1975 4577 Orietur
1994 4520 2176 4575 diebus
2200 4517 2432 4572 Domini.

618 4613 660 4668 Τ
736 4615 1001 4670 Lichanos
1025 4628 1211 4671 meson
1542 4611 1594 4668 Μ
1666 4613 1734 4666 Α.
1771 4611 1915 4667 Iusti
1936 4620 2132 4666 autem.

615 4706 658 4760 T
730 4704 997 4776 Parypate
1022 4718 1208 4760 meson
1536 4702 1581 4758 P
1663 4704 1728 4758 A.
1770 4702 1945 4758 Maria
1968 4713 2017 4758 et
2041 4702 2285 4772 ﬂumina.
2317 4699 2419 4766 Qui
2448 4699 2512 4753 de
2533 4708 2672 4754 terra
2695 4705 2795 4752 est.

617 4794 657 4849 S
728 4794 937 4865 Iiypate
962 4807 1146 4849 meson
1532 4791 1575 4848 (Ξ
1657 4792 1721 4846 Α.
1766 4790 1896 4846 Hcce
1924 4802 1998 4848 est
2021 4808 2138 4863 qua:
2166 4790 2394 4846 nescivit.
2425 4788 2594 4846 Sinite
2620 4803 2701 4842 me
2724 4785 2943 4857 inquit;

617 4888 659 4941 T
733 4887 1001 4942 Lichanos
1028 4885 1262 4956 hypaton
1537 4881 1576 4937 F
1660 4882 1729 4937 A.
1773 4881 2000 4954 Vigilate
2029 4882 2225 4936 animo.

616 4978 659 5032 Τ
732 4977 999 5049 Parypate
1029 4977 1262 5047 hypaton
1544 4973 1588 5028 Β
1667 4974 1736 5030 Α.
1778 4973 1985 5028 Βιώιιηι
2010 4987 2161 5042 quem

854 4985 999 5047 rpate
1029 4977 1262 5047 hypaton
1544 4973 1588 5028 Β
1667 4974 1736 5030 Α.
1778 4973 1985 5028 Rubam
2010 4987 2161 5042 quem
2185 4971 2400 5027 viderat.

617 5063 657 5119 S
730 5062 933 5135 Hypate
952 5064 1189 5136 hypaton
1551 5063 1578 5114 Γ
1671 5061 1738 5116 Α.
1777 5060 1887 5116 Iste
1908 5061 2164 5131 cognovit.

2272 5165 2495 5240 ejusque
2527 5164 2743 5222 ducitur
2769 5165 3081 5238 subjugalis.

721 5713 844 5795 6:24)
872 5723 912 5780 1.
953 5713 1095 5780 Ἐπε.
1129 5730 1450 5793 prtrsentes,
1501 5713 1599 5774 sed
1628 5713 1926 5791 _legendum
1970 5713 2337 5783 prmedenter.
