3878 5686
73 355 175 414 99.5

71 473 114 525 τ
188 445 662 524 ιῑειιειηοειιιοὲοη
1004 465 1052 518 Μ
1128 465 1190 517 Α.
1237 464 1720 518 Haurielisaauas.

73 560 114 610 Τ
191 557 454 629 Parypate
475 573 658 612 meson
995 553 1036 607 P
1123 555 1184 608 A.
1233 554 1372 608 Puer
1401 553 1509 606 ille.

71 649 108 702 S
187 646 393 718 Hypate
419 661 604 702 meson
996 643 1035 696 (ἶ
1121 645 1185 696 Δ.

71 742 114 794 Τ
191 741 716 810 Lichanoshypaton
1003 736 1042 789 F
1131 737 1194 790 Α.
1241 735 1411 791 Hodie
1439 737 1629 792 scietis.

67 833 110 886 Τ
187 831 452 903 Parypate
475 833 712 902 hypaton
999 828 1040 882 Β

1161 353 1248 409 DE
1285 349 1686 407 IIARMO‘NICA
1735 347 2236 404 INSTITUTIONE.

3231 357 3334 414 9'26

425 942 644 998 Autenti
685 957 872 996 rursus
901 939 1176 1004 Tetrardi,
1208 927 1478 1010 plagiique
1505 939 1622 1010 ejus
1648 937 1876 994 conﬁnia
1910 939 2098 994 horum
2133 955 2324 996 novem
2359 951 2678 998 coercentur
2709 944 2972 1000 examine.

65 1053 107 1106 Τ
189 1052 454 1106 Paranete
485 1051 834 1118 diezeugmen
1006 1067 1048 1110 ο
1119 1051 1185 1102 Α.
1229 1050 1363 1104 Ecce
1383 1051 1626 1104 sacerdos
1651 1067 1898 1120 magnus.

63 1140 106 1193 T
189 1139 336 1194 Trite
375 1140 819 1210 diezeugmenon.
1003 1139 1044 1192 Ε
1127 1139 1192 1192 Α.
1231 1136 1505 1202 Quomodo
1525 1137 1614 1202 ﬁet
1643 1138 1804 1192 istud.
1833 1136 2028 1192 Beatus
2057 1149 2246 1194 venter.

65 1229 102 1280 δ
189 1227 494 1283 paramese.
993 1247 1036 1284 ε
1136 1226 1201 1280 Α.
1243 1225 1388 1279 Dixit
1419 1225 1676 1280 Dominus
1705 1225 1932 1282 Domino
1960 1247 2092 1284 meo.

63 1318 104 1370 T
189 1319 334 1376 Mese
1003 1317 1022 1370 I
1128 1317 1192 1370 A.
1233 1315 1528 1386 Erumpunt
1556 1325 1771 1370 montes.
1803 1318 1954 1371 Beati
1973 1335 2102 1388 quos
2129 1321 2348 1389 elegisti.

60 1411 102 1463 Τ
187 1410 452 1465 Lichanos
473 1424 662 1465 meson
1001 1407 1048 1460 M
1123 1408 1192 1462 Α.
1235 1407 1492 1475 Dirupisti
1515 1406 1757 1462 Domine.
1781 1409 1908 1462 Aut.
1939 1408 2004 1463 In
2031 1411 2120 1466 illo
2147 1414 2251 1467 die.

58 1500 102 1552 Τ
189 1500 638 1570 Parypatemeson
999 1496 1040 1550 P
1123 1497 1187 1550 Α.
1237 1495 1410 1548 Vitam
1429 1496 1596 1564 petiit;

61 1593 100 1646 S
186 1593 389 1662 Ilypate
427 1605 614 1646 meson
1006 1588 1046 1641 C

59 1687 100 1740 T
188 1687 453 1742 Lichanos
481 1685 716 1755 hypaton
1005 1681 1042 1734 F
1128 1680 1191 1734 Α.
1233 1681 1466 1750 Spiritus
1489 1682 1702 1738 Domini
1730 1685 1953 1754 replevit.

57 1773 102 1827 Τ
187 1777 452 1847 Parypate
475 1774 712 1844 hypaton
761 1763 764 1768 ’

999 1769 1042 1822 Β
1125 1771 1188 1824 Α.
1233 1770 1458 1826 Stabunt
1473 1773 1627 1840 justi.
1651 1775 1778 1829 Ant.
1811 1777 1951 1832 Dum
1973 1782 2167 1834 venerit
2195 1781 2341 1850 filius
2365 1785 2592 1838 hominis
2618 1793 2788 1852 putas.

131 1909 194 1962 ιη
223 1908 326 1962 hoc
351 1904 495 1962 enim
530 1903 794 1959 duntaxat
829 1917 998 1973 usque
1029 1903 1096 1958 ad
1122 1919 1327 1959 nonum
1357 1903 1652 1960 ίηηθριίιυτ
1684 1893 1726 1948 Α
1757 1887 1808 1940 id
1845 1898 1948 1955 est,
1992 1891 2366 1962 diatessaron;
2395 1897 2479 1951 vel
2529 1905 2698 1952 totum
2737 1899 2798 1953 (ἒ.
2823 1907 2886 1952 ct
2917 1897 3034 1969 ejus
3075 1901 3336 1964 medium,

58 2017 88 2053 a
123 2000 306 2070 primo
333 2011 606 2067 supremo,
647 2001 702 2050 et
726 2011 755 2049 a
781 1994 948 2062 ﬁnali,
983 2009 1105 2064 quae
1143 2005 1227 2051 est
1265 1997 1510 2052 lichanos
1539 2011 1650 2052 me-

56 2106 185 2154 son,
213 2089 267 2142 in
292 2087 540 2157 quintum
585 2086 924 2154 phthongum
957 2093 1186 2154 utraque
1224 2087 1446 2156 regione
1479 2087 1650 2140 dedu-

57 2189 188 2236 ctus
223 2177 586 2248 protenditur.
619 2175 676 2229 In
704 2177 810 2230 hoc
827 2176 971 2229 enim
999 2176 1261 2229 duntaxat
1289 2192 1460 2246 usque
1487 2175 1654 2246 Spiri-

55 2281 150 2324 tus
176 2270 387 2324 Domini
411 2266 637 2336 replevit.
669 2265 726 2319 In
753 2280 916 2320 ρῐιηιο
947 2279 1204 2320 mansos
1229 2265 1270 2318 Ε
1293 2267 1454 2320 habet
1480 2273 1668 2322 totum.

57 2360 102 2414 F
145 2368 200 2414 et
229 2357 346 2426 ejus
377 2364 652 2420 octavum,
683 2355 736 2408 id
763 2363 846 2408 est
897 2355 1354 2423 sesquioctavum.
1381 2355 1444 2408 D.
1479 2363 1652 2410 totum

53 2447 102 2500 Ε
157 2457 212 2502 et
254 2444 393 2514 ejus“
423 2451 697 2506 octavum,
743 2441 798 2496 id
833 2451 936 2508 est,
963 2443 1282 2514 epogdoum.
1321 2443 1380 2498 C.
1419 2445 1652 2498 totumF

54 2547 117 2592 ct
143 2537 260 2607 ejus
291 2536 533 2597 tertium,
564 2533 704 2603 quod
734 2542 819 2589 est
841 2535 1186 2604 sesquitertia
1219 2536 1302 2590 vel
1327 2537 1570 2606 epitrita,
1597 2537 1651 2590 id

51 2637 168 2691 est,
203 2629 562 2682 diatessaron.
591 2624 632 2677 Β
665 2633 833 2680 totum
861 2624 920 2679 C.
951 2635 1006 2680 et
1047 2627 1165 2696 ejus
1203 2635 1478 2693 octavum,
1510 2628 1650 2698 quod

52 2729 366 2782 esttonus;
419 2716 503 2771 vel
559 2725 730 2772 totum
776 2715 820 2770 E
861 2725 916 2771 et
963 2715 1084 2787 ejus
1123 2719 1366 2784 tertium,
1408 2719 1549 2790 quod
1571 2727 1656 2774 est

53 2811 438 2875 diatessaron;
473 2808 556 2864 vel
581 2815 748 2864 totum
772 2807 835 2863 F.
859 2816 916 2863 et
960 2809 1077 2879 ejus
1104 2809 1362 2873 medium,
1397 2810 1539 2880 quod
1565 2818 1652 2864 est

51 2902 338 2969 diapente.
367 2902 410 2953 A
435 2908 603 2954 totum
633 2900 675 2952 Β
702 2908 756 2953 et
776 2898 890 2967 ejus
917 2908 1192 2967 octavum,
1223 2900 1274 2956 id
1310 2909 1392 2956 est
1422 2911 1606 2956 tonum
1635 2917 1649 2965 ;

49 2991 151 3045 vel
177 2998 344 3045 totum
376 2989 438 3043 D.
480 2997 536 3044 et
567 2987 683 3056 ejus
717 2990 954 3055 tertium,
975 2991 1120 3059 quod
1165 2999 1250 3047 est
1272 2991 1609 3047 diatessaron
1635 3007 1648 3054 ;

49 3084 149 3136 vel
188 3089 357 3136 totum
391 3079 434 3133 E
461 3087 516 3134 et
543 3079 660 3148 ejus
695 3080 952 3146 medium,
983 3082 1126 3150 quod
1151 3089 1235 3136 est
1283 3082 1554 3152 diapente.
1579 3083 1648 3139 G.

50 3173 228 3228 habet
259 3177 426 3226 totum
466 3169 530 3224 Ε.
580 3177 637 3224 et
673 3170 790 3240 ejus
818 3169 1058 3236 tertium,
1104 3169 1247 3241 quod
1287 3179 1370 3226 est
1393 3171 1652 3228 diatessa-

1755 1981 1897 2050 quod
1925 1991 2010 2036 est
2036 1984 2328 2054 diapente;
2363 1987 2444 2042 vel
2469 1989 2612 2056 aliud
2651 1989 2691 2043 F
2739 1989 2920 2059 duplo,
2953 1991 3130 2056 idest,
3158 1993 3337 2062 diapa-

1755 2087 1886 2138 son;
1935 2075 2018 2130 vel
2062 2078 2282 2131 tertium
2335 2079 2398 2132 F.
2458 2083 2780 2152 quadruplo,
2835 2083 2888 2139 id
2913 2095 3036 2156 .est,
3095 2087 3177 2142 bis
3229 2087 3328 2142 dia-

1755 2171 1942 2229 pason.

1827 2289 1950 2329 CITA
1988 2291 2059 2332 ET
2098 2292 2236 2332 VERA
2276 2295 2472 2336 DIVISIO
2511 2297 2849 2340 MONOCHORDI
2891 2301 2943 2339 IN
2981 2301 3269 2342 DIA'I'ONICO

2233 2407 2244 2417 ,
2439 2367 2664 2406 canens.

1831 2437 2123 2494 Dimidium
2173 2441 2744 2511 proslambanomenos
2806 2453 2890 2500 est
2945 2461 3112 2501 mese.
3172 2446 3339 2517 I-Iujus

1755 2539 1934 2585 autem
1969 2531 2250 2588 dimidium
2285 2544 2367 2590 est
2397 2534 2530 2590 Nete
2565 2536 2966 2607 hyperbolzeon,
3005 2539 3156 2608 cujus
3183 2543 3336 2595 tertia

1755 2635 1881 2690 pars
1902 2623 1950 2675 ei
1976 2623 2156 2677 addita
2190 2633 2272 2679 est
2298 2633 2421 2680 nete
2455 2626 2894 2698 diezeugmenon.
2933 2627 3184 2695 Ejusdem
3215 2641 3339 2684 uete

1757 2713 2134 2784 hyperbolaeon
2175 2717 2436 2772 medietas
2472 2718 2722 2774 similiter
2757 2718 2806 2775 ei
2844 2719 3024 2775 addita
3065 2730 3144 2776 est
3175 2737 3337 2792 para-

1753 2816 1878 2862 nete
1903 2807 2354 2880 diezeugmenon:
2385 2811 2536 2880 cujus
2565 2819 2756 2880 quarta
2787 2827 2911 2882 pars
2937 2813 3108 2869 eidem
3132 2814 3340 2870 sublata

1753 2905 1838 2952 est
1887 2907 2146 2966 paranete
2193 2899 2590 2970 hyperbolmon.
2636 2901 2804 2972 Hujus
2851 2913 3032 2958 autem
3080 2905 3340 2960 medietas

1755 2987 1856 3040 sibi
1901 2987 2083 3041 addita
2123 2997 2206 3042 est
2247 2989 2372 3044 trite
2416 2989 2858 3061 diezeugmenon.
2922 2992 3092 3063 Hujus
3158 3003 3338 3050 autem

1755 3082 1946 3144 quarta
1997 3093 2122 3147 pars
2174 3079 2347 3134 eidem
2403 3081 2612 3136 sublata
2641 3091 2724 3138 est
2765 3083 2890 3139 trite
2930 3084 3334 3155 hyperbolaeon.

1756 3165 1890 3222 Nete
1916 3167 2340 3240 diezeugmenon
2365 3181 2546 3227 autem
2579 3173 2735 3228 tertia
2759 3190 2887 3244 pars
2917 3175 3018 3230 sibi
3053 3175 3232 3231 addita
3259 3183 3342 3232 est

51 3281 184 3320 mn.
217 3263 262 3320 G
311 3271 491 3318 autem
524 3263 666 3330 quod
719 3270 805 3316 est
849 3262 998 3318 Trite
1042 3277 1450 3333 synemmenon,
1491 3263 1653 3319 habet
1685 3255 1727 3311 Β
1755 3273 2056 3328 paramese.
2087 3259 2225 3316 Ecce
2250 3249 2418 3316 habes
2439 3271 2563 3318 octo
2604 3265 2918 3328 divisiones,
2950 3280 3180 3334 quarum
3220 3265 3338 3320 uni-

51 3361 238 3406 totum
261 3365 264 3368 ‘
285 3343 362 3404 D.’
390 3351 624 3420 primum
653 3350 935 3420 diapason,
975 3361 1029 3404 et
1059 3351 1178 3419 ejus
1222 3351 1480 3418 medium,
1511 3354 1654 3420 quod

42 3451 144 3498 est
173 3441 442 3510 diapente.
467 3439 524 3492 In
560 3423 792 3494 secumeo
821 3453 1078 3494 DIAPASON
1105 3439 1146 3493 F
1173 3447 1342 3494 totum
1369 3439 1434 3494 G.
1464 3441 1650 3506 habet,

45 3543 110 3588 et
149 3535 264 3604 ejus
298 3543 574 3594 octavum,
621 3529 762 3600 quod
789 3537 876 3585 est
915 3537 1108 3596 tonus;
1155 3530 1240 3584 vel
1284 3538 1454 3585 totum
1503 3530 1564 3584 B.
1599 3541 1656 3586 et

45 3623 179 3692 ej‘us
220 3625 459 3689 tertium,
491 3622 634 3692 quod
658 3629 744 3676 est
769 3619 1106 3676 diatessaron
1127 3659 1142 3684 ,
1177 3620 1260 3676 vel
1303 3629 1470 3677 totum
1499 3621 1560 3677 (ἶ.
1600 3635 1656 3678 et

43 3715 181 3784 ejus
207 3715 464 3780 medium,
489 3712 634 3785 quod
664 3721 749 3768 est
777 3711 1060 3781 diapente;
1100 3711 1185 3766 vel
1213 3711 1358 3766 aliud
1395 3711 1437 3766 F
1467 3711 1648 3783 duplo,

43 3807 207 3877 quod
231 3815 314 3862 est
339 3806 620 3876 diapason.
653 3805 694 3858 E
739 3813 910 3859 totum
960 3803 998 3857 F
1023 3811 1079 3860 et
1127 3804 1244 3872 ejus
1284 3813 1560 3870 octavum,
1597 3806 1652 3860 id

41 3905 170 3960 est,
195 3906 412 3960 tonum;
468 3894 551 3948 vel
579 3901 747 3948 totum
773 3893 840 3948 Α.
872 3901 928 3947 et
975 3893 1090 3962 ejus
1124 3894 1365 3958 tertium,
1401 3895 1542 3963 quod
1569 3903 1653 3949 est

43 3990 432 4054 diatessaron;
465 3987 548 4042 vel
578 3995 746 4041 totum
769 3985 829 4039 B.
872 3993 927 4040 et
955 3984 1073 4054 ejus
1111 3986 1369 4052 medium,
1398 3987 1538 4056 quod
1571 3995 1654 4041 est

45 4081 354 4149 diapente;
387 4079 473 4132 vel
503 4077 646 4132 aliud
685 4077 736 4132 Ε.
761 4078 945 4146 duplo,
983 4077 1126 4146 quod
1151 4085 1233 4133 est
1261 4079 1544 4148 diapason.
1579 4078 1647 4131 D.

47 4178 236 4225 totum
261 4169 302 4222 E
331 4175 384 4223 et
411 4167 528 4236 ejus
545 4179 815 4232 octavum,
842 4167 894 4223 id
915 4175 1000 4222 est
1021 4177 1240 4234 tonum;
1276 4169 1360 4223 vel
1385 4176 1554 4224 totum
1583 4169 1647 4223 Α.

45 4267 112 4316 et
145 4257 260 4327 ejus
293 4259 550 4325 medium,
577 4259 719 4327 quod
750 4267 832 4313 est
857 4259 1136 4332 diapente;
1171 4259 1254 4314 vel
1283 4260 1427 4314 aliud
1459 4261 1521 4314 D.
1555 4261 1654 4315 du-

45 4353 237 4422 plum,
269 4352 411 4422 quod
441 4359 526 4406 est
568 4352 847 4420 diapason.
885 4351 944 4407 C.
973 4361 1146 4407 totum
1181 4353 1242 4406 F.
1288 4363 1342 4408 et
1378 4351 1494 4421 ejus
1545 4360 1652 4407 ter-

49 4443 223 4507 tium,
272 4441 415 4511 quod
461 4449 544 4496 est
591 4441 958 4508 diatessaron;
1014 4443 1097 4496 vel
1133 4449 1301 4499 totum
1340 4441 1385 4499 G
1436 4451 1490 4498 et
1535 4441 1652 4511 ejus

1757 3349 1951 3417 cuique
1978 3350 2044 3404 da
2073 3365 2224 3404 suam
2261 3351 2542 3421 diapason,
2567 3355 2775 3410 scilicet
2797 3371 2968 3425 usque
3001 3356 3338 3424 proslamba-

1756 3453 2036 3502 nomenos,
2061 3447 2116 3492 et
2145 3439 2314 3496 habes
2341 3441 2649 3511 quindecim
2676 3458 2839 3498 sonos
2867 3445 2918 3498 in
2951 3445 3037 3500 his
3077 3446 3336 3516 diapason

1757 3531 2094 3586 constitutos.
2141 3529 2320 3585 Prima
2366 3535 2575 3602 species
2629 3534 2961 3590 diatessaron
3017 3545 3234 3591 constat
3271 3551 3337 3590 ex

1757 3630 1904 3686 tono,
1947 3623 2250 3688 semitonio,
2285 3631 2429 3678 tono.
2477 3622 2723 3680 Secunda
2747 3641 2814 3680 ex
2855 3625 3061 3681 duobus
3090 3625 3251 3690 tonis,
3283 3634 3338 3680 et

1755 3711 2060 3766 semitonio.
2118 3711 2300 3767 Tertia
2351 3728 2416 3769 ex
2461 3713 2747 3770 semitonio
2808 3723 2863 3770 et
2910 3715 3116 3771 dhobus
3171 3716 3332 3771 tonis.

1755 3801 1956 3868 Quarta
1986 3818 2052 3857 ex
2093 3804 2266 3873 prima
2301 3805 2482 3874 specie
2517 3805 2878 3873 diatessaron,
2923 3807 3178 3878 adjuncto
3210 3815 3336 3864 tono

1757 3895 2002 3950 inferius.
2043 3894 2220 3948 Prima
2261 3897 2471 3966 species
2506 3897 2757 3968 diapente
2797 3907 3010 3954 constat
3051 3914 3116 3954 ex
3162 3899 3336 3968 prima

1755 3985 1936 4052 specie
1977 3984 2333 4049 diatessaron,
2367 3985 2577 4057 adjecto
2604 3995 2728 4042 tono
2770 3989 3038 4058 superius.
3090 3987 3336 4042 Secunda

1755 4088 1819 4128 ex
1842 4073 2076 4129 secunda
2102 4074 2456 4141 diatessaron,
2482 4076 2692 4145 adjecto
2715 4085 2840 4131 tono
2862 4077 3128 4146 superius.
3153 4076 3336 4130 Tertia

1754 4179 1820 4220 ex
1852 4165 2030 4228 tertia,
2071 4166 2280 4234 adjecto
2313 4177 2438 4220 tono
2483 4165 2726 4220 inferius.
2777 4165 2973 4222 Protus
3007 4175 3242 4222 constat
3270 4182 3336 4223 ex

1752 4257 1928 4326 prima
1959 4257 2140 4326 specie
2168 4257 2442 4325 diapente,
2485 4265 2541 4311 et
2570 4258 2743 4326 prima
2790 4258 2967 4328 specie
3002 4257 3336 4312 diatessaron

1755 4346 2023 4415 superius.
2073 4343 2381 4416 Subjugalis
2429 4345 2547 4415 ejus
2593 4361 2662 4402 ex
2713 4349 2901 4403 eadem
2955 4347 3230 4416 diapente,
3283 4353 3338 4399 et

1753 4435 1942 4491 eadem
1975 4436 2154 4505 specie
2176 4435 2512 4492 diatessaron
2542 4437 2788 4494 inferius.
2829 4437 3014 4493 Tritus
3036 4445 3248 4493 constat
3272 4453 3338 4492 ex

53 4533 325 4597 medium,
355 4533 498 4601 quod
555 4541 644 4587 est
679 4533 964 4603 diapente;
1017 4533 1100 4587 vel
1154 4533 1297 4588 aliud
1350 4533 1412 4588 C.
1463 4533 1646 4604 duplo,
1686 4596 1720 4604 η
1757 4524 1918 4580 tertia
1957 4525 2142 4594 Specie
2187 4524 2440 4596 diapente
2483 4535 2538 4581 et
2569 4519 2726 4582 tertia
2770 4529 2950 4598 specie
3003 4528 3340 4582 diatessaron

51 4623 209 4694 quod
232 4596 317 4678 est
345 4596 602 4692 diapason
635 4624 719 4678 vel
745 4596 978 4693 ρί-Ῑηιυπὴ
1011 4623 1052 4678 F
1081 4625 1264 4696 duplo,
1295 4635 1349 4680 ει
1369 4625 1489 4694 ejus
1515 4596 1649 4682 d-uaé
1677 4596 1722 4656 (ἶ
1755 4617 2027 4687 superius.
2077 4615 2386 4687 Subjugalis
2417 4615 2534 4686 ejus
2569 4633 2636 4673 ex
2673 4596 2863 4674 eadem
2895 4619 3075 4688 specie
3120 4617 3342 4686 diapen-

53 4711 278 4779 t'ertias,
304 4715 446 4782 quod
489 4723 572 4768 est
608 4715 862 4784 diapason
915 4715 1074 4770 simul
1101 4726 1154 4772 et
1195 4717 1555 4773 diatessaron.
1584 4718 1644 4772 B.

55 4814 235 4860 totum
267 4806 326 4860 C.
349 4813 404 4860 et
426 4803 541 4873 ejus
575 4815 844 4870 octavum,
879 4807 932 4862 id
962 4815 1066 4870 est,
1107 4817 1323 4874 tonum;
1359 4809 1444 4864 vel
1475 4815 1648 4864 totum

53 4902 104 4955 E
137 4909 191 4954 et
226 4900 338 4970 ejus
375 4899 616 4964 tertium,
641 4899 694 4953 id
721 4907 825 4966 est,
851 4901 1220 4966 diatessaron;
1255 4901 1336 4955 vel
1385 4909 1552 4955 totum
1583 4900 1645 4954 F.

53 4999 116 5044 et
147 4991 261 5060 ejus
289 4990 547 5052 medium,
575 4989 626 5042 id
664 4995 749 5042 est
773 4989 1024 5057 diapente
1051 5003 1064 5052 ;
1095 4989 1178 5043 vel
1208 4989 1354 5046 aliud
1375 4989 1434 5042 Β.
1466 4989 1644 5058 duplo,

57 5083 116 5137 id
144 5091 224 5137 cst
253 5083 534 5152 diapason,
565 5080 650 5134 vel
675 5079 816 5132 aliud
852 5079 893 5132 F
923 5079 1104 5147 triplo,
1139 5079 1191 5133 id
1235 5089 1338 5144 est,
1382 5080 1642 5148 diapason

55 5171 217 5226 simul
239 5182 294 5226 ct
321 5171 598 5238 diapente.
622 5169 664 5222 Α
690 5177 858 5224 totum
884 5171 941 5223 Β.
971 5177 1024 5224 et
1052 5167 1168 5236 ejus
1196 5181 1475 5238 octavum,
1498 5171 1642 5240 quod

55 5271 141 5316 est
169 5271 356 5330 tonus;
391 5258 480 5315 vel
531 5266 702 5312 totum
735 5259 798 5320 Ι).
842 5269 896 5316 et
933 5259 1050 5330 ejus
1095 5261 1335 5330 tertium,
1375 5261 1516 5331 quod
1560 5269 1643 5315 est

59 5355 422 5418 diatessaron;
457 5350 544 5404 vel
577 5359 747 5407 totum
775 5353 834 5408 C.
868 5362 921 5409 et
951 5351 1066 5421 ejus
1094 5355 1352 5421 medium,
1385 5355 1525 5426 quod
1557 5363 1639 5409 est

56 5448 326 5517 diapente;
353 5443 448 5500 vel
471 5441 618 5498 aliud
647 5445 710 5499 A.
743 5447 924 5517 duplo,
957 5445 1008 5500 id
1036 5451 1138 5510 est,
1173 5447 1453 5520 diapason.
1489 5447 1534 5502 G
1559 5455 1642 5501 to-

55 5547 165 5591 tum
191 5539 249 5593 C.
271 5551 323 5595 et
355 5535 744 5608 ejuslertium,
768 5538 822 5594 id
850 5547 954 5604 est,
987 5537 1354 5604 diatessaron;
1377 5539 1460 5594 vel
1491 5537 1637 5593 aliud

49 5631 96 5670 ιι
127 5633 304 5686 «Iunio.
335 5633 394 5686 id
420 5634 536 5686 est.
563 5628 846 5686 diapason.
882 5631 944 5686 F.
971 5638 1144 5684 totum
1170 5631 1236 5686 G.
1268 5644 1323 5686 et
1347 5631 1462 5686 eius
1485 5639 1637 5686 octa-

1759 4719 1828 4774 te,
1853 4718 1908 4764 et
1935 4711 2124 4766 eadem
2161 4711 2341 4779 specie
2383 4709 2719 4765 diatessaron
2750 4711 2995 4766 inferius.
3047 4707 3341 4762 Tetrardus

1754 4807 1968 4856 constat
1995 4817 2062 4856 ex
2111 4811 2304 4870 quarta
2351 4801 2531 4880 specie
2559 4800 2832 4869 diapente,
2862 4808 2916 4856 et
2943 4797 3115 4866 prima
3163 4795 3344 4866 specie

1755 4893 2098 4949 diatessaron
2167 4893 2438 4963 superius.
2467 4875 2799 4961 “subiugatis
2850 4889 2968 4958 ejus
3028 4901 3093 4939 ex
3155 4885 3344 4938 eadem

1755 4979 1940 5052 specie
2016 4981 2315 5050 diapente,
2383 4990 2442 5034 et
2521 4981 2710 5036 eadem
2790 4981 3130 5035 diatessaron
3211 4971 3348 5028 infe-

1753 5076 1890 5131 rius.

1829 5163 1887 5218 Si
1919 5163 2154 5220 secunda
2184 5167 2421 5234 primam
2453 5168 2617 5215 totam
2661 5159 2715 5212 in
2760 5173 2836 5221 se,
2871 5161 2926 5209 et
2957 5151 3074 5219 ejus
3101 5160 3350 5207 octavam

1751 5265 1968 5330 partem
1999 5257 2276 5324 habuerit,
2311 5266 2444 5312 tono
2466 5268 2496 5304 a
2527 5265 2585 5305 se
2621 5249 2860 5304 distabit.
2889 5243 2948 5298 Si
2973 5243 3212 5296 secunda
3237 5249 3348 5295 ter-

1749 5351 1886 5406 tiam
1909 5357 1968 5401 et
1987 5349 2104 5419 ejus
2125 5359 2336 5417 partem
2359 5349 2608 5415 quartam
2631 5339 2916 5401 decimam,
2943 5333 3010 5387 ad
3033 5347 3092 5388 se
3113 5333 3352 5387 invicem

1749 5439 1864 5497 toni
1899 5439 2128 5494 reddunt
2151 5430 2592 5494 consonantiam.
2625 5427 2680 5482 Si
2705 5419 2900 5497 quarta‘
2921 5423 3136 5478 tertiam
3161 5431 3220 5478 et
3237 5421 3354 5490 ejus

1743 5539 2004 5590 octavam
2017 5539 2073 5586 et
2101 5537 2310 5587 octavae
2349 5532 2620 5586 octavam,
2652 5517 2920 5575 semitonii
2949 5514 3078 5570 facit
3099 5514 3354 5584 sympho-

1745 5624 1923 5681 niam.
1969 5622 2028 5679 Si
2061 5631 2318 5686 quartam
2347 5615 2544 5686 quinta
2574 5620 2626 5668 et
2661 5611 3089 5682 suiquintanam,
3118 5606 3352 5674 quintae-
