3916 6412
605 376 709 434 9‘27

1171 372 1514 430 IIUCBALDI
1549 369 1714 428 MON.
1756 369 1815 427 S.
1853 368 2116 424 AMANDI
2152 366 2302 426 OPP.
2349 367 2528 428 PARS
2566 371 2629 428 II.
2659 361 2740 414 :—
2776 356 3264 430 MISCELLANEA:

3655 391 3723 445 928

603 499 832 554 sextam,
863 497 918 544 et
965 488 1046 544 sui
1094 495 1302 558 partem
1345 486 1652 557 septimam,
1695 494 1916 540 resonat
1961 484 2180 541 semito-
2207 483 2257 545 Α
2286 483 2343 539 Iit
2374 486 2426 540 in
2457 486 2860 542 enarmonieum
2890 501 3058 557 genus
3079 485 3429 557 ductionineze,
3455 499 3502 548 et
3526 492 3573 549 Iit
3592 495 3725 555 india.

607 580 779 646 nium,
803 580 945 650 quod
972 587 1057 634 est
1075 593 1486 648 synemmenon.

1057 683 1305 724 DIIENSIO
1345 683 1705 723 IONOCIIOIIDI.

675 761 730 815 In
779 760 970 830 primis
1013 774 1232 823 censeo,
1265 766 1434 812 totum
1485 758 1907 814 Monochordum
1949 758 2002 814 in
2042 759 2183 815 dire-

606 863 752 907 ctum
780 851 942 906 dividi
973 859 1206 922 quatuor
1247 849 1431 906 lineis:
1457 865 1687 919 quarum
1723 849 1899 919 prima
1931 865 2053 906 cum
2085 866 2184 906 suo

604 943 782 1013 spatio
831 943 1172 998 concedenda
1229 951 1315 997 est
1359 941 1539 1012 generi
1587 941 1895 997 diatonico:
1949 943 2184 996 secunda

605 1033 982 1088 chromatico:
1024 1031 1181 1088 tertia
1220 1031 1588 1087 enarmonico.
1619 1029 1750 1097 Qum
1793 1032 1898 1086 tria
1935 1029 2183 1086 dissimili

605 1124 942 1180 dimensione
973 1132 1223 1180 constant
1257 1125 1310 1180 in
1342 1123 1692 1180 monochordi
1736 1123 1963 1180 ratione.
1996 1123 2103 1179 Sed
2127 1131 2186 1178 ut

607 1213 821 1270 facilius
859 1223 1182 1271 cacterorum
1231 1230 1484 1272 mensura
1541 1216 1714 1286 possit
1751 1215 2032 1286 consequi,
2077 1213 2189 1286 pri-

611 1319 760 1360 mum
817 1307 1090 1361 scribatur
1134 1320 1388 1362 mensura
1449 1306 1728 1372 diatonici,
1777 1315 1838 1361 ut
1881 1320 1980 1376 per
2026 1303 2187 1374 hujus

609 1398 914 1470 regularem
948 1398 1361 1464 dimensionem,
1386 1397 1745 1456 artificialiter
1770 1397 1962 1454 melius
2001 1398 2053 1452 in
2082 1411 2188 1453 ca:-

610 1490 742 1546 teris
767 1491 1059 1546 decernere
1083 1489 1353 1546 valeamus
1378 1490 1665 1545 rationem.
1693 1489 1937 1544 Primqu
1971 1488 2025 1543 in
2057 1503 2192 1560 qua-

613 1589 734 1636 tuor
753 1598 905 1653 aequa
931 1584 1220 1649 dividatur,
1249 1585 1300 1638 in
1323 1599 1551 1654 quorum
1581 1583 1753 1653 prima
1771 1581 1813 1636 F
1839 1579 1985 1636 ﬁnali
2012 1581 2191 1636 littera

610 1671 1182 1741 proslambanomenos
1215 1687 1336 1727 cum
1391 1687 1616 1726 numero
1669 1671 1820 1726 VIIII.
1867 1685 2042 1726 ccxvr.
2098 1667 2195 1725 Se-

2281 576 2457 632 lonico
2484 576 2524 632 G
2555 585 2609 632 et
2653 577 2715 630 Α.
2748 576 3111 642 semitonium,
3138 577 3278 646 quod
3312 578 3457 634 etiam
3496 597 3576 652 per
3603 589 3724 642 cariem

2278 667 2343 724 ϐ.
2373 669 2438 722 Α.
2481 667 2744 739 contingit
2794 667 2846 722 in
2881 666 3259 722 chromatico:
3301 667 3404 736 ipso
3432 672 3659 730 semitonio
3677 688 3726 732 u-

2278 775 2401 815 men
2431 757 2605 813 diviso
2633 759 2686 812 in
2726 757 3116 823 enarmonico;
3159 757 3339 827 sicque
3371 759 3441 826 Iit,
3479 771 3528 817 ut
3565 765 3728 824 videatur

2281 850 2625 905 semitonium
2671 859 2850 916 tonus,
2910 861 3088 918 tonus,
3131 851 3272 907 intra
3296 852 3357 909 G.
3392 854 3450 908 A.
3491 857 3542 912 Β.
3564 856 3610 913 C.
3632 871 3670 914 et
3697 864 3728 919 in

2282 943 2614 999 chromatico
2642 943 2912 999 similiter.
2944 942 3050 998 Sed
3104 945 3371 999 contrario
3410 948 3562 1013 modo,
3598 950 3636 1004 id
3666 963 3728 1018 est,

2283 1033 2429 1088 intra
2459 1032 2523 1088 G.
2551 1033 2616 1088 Α.
2657 1032 2720 1087 Β.
2761 1033 2823 1090 C.
2861 1033 3234 1098 semitonium,
3268 1034 3586 1103 semitonium,
3617 1048 3729 1097 tonus.

2284 1121 2651 1196 Similiterque
2675 1125 2729 1180 in
2755 1126 3105 1182 enarmonico
3130 1125 3268 1181 intra
3290 1124 3352 1182 G.
3373 1127 3433 1182 Α.
3451 1127 3505 1182 Β.
3522 1129 3573 1186 C.
3589 1134 3730 1189 semito-
3789 1176 3791 1200 ε

2285 1216 2458 1284 nium,
2490 1215 2862 1284 semitonium,
2898 1224 3076 1272 tonus.

2939 1307 2986 1363 Α

2358 1400 2568 1457 Rursus
2603 1416 2634 1456 a
2682 1408 2939 1472 paranete
2989 1411 3390 1471 synemmenon,
3433 1397 3728 1456 Trite‘dieuo-

2290 1507 2520 1563 gmenon
2549 1490 2682 1546 VIII.
2707 1490 2762 1545 in
2785 1499 3090 1544 extremum
3119 1488 3258 1544 datis
3285 1485 3424 1544 VIIII.
3465 1487 3640 1545 inferius
3658 1494 3727 1546 erit.

2292 1581 2357 1638 G.
2385 1581 2512 1636 trite
2540 1596 2592 1652 sy
2606 1594 2929 1635 nemmeuon
2956 1593 3078 1633 eum
3121 1577 3216 1633 IIIJ
3242 1593 3521 1633 cccuxuu.
3543 1593 3594 1631 ex
3613 1594 3680 1648 quo
3696 1581 3726 1634 Iit

2294 1674 2349 1730 in
2377 1673 2768 1730 chromaticum
2796 1671 2978 1726 ductio
3020 1670 3196 1732 linem,
3233 1679 3288 1726 et
3335 1679 3522 1726 notetur
3542 1671 3727 1728 chromati-

615 1765 792 1818 cundo
838 1764 880 1818 Β
915 1765 1161 1820 lichanos
1197 1764 1434 1835 hypaton
1467 1763 1550 1819 VI.
1588 1764 1641 1817 d.
1671 1778 1903 1820 ccccxu.
1936 1759 2123 1817 Tertio
2153 1760 2196 1816 F
2297 1782 2444 1830 cum,
2469 1765 2510 1821 (ἱ
2539 1763 2700 1819 simili
2733 1763 2962 1816 ratione.
3002 1761 3100 1816 llis
3126 1761 3222 1816 tali
3251 1761 3464 1832 sumptis
3485 1762 3641 1825 ordine,
3664 1761 3727 1815 dor

615 1868 762 1908 mese
809 1853 914 1909 IIII.
949 1855 1004 1910 d.
1049 1871 1203 1910 cvm.
1232 1856 1438 1923 Quarto
1477 1853 1518 1909 F
1565 1864 1689 1910 nete
1728 1853 2108 1926 hyperbolaeon
2132 1852 2188 1924 ἰῇ.
2220 1835 2267 1896 Β
2294 1858 2543 1922 aliarum,
2572 1870 2706 1926 quas
2727 1855 2780 1910 in
2803 1854 2992 1926 primis
3019 1854 3318 1924 posuimus,
3343 1853 3542 1923 partium
3575 1868 3726 1908 consun

617 1942 816 2013 ccciiij,
845 1946 1169 2004 ascribatur.

687 2034 733 2088 A
757 2050 861 2106 qua
893 2037 954 2092 F.
995 2038 1046 2092 id
1067 2048 1174 2105 est,
1197 2048 1321 2095 nete
1355 2038 1760 2112 hyperbolaeon,
1789 2037 1932 2095 linea
1957 2039 2010 2093 in
2035 2039 2197 2094 chro-

620 2127 874 2181 maticum
906 2137 960 2182 et
989 2129 1397 2188 enarmonicum
1427 2143 1595 2200 genus
1622 2129 1871 2192 ducatur,
1896 2136 1952 2181 et
1971 2127 2033 2183 F.
2060 2136 2119 2182 ut
2141 2127 2193 2181 in

621 2218 912 2274 diationico
943 2218 996 2273 in
1027 2230 1256 2290 utroque
1281 2221 1658 2276 constituatur.
1689 2218 1780 2273 Illa
1822 2233 1968 2288 pars,
1994 2233 2114 2287 quae
2142 2218 2196 2274 in

619 2309 684 2364 F.
730 2319 852 2366 nete
892 2312 1267 2382 hyperbolaeon
1309 2314 1632 2378 ascribatur,
1679 2311 1732 2366 in
1755 2317 1877 2367 octo
1907 2310 2196 2378 dividatur,

623 2409 680 2456 et
705 2417 846 2456 nona
870 2403 1095 2460 interius
1117 2414 1352 2474 sumpta.
1387 2406 1448 2460 E.
1474 2420 1593 2476 qua:
1616 2413 1698 2462 est
1725 2415 1986 2476 paranete
2005 2405 2200 2476 hyper-

622 2490 852 2557 bolaron,
885 2508 1008 2548 cum
1044 2509 1270 2549 numero
1311 2493 1361 2550 IJ
1407 2497 1459 2550 d.
1501 2510 1631 2551 xcn.
1659 2495 1967 2551 adnotetur.
2001 2495 2200 2550 Iterum

624 2582 690 2638 E.
739 2600 770 2639 a
813 2594 1067 2656 paranete
1116 2585 1493 2658 Irypcrbolzeon
1525 2601 1694 2657 usque
1755 2587 1822 2641 ad
1875 2594 2201 2651 extremum,

627 2685 818 2732 octava
867 2687 1132 2746 sumatur,
1192 2695 1440 2751 nonaque
1484 2680 1806 2752 respiciente
1837 2679 2080 2736 interius.
2137 2680 2200 2734 D.

625 2782 746 2838 quas
771 2775 854 2823 est
876 2768 998 2823 trite
1017 2767 1394 2840 hyperbolaeon
1416 2776 1538 2824 cum
1559 2785 1784 2826 numero
1805 2769 1868 2824 ll.
1892 2770 2203 2826 d.ccccxvr.

629 2858 954 2930 assignatur.
993 2859 1245 2931 Intraque
1299 2861 1362 2916 E.
1415 2861 1471 2918 id
1510 2871 1614 2928 est,
1641 2871 1898 2932 paranete
1941 2861 2208 2932 hyperbo-

629 2949 784 3016 laeon,
817 2960 872 3007 et
905 2954 1031 3009 trite
1059 2953 1436 3026 hyperbolaeon
1458 2955 1501 3010 D
1523 2954 1793 3011 dividatur
1810 2955 2058 3024 superius
2083 2968 2206 3010 cum

629 3029 772 3097 linea
798 3043 1186 3102 chromaticum
1215 3062 1415 3118 genus:
1447 3055 1503 3104 et
1525 3048 1654 3102 litin
1680 3047 2017 3104 chromatico
2045 3060 2207 3118 geneo

635 3149 695 3190 re
718 3135 860 3190 inter
884 3136 927 3190 E
956 3146 1012 3192 et
1036 3136 1098 3192 F.
1134 3147 1311 3196 tonus.
1343 3149 1398 3194 et
1430 3140 1471 3193 D
1493 3148 1547 3196 et
1574 3140 1637 3194 E.
1668 3139 2031 3194 semitonium.
2073 3138 2212 3192 Duo.

635 3225 739 3280 bus
766 3225 990 3296 integris
1018 3227 1158 3282 tonis
1178 3228 1318 3282 inter
1345 3230 1388 3284 D
1413 3237 1467 3284 et
1487 3229 1530 3284 Ε
1551 3239 1605 3284 et
1642 3229 1682 3283 E
1723 3237 1778 3284 et
1811 3228 1850 3282 F
1881 3229 1934 3283 in
1970 3228 2206 3283 diatoni-

637 3329 704 3371 co
729 3315 1084 3374 existentibus
1111 3331 1126 3372 :
1174 3321 1232 3373 Iit
1262 3318 1316 3373 in
1347 3319 1695 3376 enarmonico
1719 3320 1861 3374 inter
1902 3319 1945 3374 E
1971 3327 2024 3374 et
2051 3317 2090 3374 F
2133 3319 2214 3374 in-

643 3413 794 3476 teger
817 3415 996 3462 tonus.

711 3497 919 3554 Rursus
949 3498 1003 3554 in
1036 3497 1309 3554 diatonico
1335 3499 1402 3554 ab
1430 3498 1494 3554 F.
1539 3509 1664 3556 nete
1702 3500 2076 3572 hyperbolreon
2114 3503 2214 3556 tri-

641 3591 744 3647 bus
767 3591 834 3646 ad
869 3601 1171 3646 extremum
1199 3592 1445 3662 sumptis,
1469 3601 1658 3662 quarta
1710 3592 1936 3649 interior
1973 3592 2034 3648 Iit
2065 3592 2126 3649 C.
2164 3593 2218 3648 id

639 3691 745 3750 est,
796 3693 921 3738 nete
968 3683 1388 3753 diezeugmenon
1417 3687 1539 3738 c'um
1575 3682 1648 3740 IIJ
1677 3699 1848 3750 Lxxrr,
1886 3692 1939 3740 et
1959 3685 2036 3741 sic
2065 3683 2220 3740 linea:

644 3773 911 3827 (ineantur
936 3773 1000 3826 D.
1022 3773 1085 3826 E.
1117 3773 1252 3827 etC.
1282 3774 1336 3828 in
1359 3774 1645 3831 diatonico.
1669 3774 1741 3830 At
1766 3776 1808 3831 C
1827 3785 1882 3832 et
1910 3777 1951 3831 D
1973 3777 2026 3830 in
2061 3791 2222 3832 enar-

645 3862 882 3917 monico.
915 3872 970 3918 et
997 3862 1039 3917 C
1067 3872 1122 3918 et
1155 3863 1198 3918 ι)
1225 3873 1280 3919 et
1312 3863 1355 3918 E
1380 3865 1433 3920 in
1465 3865 1817 3923 chromatico.
1854 3867 2038 3937 Itaque
2079 3867 2222 3939 quod

645 3951 788 4007 intra
815 3951 875 4008 C.
933 3961 990 4009 et
1039 3955 1100 4009 D.
1143 3955 1196 4010 in
1245 3955 1537 4024 diatonico,
1598 3967 1681 4014 est
1720 3959 2108 4015 semitonium:
2163 3958 2226 4014 Iit

647 4046 812 4100 etiam
833 4059 896 4101 ea
919 4054 1072 4116 parte
1097 4048 1347 4118 superius
1372 4047 1426 4103 in
1448 4049 1784 4105 chromatico
1816 4050 1956 4105 intra
1986 4050 2047 4106 C.
2077 4059 2132 4106 et
2157 4050 2221 4104 D.

647 4134 1014 4191 semitonium.
1047 4135 1198 4204 Quod
1217 4123 1387 4207 ipsum
1414 4139 1760 4194 semitonium
1789 4138 1843 4194 in
1873 4139 2226 4194 enarmonico

649 4221 712 4280 ﬁt
739 4223 878 4279 intra
894 4224 954 4281 CL
971 4233 1026 4280 et
1055 4225 1117 4280 D.
1140 4227 1388 4282 divisum.
1417 4225 1616 4284 Iterum
1640 4229 1694 4284 in
1721 4228 1993 4285 diatonico
2015 4243 2046 4284 a
2068 4243 2230 4300 para-

967 4316 1068 4372 IE

655 4414 778 4463 nete
819 4407 1195 4483 hyperbolaeon
1231 4424 1402 4480 usque
1436 4409 1488 4466 in
1527 4417 1829 4466 extremum
1875 4410 2046 4468 ternis
2078 4426 2232 4468 men-

656 4498 857 4553 suratis
915 4501 1154 4555 occurrit
1208 4510 1404 4571 quarto
1439 4501 1614 4571 spatio
1673 4500 1914 4556 inferiori
1958 4501 2019 4555 Β.
2059 4499 2112 4555 id
2147 4509 2234 4555 est

656 4594 780 4641 nete
829 4603 1234 4658 synemmenon,
1303 4599 1560 4661 paranete
1615 4591 2054 4660 diezeugmenon,
2110 4605 2234 4646 cum

655 4675 750 4732 IIJ.
808 4693 1044 4735 mecm.
1093 4679 1304 4761 Itursus
1358 4682 1411 4736 in
1440 4681 1712 4738 diatonico
1739 4696 1770 4735 a
1802 4681 1931 4739 trite
1966 4681 2235 4754 hyperbo-

857 4767 902 4822 ι)

657 4857 815 4923 ιωοη,
877 4858 1052 4914 tribus
1091 4859 1159 4913 ad
1211 4859 1456 4916 ultimum
1500 4859 1731 4930 sumptis
1767 4867 1960 4929 quarta
2016 4858 2240 4916 inferior

661 4949 992 5016 pervenerit,
1029 4950 1094 5005 A.
1131 4951 1181 5005 id
1217 4959 1322 5018 est,
1363 4962 1622 5022 paranete
1655 4967 2066 5025 synemmenon,
2114 4953 2241 5008 trite

662 5039 1104 5112 diezeugmenon.
1138 5043 1281 5098 Intra
1309 5059 1430 5114 qua:
1459 5045 1511 5099 id
1535 5053 1619 5100 est
1638 5045 1702 5100 A.
1728 5051 1785 5099 et
1817 5043 1882 5099 D.
1911 5043 2240 5109 diatoniqttm

667 5131 937 5186 dividatur
965 5134 1212 5203 superius
1241 5135 1655 5204 chromaticum,
1685 5143 1739 5190 et
1765 5136 1824 5188 Iit
1860 5135 1930 5189 ibi
1958 5136 2099 5189 intra
2127 5133 2238 5189 AB.

665 5225 1030 5280 semitonium.
1075 5225 1116 5280 Β
1141 5225 1200 5282 C.
1254 5235 1432 5281 tonus.
1486 5225 1541 5280 In
1576 5226 1924 5282 enarmonieo
1968 5225 2109 5280 intra
2136 5223 2177 5278 Β
2201 5222 2242 5278 C

637 5321 794 5370 -tono
818 5315 1105 5380 existente,
1146 5316 1288 5386 quod
1314 5315 1518 5370 dividat
1559 5322 1730 5371 totum
1761 5316 1828 5370 ab
1864 5314 1930 5371 Α.
1976 5314 2244 5371 diatonico

667 5404 828 5458 (lucta
876 5404 1015 5461 linea
1058 5405 1109 5459 in
1141 5405 1568 5461 enarmonicum.
1616 5403 1809 5459 Tribus
1841 5403 2031 5458 iterum
2062 5419 2091 5458 a
2121 5413 2246 5460 nete

670 5494 1092 5564 diezeugmenon
1136 5495 1202 5550 ad
1233 5494 1393 5549 finem
1423 5495 1582 5559 datis,
1610 5503 1860 5563 quartum
1893 5494 1951 5548 Iit
1989 5493 2053 5548 (Ξ.

665 5605 950 5662 paramese
977 5589 1069 5646 IIIJ
1092 5605 1233 5646 xcvr.
1263 5590 1329 5644 ab
1355 5604 1442 5655 eo,
1467 5588 1519 5644 id
1541 5597 1648 5655 est,
1671 5587 1942 5643 diatonico
1965 5602 2248 5657 paramese

2085 5493 2137 5548 id
2165 5501 2249 5549 est
2349 5500 2467 5556 est;
2515 5490 2629 5560 ipse
2671 5488 2815 5545 enim
2862 5496 3050 5555 tropus
3076 5483 3162 5537 vix
3191 5495 3285 5551 per
3309 5471 3622 5560 synemtnenoll

2293 1957 2398 2020 pta:
2421 1955 2547 2002 sunt
2576 1946 2828 2015 integra):
2863 1943 3268 2014 sequentiarum
3307 1941 3523 1999 ordinem
3553 1957 3622 2012 per
3637 1940 3727 2008 hujus

2293 2043 2455 2098 mins
2479 2055 2746 2097 mensura:
2767 2038 3012 2094 dicemus
3054 2035 3340 2091 rationem.
3385 2033 3474 2092 Ubi
3506 2034 3547 2087 in
3569 2032 3725 2087 divisione

2296 2143 2530 2206 quatuor
2569 2131 2804 2202 partium
2842 2143 2990 2184 mese
3008 2143 3134 2184 cum
3168 2127 3263 2184 IIIJ
3293 2126 3344 2183 d.
3371 2141 3506 2182 cvm.
3529 2123 3722 2195 pooijossi-

2297 2241 2442 2291 mus,
2475 2225 2549 2280 ibi
2585 2223 2810 2293 incipiat
2855 2221 3090 2277 duarum
3140 2219 3370 2292 partium
3402 2217 3519 2274 ordo
3551 2215 3721 2286 posterius.

2299 2318 2406 2375 Sed
2434 2318 2532 2383 sic,
2558 2324 2616 2370 ut
2650 2315 2794 2385 quod
2825 2314 2880 2370 in
2924 2313 3139 2369 minore
3178 2309 3430 2366 divisione
3471 2315 3630 2362 constat
3653 2304 3722 2357 tin-

2298 2409 2467 2480 plum,
2512 2407 2566 2461 in
2614 2404 2774 2475 hujus
2822 2401 3102 2474 sequentis
3154 2398 3391 2472 genitura
3441 2394 3650 2467 proveniat
3677 2391 3720 2444 dr-

2302 2499 2469 2569 plum.
2493 2496 2653 2554 Verbi
2685 2494 2894 2568 gratia:
2923 2493 3186 2563 spatium,
3213 2489 3354 2561 quod
3378 2487 3501 2544 inter
3518 2494 3610 2540 nete
3623 2483 3721 2550 hypet-

2654 2587 2776 2644 i.F

2302 2681 2532 2745 boimon,
2581 2688 2636 2736 et
2681 2683 2942 2750 paranete
2981 2673 3360 2748 hyperbolaeon
3399 2661 3726 2740 simpliticatur,il

2308 2863 2450 2920 inter
2478 2875 2626 2918 mese
2663 2868 2720 2916 et
2769 2858 3014 2915 lichanos
3047 2848 3233 2913 mesen
3277 2851 3557 2924 duplicatur.
3580 2845 3676 2913 Quod
3698 2840 3730 2894 Ii-

2309 3045 2512 3100 chanos
2557 3055 2744 3098 meson
2794 3054 2919 3097 eum
2942 3037 2988 3092 ν
3015 3051 3302 3094 CLXXXIII].
3349 3043 3545 3089 onmem
3579 3025 3623 3080 ad
3646 3034 3733 3075 mese

2312 3134 2526 3205 integro
2557 3141 2704 3188 tono.
2738 3131 2830 3187 Sic
2869 3144 2968 3201 per
2992 3128 3160 3199 hujus
3207 3125 3404 3184 ordinis
3436 3113 3734 3212 consequuta!

2312 3226 2556 3282 eamdem
2583 3224 2636 3278 in
2663 3221 2874 3280 caeteris
2903 3220 3291 3278 inevitabiliter
3313 3214 3549 3274 veriiicam
3565 3214 3738 3281 provenire

2313 3317 2661 3374 sententiam.

2386 3407 2494 3464 Nec
2545 3407 2598 3463 id
2645 3407 2696 3463 in
2750 3405 2864 3462 solo
2904 3405 2985 3461 sic
3015 3403 3322 3476 duplicatur
3364 3395 3603 3456 diatonico,
3633 3398 3740 3476 rem

2316 3499 2478 3557 etiam
2508 3513 2606 3568 per
2631 3496 2848 3553 easdem
2877 3474 3116 3560 litteras,
3138 3484 3251 3550 non'
3273 3501 3436 3547 tamen
3461 3487 3504 3542 in
3525 3481 3658 3568 eodem
3679 3474 3743 3568 lof°

2319 3590 2374 3645 in
2402 3563 2736 3645 chromatico
2780 3595 2835 3642 et
2873 3585 3248 3646 enarmonico.
3272 3581 3427 3652 Igitur
3454 3575 3554 3647 quia

2319 3689 2622 3752 putaretur,
2653 3679 2698 3734 si
2727 3678 2795 3734 de
2821 3677 3050 3748 singulis
3098 3673 3417 3733 suﬁicienter
3452 3667 3545 3755 iam
3568 3657 3743 3755 ἀίαξηιῗ

2323 3751 2443 3824 rato
2497 3774 2851 3822 tractaretur:
2903 3765 3028 3821 inde
3065 3763 3280 3819 ratione
3321 3751 3745 3842 postposita

2324 3865 2529 3910 tantum
2557 3854 2776 3911 nomine
2799 3868 2922 3911 cum
2936 3866 3168 3908 numero
3189 3843 3542 3905 remanentium
3559 3831 3748 3890 ascrian

2323 3958 2572 4006 tonorum
2604 3961 2729 4006 cum
2782 3943 3052 4018 prioribus
3090 3937 3524 4013 duplicandorum.
3560 3926 3660 3994 Ergo
3682 3922 3746 3987 1³0⁵⁸

2329 4130 2574 4186 lichanos
2615 4142 2803 4184 meson
2835 4125 2900 4180 ι).
2943 4123 3090 4196 quod
3119 4131 3206 4180 est
3246 4123 3485 4192 parypate
3520 4118 3656 4168 meson
3683 4107 3750 4151 ωω

2332 4234 2558 4276 numero
2587 4218 2652 4272 ν.
2695 4219 2748 4272 d.
2801 4230 3074 4273 cccxxx".
3127 4223 3248 4285 post
3291 4210 3427 4266 illum
3467 4197 3750 4285 MPme

2331 4325 2455 4367 cum
2477 4307 2564 4363 VI.
2587 4322 2775 4364 cum.
2813 4305 2944 4361 Post
2963 4282 3386 4375 quem—lichanos
3409 4298 3599 4366 hypaton
3615 4282 3666 4375 VB.
3681 4285 3747 4331 ωω

2332 4413 2576 4465 numero,
2601 4412 2760 4468 quem
2781 4396 2894 4468 jam
2922 4374 3180 4450 disimus.
3213 4391 3360 4447 Ilunc
3381 4374 3751 4468 sequatur

2334 4500 2460 4563 pate
2495 4457 2731 4562 hypaton
2775 4457 2896 4543 cum
2936 4500 3164 4541 numero
3216 4481 3322 4538 VII.
3361 4478 3410 4533 d.
3447 4479 3634 4563 curru.

2335 4554 2485 4640 illum
2511 4554 2780 4653 (I-lrypate
2807 4581 3063 4650 bypatum
3093 4592 3218 4634 cum
3254 4572 3378 4629 VIII.
3401 4579 3540 4625 cxcn.
3558 4554 3749 4653 Ροιξ

2336 4676 2390 4730 in
2430 4673 2545 4744 ipso
2589 4634 2938 4727 Indnocho‘r'di
2964 4669 3120 4725 initio
3163 4665 3446 4736 assignetur

2338 4735 2600 4820 nonienos
2639 4775 2764 4817 cum
2793 4773 3022 4816 numero
3048 4735 3370 4829 supradicto.
3399 4749 3454 4804 Et
3484 4745 3573 4798 lucc
3594 4735 3632 4789 in

2337 4845 2464 4922 bus,
2493 4853 2549 4910 id
2587 4861 2691 4919 est,
2736 4851 2821 4908 bis
2850 4851 3023 4918 tribus
3074 4825 3357 4920 generibus
3380 4837 3498 4894 ratio
3532 4825 3741 4922 servet“:

2340 4914 2485 5016 quod
2510 4944 2564 5000 in
2593 4914 2878 4998 altioribus
2906 4914 3125 4996 chordis
3167 4932 3403 5004 simplum
3431 4922 3623 5016 haliclm‘g

2343 4986 2635 5092 Ferioribus
2661 5047 2878 5103 semper
2929 5029 3174 5085 inﬁmum
3213 5012 3516 5079 convenienti
3543 5008 3628 5100 loco

2345 5137 2516 5184 cetur.
2567 5123 2663 5180 liis
2692 5079 3082 5184 itarordinatis,
3113 5117 3160 5174 si
3193 5114 3412 5186 diligens
3447 5090 3649 5160 mensoris
3675 5079 3751 5136 οάειί

2345 5231 2496 5281 cura,
2525 5227 2803 5283 nunquam
2830 5209 2982 5265 fallet
2999 5220 3276 5264 mensura.

2417 5257 2599 5362 Tertia
2625 5257 2678 5359 in
2710 5302 2974 5374 principio
3003 5299 3356 5358 diawssam'
3378 5285 3457 5394 (ἕῗί
3480 5275 3638 5410 ‘13::
3651 5257 3750 5410 ἔξυρες

2349 5365 2730 5456 semitonium:
2760 5365 2908 5468 (625-)
2941 5391 3289 5463 asperiorem,
3323 5383 3404 5455 qui
3428 5380 3474 5435 ia

2415 5500 2425 5504 ,
2515 5490 2527 5502 ο
2743 5488 2755 5500 ο
2802 5503 2805 5504 ν
2862 5496 2874 5504 .
2901 5501 3046 5504 κημυ,
3076 5483 3156 5504 με-.
3191 5495 3285 5504 ..⁸-
3312 5481 3518 5504 ."nnnim
3737 5471 3745 5485 ³

2351 5535 2635 5640 Secundus
2674 5591 2860 5652 tropus
2900 5535 3063 5636 habet
3116 5535 3433 5632 tetrachorda
3469 5535 3746 5620 duorm”

670 5827 674 5832 _
745 5770 914 5844 (625)
963 5769 1060 5824 Ιλιὶρ
1101 5768 1422 5840 principium
1464 5769 1613 5825 deest
1663 5767 1728 5824 de
1775 5767 1951 5837 primo
1994 5774 2139 5833 tono,
2181 5769 2245 5824 de
2296 5782 2404 5838 quo
2428 5765 2605 5837 aliqua
2643 5764 2977 5834 explicantur
3001 5761 3053 5816 in
3084 5751 3314 5826 sequenti
3342 5741 3520 5816 vasin“-
