3916 6418
165 378 278 436 929

1263 375 1346 432 DE
1385 369 1778 430 IIARMONICA
1821 369 2328 432 INSTITUTIONE.

3322 379 3429 440 930

163 499 453 569 hypaton:
500 491 882 550 Distinctioncs
903 491 1148 564 proprias
1181 500 1439 564 parypate
1471 491 1706 562 hypaton
1728 527 1743 554 ,
1771 487 1822 547 A
1848 488 1972 558 quia
2018 505 2192 560 neque
2225 490 2396 546 solum
2447 491 2500 546 in
2549 491 2794 549 terminis
2835 493 3257 564 speculationem
3304 511 3432 567 pro-

161 589 419 644 lichanos
447 585 706 657 hypaton,
739 582 1026 654 aliquando
1056 596 1204 637 mese
1249 590 1302 637 et
1333 581 1574 636 lichanos
1603 595 1750 636 mese

163 677 224 733 in
271 675 568 748 propriam,
619 674 890 730 interdum
946 681 1003 730 et
1044 681 1308 744 parypate
1359 688 1568 736 meson,
1634 673 1751 742 ipse

161 783 446 839 nunquam
499 781 596 836 per
639 779 989 837 synemmena
1039 763 1229 820 currit.
1295 761 1509 819 Tertius
1566 771 1750 833 tropus

161 859 337 915 habet
363 857 706 913 tetrachorda
738 855 838 911 tria
866 873 880 910 :
928 870 1236 926 paramese,
1268 869 1435 922 mese,
1470 855 1704 927 hypaton
1731 873 1745 910 :

161 946 554 1003 distinctiones
598 961 694 1001 sex
731 945 817 1000 vel
870 945 1049 1016 potius
1086 945 1342 1015 quinque,
1389 945 1514 999 trite
1543 944 1751 1000 diezeu-

160 1054 405 1111 gmenon
444 1053 615 1109 usque
656 1037 722 1094 ad
769 1038 970 1110 hypate
1005 1051 1212 1103 meson,
1245 1036 1450 1092 scilicet
1488 1035 1613 1092 trite
1639 1036 1752 1092 die-

160 1147 528 1203 zeugmenon,
552 1145 854 1202 paramese,
880 1145 1044 1197 mese,
1061 1129 1304 1185 lichanos
1337 1145 1523 1185 meson
1550 1130 1750 1201 hypate

160 1237 382 1278 meson.
434 1221 514 1278 Ex
544 1222 627 1277 his
643 1221 770 1277 solre
792 1231 956 1278 certa:
1002 1237 1150 1278 mese
1171 1230 1227 1277 et
1259 1219 1500 1276 lichanos
1529 1235 1746 1276 meson:

162 1314 262 1368 hic
284 1313 426 1368 licite
447 1327 544 1382 per
563 1327 910 1384 synemmena
931 1313 1122 1368 currit.
1146 1312 1384 1378 Quartus
1398 1312 1559 1367 habet
1576 1320 1746 1366 tetra-

161 1404 375 1459 chorda
393 1404 517 1469 duo,
536 1418 721 1459 meson
735 1410 789 1458 et
811 1403 1044 1475 hypaton
1063 1422 1075 1457 :
1093 1401 1464 1459 distinctiones
1479 1401 1746 1472 quinque:

163 1493 413 1550 lichanos
450 1493 711 1565 hypaton,
753 1495 950 1565 hypate
988 1509 1195 1561 meson,
1249 1493 1489 1548 lichanos
1538 1507 1746 1558 meson,

165 1592 430 1656 parypate
462 1599 646 1639 meson
677 1602 692 1637 :
759 1581 1074 1654 frequenter
1098 1583 1162 1639 ad
1211 1592 1470 1656 parypate
1510 1583 1748 1655 hypaton

169 1689 343 1745 usque
369 1673 434 1728 ad
469 1687 810 1744 paramesen,
835 1673 918 1730 vel
961 1675 1089 1729 trite
1119 1674 1561 1745 diezeugmenon,
1593 1689 1750 1745 para-

169 1773 296 1818 nete
320 1763 765 1835 diezeugmenon,
802 1764 892 1819 hic
937 1779 1150 1834 quoque
1204 1764 1351 1820 licite
1391 1781 1488 1835 per
1533 1781 1746 1837 synem-

1851 579 2118 648 portionis
2145 582 2327 646 habet,
2359 597 2534 652 neque
2564 583 2736 638 solum
2766 585 2820 639 in
2851 583 3209 654 differentiis;
3251 589 3346 642 sed
3371 588 3427 644 In

1846 671 2092 743 utrisque
2141 678 2524 732 communiter.
2572 675 2776 742 Qumrit
2829 676 2997 742 enim,
3056 686 3115 732 ut
3161 679 3425 747 quemad-

1848 764 2066 818 modum
2097 773 2226 820 sunt
2266 767 2331 821 ad
2379 782 2438 822 se
2467 765 2692 821 extremi
2726 766 2966 830 termini,
2993 767 3073 822 sic
3103 765 3324 834 majoris
3362 768 3429 822 ad

1848 853 2084 908 medium
2111 853 2409 910 differentia
2441 856 2714 911 contineat
2740 854 3095 910 differentiam
3129 855 3430 912 medietatis

1848 944 1916 999 ad
1941 943 2208 1000 ultimum.
2243 945 2486 1017 Ipsarum
2511 961 2724 1016 quoque
2754 946 3082 1001 musicarum
3129 962 3430 1001 consonan-

1850 1037 2066 1104 tiarum,
2117 1053 2253 1109 quas
2305 1038 2654 1110 symphonias
2697 1039 2998 1103 nominant,
3054 1039 3430 1108 proportiones

1850 1127 1902 1182 in
1948 1128 2053 1182 hac
2103 1143 2239 1199 pene
2294 1129 2408 1184 sola
2467 1129 2754 1184 medietate
2808 1127 3117 1199 frequenter
3167 1129 3427 1183 invenies.

1849 1216 2090 1288 Namque
2137 1220 2456 1291 symphonia
2503 1221 2858 1285 diatessaron,
2891 1236 3008 1289 quze
3050 1220 3300 1290 princeps
3325 1230 3428 1286 est,

1849 1319 1903 1364 ct
1926 1311 2319 1380 quodammodo
2352 1313 2459 1367 vim
2495 1313 2703 1367 obtinet
2747 1312 3020 1376 elementi,
3069 1311 3122 1365 in
3168 1311 3430 1382 ejusmodi

1848 1401 2180 1458 harmonicis
2207 1405 2585 1460 medietatibus
2615 1405 2903 1459 invenitur.
2940 1405 3009 1459 Ut
3055 1413 3180 1460 sunt
3221 1404 3306 1459 Vl.
3354 1403 3424 1459 ad

1849 1490 1982 1547 VIII.
2010 1495 2117 1548 sint
2137 1510 2265 1566 ergo
2287 1495 2590 1566 hujusmodi
2613 1495 2914 1550 medietatis
2935 1495 3169 1559 termini,
3197 1510 3426 1564 quorum

1848 1587 2079 1640 extremi
2113 1586 2223 1640 sint
2261 1587 2430 1657 dupli,
2485 1595 2542 1643 et
2589 1585 2699 1651 alii,
2743 1599 2972 1657 quorum
3014 1584 3242 1640 extremi
3291 1581 3432 1653 tripli

1849 1673 1958 1730 sint
1985 1675 2082 1730 ita.

2095 1764 2106 1838 |
2141 1765 2226 1820 v1.
2261 1767 2272 1836 ι
2305 1765 2436 1822 vut.
2471 1766 2481 1838 |
2511 1765 2624 1821 xu.
2648 1764 2805 1838 ultu.
2840 1765 2852 1834 ι
2883 1763 2970 1819 vr.
3005 1763 3015 1836 ι
3050 1762 3160 1820 xu.

169 1868 328 1907 mena
349 1853 538 1908 currit.
563 1852 794 1921 Quintus
823 1861 1009 1924 tmpus
1037 1853 1203 1909 habet
1246 1836 1586 1910 tetrachorda
1619 1855 1746 1923 tria,
1773 1836 1824 1897 Β
1921 1836 2296 1912 Duodenarius
2325 1836 2490 1928 igitur
2525 1855 2592 1910 ad
2621 1843 2894 2014 senarixr:
2924 1853 3117 1923 duplus
3141 1861 3223 1909 est
3253 1869 3268 1920 ;
3299 1853 3431 1909 etin

169 1943 368 2014 hypate
412 1961 622 2011 meson,
649 1953 706 2000 et
748 1944 1063 2014 frequenter
1107 1945 1486 2014 hyperbolaeon
1517 1965 1530 2000 :
1558 1947 1749 2003 distin-
1849 1947 1956 2003 alia
1985 1947 2334 2014 dispositione
2363 1946 2475 2000 XII.
2523 1947 2592 2001 ad
2638 1945 2742 2000 IIII.
2779 1945 2844 1999 tri
2888 1944 2971 2000 lus
2999 1951 3106 2000 est.
3151 1943 3352 2000 Horum
3385 1945 3431 2000 si

169 1943 368 2014 hypate
412 1961 622 2011 meson,
649 1953 706 2000 et
748 1944 1063 2016 frequenter
1107 1945 1486 2018 hyperbolaeon
1517 1965 1530 2000 :
1558 1947 1749 2003 distin-

171 2035 382 2091 ctiones
411 2052 538 2103 sex;
568 2051 794 2107 quarum
823 2038 1085 2093 certiores
1113 2038 1353 2093 existunt
1381 2039 1508 2094 trite
1533 2039 1750 2096 diezeu-

173 2139 428 2195 gmenon,
462 2133 724 2194 paranete
771 2125 1236 2196 diezeugmenon;
1269 2138 1478 2183 caetera:
1527 2128 1749 2186 lubrica:

176 2228 208 2267 a
237 2221 490 2282 paranete
533 2213 951 2284 diezeugmenon
999 2230 1173 2287 usque
1217 2224 1477 2288 parypate
1523 2233 1743 2286 meson;

182 2301 373 2371 reliqui
402 2317 496 2372 per
520 2305 866 2360 enarmonica
897 2304 1185 2362 incedunt:
1218 2307 1365 2364 licite
1411 2321 1510 2379 per
1535 2325 1749 2382 synem-

184 2409 340 2448 mena
386 2394 470 2449 hic
506 2409 719 2465 quoque
766 2412 1011 2477 currens.
1056 2399 1255 2456 Sextus
1293 2401 1533 2472 quinque
1582 2410 1748 2457 tetra-

175 2484 375 2538 chorda
405 2485 582 2553 habet,
604 2487 839 2560 hypaton
864 2500 918 2546 et
946 2506 1154 2560 meson,
1181 2508 1344 2548 unam
1384 2493 1746 2550 firmissimam

173 2576 577 2634 distinctionem
619 2581 881 2649 retinens,
927 2585 982 2638 id
1027 2594 1130 2652 est,
1180 2595 1442 2658 parypate
1485 2585 1745 2658 hypaton,

173 2675 285 2724 tres
315 2669 550 2741 reliquas
588 2687 692 2728 non
740 2682 900 2730 tantae
929 2673 1223 2741 ﬁrmitatis,
1257 2677 1463 2734 scilicet
1505 2677 1748 2735 lichanos

172 2776 385 2826 meson,
429 2762 675 2820 lichanos
723 2766 980 2838 hypaton,
1008 2775 1062 2823 et
1113 2769 1311 2840 hypate
1362 2771 1621 2841 hypaton,
1653 2786 1750 2840 per

165 2865 518 2923 synemmena
559 2853 703 2911 licite
753 2857 1039 2914 transiens.
1073 2858 1344 2930 Septimus
1378 2869 1562 2930 tropus
1585 2861 1748 2917 habet

168 2943 516 2998 tetrachorda
565 2943 687 3010 tria,
725 2945 1171 3018 diezeugmenon,
1207 2965 1392 3006 meson
1438 2958 1494 3006 et
1535 2966 1749 3022 synem-

165 3047 369 3088 menon
399 3050 414 3088 :
461 3034 837 3093 distinctiones
864 3039 1121 3108 quinque,
1156 3039 1560 3112 hyporbolazon,
1591 3057 1750 3112 para-

163 3134 294 3181 nete
315 3126 730 3197 hyperbolaeon,
762 3138 817 3185 et
857 3139 979 3184 nete
1008 3130 1450 3203 diezeugmenon,
1483 3133 1610 3189 trite
1632 3133 1746 3189 die-

163 3232 506 3288 zeugmcnon
549 3234 716 3286 mese,
773 3220 1016 3278 lichanos
1078 3237 1257 3288 mese;
1316 3224 1402 3279 cui
1436 3232 1589 3296 tropo
1618 3239 1744 3281 raro
1771 3186 1817 3251 Ο

159 3323 514 3381 synemmena
539 3311 929 3366 conceduntur.
959 3312 1195 3370 Octavus
1235 3314 1401 3370 habet
1446 3315 1747 3371 tetrachor-

159 3400 239 3456 da
267 3409 519 3470 quatuor,
549 3401 804 3474 hypaton,
835 3420 1041 3470 meson,
1079 3406 1526 3478 diezeugmenon,
1557 3407 1747 3478 hyper-

160 3491 375 3546 bolaeon
403 3509 416 3546 :
448 3491 821 3551 distinctiones
847 3506 979 3562 tres,
1006 3512 1213 3564 meson,
1239 3497 1484 3553 lichanos
1506 3499 1741 3570 hypaton

155 3578 482 3650 perfectam,
509 3591 766 3654 parypate
794 3600 976 3641 meson
1023 3601 1203 3642 raram
1248 3595 1304 3642 et
1347 3587 1742 3658 imperfectam.

159 3669 499 3737 Cavendum,
537 3673 787 3744 diapente
809 3689 877 3729 ex
907 3675 1242 3732 diatessaron
1271 3677 1324 3732 id
1356 3677 1658 3749 graviorem
1686 3686 1746 3734 et

159 3771 224 3816 ct
264 3761 319 3816 in
364 3763 660 3819 acutiorem
701 3775 913 3836 partem
957 3767 1148 3823 reddi:
1183 3769 1360 3824 omnis
1397 3769 1604 3840 species
1631 3770 1746 3825 dia-

158 3863 328 3925 pente
354 3855 436 3912 vel
466 3857 820 3916 diatessarum
859 3861 1113 3919 continue
1142 3865 1227 3921 vel
1257 3865 1628 3938 disgrcgatim,
1660 3866 1748 3924 in-

160 3953 320 4000 tense
346 3945 430 4002 vel
457 3947 681 4003 remisse
707 3950 1074 4008 modulantur.

235 4036 293 4090 In
325 4038 498 4108 primo
544 4049 654 4096 toto
691 4041 824 4097 dicit
871 4043 1019 4115 (626)
1060 4059 1182 4103 esse
1226 4046 1330 4102 tria
1377 4048 1741 4117 tetrachorda,

157 4143 394 4199 quorum
423 4129 572 4198 illud,
605 4133 748 4202 quod
776 4133 844 4188 ad
875 4150 1093 4205 gravem
1139 4147 1345 4208 partem
1389 4153 1421 4192 a
1464 4155 1745 4210 paramese

158 4219 388 4288 incipit,
434 4221 652 4291 quidem
707 4223 1038 4282 diatessaron
1086 4229 1461 4300 symphoniam
1509 4231 1742 4300 excedit,

156 4311 276 4368 illic
300 4312 442 4368 enim
476 4321 584 4370 tres
633 4315 744 4371 toni
799 4332 858 4374 se
903 4329 1199 4390 sequuntur
1245 4321 1504 4378 continui.
1535 4322 1747 4382 Rursus

159 4410 227 4457 ut
267 4401 342 4456 ait
376 4402 431 4458 in
478 4402 670 4458 eodem
725 4413 877 4476 tropo
929 4417 1055 4462 sunt
1091 4409 1464 4466 distinctiones
1509 4412 1747 4484 quinque

1849 1947 1956 2003 alia
1985 1947 2334 2017 dispositione
2363 1946 2475 2000 XII.
2523 1947 2592 2001 ad
2638 1945 2742 2000 IIII.
2779 1943 2971 2014 triplus
2999 1951 3106 2000 est.
3151 1943 3352 2000 Horum
3385 1945 3432 2000 si

1851 2039 2182 2096 differentias
2227 2039 2564 2108 colligamus,
2596 2046 2652 2092 et
2681 2037 2748 2091 ad
2791 2052 2850 2092 se
2878 2036 3108 2091 invicem
3157 2050 3434 2106 compare-

1850 2148 1991 2198 mus,
2033 2131 2249 2202 epitrita
2302 2131 2599 2202 proportio,
2649 2128 2702 2184 id
2751 2138 2854 2192 est,
2903 2128 3240 2184 diatessaron
3282 2143 3431 2200 sym-

1848 2221 2045 2293 phonia
2077 2220 2367 2291 colligitur.
2414 2221 2558 2273 Inter
2601 2218 2689 2273 VI.
2741 2219 2885 2273 enim
2926 2227 2981 2274 et
3029 2219 3141 2274 XII.
3184 2219 3433 2275 senarius

1847 2319 1954 2375 est,
1987 2318 2040 2364 et
2072 2309 2211 2364 inter
2256 2308 2365 2363 Illl.
2393 2317 2448 2363 et
2491 2307 2600 2363 Xll.
2654 2307 3006 2362 octonarius:
3058 2307 3183 2376 quia
3223 2307 3433 2362 scilicet

1848 2403 2160 2459 octonarius
2183 2400 2248 2456 ad
2277 2401 2550 2457 senarium
2578 2399 2982 2468 sesquitertiam
3013 2395 3176 2452 efficit
3202 2412 3431 2467 propor-

1852 2495 2072 2550 tionem.
2119 2493 2178 2548 In
2223 2493 2413 2548 eadem
2462 2505 2677 2562 quoque
2733 2489 3024 2544 medietate
3078 2497 3134 2543 et
3181 2487 3432 2556 diapente

1850 2585 2167 2657 symphonia
2193 2582 2552 2652 componitur.
2594 2580 2649 2634 In
2679 2579 2877 2648 duplici
2923 2577 3173 2633 videlicet
3214 2575 3329 2630 XII.
3362 2576 3431 2630 ad

1849 2675 1982 2732 Vlll.
2013 2684 2067 2730 et
2098 2674 2151 2730 in
2183 2672 2379 2744 triplici
2409 2671 2492 2728 Vl.
2526 2672 2594 2726 ad
2637 2670 2744 2726 IIII.
2779 2668 3135 2739 sesquialtera
3158 2676 3260 2723 est.
3301 2665 3431 2722 Post

1850 2769 1995 2823 hunc
2023 2775 2203 2821 autem
2226 2765 2482 2836 diapason
2511 2762 2864 2819 consonantia
2890 2768 2994 2825 est,
3025 2768 3087 2814 ut
3106 2757 3194 2815 VI.
3225 2757 3292 2813 ad
3315 2756 3428 2812 XII.

1849 2859 1907 2914 In
1930 2859 2125 2930 triplici
2147 2872 2362 2930 quoque
2383 2856 2736 2928 dispositione
2766 2853 2928 2910 simul
2957 2853 3207 2924 diapente
3233 2861 3288 2908 et
3315 2851 3431 2905 dia-

1848 2968 2017 3024 pason
2069 2950 2389 3023 symphonia
2433 2947 2810 3018 componitur:
2866 2955 2928 3001 ut
2969 2953 3096 3000 sunt
3137 2941 3222 2998 VI.
3273 2939 3432 2996 VIIII.

1850 3043 2032 3100 XVIII.
2072 3043 2140 3099 Et
2173 3042 2427 3113 quoniam
2456 3040 2648 3111 triplus
2690 3038 2824 3094 duas
2868 3036 3110 3092 continet
3135 3047 3436 3090 consonan-

1853 3138 1974 3203 tias,
2020 3135 2270 3206 diapente
2318 3132 2525 3189 scilicet
2573 3147 2638 3187 ac
2686 3130 2962 3200 diapason,
3010 3127 3064 3182 in
3116 3123 3436 3181 differentiis

1846 3225 2088 3296 ejusdem
2117 3223 2342 3295 triplicis
2365 3223 2614 3278 eumdem
2654 3219 2872 3291 triplum
2901 3217 3259 3290 reperiemus.
3293 3212 3434 3268 Nam

1846 3319 1989 3374 inter
2016 3316 2101 3372 VI.
2135 3327 2190 3372 et
2221 3315 2368 3370 Vllll.
2398 3313 2670 3371 ternarias
2711 3311 3018 3368 differentia
3067 3318 3173 3375 est,
3203 3314 3260 3362 et
3293 3307 3436 3363 inter

1845 3410 2000 3466 VIIII.
2025 3420 2079 3465 et
2101 3409 2285 3464 XVIII.
2315 3408 2664 3471 novenarius,
2699 3406 2788 3476 qui
2821 3405 2887 3460 ad
2919 3404 3212 3458 ternarium
3243 3401 3436 3472 triplus

1844 3511 1950 3558 est.
1981 3501 2040 3556 In
2073 3500 2234 3570 dupla
2264 3514 2394 3554 vero
2447 3497 2798 3568 dispositione
2848 3495 3021 3566 major
3060 3493 3322 3548 terminus
3365 3493 3434 3547 ad

1844 3591 2010 3648 medii
2041 3590 2258 3646 termini
2286 3598 2476 3645 contra
2507 3603 2566 3644 se
2601 3585 2961 3643 differentiam
2991 3584 3184 3654 triplus
3217 3591 3320 3638 est.
3365 3581 3435 3636 Et

1845 3699 2035 3740 rursus
2061 3683 2239 3739 minor
2271 3681 2532 3737 terminus
2569 3680 2636 3735 ad
2666 3677 3028 3733 differentiam
3058 3675 3141 3731 sui
3173 3683 3228 3730 et
3269 3674 3433 3729 medii

1845 3775 2059 3834 termini
2096 3772 2285 3845 triplus
2311 3781 2413 3829 est.
2441 3771 2576 3827 Nam
2630 3771 2772 3826 inter
2802 3767 2933 3823 VIII.
2965 3777 3020 3822 et
3049 3765 3160 3822 XII.
3210 3773 3432 3835 quater-

1844 3868 2030 3924 narius
2055 3874 2158 3931 est,
2187 3865 2277 3936 qui
2305 3864 2372 3919 ad
2396 3863 2625 3919 eundem
2651 3859 3041 3915 duodenarium
3093 3855 3289 3925 triplus
3328 3862 3434 3920 est,

1844 3970 1900 4016 et
1926 3961 2069 4015 inter
2099 3957 2184 4013 VI.
2225 3965 2281 4012 et
2304 3953 2437 4010 VIII.
2459 3953 2726 4018 binarius,
2753 3951 2845 4022 qni
2872 3964 3062 4004 rursus
3089 3947 3156 4002 ad
3181 3946 3435 4002 eumdem

1844 4051 2120 4110 senarium
2151 4047 2342 4120 triplus
2367 4055 2471 4104 est.
2500 4045 2593 4100 Illa
2621 4052 2802 4099 autem
2826 4043 3063 4097 maxima
3093 4039 3434 4110 symphonia,

1845 4155 1967 4214 qua:
1991 4148 2217 4195 vocatur
2260 4136 2630 4206 bisdiapason,
2658 4132 2805 4188 velut
2853 4131 2938 4185 his
2969 4129 3210 4199 duplum,
3239 4143 3306 4183 ex
3331 4127 3433 4182 du-

1843 4233 1969 4307 plici
2002 4229 2351 4305 proportione
2396 4226 2684 4296 colligitur.
2738 4223 3002 4292 Quoniam
3056 4221 3269 4276 medius
3327 4229 3437 4275 ter.

1845 4327 2026 4380 minus
2069 4321 2137 4378 ad
2174 4317 2400 4376 minoris
2452 4317 2643 4385 suique
2693 4312 3052 4369 differentiam
3099 4309 3437 4382 quadruplus

1846 4415 2141 4480 invenitur,
2188 4419 2249 4466 ut
2305 4410 2446 4465 inter
2493 4406 2582 4464 VI.
2628 4413 2682 4461 et
2733 4403 2867 4461 VIII.
2920 4403 3182 4468 binarius,
3225 4402 3318 4471 qui
3366 4401 3436 4456 ad

158 4491 459 4547 secundum
499 4507 577 4559 se,
609 4494 736 4565 quia
765 4496 953 4552 eodem
989 4497 1148 4553 modo
1188 4499 1536 4571 distinguitur
1575 4503 1748 4558 catui-
1774 4525 1828 4586 ι)
1850 4504 2079 4563 eundem
2107 4500 2448 4559 octonarium
2486 4494 2819 4567 quadruplus
2845 4493 3136 4548 invenitur.
3171 4491 3229 4546 In
3257 4490 3436 4560 tripli-

157 4582 308 4652 Iena,
335 4601 442 4656 quo
463 4599 518 4644 et
541 4591 812 4647 sententia
835 4609 850 4647 :
881 4593 1081 4664 quippe
1102 4602 1255 4650 tenor
1277 4595 1500 4664 spiritus
1521 4596 1742 4654 humani

157 4688 264 4745 per
288 4677 402 4731 cola
432 4685 486 4732 et
515 4688 785 4736 commata
825 4681 1176 4739 discurrendo
1205 4683 1515 4754 requiescit.
1548 4683 1742 4741 Verum

158 4765 447 4822 cantilenae
472 4783 674 4839 corpus
699 4772 807 4827 arsi
831 4783 886 4829 et
931 4774 1090 4842 thesi,
1120 4773 1174 4830 id
1209 4783 1312 4842 est,
1338 4773 1636 4832 elevatione
1666 4786 1746 4833 to-

159 4868 357 4909 norum
388 4864 442 4911 et
469 4858 734 4927 positione
758 4862 1077 4934 completur,
1100 4865 1270 4921 donec
1297 4865 1540 4936 periodo,
1565 4866 1616 4922 id
1637 4876 1741 4935 est,

158 4946 404 5002 clausula
429 4949 542 5004 sive
577 4950 805 5007 circuitu
849 4956 962 5010 suis
990 4955 1249 5014 membris
1277 4958 1531 5013 distincta
1564 4961 1746 5015 termi-

157 5047 344 5096 nctur.
377 5040 538 5096 Verbi
564 5043 738 5114 gratia
762 5062 775 5098 :
809 5044 1052 5112 Alleluia,
1081 5049 1224 5117 quod
1249 5059 1332 5104 est
1352 5049 1530 5119 justus
1556 5052 1746 5121 germi-

155 5129 308 5185 nubit
331 5132 464 5186 sicut
491 5132 661 5188 lilium
687 5148 707 5188 :
751 5136 914 5192 habet
955 5137 1358 5194 distinctionem
1405 5139 1458 5193 in
1505 5139 1746 5196 lichanos

153 5223 437 5292 hypaton:
483 5224 552 5278 Et
575 5226 779 5296 ﬂorebit
810 5227 866 5281 in
903 5240 1151 5283 wremum
1200 5229 1464 5286 similiter.
1499 5231 1574 5286 De
1599 5245 1747 5302 sym-

153 5314 401 5385 phoniis,
445 5319 715 5387 quomodo
757 5319 812 5375 in
858 5320 959 5374 hoc
1013 5330 1164 5391 tr0po
1203 5321 1334 5377 VIII.
1382 5322 1514 5389 sint,
1543 5319 1744 5392 videat,

155 5405 254 5462 cui
284 5405 509 5465 facultas
535 5419 617 5465 cst
645 5409 999 5482 intelligendi.

731 5502 891 5558 ALIA
928 5503 1213 5574 MUSICA.

239 5589 315 5646 De
333 5590 646 5654 Itarmonica
669 5595 1098 5653 consideratione
1120 5595 1336 5654 Boetius
1357 5597 1432 5654 ita
1453 5597 1706 5654 disseruit
1731 5615 1747 5656 :

147 5769 154 5792 ’
208 5770 388 5861 I626)
433 5772 568 5831 Nota
620 5774 982 5849 expositorem
1024 5791 1040 5842 ;
1101 5776 1196 5833 sed
1245 5776 1628 5852 qua:_exponit
1677 5779 1744 5835 ad

1848 5777 2008 5834 imum
2028 5780 2232 5851 totum,
2261 5775 2320 5824 ut
2348 5764 2606 5831 diximus,
2648 5762 2862 5819 desunt.

1849 4595 2002 4653 cibus
2024 4606 2241 4663 quoque
2293 4585 2727 4646 extremitatibus
2780 4583 2955 4654 major
3007 4581 3314 4637 differentia
3367 4581 3436 4636 ad

1848 4689 2113 4744 minorem
2143 4680 2448 4739 differentia
2492 4675 2788 4750 quadrupla
2818 4685 2922 4732 est.
2971 4674 3248 4745 Siquidem
3295 4673 3437 4728 inter

1848 4781 1937 4838 Vl.
1964 4787 2019 4835 et
2046 4775 2232 4833 XVIII.
2265 4771 2632 4830 dnodenarius
2659 4777 2763 4834 est,
2811 4776 3178 4823 extremorum
3225 4762 3436 4818 scilicet

1848 4868 2197 4934 differentia;
2229 4873 2286 4922 et
2324 4865 2466 4919 inter
2487 4860 2595 4916 IIII.
2643 4870 2698 4915 et
2751 4856 2838 4912 Vl.
2880 4855 3172 4918 ternarius,
3226 4851 3319 4920 qui
3367 4851 3436 4906 ad

1849 4959 2238 5018 duodenarium
2267 4965 2351 5011 est
2377 4950 2726 5025 quadruplus.
2753 4948 2812 5005 In
2840 4945 3037 5016 duplici
3061 4944 3225 4998 etiam
3255 4941 3437 5010 dispo-

1848 5055 2062 5115 sitione,
2100 5066 2206 5122 qua
2237 5049 2448 5104 medius
2474 5045 2738 5101 terminus
2777 5039 2846 5094 ad
2898 5038 3161 5093 minorem
3217 5040 3437 5086 resonat

1849 5146 2208 5206 diatessaron,
2243 5139 2310 5194 ad
2347 5136 2608 5207 majorem
2633 5148 2762 5189 vero
2791 5133 3062 5201 diapente,
3087 5128 3135 5181 si
3166 5124 3432 5180 extremi-

1849 5243 1992 5288 tates
2016 5233 2071 5288 in
2109 5246 2276 5286 unum
2330 5227 2666 5299 redigantur,
2699 5231 2754 5278 et
2791 5237 2821 5276 a
2852 5219 3140 5274 medietate
3176 5212 3434 5282 multipli-

1850 5334 2064 5390 centur,
2088 5321 2281 5394 duplus
2307 5321 2414 5377 erit
2439 5319 2505 5373 ab
2532 5331 2597 5370 eo
2625 5327 2870 5376 numero,
2894 5323 3053 5380 quem
3084 5305 3212 5361 sola:
3232 5393 3236 5394 γ
3250 5312 3434 5394 extre-

1851 5416 2066 5472 mitates
2095 5392 2465 5483 multiplicatae
2517 5403 2866 5478 perfecerint,
2912 5407 2972 5454 ut
3017 5397 3105 5454 VI.
3150 5393 3282 5451 VIII.

1852 5506 2208 5578 Ilincjnnctae
2238 5481 2607 5558 extremitates
2658 5493 2743 5549 Vl.
2775 5500 2829 5547 et
2856 5489 2968 5545 XII.
3020 5481 3428 5578 conficiunt__X.

1855 5572 2127 5668 Vlll.’qui
2160 5609 2257 5666 per
2307 5587 2643 5647 octonarium
2691 5580 3028 5654 multiplicati
3079 5580 3135 5637 in
3180 5572 3426 5634 CXLIII].

2847 5856 2892 5868 Qud
