3916 6410
189 359 302 418 933

1251 349 1340 404 DE
1373 345 1768 404 IIARMONICA
1807 347 2304 409 INSTITUTIONE.

3327 363 3438 422 954

269 471 453 537 Itaque
469 465 693 522 melodla
713 449 876 536 primi
897 465 1187 534 tropi,qute
1201 461 1777 518 estNONANOEANE.
1809 465 1856 524 Α
1885 468 2223 522 ascendendo
2250 475 2414 520 totam
2449 468 2736 537 percurrit,
2771 483 2800 522 a
2841 469 3079 525 lichanos
3105 469 3342 542 hypaton
3371 473 3452 528 vi-

195 556 336 610 VIII.
368 565 422 610 et
451 555 566 609 XII.
595 555 845 608 videntur
867 554 1115 608 claudere
1141 570 1154 606 :
1185 553 1275 608 sed
1305 553 1478 606 eidem
1505 551 1774 617 clausulae,

193 661 324 715 qua:
370 655 584 701 constat
633 645 902 714 diapente,
953 643 1170 712 quidam
1220 642 1422 696 addunt
1469 651 1674 706 tonum,
1723 649 1782 694 ut

193 741 352 810 prius
375 741 427 794 in
457 739 646 794 eadem
673 737 902 792 melodia
931 744 1152 791 resonet
1201 735 1376 806 prima
1431 735 1640 803 species
1667 735 1780 788 dia-

195 841 486 894 tessaron;
515 829 708 883 deinde
746 827 1008 890 secunda,
1029 835 1088 880 ut
1105 824 1446 894 postmodum
1476 824 1780 878 intendatur

195 920 365 974 tertia
391 937 404 971 :
430 919 498 972 ad
525 926 828 972 extremum
875 932 942 971 ex
971 915 1164 970 ordine
1189 915 1498 970 remittatur
1537 913 1604 968 ab
1647 913 1775 968 V'Ill.

196 1000 271 1066 a'd
297 1009 410 1064 XII.
435 1009 608 1078 prima
627 1009 832 1078 species
861 1007 1127 1076 diapente.

273 1099 374 1155 Hic
389 1099 574 1168 incipit
588 1099 812 1154 melodia
827 1098 1046 1152 secundi
1065 1097 1222 1167 tropi,
1239 1111 1356 1166 qua:
1369 1105 1452 1151 est
1461 1093 1778 1162 NOEAGIS,

193 1199 258 1246 et
287 1205 392 1245 non
420 1189 488 1244 ad
517 1189 646 1244 VIII.
671 1189 764 1244 sed
809 1189 878 1244 ad
909 1187 1062 1252 VIIII,
1101 1189 1381 1258 pertingit,
1422 1188 1560 1242 sicut
1593 1203 1781 1244 omnes

196 1281 490 1336 cantilena:
513 1277 750 1348 ejusdem
797 1279 956 1348 tropi.
1006 1277 1340 1334 Clauduntur
1381 1277 1526 1332 enim
1573 1277 1780 1332 duabus

195 1374 540 1428 dia'tessaron
585 1371 970 1426 consonantiis.
1007 1370 1085 1424 De
1135 1369 1342 1438 reliquo
1384 1369 1650 1434 senarius,
1687 1369 1778 1438 qui

195 1463 430 1534 simplex
477 1471 562 1518 est
620 1463 674 1517 in
725 1463 905 1528 Dorio,
966 1462 1261 1531 triplicatus
1293 1461 1344 1516 in
1393 1461 1686 1531 hypodorio
1725 1471 1779 1515 et

195 1553 460 1626 Phrygio,
515 1553 958 1623 quadruplicatur
1003 1552 1060 1606 in
1099 1551 1336 1622 Phrygio
1385 1563 1438 1606 et
1475 1551 1662 1621 Lydio.
1719 1551 1776 1605 In

195 1647 398 1715 quibus
423 1659 554 1700 vero
599 1643 850 1699 senarius
900 1642 968 1696 ad
997 1642 1220 1696 Doriqu
1257 1640 1572 1710 triplicatur,
1627 1648 1778 1695 octo-

196 1740 390 1793 narius
415 1737 482 1792 ad
511 1735 740 1791 eundem
769 1735 1054 1804 dupliciter
1091 1734 1338 1788 habetur.
1387 1733 1456 1786 Et
1503 1747 1691 1786 rursus
1721 1733 1772 1785 in

1881 559 2073 615 delicct
2107 561 2165 614 in
2227 569 2518 630 paraneten
2563 560 3002 630 diezeugmenon,
3057 564 3336 630 praemisso
3380 565 3452 622 ad

1879 665 2092 720 gravem
2135 659 2340 720 partem
2381 659 2506 706 tono
2527 691 2542 717 ,
2575 652 2666 720 qui
2699 652 2952 706 emmeles
2983 651 3210 718 dicitur,
3253 651 3304 706 id
3335 662 3448 718 est,

1879 739 2020 795 melo
2049 753 2225 810 aptus.
2251 741 2492 810 Denique
2527 741 2768 796 eamdem
2802 741 3158 796 differentiam
3185 741 3452 796 ternarias

1879 829 1932 882 in
1959 845 2110 900 aequa
2137 830 2389 899 partitur,
2412 839 2466 885 et
2492 831 2564 884 ita
2595 846 2626 885 a
2655 831 2866 885 senario
2889 830 2942 884 in
2965 830 3312 888 novenarium
3337 829 3452 884 dia-

1877 929 2038 989 pente
2083 920 2418 974 terminatur.
2451 921 2579 986 Quae
2612 921 2930 991 symphonia
2956 920 3210 990 quoniam
3239 927 3455 976 constat

1880 1013 2214 1066 diatessaron
2237 1019 2292 1064 et
2313 1019 2458 1077 tono,
2485 1012 2776 1066 secundam
2801 1011 3118 1065 ineisionem
3145 1009 3453 1078 antiphonte

1835 1125 1838 1128 ·
1883 1103 2120 1158 excurrit
2165 1103 2403 1168 omnino,
2454 1102 2528 1157 ita
2575 1111 2632 1156 ut
2660 1102 2732 1158 ibi
2781 1101 2974 1156 sintII.
3023 1102 3088 1156 de
3121 1101 3244 1156 VIII.
3273 1109 3328 1155 et
3363 1100 3448 1154 III.

1880 1195 1946 1248 de
1975 1193 2086 1248 XII.
2112 1195 2236 1264 quia
2265 1193 2575 1248 octonarius
2601 1193 2874 1248 senarium
2901 1191 3110 1246 binario
3136 1190 3366 1254 excedit,
3393 1197 3454 1244 ut

1880 1284 2218 1354 sesquitertia
2257 1283 2532 1354 proportio
2562 1297 2683 1338 esse
2719 1283 2904 1352 possit.
2951 1282 3282 1337 Noveuarius
3321 1295 3454 1337 vero
3499 1343 3502 1346 λ

1880 1376 2149 1431 senarium
2183 1377 2420 1430 ternario
2445 1375 2710 1444 praeterit,
2727 1375 2816 1444 qui
2835 1374 3092 1428 medietas
3114 1381 3194 1428 est
3211 1371 3449 1441 ejusdem

1879 1465 2110 1530 senarii,
2145 1473 2196 1518 et
2240 1465 2309 1519 ob
2345 1465 2398 1518 id
2427 1473 2617 1533 quarta
2643 1479 2768 1532 pars
2792 1462 3125 1516 duodenarii.
3154 1461 3286 1516 Tres
3319 1477 3450 1532 ergo

1880 1555 1943 1609 de
1967 1555 2116 1609 VIIII.
2143 1555 2376 1624 aequales
2402 1565 2527 1610 sunt
2549 1556 2614 1610 ad
2643 1555 2747 1608 IIII.
2781 1553 2846 1608 de
2873 1552 2984 1616 XII,
3016 1553 3139 1607 dum
3165 1551 3306 1606 illius
3325 1567 3452 1622 pars

1881 1647 2037 1701 tertia
2067 1647 2137 1702 sit
2168 1647 2330 1716 hujus
2357 1655 2572 1716 quarta,
2601 1655 2654 1701 et
2685 1647 2762 1702 sic
2785 1645 2880 1700 liat
2906 1645 3048 1699 inter
3073 1659 3166 1698 eos
3193 1644 3452 1698 diatessa-

1879 1755 1977 1793 ron
2025 1739 2374 1794 consonantia
2395 1779 2409 1804 ,
2449 1753 2566 1807 qua:
2597 1755 2628 1792 a
2655 1737 2946 1792 novenario
2981 1737 3033 1790 iu
3062 1735 3450 1790 duodenarium

197 1825 396 1896 quibus
415 1825 504 1880 ille
525 1823 980 1894 quadruplicatur,
1001 1825 1100 1878 iste
1117 1822 1471 1892 triplicatione
1492 1822 1770 1891 repetitur.
1807 1807 1852 1866 Β
1879 1827 2180 1890 concludat,
2211 1829 2380 1882 tertia:
2408 1827 2710 1896 antiphonze
2741 1825 3145 1881 incisiunculam
3173 1833 3448 1893 sequetur.

199 1915 440 1970 Tandem
471 1913 812 1980 novenarius,
842 1913 933 1984 qui
961 1913 1014 1967 in
1057 1913 1220 1968 Dorio
1251 1920 1334 1966 est
1355 1910 1690 1980 simpliciter,
1719 1910 1772 1965 in

205 2005 428 2075 reliquis
449 2013 532 2060 est
557 2003 860 2073 dupliciter,
893 2011 1120 2072 excepto
1143 2001 1328 2073 Lydio,
1359 2001 1450 2072 qui
1485 1999 1602 2070 ejus
1641 2015 1792 2070 qua-'

209 2095 602 2166 druplicatione
639 2103 694 2150 et
723 2093 1034 2148 duodenarii
1083 2093 1390 2163 triplicitate
1419 2093 1631 2162 gaudet.
1665 2091 1774 2162 Ily-

203 2187 530 2258 popbrygius
563 2183 878 2240 duodenarii
918 2184 1236 2253 repetitione
1277 2182 1508 2247 laetatur,
1553 2182 1693 2236 sicut
1719 2190 1774 2235 et

207 2274 538 2345 hypolydius.
587 2273 786 2328 Contra
846 2287 1009 2342 quam
1073 2271 1448 2342 repetitionem
1499 2270 1770 2342 hypolydii

211 2369 454 2424 senarius
490 2369 688 2432 sexies,
725 2367 1034 2422 octonarius
1063 2375 1167 2432 ter,
1213 2367 1535 2422 novenarius
1581 2375 1774 2435 quater

207 2459 506 2529 reapondet.
539 2459 856 2532 Mixolydius
901 2458 1288 2514 duodenarium
1314 2465 1370 2514 et
1421 2457 1770 2512 novenarium

201 2549 368 2604 semel
397 2565 504 2606 uno
553 2559 738 2606 tenore
765 2551 978 2620 repetit,
1011 2549 1283 2605 senarium
1329 2558 1383 2605 et
1433 2549 1770 2605 octonarium

199 2640 472 2710 triplicare
527 2641 826 2696 contendit.
875 2641 1058 2695 Altero
1104 2649 1282 2695 autem
1337 2651 1521 2695 tenore
1571 2641 1768 2695 duodco

197 2731 410 2786 narium
437 2739 492 2787 et
538 2731 874 2787 octonarium
907 2729 1158 2801 triplicat,
1207 2731 1475 2786 senarium
1501 2739 1555 2786 et
1599 2745 1765 2785 nove-

195 2821 408 2875 narium
437 2819 834 2892 quadruplicat,
888 2833 982 2875 sua
1013 2834 1143 2875 vero
1171 2821 1386 2890 propria
1415 2819 1766 2875 consonantia

195 2912 582 2968 duodenarium
611 2921 802 2982 quater
825 2911 1060 2976 exhibet,
1097 2911 1368 2966 senarium
1414 2911 1600 2975 octies,
1623 2923 1768 2966 ocro—

195 3001 410 3056 narium
459 3002 652 3058 sexies.
682 3001 762 3054 Ad
794 3011 1096 3056 extremum
1129 2997 1620 3070 hypermixolydius
1659 3013 1764 3052 una

191 3097 337 3150 serie
381 3095 764 3151 duodenarium
810 3103 865 3149 et
907 3093 1258 3150 novenarium
1310 3091 1478 3147 semel
1530 3090 1761 3161 repetit,

1879 1919 1984 1973 Illic
2013 1919 2320 1987 antiphonze
2341 1919 2586 1989 gradalcs
2609 1919 2796 1972 eodem
2832 1917 2991 1972 modo
3012 1927 3236 1972 currunt
3265 1934 3278 1971 :
3311 1915 3453 1970 Gau-

1875 2011 1990 2063 dete
2035 2011 2088 2062 in
2137 2007 2379 2062 Domino.
2420 2017 2475 2062 et
2499 2007 2690 2062 inclina
2730 2008 2970 2072 Domine,
2993 2015 3045 2062 et
3062 2007 3238 2076 justus
3267 2023 3319 2060 es
3350 2007 3453 2060 Do-

1873 2101 2032 2153 mine.
2065 2097 2327 2154 Similiter
2355 2107 2534 2153 autem
2584 2097 2888 2168 antiphonze
2921 2095 3263 2152 nocturnales
3293 2109 3306 2149 :
3341 2093 3450 2149 Po-

1872 2199 2088 2243 sucrunt
2115 2206 2270 2259 super
2333 2199 2507 2258 caput.
2561 2187 2718 2242 Jesus
2763 2199 2935 2242 autem
2975 2203 3093 2242 cum
3131 2187 3448 2258 jejunasset.

1877 2279 2121 2332 Traditur
2139 2289 2334 2332 autem.
2365 2279 2430 2332 Et
2453 2278 2554 2332 hoc
2575 2277 2887 2344 videndum,
2914 2277 3054 2346 quod
3079 2291 3219 2346 smpe
3246 2275 3446 2340 evenit,

1873 2379 1933 2426 ut
1977 2370 2060 2425 bis
2099 2378 2190 2424 aut
2223 2381 2323 2437 ter,
2368 2378 2462 2424 aut
2505 2379 2674 2423 totum
2706 2369 2866 2422 etiam
2898 2367 2950 2420 in
2992 2365 3321 2435 autipbonis,
3357 2373 3451 2418 aut

1873 2463 1925 2516 in
1978 2478 2317 2532 quocumque
2365 2471 2526 2517 cantu
2576 2459 2736 2530 primi
2787 2460 2896 2513 toni
2949 2459 3051 2524 sit;
3105 2467 3198 2512 aut
3239 2471 3336 2526 per
3357 2455 3446 2512 VI.

1871 2563 1924 2610 et
1962 2552 2077 2608 XII.
2127 2555 2268 2624 quod
2319 2561 2403 2608 est
2435 2553 2726 2623 diapason;
2776 2557 2870 2604 aut
2903 2565 3000 2620 per
3031 2547 3090 2602 γ.
3119 2559 3176 2604 ει
3205 2547 3271 2602 X.
3305 2548 3448 2618 quod

1871 2655 1954 2701 est
1995 2646 2244 2715 diapente
2277 2663 2290 2699 :
2318 2655 2411 2700 aut
2453 2660 2552 2714 per
2591 2643 2679 2698 VI.
2727 2655 2784 2699 et
2811 2641 2944 2696 VIII.
2979 2649 3168 2705 totum,
3199 2641 3339 2709 quod
3363 2649 3450 2694 est

1869 2734 2241 2798 diatessaron,
2283 2733 2540 2789 decurrit.
2571 2731 2743 2800 Quod,
2783 2733 2858 2786 ait
2893 2729 3057 2802 (6‘28),
3087 2729 3170 2785 bis
3197 2730 3449 2800 diapente

1869 2824 2107 2894 reSpicit.
2160 2823 2294 2877 Dum
2331 2823 2476 2876 enim
2521 2821 2752 2876 duorum
2794 2820 3159 2892 quorumlibet
3187 2833 3444 2876 numero-

1869 2931 1988 2968 rum
2017 2915 2082 2968 ad
2115 2931 2174 2970 se
2213 2915 2440 2969 invicem
2481 2913 2832 2983 sesquialtera
2867 2912 3076 2970 ratione
3105 2919 3446 2981 comparato-

1869 3023 1989 3060 rum
2023 3007 2178 3072 alter,
2211 3007 2262 3062 id
2286 3015 2402 3072 est,
2431 3006 2608 3060 minor
2627 3021 2900 3074 nunquam
2929 3003 3212 3060 medietate
3239 3011 3442 3068 careat;

1869 3104 2075 3151 certum
2115 3104 2234 3162 est,
2276 3095 2417 3166 quod
2455 3095 2630 3150 minor
2658 3095 2712 3149 in
2758 3096 2862 3150 duo
2901 3094 3126 3166 mqualia
3158 3093 3442 3160 dividitur,

193 3187 468 3240 senarium
510 3194 563 3242 et
590 3183 924 3241 octonarium
962 3183 1257 3252 triplicatos
1303 3181 1539 3251 exponit.
1583 3181 1766 3236 Altera
1795 3153 1838 3214 Ο
1872 3186 2024 3256 cujus
2065 3153 2354 3241 medietate
2405 3201 2434 3238 a
2479 3183 2684 3254 majore
2733 3153 3036 3254 superatur.
3069 3181 3222 3237 Unde
3267 3181 3344 3246 lit,
3389 3153 3446 3235 ut

193 3292 329 3332 vero
379 3278 520 3332 serie
569 3276 956 3331 duodenarium
1006 3284 1057 3329 et
1105 3273 1440 3329 octonarium
1493 3270 1765 3341 triplicat;

192 3368 466 3423 senarium
493 3381 704 3438 quoque
751 3373 802 3420 et
851 3363 1197 3420 novenarium
1243 3360 1633 3430 quadruplicat.
1667 3359 1768 3412 De-

193 3459 359 3526 nique
383 3457 679 3520 sciendum,
715 3454 857 3525 quod
895 3463 1016 3522 post
1059 3449 1405 3522 symphonias
1432 3463 1498 3502 ex
1541 3447 1768 3502 arbitrio

193 3549 388 3604 musici
433 3547 759 3618 propositas,
806 3545 859 3600 id
907 3552 1008 3608 est,
1061 3542 1351 3610 diapason,
1401 3539 1652 3606 diapente
1705 3551 1768 3590 ac

195 3641 562 3704 diatessaron,
595 3637 883 3706 aliquando
935 3648 1072 3688 unus
1113 3640 1270 3686 tonus
1315 3630 1382 3684 ad
1435 3643 1650 3698 gravem
1681 3627 1768 3682 vel

189 3740 406 3786 acutam
460 3739 664 3800 partem
727 3727 975 3789 additur,
1025 3727 1118 3793 qui
1170 3720 1448 3784 emmcles,
1508 3718 1765 3790 (ἐμμελὴς)

191 3823 246 3877 id
269 3831 373 3886 est,
407 3829 562 3892 aptus
609 3817 746 3872 melo
791 3824 1033 3870 vocatur.
1090 3812 1232 3866 Sane
1278 3811 1332 3865 in
1377 3809 1466 3864 illa
1507 3809 1768 3864 constitu-

191 3917 360 3980 tione,
389 3913 480 3968 uhi
521 3910 636 3966 XV.
677 3925 873 3965 nervos
916 3907 1167 3970 dicimus,
1214 3903 1356 3959 serie
1395 3901 1769 3972 proportiona-

193 4007 318 4059 liter
356 4003 664 4074 dispositos,
713 4001 992 4070 diapason,
1041 3997 1094 4052 id
1136 4003 1241 4062 est,
1287 3995 1374 4049 bis
1421 4009 1536 4060 sex,
1575 3991 1660 4046 vel
1687 3991 1767 4046 bis

191 4095 324 4150 VIII.
359 4089 549 4148 veI‘bis
571 4091 682 4146 XII.
712 4091 860 4163 (627)

261 4186 498 4240 Tandem
517 4185 568 4238 in
583 4183 856 4254 cujusdam
882 4179 1292 4250 expositionem,
1309 4176 1374 4232 de
1399 4173 1635 4246 prtel'atis
1659 4182 1768 4226 tro-

188 4280 276 4350 pis
305 4277 388 4332 vel
423 4277 596 4331 modis
637 4275 933 4338 veniamus,
981 4281 1040 4326 ut
1069 4271 1241 4326 eidem
1271 4268 1613 4338 expositioni,
1657 4269 1766 4321 Deo

187 4372 441 4441 iuvante,
483 4369 682 4438 aliquid
725 4367 859 4420 lucis
899 4365 1260 4418 inl'undamus.
1301 4360 1521 4424 Omnis,
1559 4359 1764 4428 inquit,

187 4463 400 4534 primus
445 4468 624 4523 tonus,
669 4473 825 4526 quem
869 4455 1086 4508 Dorium
1134 4453 1394 4514 dicimus,
1441 4459 1534 4503 aut
1569 4459 1650 4502 ter
1671 4463 1764 4503 sex

141 4563 148 4570 '
189 4552 412 4611 habebit
445 4551 496 4605 in
533 4549 692 4620 dupla
735 4547 1114 4618 proportione,
1151 4543 1206 4598 id
1239 4553 1342 4606 est,
1373 4543 1628 4612 diapason
1661 4559 1675 4594 ε
1707 4549 1766 4594 ut

185 4655 275 4702 est.
303 4664 316 4698 :
343 4645 536 4700 Roratc
560 4641 674 4696 ειειὶ
709 4641 1068 4709 (Ιεειῳενεειιι
1097 4645 1290 4705 quater
1307 4633 1622 4703 V.quodest
1641 4633 1760 4688 XX.

185 4739 242 4791 id
275 4745 374 4800 est,
400 4731 459 4788 II.
485 4735 548 4786 de
581 4730 709 4788 VIII.
736 4740 788 4786 et
819 4729 903 4783 III.
939 4729 1004 4783 de
1039 4725 1151 4780 XII.
1179 4725 1236 4779 In
1271 4723 1620 4793 sesquialtcra
1643 4739 1764 4792 pro-

137 4839 142 4844 '
183 4827 436 4900 portione
477 4826 680 4880 faciens
723 4824 1002 4893 diapente;
1053 4829 1112 4873 ut
1145 4827 1248 4883 εει,
1285 4817 1348 4870 Et
1379 4816 1534 4869 nubes
1579 4815 1762 4884 pluunt

181 4925 386 4992 justum
419 4932 436 4969 :
472 4918 887 4988 nperiaturmul
937 4923 1018 4966 ter
1063 4909 1170 4964 VII.
1223 4908 1362 4978 quod
1404 4919 1481 4962 est
1525 4905 1664 4959 XXI.
1709 4905 1762 4958 id

183 5019 296 5074 est,
335 5009 416 5062 III.
456 5009 520 5060 de
567 5006 720 5060 VIIII.
766 5005 830 5059 ad
857 5003 961 5056 IIII.
990 5003 1055 5055 de
1079 5001 1191 5054 XII.
1218 4999 1308 5069 qui
1339 4999 1388 5052 in
1421 4997 1762 5066 sesquitcrtio

185 5099 394 5154 faciunt
421 5099 751 5153 diatessaron
795 5111 807 5148 :
841 5102 898 5146 ut
927 5101 1009 5146 est
1039 5109 1052 5144 :
1097 5100 1256 5152 terra,
1292 5097 1338 5141 et
1364 5087 1610 5156 germinet
1643 5083 1764 5138 Sal-

183 5201 436 5244 vatorem.
483 5189 650 5255 Quam
696 5185 962 5258 gradalem
1013 5181 1358 5250 antiphonam
1407 5191 1500 5245 per
1529 5174 1763 5243 singulas

187 5281 482 5334 incisiones
511 5277 734 5346 singulis
772 5271 1103 5344 symphoniis
1149 5267 1440 5326 subditam,
1483 5263 1584 5316 hoc
1608 5263 1762 5316 modo

185 5370 496 5440 pandimus.
529 5367 672 5420 Inter
701 5363 785 5417 VI.
819 5373 872 5418 et
899 5359 1008 5414 XII.
1042 5357 1132 5428 qui
1164 5355 1366 5410 faciunt
1391 5351 1572 5408 XVIII.
1608 5367 1767 5404 sena.-

189 5459 306 5516 rius
347 5467 430 5514 est
472 5455 793 5520 dill‘erentia,
842 5452 970 5522 quia
1003 5448 1228 5505 mclodia
1254 5446 1440 5516 prima:
1485 5442 1759 5498 iucisionis

261 5647 408 5716 (627)
435 5646 529 5700 llic
554 5645 754 5714 aliquid
783 5645 930 5698 deest
952 5642 1017 5696 ad
1053 5653 1268 5696 sensum
1295 5635 1688 5716 complendum.

1869 3281 2010 3336 sicut
2037 3279 2124 3334 ille
2147 3279 2379 3342 binario,
2409 3279 2484 3332 ita
2517 3291 2732 3346 semper
2767 3275 2868 3330 iste
2897 3273 3162 3344 partiatur
3185 3271 3441 3326 ternario.

1869 3371 1933 3425 Et
1957 3373 2061 3426 hoc
2089 3379 2192 3436 est,
2218 3369 2359 3440 quod
2383 3369 2478 3433 ait,
2508 3367 2762 3436 diapente
2783 3365 2896 3418 fieri
2927 3379 3022 3433 per
3047 3364 3284 3432 quinque
3297 3371 3352 3417 et
3373 3361 3440 3416 Χ.

1869 3461 1994 3529 quia
2025 3459 2089 3513 II.
2122 3467 2175 3514 et
2199 3459 2283 3512 111.
2311 3457 2539 3512 reddunt
2562 3455 2888 3525 quinarium,
2921 3462 2974 3506 et
3003 3452 3252 3520 duplicati
3283 3451 3446 3506 deua-

1869 3550 2027 3604 rinm.
2077 3547 2212 3603 Nam
2257 3547 2364 3602 IIII.
2397 3555 2452 3602 et
2483 3545 2569 3600 VI.
2615 3545 2901 3616 perﬁciunt
2931 3541 3000 3595 X.
3035 3543 3140 3596 Per
3165 3541 3272 3596 VII.
3305 3555 3442 3610 quo-

1867 3656 1989 3710 que,
2020 3641 2109 3710 qui
2137 3647 2388 3694 constant
2417 3653 2482 3692 ex
2521 3635 2604 3690 III.
2639 3645 2693 3691 et
2729 3634 2835 3688 IIII.
2879 3633 3066 3703 partiri
3094 3647 3306 3687 omnem
3331 3645 3445 3687 ses-

1867 3731 2175 3800 quitertiam
2221 3728 2619 3800 proportionem
2685 3725 2868 3796 jubet,
2918 3723 3170 3793 quoniam
3216 3721 3444 3778 duorum

1867 3819 2230 3890 quorumlibet
2253 3831 2599 3872 numerorum
2623 3813 2861 3883 ejusdem
2887 3807 3250 3882 prOpOrtionis
3279 3811 3441 3876 alter,

1867 3911 1920 3964 id
1969 3920 2070 3974 est,
2115 3909 2292 3964 minor
2338 3908 2392 3962 in
2419 3907 2503 3961 III.
2553 3905 2722 3974 aequis
2745 3903 3014 3973 partibus,
3063 3901 3218 3964 alter,
3255 3899 3306 3954 id
3337 3909 3442 3964 est,

1869 4003 2040 4073 major
2087 4001 2140 4056 in
2172 4001 2282 4054 IIII.
2330 3997 2693 4054 distribuitur.
2734 3995 2850 4062 Quo
2889 3995 2975 4056 lit,
3003 4003 3062 4048 ut
3100 3993 3224 4062 quia
3277 3991 3446 4060 hypo—

1865 4093 2123 4165 phrygius
2188 4090 2540 4146 consonantia
2595 4087 2928 4141 diatessaron
2989 4091 3134 4137 totus
3185 4081 3441 4149 explicari

1865 4185 2199 4254 perhibetur,
2247 4195 2343 4252 per
2395 4177 2760 4250 septenarium
2793 4175 3067 4229 dimensus
3117 4187 3236 4228 esse
3257 4173 3444 4226 creda-

1865 4286 1975 4332 tur.
2010 4276 2066 4330 In
2095 4273 2390 4346 hypodorio
2429 4285 2560 4326 vero
2585 4269 2668 4322 vel
2697 4269 2864 4338 Lydio
2909 4265 3172 4336 contingit
3219 4264 3436 4318 denaria

1866 4365 2163 4427 demensio,
2191 4377 2353 4432 porro
2385 4361 2575 4414 Dorius
2613 4357 2884 4420 decurrit,
2915 4353 3163 4420 Alleluia,
3189 4353 3330 4423 quod
3356 4363 3439 4407 est

1871 4453 2164 4524 Fulgebunt
2181 4451 2338 4520 justi,
2372 4465 2402 4503 a
2439 4447 2551 4501 XII.
2587 4447 2639 4504 in
2665 4447 2751 4501 VI.
2784 4461 2880 4513 per
2900 4445 3178 4514 diapason.
3212 4441 3440 4496 Alleluia

1873 4546 2012 4600 idem
2060 4543 2198 4598 sicut
2240 4549 2294 4596 et
2332 4539 2600 4609 fulgebunt
2644 4537 2796 4606 justi,
2829 4544 2882 4588 et
2907 4543 3154 4604 tanquam
3181 4531 3440 4596 scintilltr,

1871 4651 1968 4705 per
1998 4633 2248 4702 diapente
2277 4647 2304 4684 a
2333 4629 2447 4684 XII.
2477 4629 2530 4682 in
2559 4627 2689 4682 VIII.
2727 4628 2780 4680 in
2807 4625 3119 4678 arundinem
3151 4623 3442 4676 discurrant

1870 4727 1924 4778 in
1965 4735 2234 4778 aiternum.
2269 4721 2336 4774 ab
2375 4719 2504 4776 VIII.
2543 4719 2628 4772 vel
2667 4718 2842 4786 potius
2871 4731 2902 4768 a
2933 4713 3085 4768 VIIII.
3129 4715 3182 4766 in
3217 4712 3300 4765 VI.
3335 4711 3443 4764 Nec

1871 4817 2024 4871 abest
2045 4817 2110 4868 ab
2147 4815 2251 4868 hoc
2279 4821 2432 4882 tropo
2461 4809 2860 4880 responsorium
2885 4803 3122 4878 gradale,
3149 4801 3290 4872 quod
3313 4807 3396 4855 est
3427 4817 3439 4852 :

1871 4909 2087 4980 posuisti
2111 4907 2354 4960 Domine.

1959 5053 2086 5096 ιἰἙὶί
2125 5050 2388 5094 εωυευλιι
2429 5049 2494 5088 DE
2531 5047 2706 5088 EADEﬂ
2774 5046 2839 5084 RE
2875 5043 3012 5083 NOVA
3049 5039 3348 5081 EXPOSITIO.

1941 5170 1981 5223 A
2013 5168 2186 5237 prima
2230 5179 2442 5234 quoque
2475 5163 2655 5233 specie
2699 5161 2973 5228 diapason,
3015 5169 3132 5223 qum
3166 5161 3248 5207 est
3273 5165 3440 5216 mese,

1871 5262 1922 5315 id
1973 5269 2056 5314 est
2090 5257 2154 5312 0.
2207 5257 2491 5312 inchoatur
2537 5253 2741 5324 primus
2790 5244 3338 5314 tropus:liniturque
3389 5241 3440 5293 in

1823 5371 1828 5374 ·
1870 5355 2118 5423 diapente
2169 5351 2479 5410 remissum,
2527 5345 2666 5414 quod
2709 5349 2788 5395 est
2819 5339 2878 5391 E.
2911 5347 2963 5392 et
2995 5337 3108 5390 lucc
3155 5343 3236 5388 est
3269 5331 3442 5386 forma

1866 5421 2348 5498 nom-Nomm.
2383 5437 2542 5492 habet
2573 5433 2716 5486 enim
2743 5428 2806 5484 v.
2844 5425 3174 5482 dilferentias
3205 5431 3256 5478 ct
3289 5421 3438 5477 vnn.

259 5713 409 5800 (6:18)
447 5727 574 5798 Lrg.
631 5713 780 5791 Quod
823 5725 930 5796 ait,
977 5739 1066 5792 per
1099 5719 1158 5775 Υ.
1207 5730 1254 5773 et
1301 5716 1368 5770 Χ.
1417 5717 1492 5770 bis
1539 5715 1779 5784 diapente
1815 5713 2040 5783 respicit.
