3916 6404
642 329 748 390 955

1207 321 1551 380 IIUCBALDI
1586 319 1750 378 ΜΟΝ.
1789 318 1848 374 S.
1890 317 2150 374 AMANDI
2188 319 2340 378 OPP.
2379 319 2560 378 PARS
2598 321 2660 378 II.
2701 353 2770 363 —
2810 323 3292 384 MISCELLANEA.
3662 347 3725 402 935

637 443 756 499 loca
797 441 851 495 in
890 432 1185 491 nocturnis.
1227 433 1323 487 Est
1355 447 1586 504 namque
1617 432 1791 523 prima
1827 429 2123 523 differentia
2155 431 2208 486 in
2237 437 2284 496 Α
2312 435 2626 493 excesserit.
2652 436 2717 490 Et
2747 437 2850 492 hoc
2868 446 2970 504 est,
2998 440 3135 508 quod
3155 442 3248 506 ait,
3276 443 3315 498 si
3341 444 3430 499 XII.
3451 449 3507 503 ad
3523 449 3588 505 Vl.
3607 469 3727 523 pem.

635 533 705 588 0.
735 544 855 600 qua:
885 527 1048 582 habet
1082 524 1186 579 duo
1205 563 1221 590 ,
1244 523 1476 594 primum
1505 524 1556 577 in
1587 537 1646 578 se
1680 539 1692 576 :
1729 521 1904 577 Veniet
1932 521 2207 576 Dominus.

639 620 937 680 secundum
966 619 1018 673 in
1058 617 1098 671 Ι.
1125 616 1477 672 enarmonico
1500 615 1726 671 remisso
1752 633 1763 668 :
1787 615 1976 684 apertis
1999 615 2208 669 thesau-

638 715 712 768 ris
755 710 886 766 suis.
925 707 1173 764 Secunda
1223 721 1354 760 vero
1379 704 1681 760 dill‘erentia
1738 705 1790 758 in
1845 702 1918 756 Μ.
1967 703 2210 758 lichanos

636 815 848 864 meson,
873 813 993 868 qua:
1029 797 1194 851 habet
1213 794 1316 848 tria
1347 794 1464 850 loca
1494 795 1546 848 in
1571 808 1628 849 se
1665 811 1679 847 :
1717 793 1885 847 canite
1910 793 2053 846 tuba.
2084 792 2206 846 Dia-

638 903 887 950 tessaron
926 889 1213 944 remissum
1258 887 1310 941 in
1351 886 1413 940 Ε.
1458 902 1573 940 ecce
1609 902 1792 940 nomen
1828 885 2059 939 Domini.
2096 885 2210 938 dia-

637 992 797 1054 pente
826 981 1109 1036 remissum
1142 978 1192 1031 in
1221 977 1282 1032 C.
1306 975 1623 1045 Intempesta
1665 986 1832 1030 nocte.
1857 974 2038 1028 'I‘ertia
2061 973 2211 1029 dilI'e-

639 1074 811 1130 rentia
835 1073 889 1127 in
917 1071 956 1124 l.
987 1068 1462 1140 qumhabetunum
1494 1065 1668 1121 locum
1699 1066 1750 1120 in
1773 1081 1850 1130 se,
1875 1065 2208 1120 diatessaron

637 1163 846 1218 scilicet
873 1160 1158 1215 remissum
1198 1157 1250 1210 in
1277 1156 1337 1211 C.
1371 1153 1414 1209 0
1441 1155 1646 1209 beatum
1660 1154 1977 1225 pontiﬁcem.
2007 1151 2208 1220 Quarta

637 1253 941 1310 differentia
975 1261 1061 1306 est
1087 1250 1139 1304 in
1169 1247 1234 1302 ll.
1264 1261 1383 1318 quae
1421 1246 1586 1301 habet
1627 1261 1790 1300 unum
1817 1245 1989 1300 locum
2019 1244 2070 1298 in
2107 1259 2206 1299 se:

638 1342 905 1399 inclinans
937 1357 992 1395 se
1027 1340 1204 1394 Iesus.
1249 1336 1444 1404 Quinta
1475 1334 1772 1391 differentia
1800 1343 1884 1389 est
1929 1333 1982 1386 in
2010 1331 2070 1388 C.
2093 1347 2212 1402 quae

638 1426 816 1489 habet‘
837 1436 943 1488 duo
972 1432 1103 1502 ,loca
1140 1430 1192 1484 in
1233 1445 1292 1484 se
1317 1444 1331 1481 :
1355 1445 1481 1498 euge
1508 1444 1648 1482 serve
1683 1427 1830 1481 bone.
1881 1425 2212 1494 sesquiocta-

637 1539 766 1578 vum
796 1521 1084 1577 remissum
1117 1521 1169 1572 in
1206 1518 1266 1572 E.
1295 1516 1412 1572 Sint
1444 1516 1606 1570 lumbi
1631 1515 1805 1570 vestri.
1834 1512 2212 1570 Concluditur-

637 1628 744 1683 que
789 1610 948 1680 lmjus
979 1608 1117 1678 tr0pi
1167 1607 1338 1662 forma
1367 1607 1507 1660 intra
1548 1605 1814 1676 integrum
1840 1604 2091 1673 diapente
2122 1610 2214 1658 :et

637 1700 862 1771 singulae
894 1698 1109 1754 chorda:
1131 1695 1370 1767 singulas
1407 1692 1754 1759 difl‘erentias,
1785 1701 1841 1748 et
1865 1693 2035 1764 prima
2063 1690 2215 1748 difl‘e-

639 1794 813 1850 rentia
857 1793 961 1848 duo
1011 1791 1174 1845 habet
1216 1789 1358 1854 loca,
1398 1787 1631 1842 secunda
1662 1787 1789 1852 tria,
1833 1786 1991 1840 tertia
2023 1801 2210 1851 unum,
2243 1796 2286 1856 Β

637 1894 829 1956 quarta
855 1898 1043 1947 unum,
1069 1881 1256 1952 quinta
1279 1881 1383 1934 duo
1417 1897 1430 1932 :
1469 1879 1609 1934 unde
1660 1885 1874 1934 constat
1902 1885 1961 1931 ut
1981 1877 2070 1931 hic
2097 1885 2208 1930 tro-

638 1992 744 2047 pus
783 1975 1020 2045 quinque
1045 1971 1241 2028 habeat
1264 1968 1614 2034 differentias,
1655 1976 1709 2023 et
1753 1983 1944 2023 novem
1999 1967 2116 2023 loca
2155 1969 2208 2022 in

638 2063 938 2122 nocturnis.
988 2062 1046 2116 In
1092 2061 1300 2116 diurnis
1347 2067 1524 2114 autem
1581 2058 1668 2114 hic
1704 2068 1889 2128 tropus
1919 2067 2029 2114 tres
2052 2057 2212 2112 habet

637 2152 1009 2209 differentias:
1041 2150 1271 2220 primam
1312 2149 1365 2202 in
1399 2148 1440 2202 Ι.
1479 2162 1598 2217 qua:
1638 2148 1800 2202 habet
1831 2162 1995 2202 unum
2033 2147 2208 2202 locum

638 2245 693 2300 in
722 2245 784 2300 C.
825 2253 884 2298 ut
915 2261 929 2297 :
959 2241 1174 2297 inclina.
1219 2240 1462 2296 Secunda
1499 2239 1564 2294 ll.
1599 2254 1720 2309 quae
1760 2239 1920 2294 habet
1947 2238 2120 2294 locum
2156 2239 2209 2294 in

646 2336 712 2392 P.
758 2335 974 2391 Statuit.
1023 2334 1202 2388 Tertia
1247 2333 1300 2386 in
1354 2331 1415 2387 C.
1467 2347 1586 2401 quae
1633 2332 1794 2386 habet
1821 2331 1994 2386 locum
2021 2331 2074 2384 in
2106 2346 2206 2386 se:

637 2427 890 2482 Gaudete.
931 2425 1084 2481 Unde
1110 2433 1349 2496 apparet,
1395 2433 1455 2477 ut
1482 2422 1703 2494 singula:
1749 2423 1804 2477 in
1836 2423 2043 2478 diurnis
2062 2422 2213 2478 dier-

637 2519 827 2574 rentia:
871 2517 1081 2589 singula
1133 2517 1367 2571 habeant
1411 2516 1546 2572 loca.
1591 2515 1819 2587 Propter
1839 2515 2210 2592 admirabilem

637 2607 801 2678 igitur
823 2605 982 2676 hujus
1015 2606 1153 2676 tropi
1182 2604 1606 2661 difl'erentiarum
1643 2615 1890 2660 naturam
1916 2621 1946 2660 a
1987 2606 2210 2676 quibus-

637 2701 760 2756 dam
785 2699 840 2754 in
861 2697 1178 2770 symphonia
1201 2695 1318 2766 ejus
1339 2697 1400 2753 C.
1418 2714 1524 2753 non
1547 2697 1794 2764 additur;
1822 2698 1945 2768 quia
1975 2712 2039 2753 ea
2068 2697 2210 2752 nulla

637 2789 938 2844 differentia
974 2788 1282 2859 insignitur.
1331 2786 1500 2856 Hujus
1545 2787 1690 2842 enim
1738 2787 1792 2842 in
1828 2787 2106 2843 nocturnis
2131 2788 2211 2843 sic

635 2879 808 2934 currit
835 2893 1023 2934 versus
1045 2877 1212 2949 (629).
1258 2875 1436 2932 Gloria
1467 2877 1640 2951 Patri,
1679 2886 1784 2935 etc.
1813 2877 1872 2934 In
1894 2877 2100 2934 diurnis
2131 2877 2212 2933 sic

637 2969 810 3023 currit
837 2981 1062 3023 versus:
1091 2964 1290 3032 Gloria,
1323 2975 1430 3021 etc.

1158 3073 1225 3112 υε
1262 3071 1496 3112 SECUNDO
1535 3072 1694 3113 TONO.

2311 527 2490 581 neriut
2517 543 2528 580 :
2558 527 2992 618 quandoquidem
3029 531 3340 601 bypodorius
3367 537 3424 592 ad
3446 538 3566 595 illum
3591 559 3724 618 compa.

2309 625 2463 708 ratus
2502 617 2662 708 tripla
2697 617 2915 708 gravior
2949 621 3146 675 existit.
3183 621 3238 676 Si
3275 625 3402 680 enim
3443 628 3488 683 in
3526 630 3603 688 hac
3633 638 3726 708 plaga

2308 715 2431 761 nete
2454 706 2832 777 hyperbolaeon
2853 709 3189 765 aseribantur
3209 712 3285 767 Vl.
3313 730 3463 772 meses
3482 718 3648 777 habebit
3669 706 3727 781 il.

2312 795 2555 850 lichanos
2603 796 2839 866 hypaton
2875 796 3046 853 XVIII.
3077 799 3586 868 proslambanomenon
3605 809 3726 866 XXIIII.

2309 894 2364 941 et
2411 887 2516 942 erit
2556 887 2666 942 XII.
2702 885 3002 943 differentia
3039 889 3180 943 inter
3221 889 3318 945 XII.
3377 901 3425 948 et
3461 893 3609 952 XXIIII.
3641 900 3728 958 lianc

2312 977 2475 1049 igitur
2513 977 2870 1033 differentiam
2902 978 2992 1034 vix
3021 980 3227 1036 excedit
3249 981 3393 1052 hujus
3417 983 3554 1054 plagze
3587 992 3727 1047 melodia

2313 1070 2380 1123 ad
2409 1077 2617 1123 acutam
2654 1077 2863 1140 partem
2908 1069 2961 1124 in
2999 1070 3326 1140 antiphonis,
3355 1074 3438 1130 sed
3468 1076 3729 1144 inlerius,sive

2311 1158 2644 1215 diatessaron
2667 1174 2764 1229 per
2790 1157 2894 1214 VII.
2917 1159 3030 1215 sive
3054 1161 3295 1230 diapente
3318 1177 3404 1231 per
3429 1163 3486 1218 Χ.
3508 1174 3726 1226 numerabis.

2311 1249 2407 1306 Est
2450 1259 2630 1307 autem
2700 1251 2909 1324 integra
2955 1255 3283 1314 diatessaron
3331 1264 3616 1318 consonantia
3649 1267 3727 1322 inter

2313 1351 2600 1412 utrumque
2627 1343 2844 1398 modum
2871 1363 2883 1398 :
2911 1345 3038 1400 dum
3078 1346 3314 1403 lichanos
3337 1348 3536 1419 hypaton
3551 1353 3725 1422 hypalorii

2311 1431 2400 1496 sit,
2430 1431 2998 1500 proslambanomenos
3039 1434 3194 1489 dorii.
3226 1435 3474 1506 Siquidem
3498 1454 3552 1493 ex
3575 1441 3678 1510 duplo
3697 1455 3724 1496 et

2313 1522 2470 1592 triplo
2497 1523 2634 1579 hanc
2655 1526 3061 1580 consonantiam
3085 1528 3347 1596 procreari
3374 1527 3555 1584 Boetius
3577 1531 3628 1585 ita
3641 1533 3722 1586 dicit.

2311 1613 2434 1669 Sint
2461 1614 2761 1684 hujusmodi
2790 1615 3095 1672 medietatis
3129 1618 3356 1683 termini,
3382 1634 3570 1688 quorum
3591 1625 3721 1679 extremi

2311 1706 2422 1760 sint
2452 1707 2618 1774 dupli,
2641 1715 2697 1760 et
2726 1707 2838 1772 alii,
2865 1721 3094 1778 quorum
3120 1711 3338 1764 extremi
3359 1711 3582 1781 sinttripli
3601 1714 3648 1767 ita

2439 1793 2522 1849 VI.
2593 1796 2602 1866 ι
2669 1794 2790 1849 V'lll.
2861 1795 2870 1865 ι
2935 1795 3043 1850 xu.
3112 1797 3122 1866 |
3187 1796 3277 1850 IIII.
3341 1798 3350 1866 ι
3410 1797 3482 1853 Vl.
3536 1800 3545 1870 ι
3592 1799 3660 1853 xu.

2379 1884 2752 1942 Duodenarius
2777 1885 2944 1958 igitur
2977 1886 3047 1941 ad
3072 1888 3336 1942 senarium
3358 1887 3523 1957 duplus
3553 1899 3626 1954 est,
3645 1901 3676 1945 et
3696 1893 3721 1944 in

2312 1976 2415 2031 alia
2463 1977 2814 2048 dispositione
2851 1978 2958 2033 XII.
2986 1979 3055 2034 ad
3091 1979 3185 2034 IIII.
3234 1979 3413 2050 triplus
3441 1989 3524 2036 est.
3557 1981 3720 2037 liorqu

2312 2066 2642 2122 differentias
2683 2067 3019 2136 colligamus,
3061 2075 3117 2124 et
3146 2067 3212 2123 ad
3249 2083 3306 2124 se
3341 2068 3537 2124 invicem
3558 2084 3721 2139 compan-

2312 2170 2456 2220 mus,
2485 2156 2701 2224 epitrita
2731 2157 3028 2226 proportio,
3055 2157 3107 2212 id
3135 2166 3234 2222 est,
3268 2157 3560 2212 diatessaron
3575 2160 3713 2227 sympho-

2312 2243 2402 2298 nia
2442 2244 2738 2314 colligitur,
2762 2253 2816 2298 et
2856 2244 3082 2314 reliqua.
3110 2244 3242 2300 Cum
3269 2247 3375 2302 haec
3400 2246 3465 2301 ita
3481 2245 3580 2310 sint,
3605 2254 3718 2299 ceruini

2312 2343 2418 2400 est,
2464 2336 2609 2404 quod
2673 2343 2934 2404 paranete
2988 2336 3393 2407 diezeugmenon
3427 2335 3718 2406 hypodorii,a1i

2312 2416 2694 2480 adscribuntur
2739 2438 2830 2479 sex
2849 2464 2864 2490 ,
2913 2423 2983 2479 sit
3010 2439 3191 2480 meses
3217 2425 3366 2481 dorii.
3388 2425 3459 2480 Ad
3483 2441 3602 2495 quam
3622 2439 3714 2479 mese

2312 2517 2449 2572 dorii
2487 2517 2532 2570 si
2561 2515 2867 2586 pervenerit
2892 2523 3089 2571 cantus
3124 2517 3334 2572 secundi
3363 2516 3499 2585 tropi,
3526 2516 3608 2585 jam
3626 2514 3718 2584 potius

2312 2607 2519 2663 dicetur
2541 2605 2701 2673 dorii,
2734 2619 2893 2676 quam
2930 2604 3238 2676 hypodorii,
3263 2614 3319 2660 nt
3338 2613 3412 2660 est
3439 2606 3484 2660 in
3509 2602 3718 2673 responsoin

2312 2695 2521 2768 gradali
2547 2710 2561 2749 :
2593 2696 2852 2760 universi,
2893 2697 2981 2766 qui
3014 2705 3068 2751 te
3098 2706 3373 2767 expectant.
3399 2695 3525 2762 Quod
3551 2705 3718 2762 responso-

2313 2786 2451 2840 rium
2480 2800 2581 2856 per
2608 2783 2987 2850 differentiam,
3018 2800 3142 2856 qua:
3166 2794 3247 2853 est
3273 2784 3370 2839 XII.
3410 2785 3568 2855 passim
3585 2779 3720 2836 excurrit

2313 2877 2454 2933 inter
2483 2878 2567 2933 bis
2597 2875 2704 2931 XII.
2737 2884 2792 2931 et
2828 2875 2937 2931 XJ.
2974 2877 3132 2948 cujus
3161 2891 3342 2932 versus
3361 2877 3534 2931 habens
3553 2875 3590 2928 in
3608 2873 3721 2941 prino-

2312 2967 2400 3023 dio
2423 2967 2693 3022 intensum
2725 2967 2994 3037 diapente,
3026 2982 3060 3020 a
3084 2966 3256 3022 XVIII.
3284 2963 3562 3021 videlicetin
3579 2961 3720 3027 Πιρα-

2314 3056 2484 3111 currit
2515 3053 2653 3110 VIIII.
2681 3057 2772 3127 qui
2800 3064 2926 3111 sunt
2947 3056 3000 3112 in
3019 3055 3312 3113 differentia
3333 3072 3362 3111 a
3387 3057 3459 3112 bis
3481 3054 3586 3108 VIIII.
3602 3047 3721 3105 inVlIII.

710 3145 967 3216 Sequitur
997 3145 1052 3200 in
1095 3145 1283 3202 eadem
1328 3145 1664 3216 expositione
1715 3153 1984 3214 troporum
2020 3145 2209 3200 modus
2236 3147 2281 3211 C
2313 3145 2732 3215 Responsorium
2764 3159 2977 3216 quoque
3012 3145 3347 3210 nocturnale,
3372 3145 3494 3216 quod
3509 3150 3571 3197 est
3590 3139 3723 3194 Cim-

638 3237 926 3300 secundus,
975 3245 1058 3292 ter
1111 3236 1191 3290 Vl.
1223 3236 1274 3290 id
1302 3245 1386 3292 est
1410 3235 1588 3292 XVIII.
1623 3236 1691 3291 ad
1731 3237 1845 3292 XII.
1876 3237 1968 3306 qui
2003 3237 2210 3304 [aciuut

639 3326 720 3382 sin
749 3355 798 3378 ut
850 3323 1019 3380 XXX.
1064 3339 1162 3395 per
1195 3325 1607 3394 sesquialteram
1641 3325 2039 3396 proportionem
2089 3327 2210 3380 red-

639 3419 773 3471 dunt
813 3414 1084 3485 diapente.
1114 3415 1196 3470 Ad
1229 3413 1316 3468 Vl.
1343 3423 1523 3469 autem
1553 3414 1619 3470 de
1647 3417 1820 3486 primo
1861 3424 1987 3470 tono
2009 3415 2096 3470 isti
2130 3423 2210 3470 ter

641 3504 729 3560 Vl.
754 3505 820 3560 de
849 3503 1086 3560 secundo
1113 3503 1268 3575 tripla
1314 3505 1587 3574 proportio
1613 3513 1715 3569 est,
1739 3505 1864 3574 quia
1911 3505 2210 3574 triplicatus

637 3612 762 3654 cum
786 3606 1026 3668 superat.
1067 3595 1200 3650 Item
1236 3595 1318 3650 bis
1348 3595 1478 3652 VIII.
1505 3596 1572 3651 ad
1595 3595 1702 3650 XII.
1739 3607 1863 3652 sunt
1890 3595 2120 3651 XXVIII.
2155 3595 2210 3650 id

639 3698 745 3753 est,
771 3696 965 3756 quater
989 3685 1092 3740 VII.
1123 3695 1179 3740 et
1201 3684 1408 3740 faciunt
1435 3702 1532 3756 per
1558 3685 1953 3756 sesquitertiam
1980 3700 2209 3756 propor-

643 3776 840 3832 tionem
887 3775 1238 3830 diatessaron.
1269 3774 1386 3846 Ipsa
1429 3790 1559 3843 ergo
1603 3776 1877 3846 proportio
1903 3777 2131 3842 numeri,
2157 3776 2210 3832 id

640 3872 745 3930 est,
775 3864 857 3919 bis
884 3862 1016 3918 VIII.
1049 3863 1114 3917 ad
1140 3861 1270 3917 VIII.
1308 3864 1375 3918 de
1402 3865 1576 3933 primo
1604 3873 1750 3930 tono,
1781 3865 1999 3936 duplum
2024 3874 2127 3929 est,
2157 3875 2212 3921 et

641 3955 763 4010 ideo
793 3953 845 4008 in
883 3955 1139 4025 diapason
1164 3954 1307 4009 cadit
1345 3953 1552 4009 XXIIII.
1581 3955 1634 4011 id
1671 3965 1772 4022 est,
1807 3967 1998 4027 quater
2022 3974 2137 4024 sex,
2160 3967 2215 4014 et

639 4046 726 4101 bis
746 4043 857 4100 XII.
889 4043 1025 4100 Item
1046 4044 1130 4100 bis
1153 4043 1304 4100 VIIII.
1327 4045 1418 4115 qui
1439 4046 1757 4102 suntXVlIl.
1776 4048 1841 4102 ad
1872 4048 1982 4103 XII.
2012 4048 2217 4105 faciunt

641 4135 915 4206 diapente,
945 4142 1006 4189 ut
1053 4149 1235 4205 supra.
1287 4133 1473 4191 Omnis
1515 4136 1655 4190 enim
1709 4136 1952 4194 melodite
1997 4139 2214 4194 secundi

643 4225 776 4290 toni,
800 4233 894 4278 aut
923 4239 1021 4294 per
1044 4225 1292 4295 diapente
1310 4225 1589 4280 denarium
1613 4229 1921 4283 numerabis
1944 4237 2136 4296 totum,
2160 4239 2218 4284 ut

646 4321 732 4366 est
758 4313 884 4368 Ant.
918 4310 1053 4381 Ecce
1073 4312 1300 4367 advenit.
1327 4314 1378 4367 in
1402 4329 1509 4384 quo
1541 4325 1666 4371 sunt
1694 4318 1755 4372 V.
1791 4317 1876 4373 vel
1911 4317 1976 4373 X.
1999 4328 2093 4375 aut
2121 4335 2218 4391 per

2310 3237 2565 3291 dederunt
2594 3252 2695 3301 me,
2724 3251 2846 3292 cum
2869 3250 2968 3291 suo
2993 3251 3156 3292 versu
3179 3251 3336 3291 unum
3359 3245 3514 3290 tonum
3534 3230 3629 3284 ultra
3640 3222 3725 3280 diie-

2309 3328 2560 3389 rentiam,
2584 3342 2746 3397 quam
2773 3327 3012 3383 diximus
3041 3335 3290 3384 constare
3311 3325 3438 3381 inter
3455 3319 3602 3377 XXIIII.
3619 3326 3654 3372 et
3670 3312 3724 3366 31L

2308 3417 2554 3472 acuendo
2579 3416 2808 3487 peragit.

2336 3560 2466 3602 ITEI
2506 3561 2570 3600 DE
2608 3559 2842 3601 SECUNDO
2881 3561 3020 3604 τι)Νο
3071 3563 3208 3603 NOVA
3244 3559 3481 3602 ευιῠδωι
3510 3550 3709 3596 εινοειτιο.

2379 3678 2426 3732 Α
2467 3687 2661 3748 quarta
2701 3678 2883 3748 specie
2915 3678 3196 3749 diapason,
3223 3693 3336 3750 quae
3360 3686 3434 3734 est
3456 3676 3501 3731 in
3525 3673 3572 3728 C.
3594 3669 3652 3724 ubi
3665 3664 3729 3718 lmi-

2310 3779 2400 3825 tur
2433 3769 2642 3840 primus
2686 3777 2896 3839 tropus,
2951 3769 3240 3826 inchoatur
3265 3779 3317 3824 et
3355 3765 3594 3828 secundus;
3628 3757 3729 3822 ibique

2312 3859 2519 3926 linitur,
2568 3859 2660 3915 ubi
2707 3867 2763 3914 et
2818 3859 3126 3914 inchoatur.
3161 3858 3483 3916 Concluditur
3519 3861 3646 3906 autem
3667 3845 3730 3911 ⁸1³⁵

2313 3950 2488 4005 forma
2539 3950 2683 4006 intra
2716 3950 2984 4022 diapente,
3039 3953 3183 4021 quod
3222 3962 3302 4007 est
3332 3952 3394 4005 ab
3418 3947 3478 4002 Μ.
3509 3946 3559 4000 ad
3575 3942 3618 3997 C.
3637 3934 3731 4001 Hujus

2314 4041 2458 4096 enim
2505 4039 2620 4095 haec
2647 4049 2730 4095 est
2779 4040 2950 4096 forma
2993 4040 3309 4098 NOEAGIS.
3359 4037 3507 4092 Ilabet
3537 4032 3601 4086 hic
3627 4035 3731 4089 tropa

2315 4131 2672 4189 differentiam
2710 4149 2871 4189 unam
2913 4136 2969 4190 in
2997 4149 3049 4190 e.
3093 4151 3214 4207 quae
3243 4134 3394 4190 habet
3424 4131 3507 4187 tria
3531 4127 3615 4180 loca
3636 4138 3645 4174 :
3666 4116 3734 4213 Dia:

2319 4235 2561 4282 tessaron
2601 4228 2885 4284 remissum
2939 4229 2993 4283 in
3045 4229 3114 4283 A.
3149 4239 3206 4284 ut
3243 4229 3463 4283 ltetentur
3493 4219 3731 4281 eamseﬂlm

2316 4326 2563 4372 octavum
2599 4318 2883 4374 remissum
2921 4320 2973 4373 in
3008 4320 3072 4376 C.
3107 4320 3319 4390 utjuste
3346 4326 3390 4372 et
3413 4315 3500 4386 pie.
3522 4307 3632 4364 Unde
3646 4309 3734 4355 ωω-

643 4403 973 4459 diatessaron
1007 4411 1198 4470 totum,
1240 4403 1293 4458 id
1317 4415 1422 4472 est,
1450 4421 1547 4476 per
1568 4405 1678 4462 VII.
1712 4415 1772 4462 ut
1796 4416 1880 4464 est
1919 4409 2048 4466 Ant.
2091 4409 2215 4466 Veni
2321 4417 2417 4474 tat,
2449 4417 2509 4462 ut
2532 4409 2622 4464 hic
2653 4417 2837 4480 tropus
2873 4425 3032 4465 unam
3076 4397 3647 4467 habeatdilIereutiamin
3666 4401 3734 4444 00¢-

641 4503 691 4548 et
733 4495 961 4549 ostende.
1008 4495 1137 4550 Item
1170 4503 1283 4550 ant.
1321 4497 2020 4572 diapentica:0mnipotens
2044 4520 2213 4559 sermo
2246 4493 2291 4552 Ι)
2320 4504 2514 4571 turnis,
2560 4513 2616 4560 et
2667 4507 2768 4560 tria
2814 4505 2950 4562 loca.
3003 4507 3064 4562 In
3105 4506 3310 4562 diurnis
3361 4504 3438 4558 hic
3472 4506 3613 4566 tropus
3637 4488 3733 4556 ῙΡ⁵³¹¹¹

645 4591 787 4638 tuus.
818 4593 873 4638 et
898 4585 1253 4651 diatessaron,
1282 4594 1343 4641 ut
1367 4597 1452 4642 est
1481 4606 1493 4642 :
1522 4588 1778 4646 Dominus
1816 4590 1958 4646 Deus
1989 4592 2217 4647 auxilia-
2318 4598 2483 4654 habet
2511 4595 2869 4653 differentiam
2895 4607 2950 4654 et
2981 4599 3095 4669 ipsa
3133 4599 3253 4654 loca
3280 4615 3292 4652 :
3319 4595 3596 4650 diatessaron

643 4684 729 4729 ter
772 4690 938 4728 meus.
983 4673 1040 4728 Si
1069 4685 1246 4731 autem
1286 4677 1339 4732 in
1389 4679 1642 4749 diapason
1695 4682 1905 4737 venerit
1941 4685 2216 4752 proportio
2317 4703 2438 4743 sum
2487 4687 2540 4741 in
2596 4689 2663 4742 Α.
2712 4699 2772 4742 ut
2805 4706 2818 4742 :
2851 4705 2966 4743 ecce
3007 4690 3230 4745 advenit.
3270 4685 3457 4742 Tonum
3484 4674 3733 4752 remissum?

645 4764 866 4821 secundi
902 4764 1031 4829 toni,
1065 4765 1117 4820 id
1139 4775 1243 4832 est,
1265 4767 1372 4821 XII.
1397 4769 1465 4823 ad
1495 4767 1578 4824 Vl.
1609 4778 1663 4826 et
1688 4770 1772 4826 bis
1801 4770 1944 4826 Vllll.
1980 4773 2048 4827 ad
2070 4771 2210 4828 Vllll.

642 4865 702 4911 et
727 4855 812 4910 bis
834 4851 953 4909 VIII.
987 4855 1054 4910 ad
1086 4855 1205 4910 VIII.
1250 4858 1481 4926 primum
1523 4868 1706 4914 tonum
1731 4859 1894 4916 efIicit
1920 4879 1933 4915 :
1955 4862 2211 4930 quoniam

644 4945 838 5018 singuli
866 4945 1011 5000 modi
1035 4961 1184 5000 suam
1207 4947 1479 5017 propriam
1508 4948 1706 5005 habent
1731 4951 2165 5007 constitutionem
2195 4970 2208 5006 :

644 5050 860 5106 semper
889 5050 948 5090 se
975 5037 1170 5106 gemini
1197 5051 1228 5091 e
1265 5037 1432 5092 latere
1467 5041 1781 5110 respiciunt,
1834 5049 1894 5095 ut
1925 5040 2214 5112 aliquando

643 5125 886 5180 fraterna
911 5126 1196 5181 concordia
1223 5125 1359 5180 alter
1393 5127 1446 5181 in
1474 5127 1702 5184 alterum
1729 5138 2040 5202 segregatus
2063 5130 2216 5186 recli-

643 5226 758 5282 net,
801 5216 938 5272 alter
981 5217 1036 5272 in
1071 5217 1300 5273 alterum
1334 5220 1667 5274 ascendendo
1704 5235 1762 5276 se
1807 5221 2026 5276 exaltet.
2083 5221 2214 5276 Nam

646 5307 978 5380 hypodorius
1023 5308 1078 5363 in
1134 5308 1352 5364 Dorium
1403 5310 1623 5378 transit,
1665 5311 1711 5366 si
1759 5326 1912 5366 suam
1959 5311 2217 5382 diapason

909 5545 1135 5603 Notulas
1183 5555 1394 5604 veteres
1432 5549 1666 5606 musicas
1719 5551 1886 5606 textui
1939 5552 2216 5622 impositas

709 5634 755 5670 m
809 5632 960 5670 unus.

647 5631 960 5674 οῐηιιιιιηυε.

724 5687 872 5766 ((ξδο)
896 5687 1027 5770 Cod.
1049 5685 1123 5769 IS.
1305 5688 1560 5760 Sequitur
1594 5699 1838 5749 tonorum
1866 5693 2156 5758 expositor.

2316 4777 2376 4832 (Σ.
2415 4779 2664 4833 sitientes.
2717 4777 2940 4834 Servite.
2985 4781 3050 4835 de
3100 4777 3480 4835 necessitatibus.
3519 4765 3640 4833 Hujus
3658 4766 3734 4819 ιῐορι

2316 4867 2370 4922 in
2423 4869 2700 4925 nocturnis
2743 4871 2822 4926 sic
2851 4871 3020 4927 currit
3050 4887 3236 4928 versus
3265 4868 3430 4923 Gloria
3471 4842 3732 4919 Ραιτὲνείεσίπ

2313 4957 2519 5014 diurnis
2538 4969 2717 5015 autem
2751 4961 2829 5016 sic
2848 4962 3017 5016 currit
3040 4977 3228 5017 versus
3261 4979 3273 5014 :
3300 4955 3464 5013 Gloria
3484 4945 3612 5006 Patri.
3632 4949 3697 4992 θιεο

2756 5068 2822 5107 ne
2863 5069 3059 5110 TERTIO
3099 5069 3235 5110 roso
3271 5047 3428 5124 (650).

2390 5139 2602 5197 Tertius
2634 5149 2791 5198 tonus
2825 5144 2932 5198 duo
2969 5145 3015 5198 A
3082 5144 3264 5209 habet,
3295 5153 3445 5196 unum
3471 5135 3634 5204 pl’OP‘cr
3651 5128 3732 5209 mf!"

2319 5246 2499 5286 suram
2537 5233 2740 5286 autenti
2779 5233 3008 5299 deuteri,
3050 5202 3274 5289 alterum
3312 5202 3506 5300 propter
3536 5212 3638 5287 ((⁵⁵⁸)
3672 5202 3732 5300 pl?

2321 5337 2442 5391 8³1η
2464 5323 2602 5393 eius.
2633 5323 2686 5378 in
2717 5322 2870 5394 cujus
2891 5324 3148 5396 diapason
3173 5338 3321 5380 suum
3348 5289 3725 5375 semiteniumcxl'l"

2318 5629 2334 5683 ἰ
2391 5561 2536 5686 (65(1)
2568 5562 2698 5619 Scil.
2727 5563 2958 5635 plagiam
2986 5578 3004 5617 :
3029 5565 3106 5620 uti
3127 5565 3179 5620 in
3205 5548 3585 5619 antecedcutﬁzus
3603 5535 3725 5607 quoi“

2338 5646 2468 5686 enen
2511 5649 2619 5686 um.

2338 5646 2619 5702 egentium.
