  <div class='ocr_page' id='page_1' title='image "/cluster/home/n/w/nwhite01/storage/ocr_20150623/132/hvd.32044015471733/475.png"; bbox 0 0 3916 6438; ppageno 0'>
   <div class='ocr_carea' id='block_1_1' title="bbox 590 284 697 344">
    <p class='ocr_par' dir='ltr' id='par_1_1' title="bbox 590 284 697 344">
     <span class='ocr_line' id='line_1_1' title="bbox 590 284 697 344; baseline -0.009 0"><span class='ocrx_word' id='word_1_1' title='bbox 590 284 697 344; x_wconf 75' lang='lat'><strong>9&#39;59</strong></span> 
     </span>
    </p>
   </div>
   <div class='ocr_carea' id='block_1_2' title="bbox 1078 276 3734 361">
    <p class='ocr_par' dir='ltr' id='par_1_2' title="bbox 1078 276 3734 361">
     <span class='ocr_line' id='line_1_2' title="bbox 1078 276 3734 361; baseline -0 -21"><span class='ocrx_word' id='word_1_2' title='bbox 1078 357 1082 361; x_wconf 12' lang='lat'><em>‘</em></span> <span class='ocrx_word' id='word_1_3' title='bbox 1159 279 1506 342; x_wconf 80' lang='lat' dir='ltr'><strong>BUCBALDI</strong></span> <span class='ocrx_word' id='word_1_4' title='bbox 1539 279 1705 340; x_wconf 86' lang='lat' dir='ltr'><strong>MON.</strong></span> <span class='ocrx_word' id='word_1_5' title='bbox 1746 280 1805 338; x_wconf 86' lang='lat' dir='ltr'><strong>S.</strong></span> <span class='ocrx_word' id='word_1_6' title='bbox 1845 278 2107 353; x_wconf 82' lang='lat' dir='ltr'><strong>AMANDI</strong></span> <span class='ocrx_word' id='word_1_7' title='bbox 2146 276 2298 336; x_wconf 85' lang='lat' dir='ltr'><strong>OPP.</strong></span> <span class='ocrx_word' id='word_1_8' title='bbox 2335 277 2517 336; x_wconf 80' lang='lat' dir='ltr'><strong>PARS</strong></span> <span class='ocrx_word' id='word_1_9' title='bbox 2553 278 2619 338; x_wconf 90' lang='lat' dir='ltr'><strong>II.</strong></span> <span class='ocrx_word' id='word_1_10' title='bbox 2656 308 2730 325; x_wconf 90' lang='lat'><strong>-</strong></span> <span class='ocrx_word' id='word_1_11' title='bbox 2765 278 3266 340; x_wconf 77' lang='lat' dir='ltr'><strong>MISCELLANEA.</strong></span> <span class='ocrx_word' id='word_1_12' title='bbox 3665 299 3734 361; x_wconf 61' lang='grc' dir='ltr'><strong>,ιο</strong></span> 
     </span>
    </p>
   </div>
   <div class='ocr_carea' id='block_1_3' title="bbox 594 389 3731 469">
    <p class='ocr_par' dir='ltr' id='par_1_3' title="bbox 594 389 3731 469">
     <span class='ocr_line' id='line_1_3' title="bbox 594 389 3731 469; baseline 0.003 -16"><span class='ocrx_word' id='word_1_13' title='bbox 594 394 948 455; x_wconf 77' lang='lat' dir='ltr'><strong>consonantia</strong></span> <span class='ocrx_word' id='word_1_14' title='bbox 965 408 1346 460; x_wconf 90' lang='lat' dir='ltr'><strong>numerorum;</strong></span> <span class='ocrx_word' id='word_1_15' title='bbox 1372 401 1458 448; x_wconf 90' lang='lat' dir='ltr'><strong>est</strong></span> <span class='ocrx_word' id='word_1_16' title='bbox 1481 392 1624 448; x_wconf 91' lang='lat' dir='ltr'><strong>enim</strong></span> <span class='ocrx_word' id='word_1_17' title='bbox 1646 389 1730 447; x_wconf 93' lang='lat' dir='ltr'><strong>bis</strong></span> <span class='ocrx_word' id='word_1_18' title='bbox 1751 390 2109 447; x_wconf 79' lang='lat' dir='ltr'><strong>diatessaron.</strong></span> <span class='ocrx_word' id='word_1_19' title='bbox 2133 389 2193 446; x_wconf 89' lang='lat' dir='ltr'><strong>In</strong></span> <span class='ocrx_word' id='word_1_20' title='bbox 2224 390 2272 456; x_wconf 72' lang='grc' dir='ltr'>Α</span> <span class='ocrx_word' id='word_1_21' title='bbox 2299 392 2366 448; x_wconf 89' lang='lat' dir='ltr'><strong>ad</strong></span> <span class='ocrx_word' id='word_1_22' title='bbox 2390 409 2471 449; x_wconf 90' lang='lat' dir='ltr'><strong>cc.</strong></span> <span class='ocrx_word' id='word_1_23' title='bbox 2497 392 2666 465; x_wconf 83' lang='lat' dir='ltr'><strong>Hujus</strong></span> <span class='ocrx_word' id='word_1_24' title='bbox 2688 392 2833 449; x_wconf 90' lang='lat' dir='ltr'><strong>enim</strong></span> <span class='ocrx_word' id='word_1_25' title='bbox 2859 395 2998 466; x_wconf 84' lang='lat' dir='ltr'><strong>tropi</strong></span> <span class='ocrx_word' id='word_1_26' title='bbox 3029 395 3149 451; x_wconf 88' lang='lat' dir='ltr'><strong>talis</strong></span> <span class='ocrx_word' id='word_1_27' title='bbox 3174 406 3256 451; x_wconf 89' lang='lat' dir='ltr'><strong>est</strong></span> <span class='ocrx_word' id='word_1_28' title='bbox 3277 395 3430 453; x_wconf 76' lang='lat' dir='ltr'><strong>forma</strong></span> <span class='ocrx_word' id='word_1_29' title='bbox 3451 398 3731 469; x_wconf 65' lang='lat' dir='ltr'><strong>NOEOI‘ANE.</strong></span> 
     </span>
    </p>
   </div>
   <div class='ocr_carea' id='block_1_4' title="bbox 594 468 2175 561">
    <p class='ocr_par' dir='ltr' id='par_1_4' title="bbox 594 468 2175 561">
     <span class='ocr_line' id='line_1_4' title="bbox 594 468 2175 561; baseline -0.006 -16"><span class='ocrx_word' id='word_1_30' title='bbox 594 489 861 561; x_wconf 73' lang='lat' dir='ltr'><strong>diapason</strong></span> <span class='ocrx_word' id='word_1_31' title='bbox 888 500 1021 544; x_wconf 80' lang='lat' dir='ltr'><strong>vero</strong></span> <span class='ocrx_word' id='word_1_32' title='bbox 1041 482 1130 541; x_wconf 87' lang='lat' dir='ltr'><strong>VI.</strong></span> <span class='ocrx_word' id='word_1_33' title='bbox 1175 483 1241 539; x_wconf 87' lang='lat' dir='ltr'><strong>ad</strong></span> <span class='ocrx_word' id='word_1_34' title='bbox 1272 481 1387 538; x_wconf 89' lang='lat' dir='ltr'><strong>XII.</strong></span> <span class='ocrx_word' id='word_1_35' title='bbox 1416 482 1469 537; x_wconf 89' lang='lat' dir='ltr'><strong>id</strong></span> <span class='ocrx_word' id='word_1_36' title='bbox 1498 468 1584 538; x_wconf 82' lang='lat' dir='ltr'><strong>est</strong></span> <span class='ocrx_word' id='word_1_37' title='bbox 1603 476 1788 538; x_wconf 78' lang='lat' dir='ltr'><strong>XVIII.</strong></span> <span class='ocrx_word' id='word_1_38' title='bbox 1828 480 2175 537; x_wconf 79' lang='lat' dir='ltr'><strong>conveniunt.</strong></span> 
     </span>
    </p>
   </div>
   <div class='ocr_carea' id='block_1_5' title="bbox 596 572 2177 645">
    <p class='ocr_par' dir='ltr' id='par_1_5' title="bbox 596 572 2177 645">
     <span class='ocr_line' id='line_1_5' title="bbox 596 572 2177 645; baseline -0.007 -7"><span class='ocrx_word' id='word_1_39' title='bbox 596 580 805 638; x_wconf 88' lang='lat' dir='ltr'><strong>Idcirco</strong></span> <span class='ocrx_word' id='word_1_40' title='bbox 827 587 910 634; x_wconf 79' lang='lat' dir='ltr'><strong>ter</strong></span> <span class='ocrx_word' id='word_1_41' title='bbox 929 576 1018 632; x_wconf 85' lang='lat' dir='ltr'><strong>Vi.</strong></span> <span class='ocrx_word' id='word_1_42' title='bbox 1040 590 1150 634; x_wconf 75' lang='lat' dir='ltr'><strong>non</strong></span> <span class='ocrx_word' id='word_1_43' title='bbox 1176 577 1247 632; x_wconf 79' lang='lat' dir='ltr'><strong>ad</strong></span> <span class='ocrx_word' id='word_1_44' title='bbox 1274 576 1360 632; x_wconf 89' lang='lat' dir='ltr'><strong>bis</strong></span> <span class='ocrx_word' id='word_1_45' title='bbox 1380 574 1494 630; x_wconf 88' lang='lat' dir='ltr'><strong>XII.</strong></span> <span class='ocrx_word' id='word_1_46' title='bbox 1524 581 1890 645; x_wconf 85' lang='lat' dir='ltr'><strong>comparatur,</strong></span> <span class='ocrx_word' id='word_1_47' title='bbox 1918 572 2177 644; x_wconf 89' lang='lat' dir='ltr'><strong>quoniam</strong></span> 
     </span>
    </p>
   </div>
   <div class='ocr_carea' id='block_1_6' title="bbox 589 664 2180 744">
    <p class='ocr_par' dir='ltr' id='par_1_6' title="bbox 589 664 2180 744">
     <span class='ocr_line' id='line_1_6' title="bbox 589 664 2180 744; baseline -0.004 -17"><span class='ocrx_word' id='word_1_48' title='bbox 589 683 694 744; x_wconf 81' lang='lat' dir='ltr'><strong>per</strong></span> <span class='ocrx_word' id='word_1_49' title='bbox 716 678 800 727; x_wconf 79' lang='lat' dir='ltr'><strong>ter</strong></span> <span class='ocrx_word' id='word_1_50' title='bbox 820 685 930 727; x_wconf 91' lang='lat' dir='ltr'><strong>non</strong></span> <span class='ocrx_word' id='word_1_51' title='bbox 951 667 1234 735; x_wconf 73' lang='lat' dir='ltr'><strong>dividitur,</strong></span> <span class='ocrx_word' id='word_1_52' title='bbox 1255 667 1370 734; x_wconf 83' lang='lat' dir='ltr'><strong>sed,</strong></span> <span class='ocrx_word' id='word_1_53' title='bbox 1399 674 1460 722; x_wconf 91' lang='lat' dir='ltr'><strong>ut</strong></span> <span class='ocrx_word' id='word_1_54' title='bbox 1479 666 1685 722; x_wconf 88' lang='lat' dir='ltr'><strong>dictum</strong></span> <span class='ocrx_word' id='word_1_55' title='bbox 1708 673 1811 732; x_wconf 86' lang='lat' dir='ltr'><strong>est,</strong></span> <span class='ocrx_word' id='word_1_56' title='bbox 1840 672 1923 720; x_wconf 90' lang='lat' dir='ltr'><strong>ter</strong></span> <span class='ocrx_word' id='word_1_57' title='bbox 1944 664 2076 720; x_wconf 82' lang='lat' dir='ltr'><strong>VIII.</strong></span> <span class='ocrx_word' id='word_1_58' title='bbox 2110 664 2180 720; x_wconf 90' lang='lat' dir='ltr'><strong>ad</strong></span> 
     </span>
    </p>
   </div>
   <div class='ocr_carea' id='block_1_7' title="bbox 590 756 2178 827">
    <p class='ocr_par' dir='ltr' id='par_1_7' title="bbox 590 756 2178 827">
     <span class='ocr_line' id='line_1_7' title="bbox 590 756 2178 827; baseline -0.004 -10"><span class='ocrx_word' id='word_1_59' title='bbox 590 770 680 817; x_wconf 79' lang='lat' dir='ltr'><strong>ter</strong></span> <span class='ocrx_word' id='word_1_60' title='bbox 709 757 808 826; x_wconf 86' lang='lat' dir='ltr'><strong>VI;</strong></span> <span class='ocrx_word' id='word_1_61' title='bbox 843 768 902 814; x_wconf 88' lang='lat' dir='ltr'><strong>et</strong></span> <span class='ocrx_word' id='word_1_62' title='bbox 946 758 1030 816; x_wconf 84' lang='lat' dir='ltr'><strong>bis</strong></span> <span class='ocrx_word' id='word_1_63' title='bbox 1057 758 1172 815; x_wconf 89' lang='lat' dir='ltr'><strong>XII.</strong></span> <span class='ocrx_word' id='word_1_64' title='bbox 1217 758 1285 815; x_wconf 86' lang='lat' dir='ltr'><strong>ad</strong></span> <span class='ocrx_word' id='word_1_65' title='bbox 1336 757 1422 813; x_wconf 87' lang='lat' dir='ltr'><strong>bis</strong></span> <span class='ocrx_word' id='word_1_66' title='bbox 1452 756 1607 814; x_wconf 87' lang='lat' dir='ltr'><strong>VIIII.</strong></span> <span class='ocrx_word' id='word_1_67' title='bbox 1661 757 1728 813; x_wconf 87' lang='lat' dir='ltr'><strong>ad</strong></span> <span class='ocrx_word' id='word_1_68' title='bbox 1774 756 2178 827; x_wconf 88' lang='lat' dir='ltr'><strong>sesquitertiam</strong></span> 
     </span>
    </p>
   </div>
   <div class='ocr_carea' id='block_1_8' title="bbox 588 848 2180 925">
    <p class='ocr_par' dir='ltr' id='par_1_8' title="bbox 588 848 2180 925">
     <span class='ocr_line' id='line_1_8' title="bbox 588 848 2180 925; baseline -0.003 -16"><span class='ocrx_word' id='word_1_69' title='bbox 588 852 1024 925; x_wconf 76' lang='lat' dir='ltr'><strong>proportionem,</strong></span> <span class='ocrx_word' id='word_1_70' title='bbox 1046 851 1140 922; x_wconf 78' lang='lat' dir='ltr'><strong>qui</strong></span> <span class='ocrx_word' id='word_1_71' title='bbox 1186 857 1315 906; x_wconf 87' lang='lat' dir='ltr'><strong>sunt</strong></span> <span class='ocrx_word' id='word_1_72' title='bbox 1352 848 1512 906; x_wconf 84' lang='lat' dir='ltr'><strong>XLII.</strong></span> <span class='ocrx_word' id='word_1_73' title='bbox 1556 848 1694 905; x_wconf 81' lang='lat' dir='ltr'><strong>Nam</strong></span> <span class='ocrx_word' id='word_1_74' title='bbox 1726 858 1871 905; x_wconf 90' lang='lat' dir='ltr'><strong>totus</strong></span> <span class='ocrx_word' id='word_1_75' title='bbox 1897 848 2001 905; x_wconf 90' lang='lat' dir='ltr'><strong>iste</strong></span> <span class='ocrx_word' id='word_1_76' title='bbox 2022 857 2180 904; x_wconf 89' lang='lat' dir='ltr'><strong>tonus</strong></span> 
     </span>
    </p>
   </div>
   <div class='ocr_carea' id='block_1_9' title="bbox 595 939 2180 1017">
    <p class='ocr_par' dir='ltr' id='par_1_9' title="bbox 595 939 2180 1017">
     <span class='ocr_line' id='line_1_9' title="bbox 595 939 2180 1017; baseline -0.004 -16"><span class='ocrx_word' id='word_1_77' title='bbox 595 945 703 1002; x_wconf 90' lang='lat' dir='ltr'><strong>erit</strong></span> <span class='ocrx_word' id='word_1_78' title='bbox 741 959 841 1017; x_wconf 88' lang='lat' dir='ltr'><strong>per</strong></span> <span class='ocrx_word' id='word_1_79' title='bbox 871 943 1209 1000; x_wconf 72' lang='lat' dir='ltr'><strong>diatessaron</strong></span> <span class='ocrx_word' id='word_1_80' title='bbox 1251 955 1491 1013; x_wconf 82' lang='lat' dir='ltr'><strong>semper.</strong></span> <span class='ocrx_word' id='word_1_81' title='bbox 1516 939 1938 998; x_wconf 85' lang='lat' dir='ltr'><strong>Consonantiam</strong></span> <span class='ocrx_word' id='word_1_82' title='bbox 1997 949 2180 996; x_wconf 73' lang='lat' dir='ltr'><strong>autem</strong></span> 
     </span>
    </p>
   </div>
   <div class='ocr_carea' id='block_1_10' title="bbox 594 1030 2179 1108">
    <p class='ocr_par' dir='ltr' id='par_1_10' title="bbox 594 1030 2179 1108">
     <span class='ocr_line' id='line_1_10' title="bbox 594 1030 2179 1108; baseline -0.005 -13"><span class='ocrx_word' id='word_1_83' title='bbox 594 1037 878 1108; x_wconf 81' lang='lat' dir='ltr'><strong>diapason,</strong></span> <span class='ocrx_word' id='word_1_84' title='bbox 928 1035 980 1091; x_wconf 82' lang='lat' dir='ltr'><strong>id</strong></span> <span class='ocrx_word' id='word_1_85' title='bbox 1023 1040 1109 1090; x_wconf 85' lang='lat' dir='ltr'><strong>est</strong></span> <span class='ocrx_word' id='word_1_86' title='bbox 1135 1032 1223 1088; x_wconf 90' lang='lat' dir='ltr'><strong>Vl.</strong></span> <span class='ocrx_word' id='word_1_87' title='bbox 1267 1033 1336 1088; x_wconf 83' lang='lat' dir='ltr'><strong>ad</strong></span> <span class='ocrx_word' id='word_1_88' title='bbox 1380 1031 1495 1088; x_wconf 74' lang='lat' dir='ltr'><strong>XII.</strong></span> <span class='ocrx_word' id='word_1_89' title='bbox 1536 1031 1747 1087; x_wconf 66' lang='lat' dir='ltr'><strong>faciunt</strong></span> <span class='ocrx_word' id='word_1_90' title='bbox 1785 1039 1869 1087; x_wconf 90' lang='lat' dir='ltr'><strong>ter</strong></span> <span class='ocrx_word' id='word_1_91' title='bbox 1895 1030 1982 1087; x_wconf 93' lang='lat' dir='ltr'><strong>VI.</strong></span> <span class='ocrx_word' id='word_1_92' title='bbox 2008 1039 2063 1086; x_wconf 79' lang='lat' dir='ltr'><strong>et</strong></span> <span class='ocrx_word' id='word_1_93' title='bbox 2092 1030 2179 1088; x_wconf 88' lang='lat' dir='ltr'><strong>bis</strong></span> 
     </span>
    </p>
   </div>
   <div class='ocr_carea' id='block_1_11' title="bbox 595 1120 2180 1192">
    <p class='ocr_par' dir='ltr' id='par_1_11' title="bbox 595 1120 2180 1192">
     <span class='ocr_line' id='line_1_11' title="bbox 595 1120 2180 1192; baseline -0.004 -9"><span class='ocrx_word' id='word_1_94' title='bbox 595 1125 743 1183; x_wconf 88' lang='lat' dir='ltr'><strong>VIIII.</strong></span> <span class='ocrx_word' id='word_1_95' title='bbox 781 1137 839 1181; x_wconf 91' lang='lat' dir='ltr'><strong>et</strong></span> <span class='ocrx_word' id='word_1_96' title='bbox 874 1131 958 1182; x_wconf 83' lang='lat' dir='ltr'><strong>ter</strong></span> <span class='ocrx_word' id='word_1_97' title='bbox 986 1122 1111 1180; x_wconf 75' lang='lat' dir='ltr'><strong>VIII.</strong></span> <span class='ocrx_word' id='word_1_98' title='bbox 1136 1130 1194 1179; x_wconf 86' lang='lat' dir='ltr'><strong>et</strong></span> <span class='ocrx_word' id='word_1_99' title='bbox 1240 1123 1324 1179; x_wconf 85' lang='lat' dir='ltr'><strong>bis</strong></span> <span class='ocrx_word' id='word_1_100' title='bbox 1364 1120 1469 1177; x_wconf 88' lang='lat' dir='ltr'><strong>XII.</strong></span> <span class='ocrx_word' id='word_1_101' title='bbox 1520 1136 1753 1192; x_wconf 89' lang='lat' dir='ltr'><strong>quorum</strong></span> <span class='ocrx_word' id='word_1_102' title='bbox 1789 1121 2092 1192; x_wconf 79' lang='lat' dir='ltr'><strong>proportio,</strong></span> <span class='ocrx_word' id='word_1_103' title='bbox 2124 1120 2180 1176; x_wconf 86' lang='lat' dir='ltr'><strong>id</strong></span> 
     </span>
    </p>
   </div>
   <div class='ocr_carea' id='block_1_12' title="bbox 593 1216 2180 1291">
    <p class='ocr_par' dir='ltr' id='par_1_12' title="bbox 593 1216 2180 1291">
     <span class='ocr_line' id='line_1_12' title="bbox 593 1216 2180 1291; baseline -0.004 -13"><span class='ocrx_word' id='word_1_104' title='bbox 593 1229 680 1278; x_wconf 85' lang='lat' dir='ltr'><strong>est</strong></span> <span class='ocrx_word' id='word_1_105' title='bbox 725 1219 1063 1291; x_wconf 82' lang='lat' dir='ltr'><strong>comparatio</strong></span> <span class='ocrx_word' id='word_1_106' title='bbox 1109 1216 1331 1288; x_wconf 81' lang='lat' dir='ltr'><strong>majoris</strong></span> <span class='ocrx_word' id='word_1_107' title='bbox 1365 1217 1433 1273; x_wconf 89' lang='lat' dir='ltr'><strong>ad</strong></span> <span class='ocrx_word' id='word_1_108' title='bbox 1485 1218 1749 1273; x_wconf 77' lang='lat' dir='ltr'><strong>minorem</strong></span> <span class='ocrx_word' id='word_1_109' title='bbox 1773 1225 1830 1272; x_wconf 91' lang='lat' dir='ltr'><strong>et</strong></span> <span class='ocrx_word' id='word_1_110' title='bbox 1856 1216 2081 1272; x_wconf 85' lang='lat' dir='ltr'><strong>minoris</strong></span> <span class='ocrx_word' id='word_1_111' title='bbox 2111 1216 2180 1271; x_wconf 84' lang='lat' dir='ltr'><strong>ad</strong></span> 
     </span>
    </p>
   </div>
   <div class='ocr_carea' id='block_1_13' title="bbox 590 1306 2178 1380">
    <p class='ocr_par' dir='ltr' id='par_1_13' title="bbox 590 1306 2178 1380">
     <span class='ocr_line' id='line_1_13' title="bbox 590 1306 2178 1380; baseline -0.004 -13"><span class='ocrx_word' id='word_1_112' title='bbox 590 1308 879 1380; x_wconf 86' lang='lat' dir='ltr'><strong>majorem,</strong></span> <span class='ocrx_word' id='word_1_113' title='bbox 927 1308 1264 1365; x_wconf 82' lang='lat' dir='ltr'><strong>diatessaron</strong></span> <span class='ocrx_word' id='word_1_114' title='bbox 1320 1308 1549 1374; x_wconf 83' lang='lat' dir='ltr'><strong>habens,</strong></span> <span class='ocrx_word' id='word_1_115' title='bbox 1600 1321 1818 1378; x_wconf 82' lang='lat' dir='ltr'><strong>semper</strong></span> <span class='ocrx_word' id='word_1_116' title='bbox 1867 1306 2178 1379; x_wconf 79' lang='lat' dir='ltr'><strong>septenario</strong></span> 
     </span>
    </p>
   </div>
   <div class='ocr_carea' id='block_1_14' title="bbox 596 1395 2178 1471">
    <p class='ocr_par' dir='ltr' id='par_1_14' title="bbox 596 1395 2178 1471">
     <span class='ocr_line' id='line_1_14' title="bbox 596 1395 2178 1471; baseline -0.004 -14"><span class='ocrx_word' id='word_1_117' title='bbox 596 1400 1024 1466; x_wconf 83' lang='lat' dir='ltr'><strong>mensurabitur,</strong></span> <span class='ocrx_word' id='word_1_118' title='bbox 1057 1408 1118 1455; x_wconf 89' lang='lat' dir='ltr'><strong>ut</strong></span> <span class='ocrx_word' id='word_1_119' title='bbox 1149 1399 1204 1453; x_wconf 90' lang='lat' dir='ltr'><strong>in</strong></span> <span class='ocrx_word' id='word_1_120' title='bbox 1228 1398 1544 1471; x_wconf 69' lang='lat' dir='ltr'><strong>gradatibus</strong></span> <span class='ocrx_word' id='word_1_121' title='bbox 1568 1397 1883 1468; x_wconf 84' lang='lat' dir='ltr'><strong>antiphonis</strong></span> <span class='ocrx_word' id='word_1_122' title='bbox 1918 1413 1933 1450; x_wconf 93' lang='lat'><strong>:</strong></span> <span class='ocrx_word' id='word_1_123' title='bbox 1976 1395 2178 1453; x_wconf 76' lang='lat' dir='ltr'><strong>Resur-</strong></span> 
     </span>
    </p>
   </div>
   <div class='ocr_carea' id='block_1_15' title="bbox 592 1489 2180 1553">
    <p class='ocr_par' dir='ltr' id='par_1_15' title="bbox 592 1489 2180 1553">
     <span class='ocr_line' id='line_1_15' title="bbox 592 1489 2180 1553; baseline -0.004 -3"><span class='ocrx_word' id='word_1_124' title='bbox 592 1494 738 1553; x_wconf 70' lang='lat' dir='ltr'><strong>rexi.</strong></span> <span class='ocrx_word' id='word_1_125' title='bbox 775 1493 1159 1550; x_wconf 62' lang='lat' dir='ltr'><strong>llisericordim</strong></span> <span class='ocrx_word' id='word_1_126' title='bbox 1189 1492 1425 1549; x_wconf 75' lang='lat' dir='ltr'><strong>Domini.</strong></span> <span class='ocrx_word' id='word_1_127' title='bbox 1453 1498 1510 1549; x_wconf 89' lang='lat' dir='ltr'><strong>et</strong></span> <span class='ocrx_word' id='word_1_128' title='bbox 1547 1489 1617 1547; x_wconf 75' lang='lat' dir='ltr'><strong>Iit</strong></span> <span class='ocrx_word' id='word_1_129' title='bbox 1651 1489 1917 1547; x_wconf 75' lang='lat' dir='ltr'><strong>uoluntate</strong></span> <span class='ocrx_word' id='word_1_130' title='bbox 1944 1498 2038 1545; x_wconf 80' lang='lat' dir='ltr'><strong>tua</strong></span> <span class='ocrx_word' id='word_1_131' title='bbox 2066 1489 2180 1545; x_wconf 79' lang='lat' dir='ltr'><strong>Do-</strong></span> 
     </span>
    </p>
   </div>
   <div class='ocr_carea' id='block_1_16' title="bbox 586 1578 2183 1657">
    <p class='ocr_par' dir='ltr' id='par_1_16' title="bbox 586 1578 2183 1657">
     <span class='ocr_line' id='line_1_16' title="bbox 586 1578 2183 1657; baseline -0.003 -15"><span class='ocrx_word' id='word_1_132' title='bbox 586 1587 756 1643; x_wconf 73' lang='lat' dir='ltr'><strong>mine.</strong></span> <span class='ocrx_word' id='word_1_133' title='bbox 802 1586 857 1642; x_wconf 90' lang='lat' dir='ltr'><strong>In</strong></span> <span class='ocrx_word' id='word_1_134' title='bbox 884 1586 1293 1644; x_wconf 80' lang='lat' dir='ltr'><strong>nocturnatibus</strong></span> <span class='ocrx_word' id='word_1_135' title='bbox 1321 1600 1539 1657; x_wconf 88' lang='lat' dir='ltr'><strong>quoque</strong></span> <span class='ocrx_word' id='word_1_136' title='bbox 1572 1602 1591 1640; x_wconf 84' lang='lat'><strong>:</strong></span> <span class='ocrx_word' id='word_1_137' title='bbox 1626 1578 1837 1640; x_wconf 75' lang='lat' dir='ltr'><strong>Rubam</strong></span> <span class='ocrx_word' id='word_1_138' title='bbox 1862 1597 2018 1657; x_wconf 80' lang='lat' dir='ltr'><strong>queat</strong></span> <span class='ocrx_word' id='word_1_139' title='bbox 2039 1581 2183 1639; x_wconf 69' lang='lat' dir='ltr'><strong>uide-</strong></span> 
     </span>
    </p>
   </div>
   <div class='ocr_carea' id='block_1_17' title="bbox 594 1678 1678 1736">
    <p class='ocr_par' dir='ltr' id='par_1_17' title="bbox 594 1678 1678 1736">
     <span class='ocr_line' id='line_1_17' title="bbox 594 1678 1678 1736; baseline -0.002 -2"><span class='ocrx_word' id='word_1_140' title='bbox 594 1688 702 1735; x_wconf 84' lang='lat' dir='ltr'><strong>rat.</strong></span> <span class='ocrx_word' id='word_1_141' title='bbox 727 1678 903 1735; x_wconf 75' lang='lat' dir='ltr'><strong>Turba</strong></span> <span class='ocrx_word' id='word_1_142' title='bbox 924 1680 1110 1736; x_wconf 77' lang='lat' dir='ltr'><strong>multa.</strong></span> <span class='ocrx_word' id='word_1_143' title='bbox 1143 1678 1270 1735; x_wconf 80' lang='lat' dir='ltr'><strong>Tria</strong></span> <span class='ocrx_word' id='word_1_144' title='bbox 1289 1687 1412 1735; x_wconf 74' lang='lat' dir='ltr'><strong>sunt</strong></span> <span class='ocrx_word' id='word_1_145' title='bbox 1436 1688 1678 1734; x_wconf 67' lang='lat' dir='ltr'><strong>munera.</strong></span> 
     </span>
    </p>
   </div>
   <div class='ocr_carea' id='block_1_18' title="bbox 2276 485 3730 572">
    <p class='ocr_par' dir='ltr' id='par_1_18' title="bbox 2276 485 3730 572">
     <span class='ocr_line' id='line_1_18' title="bbox 2276 485 3730 572; baseline 0.008 -29"><span class='ocrx_word' id='word_1_146' title='bbox 2276 486 2454 544; x_wconf 81' lang='lat' dir='ltr'><strong>Habet</strong></span> <span class='ocrx_word' id='word_1_147' title='bbox 2480 486 2623 541; x_wconf 88' lang='lat' dir='ltr'><strong>enim</strong></span> <span class='ocrx_word' id='word_1_148' title='bbox 2663 485 2751 542; x_wconf 87' lang='lat' dir='ltr'><strong>hic</strong></span> <span class='ocrx_word' id='word_1_149' title='bbox 2778 493 2963 558; x_wconf 88' lang='lat' dir='ltr'><strong>tropus</strong></span> <span class='ocrx_word' id='word_1_150' title='bbox 2991 486 3043 541; x_wconf 89' lang='lat' dir='ltr'><strong>in</strong></span> <span class='ocrx_word' id='word_1_151' title='bbox 3072 488 3343 544; x_wconf 87' lang='lat' dir='ltr'><strong>nocturnis</strong></span> <span class='ocrx_word' id='word_1_152' title='bbox 3361 489 3730 572; x_wconf 66' lang='lat' dir='ltr'><strong>didercnliastres,</strong></span> 
     </span>
    </p>
   </div>
   <div class='ocr_carea' id='block_1_19' title="bbox 2276 575 3731 663">
    <p class='ocr_par' dir='ltr' id='par_1_19' title="bbox 2276 575 3731 663">
     <span class='ocr_line' id='line_1_19' title="bbox 2276 575 3731 663; baseline 0.001 -28"><span class='ocrx_word' id='word_1_153' title='bbox 2276 592 2444 635; x_wconf 89' lang='lat' dir='ltr'><strong>unam</strong></span> <span class='ocrx_word' id='word_1_154' title='bbox 2473 577 2527 633; x_wconf 87' lang='lat' dir='ltr'><strong>in</strong></span> <span class='ocrx_word' id='word_1_155' title='bbox 2561 575 2632 632; x_wconf 77' lang='grc' dir='ltr'><strong>Μ.</strong></span> <span class='ocrx_word' id='word_1_156' title='bbox 2673 591 2795 647; x_wconf 71' lang='lat' dir='ltr'><strong>qua:</strong></span> <span class='ocrx_word' id='word_1_157' title='bbox 2840 575 3003 632; x_wconf 85' lang='lat' dir='ltr'><strong>habet</strong></span> <span class='ocrx_word' id='word_1_158' title='bbox 3048 593 3213 632; x_wconf 90' lang='lat' dir='ltr'><strong>unum</strong></span> <span class='ocrx_word' id='word_1_159' title='bbox 3264 578 3446 648; x_wconf 88' lang='lat' dir='ltr'><strong>locum,</strong></span> <span class='ocrx_word' id='word_1_160' title='bbox 3490 585 3651 645; x_wconf 80' lang='lat' dir='ltr'><strong>scilicet</strong></span> <span class='ocrx_word' id='word_1_161' title='bbox 3679 598 3731 663; x_wconf 63' lang='grc' dir='ltr'><em>φά</em></span> 
     </span>
    </p>
   </div>
   <div class='ocr_carea' id='block_1_20' title="bbox 2280 670 3797 757">
    <p class='ocr_par' dir='ltr' id='par_1_20' title="bbox 2280 670 3797 757">
     <span class='ocr_line' id='line_1_20' title="bbox 2280 670 3797 757; baseline -0.001 -27"><span class='ocrx_word' id='word_1_162' title='bbox 2280 673 2387 731; x_wconf 87' lang='lat' dir='ltr'><strong>odit</strong></span> <span class='ocrx_word' id='word_1_163' title='bbox 2410 673 2664 727; x_wconf 84' lang='lat' dir='ltr'><strong>animam.</strong></span> <span class='ocrx_word' id='word_1_164' title='bbox 2690 670 2932 727; x_wconf 87' lang='lat' dir='ltr'><strong>Alteram</strong></span> <span class='ocrx_word' id='word_1_165' title='bbox 2965 674 3015 727; x_wconf 89' lang='lat' dir='ltr'><strong>in</strong></span> <span class='ocrx_word' id='word_1_166' title='bbox 3038 672 3102 729; x_wconf 91' lang='lat'><strong>0.</strong></span> <span class='ocrx_word' id='word_1_167' title='bbox 3128 689 3248 744; x_wconf 65' lang='lat' dir='ltr'><strong>qua:</strong></span> <span class='ocrx_word' id='word_1_168' title='bbox 3272 675 3422 732; x_wconf 85' lang='lat' dir='ltr'><strong>habet</strong></span> <span class='ocrx_word' id='word_1_169' title='bbox 3444 694 3580 736; x_wconf 83' lang='lat' dir='ltr'><strong>unum</strong></span> <span class='ocrx_word' id='word_1_170' title='bbox 3603 680 3731 757; x_wconf 50' lang='lat' dir='ltr'><strong>locum,</strong></span> <span class='ocrx_word' id='word_1_171' title='bbox 3796 670 3797 749; x_wconf 62' lang='grc' dir='ltr'>Ϊ</span> 
     </span>
    </p>
   </div>
   <div class='ocr_carea' id='block_1_21' title="bbox 2278 763 3727 838">
    <p class='ocr_par' dir='ltr' id='par_1_21' title="bbox 2278 763 3727 838">
     <span class='ocr_line' id='line_1_21' title="bbox 2278 763 3727 838; baseline 0.008 -17"><span class='ocrx_word' id='word_1_172' title='bbox 2278 765 2619 822; x_wconf 83' lang='lat' dir='ltr'><strong>diatessaron</strong></span> <span class='ocrx_word' id='word_1_173' title='bbox 2652 763 2937 818; x_wconf 90' lang='lat' dir='ltr'><strong>remissum</strong></span> <span class='ocrx_word' id='word_1_174' title='bbox 2968 764 3021 819; x_wconf 90' lang='lat' dir='ltr'><strong>in</strong></span> <span class='ocrx_word' id='word_1_175' title='bbox 3048 765 3153 820; x_wconf 89' lang='lat' dir='ltr'><strong>hoc</strong></span> <span class='ocrx_word' id='word_1_176' title='bbox 3192 786 3204 820; x_wconf 90' lang='lat'><strong>:</strong></span> <span class='ocrx_word' id='word_1_177' title='bbox 3234 766 3321 838; x_wconf 83' lang='lat' dir='ltr'><strong>qui</strong></span> <span class='ocrx_word' id='word_1_178' title='bbox 3344 768 3401 822; x_wconf 86' lang='lat' dir='ltr'><strong>de</strong></span> <span class='ocrx_word' id='word_1_179' title='bbox 3418 778 3537 825; x_wconf 85' lang='lat' dir='ltr'><strong>terra</strong></span> <span class='ocrx_word' id='word_1_180' title='bbox 3562 776 3727 833; x_wconf 66' lang='lat' dir='ltr'><strong>utier-</strong></span> 
     </span>
    </p>
   </div>
   <div class='ocr_carea' id='block_1_22' title="bbox 2280 852 3730 927">
    <p class='ocr_par' dir='ltr' id='par_1_22' title="bbox 2280 852 3730 927">
     <span class='ocr_line' id='line_1_22' title="bbox 2280 852 3730 927; baseline 0.006 -16"><span class='ocrx_word' id='word_1_181' title='bbox 2280 855 2411 913; x_wconf 87' lang='lat' dir='ltr'><strong>tiam</strong></span> <span class='ocrx_word' id='word_1_182' title='bbox 2447 855 2503 910; x_wconf 90' lang='lat' dir='ltr'><strong>in</strong></span> <span class='ocrx_word' id='word_1_183' title='bbox 2532 852 2601 909; x_wconf 91' lang='lat' dir='ltr'><strong>X.</strong></span> <span class='ocrx_word' id='word_1_184' title='bbox 2646 869 2767 927; x_wconf 72' lang='lat' dir='ltr'><strong>qua:</strong></span> <span class='ocrx_word' id='word_1_185' title='bbox 2792 852 2958 909; x_wconf 83' lang='lat' dir='ltr'><strong>habet</strong></span> <span class='ocrx_word' id='word_1_186' title='bbox 3003 855 3404 911; x_wconf 88' lang='lat' dir='ltr'><strong>enarmonicum</strong></span> <span class='ocrx_word' id='word_1_187' title='bbox 3441 860 3665 919; x_wconf 88' lang='lat' dir='ltr'><strong>remissum</strong></span> <span class='ocrx_word' id='word_1_188' title='bbox 3701 869 3730 925; x_wconf 76' lang='lat' dir='ltr'><strong>in</strong></span> 
     </span>
    </p>
   </div>
   <div class='ocr_carea' id='block_1_23' title="bbox 2278 944 3732 1022">
    <p class='ocr_par' dir='ltr' id='par_1_23' title="bbox 2278 944 3732 1022">
     <span class='ocr_line' id='line_1_23' title="bbox 2278 944 3732 1022; baseline 0.006 -20"><span class='ocrx_word' id='word_1_189' title='bbox 2278 945 2351 1002; x_wconf 75' lang='grc' dir='ltr'><strong>Μ.</strong></span> <span class='ocrx_word' id='word_1_190' title='bbox 2388 944 2456 1000; x_wconf 85' lang='lat' dir='ltr'><strong>Et</strong></span> <span class='ocrx_word' id='word_1_191' title='bbox 2492 944 2841 1017; x_wconf 73' lang='lat' dir='ltr'><strong>respicientes.</strong></span> <span class='ocrx_word' id='word_1_192' title='bbox 2889 944 2946 1000; x_wconf 91' lang='lat' dir='ltr'><strong>In</strong></span> <span class='ocrx_word' id='word_1_193' title='bbox 2972 945 3180 1003; x_wconf 89' lang='lat' dir='ltr'><strong>diurnis</strong></span> <span class='ocrx_word' id='word_1_194' title='bbox 3209 947 3347 1002; x_wconf 86' lang='lat' dir='ltr'><strong>enim</strong></span> <span class='ocrx_word' id='word_1_195' title='bbox 3382 948 3462 1005; x_wconf 90' lang='lat' dir='ltr'><strong>hic</strong></span> <span class='ocrx_word' id='word_1_196' title='bbox 3493 959 3637 1022; x_wconf 85' lang='lat' dir='ltr'><strong>tropus</strong></span> <span class='ocrx_word' id='word_1_197' title='bbox 3663 974 3732 1014; x_wconf 74' lang='lat' dir='ltr'><strong>eas-</strong></span> 
     </span>
    </p>
   </div>
   <div class='ocr_carea' id='block_1_24' title="bbox 2281 1033 3731 1115">
    <p class='ocr_par' dir='ltr' id='par_1_24' title="bbox 2281 1033 3731 1115">
     <span class='ocr_line' id='line_1_24' title="bbox 2281 1033 3731 1115; baseline 0.006 -22"><span class='ocrx_word' id='word_1_198' title='bbox 2281 1036 2401 1093; x_wconf 87' lang='lat' dir='ltr'><strong>dem</strong></span> <span class='ocrx_word' id='word_1_199' title='bbox 2428 1034 2596 1090; x_wconf 84' lang='lat' dir='ltr'><strong>habet</strong></span> <span class='ocrx_word' id='word_1_200' title='bbox 2615 1033 2967 1101; x_wconf 81' lang='lat' dir='ltr'><strong>diﬂ&#39;erentias,</strong></span> <span class='ocrx_word' id='word_1_201' title='bbox 2994 1044 3050 1092; x_wconf 92' lang='lat' dir='ltr'><strong>et</strong></span> <span class='ocrx_word' id='word_1_202' title='bbox 3076 1037 3261 1092; x_wconf 90' lang='lat' dir='ltr'><strong>eadem</strong></span> <span class='ocrx_word' id='word_1_203' title='bbox 3288 1036 3395 1093; x_wconf 85' lang='lat' dir='ltr'><strong>loca</strong></span> <span class='ocrx_word' id='word_1_204' title='bbox 3422 1036 3482 1093; x_wconf 79' lang='lat' dir='ltr'><strong>II.</strong></span> <span class='ocrx_word' id='word_1_205' title='bbox 3509 1049 3555 1097; x_wconf 92' lang='lat' dir='ltr'><strong>ut</strong></span> <span class='ocrx_word' id='word_1_206' title='bbox 3581 1043 3657 1115; x_wconf 79' lang='lat' dir='ltr'><strong>Ego</strong></span> <span class='ocrx_word' id='word_1_207' title='bbox 3676 1066 3731 1101; x_wconf 75' lang='lat' dir='ltr'><strong>nt-</strong></span> 
     </span>
    </p>
   </div>
   <div class='ocr_carea' id='block_1_25' title="bbox 2281 1123 3732 1193">
    <p class='ocr_par' dir='ltr' id='par_1_25' title="bbox 2281 1123 3732 1193">
     <span class='ocr_line' id='line_1_25' title="bbox 2281 1123 3732 1193; baseline 0.006 -11"><span class='ocrx_word' id='word_1_208' title='bbox 2281 1137 2404 1182; x_wconf 76' lang='lat' dir='ltr'><strong>tem.</strong></span> <span class='ocrx_word' id='word_1_209' title='bbox 2438 1139 2559 1181; x_wconf 90' lang='lat' dir='ltr'><strong>cum</strong></span> <span class='ocrx_word' id='word_1_210' title='bbox 2584 1124 2649 1181; x_wconf 92' lang='lat'><strong>0.</strong></span> <span class='ocrx_word' id='word_1_211' title='bbox 2684 1123 3014 1193; x_wconf 78' lang='lat' dir='ltr'><strong>differentia,</strong></span> <span class='ocrx_word' id='word_1_212' title='bbox 3045 1135 3099 1183; x_wconf 91' lang='lat' dir='ltr'><strong>et</strong></span> <span class='ocrx_word' id='word_1_213' title='bbox 3139 1126 3282 1182; x_wconf 87' lang='lat' dir='ltr'><strong>hunc</strong></span> <span class='ocrx_word' id='word_1_214' title='bbox 3317 1127 3508 1184; x_wconf 82' lang='lat' dir='ltr'><strong>locum:</strong></span> <span class='ocrx_word' id='word_1_215' title='bbox 3534 1129 3637 1188; x_wconf 74' lang='lat' dir='ltr'><strong>Dan</strong></span> <span class='ocrx_word' id='word_1_216' title='bbox 3658 1154 3732 1191; x_wconf 74' lang='lat' dir='ltr'><strong>tan-</strong></span> 
     </span>
    </p>
   </div>
   <div class='ocr_carea' id='block_1_26' title="bbox 2280 1214 3730 1291">
    <p class='ocr_par' dir='ltr' id='par_1_26' title="bbox 2280 1214 3730 1291">
     <span class='ocr_line' id='line_1_26' title="bbox 2280 1214 3730 1291; baseline 0.008 -19"><span class='ocrx_word' id='word_1_217' title='bbox 2280 1217 2562 1288; x_wconf 78' lang='lat' dir='ltr'><strong>ctiﬁcatus.</strong></span> <span class='ocrx_word' id='word_1_218' title='bbox 2587 1214 2758 1286; x_wconf 83' lang='lat' dir='ltr'><strong>Hujus</strong></span> <span class='ocrx_word' id='word_1_219' title='bbox 2793 1226 2974 1275; x_wconf 86' lang='lat' dir='ltr'><strong>autem</strong></span> <span class='ocrx_word' id='word_1_220' title='bbox 3007 1218 3148 1291; x_wconf 85' lang='lat' dir='ltr'><strong>tropi</strong></span> <span class='ocrx_word' id='word_1_221' title='bbox 3171 1218 3224 1275; x_wconf 93' lang='lat' dir='ltr'><strong>in</strong></span> <span class='ocrx_word' id='word_1_222' title='bbox 3256 1220 3510 1279; x_wconf 79' lang='lat' dir='ltr'><strong>nocturnis</strong></span> <span class='ocrx_word' id='word_1_223' title='bbox 3540 1224 3601 1281; x_wconf 88' lang='lat' dir='ltr'><strong>sic</strong></span> <span class='ocrx_word' id='word_1_224' title='bbox 3627 1232 3730 1283; x_wconf 83' lang='lat' dir='ltr'><strong>currit</strong></span> 
     </span>
    </p>
   </div>
   <div class='ocr_carea' id='block_1_27' title="bbox 2280 1306 3729 1384">
    <p class='ocr_par' dir='ltr' id='par_1_27' title="bbox 2280 1306 3729 1384">
     <span class='ocr_line' id='line_1_27' title="bbox 2280 1306 3729 1384; baseline 0.007 -19"><span class='ocrx_word' id='word_1_225' title='bbox 2280 1322 2473 1368; x_wconf 76' lang='lat' dir='ltr'><strong>versus</strong></span> <span class='ocrx_word' id='word_1_226' title='bbox 2499 1307 2720 1366; x_wconf 79' lang='lat' dir='ltr'><strong>:Gloria</strong></span> <span class='ocrx_word' id='word_1_227' title='bbox 2753 1306 2932 1377; x_wconf 81' lang='lat' dir='ltr'><strong>Patri,</strong></span> <span class='ocrx_word' id='word_1_228' title='bbox 2966 1319 3074 1367; x_wconf 90' lang='lat' dir='ltr'><strong>etc.</strong></span> <span class='ocrx_word' id='word_1_229' title='bbox 3106 1309 3253 1384; x_wconf 71' lang='grc'><strong>(610)</strong></span> <span class='ocrx_word' id='word_1_230' title='bbox 3287 1310 3345 1369; x_wconf 87' lang='lat' dir='ltr'><strong>In</strong></span> <span class='ocrx_word' id='word_1_231' title='bbox 3378 1312 3555 1372; x_wconf 87' lang='lat' dir='ltr'><strong>diurnis</strong></span> <span class='ocrx_word' id='word_1_232' title='bbox 3570 1318 3669 1374; x_wconf 84' lang='lat' dir='ltr'><strong>enim</strong></span> <span class='ocrx_word' id='word_1_233' title='bbox 3686 1322 3729 1376; x_wconf 78' lang='lat' dir='ltr'><strong>sic</strong></span> 
     </span>
    </p>
   </div>
   <div class='ocr_carea' id='block_1_28' title="bbox 2280 1398 3797 1471">
    <p class='ocr_par' dir='ltr' id='par_1_28' title="bbox 2280 1398 3797 1471">
     <span class='ocr_line' id='line_1_28' title="bbox 2280 1398 3797 1471; baseline -0.003 -10"><span class='ocrx_word' id='word_1_234' title='bbox 2280 1403 2455 1461; x_wconf 85' lang='lat' dir='ltr'><strong>currit</strong></span> <span class='ocrx_word' id='word_1_235' title='bbox 2496 1414 2687 1459; x_wconf 81' lang='lat' dir='ltr'><strong>versus</strong></span> <span class='ocrx_word' id='word_1_236' title='bbox 2712 1398 2897 1458; x_wconf 80' lang='lat' dir='ltr'><strong>Gloria</strong></span> <span class='ocrx_word' id='word_1_237' title='bbox 2936 1398 3113 1471; x_wconf 84' lang='lat' dir='ltr'><strong>Patri,</strong></span> <span class='ocrx_word' id='word_1_238' title='bbox 3142 1413 3249 1461; x_wconf 86' lang='lat' dir='ltr'><strong>etc.</strong></span> <span class='ocrx_word' id='word_1_239' title='bbox 3796 1410 3797 1413; x_wconf 79' lang='lat'>‘</span> 
     </span>
    </p>
   </div>
   <div class='ocr_carea' id='block_1_29' title="bbox 2282 1508 3242 1576">
    <p class='ocr_par' dir='ltr' id='par_1_29' title="bbox 2282 1508 3242 1576">
     <span class='ocr_line' id='line_1_29' title="bbox 2282 1508 3242 1576; baseline 0 -25"><span class='ocrx_word' id='word_1_240' title='bbox 2282 1558 2291 1576; x_wconf 32' lang='grc' dir='ltr'><strong>ί</strong></span> <span class='ocrx_word' id='word_1_241' title='bbox 2912 1510 2983 1551; x_wconf 76' lang='lat' dir='ltr'><strong>ou</strong></span> <span class='ocrx_word' id='word_1_242' title='bbox 3003 1508 3242 1561; x_wconf 68' lang='grc' dir='ltr'><strong>ρυικτο.</strong></span> 
     </span>
    </p>
   </div>
   <div class='ocr_carea' id='block_1_30' title="bbox 2349 1587 3727 1663">
    <p class='ocr_par' dir='ltr' id='par_1_30' title="bbox 2349 1587 3727 1663">
     <span class='ocr_line' id='line_1_30' title="bbox 2349 1587 3727 1663; baseline 0.004 -18"><span class='ocrx_word' id='word_1_243' title='bbox 2349 1590 2397 1645; x_wconf 78' lang='grc' dir='ltr'><strong>Α</strong></span> <span class='ocrx_word' id='word_1_244' title='bbox 2439 1588 2627 1661; x_wconf 89' lang='lat' dir='ltr'><strong>quinta</strong></span> <span class='ocrx_word' id='word_1_245' title='bbox 2659 1587 2807 1663; x_wconf 71' lang='lat' dir='ltr'><strong>(6H)</strong></span> <span class='ocrx_word' id='word_1_246' title='bbox 2825 1589 3009 1661; x_wconf 90' lang='lat' dir='ltr'><strong>specie</strong></span> <span class='ocrx_word' id='word_1_247' title='bbox 3032 1589 3317 1663; x_wconf 81' lang='lat' dir='ltr'><strong>diapason,</strong></span> <span class='ocrx_word' id='word_1_248' title='bbox 3340 1590 3422 1646; x_wconf 88' lang='lat' dir='ltr'><strong>ubi</strong></span> <span class='ocrx_word' id='word_1_249' title='bbox 3450 1591 3598 1649; x_wconf 85' lang='lat' dir='ltr'><strong>linitur</strong></span> <span class='ocrx_word' id='word_1_250' title='bbox 3616 1595 3727 1651; x_wconf 77' lang='lat' dir='ltr'><strong>tertiis</strong></span> 
     </span>
    </p>
   </div>
   <div class='ocr_carea' id='block_1_31' title="bbox 2282 1677 3722 1752">
    <p class='ocr_par' dir='ltr' id='par_1_31' title="bbox 2282 1677 3722 1752">
     <span class='ocr_line' id='line_1_31' title="bbox 2282 1677 3722 1752; baseline 0.003 -16"><span class='ocrx_word' id='word_1_251' title='bbox 2282 1687 2491 1752; x_wconf 84' lang='lat' dir='ltr'><strong>tropus,</strong></span> <span class='ocrx_word' id='word_1_252' title='bbox 2516 1679 2869 1735; x_wconf 83' lang='lat' dir='ltr'><strong>inchoaturet</strong></span> <span class='ocrx_word' id='word_1_253' title='bbox 2887 1687 3140 1750; x_wconf 86' lang='lat' dir='ltr'><strong>quartus,</strong></span> <span class='ocrx_word' id='word_1_254' title='bbox 3176 1680 3243 1736; x_wconf 89' lang='lat' dir='ltr'><strong>ab</strong></span> <span class='ocrx_word' id='word_1_255' title='bbox 3259 1677 3325 1736; x_wconf 84' lang='grc'><strong>11.</strong></span> <span class='ocrx_word' id='word_1_256' title='bbox 3350 1682 3535 1739; x_wconf 79' lang='lat' dir='ltr'><strong>sciiicet</strong></span> <span class='ocrx_word' id='word_1_257' title='bbox 3551 1694 3594 1740; x_wconf 86' lang='lat' dir='ltr'><strong>et</strong></span> <span class='ocrx_word' id='word_1_258' title='bbox 3618 1684 3722 1742; x_wconf 72' lang='lat' dir='ltr'><strong>ﬁnitur</strong></span> 
     </span>
    </p>
   </div>
   <div class='ocr_carea' id='block_1_32' title="bbox 666 1761 3723 1846">
    <p class='ocr_par' dir='ltr' id='par_1_32' title="bbox 666 1761 3723 1846">
     <span class='ocr_line' id='line_1_32' title="bbox 666 1761 3723 1846; baseline 0 -15"><span class='ocrx_word' id='word_1_259' title='bbox 666 1773 726 1831; x_wconf 88' lang='lat' dir='ltr'><strong>In</strong></span> <span class='ocrx_word' id='word_1_260' title='bbox 754 1773 860 1830; x_wconf 78' lang='lat' dir='ltr'><strong>hac</strong></span> <span class='ocrx_word' id='word_1_261' title='bbox 884 1775 1224 1846; x_wconf 78' lang='lat' dir='ltr'><strong>expositione</strong></span> <span class='ocrx_word' id='word_1_262' title='bbox 1260 1772 1365 1831; x_wconf 89' lang='lat' dir='ltr'><strong>hoc</strong></span> <span class='ocrx_word' id='word_1_263' title='bbox 1394 1782 1604 1829; x_wconf 81' lang='lat' dir='ltr'><strong>tantum</strong></span> <span class='ocrx_word' id='word_1_264' title='bbox 1650 1770 2005 1844; x_wconf 62' lang='lat' dir='ltr'><strong>gemendum</strong></span> <span class='ocrx_word' id='word_1_265' title='bbox 2025 1770 2178 1827; x_wconf 83' lang='lat' dir='ltr'><strong>vide-</strong></span> <span class='ocrx_word' id='word_1_266' title='bbox 2207 1761 2257 1824; x_wconf 81' lang='grc' dir='ltr'><strong>Β</strong></span> <span class='ocrx_word' id='word_1_267' title='bbox 2282 1770 2339 1826; x_wconf 85' lang='grc' dir='ltr'><strong>1η</strong></span> <span class='ocrx_word' id='word_1_268' title='bbox 2363 1770 2550 1827; x_wconf 82' lang='lat' dir='ltr'><strong>eadem</strong></span> <span class='ocrx_word' id='word_1_269' title='bbox 2582 1769 2649 1825; x_wconf 84' lang='grc'><strong>11.</strong></span> <span class='ocrx_word' id='word_1_270' title='bbox 2674 1770 3031 1827; x_wconf 80' lang='lat' dir='ltr'><strong>Concluditur</strong></span> <span class='ocrx_word' id='word_1_271' title='bbox 3066 1772 3185 1828; x_wconf 66' lang='lat' dir='ltr'><strong>haec</strong></span> <span class='ocrx_word' id='word_1_272' title='bbox 3221 1772 3334 1843; x_wconf 85' lang='lat' dir='ltr'><strong>ejus</strong></span> <span class='ocrx_word' id='word_1_273' title='bbox 3369 1772 3518 1830; x_wconf 77' lang='lat' dir='ltr'><strong>forma</strong></span> <span class='ocrx_word' id='word_1_274' title='bbox 3535 1774 3637 1831; x_wconf 78' lang='lat' dir='ltr'><strong>intra</strong></span> <span class='ocrx_word' id='word_1_275' title='bbox 3661 1779 3723 1832; x_wconf 74' lang='lat' dir='ltr'><strong>dit-</strong></span> 
     </span>
    </p>
   </div>
   <div class='ocr_carea' id='block_1_33' title="bbox 592 1863 2181 1937">
    <p class='ocr_par' dir='ltr' id='par_1_33' title="bbox 592 1863 2181 1937">
     <span class='ocr_line' id='line_1_33' title="bbox 592 1863 2181 1937; baseline -0.002 -14"><span class='ocrx_word' id='word_1_276' title='bbox 592 1874 711 1932; x_wconf 36' lang='lat' dir='ltr'><strong>.tur,</strong></span> <span class='ocrx_word' id='word_1_277' title='bbox 760 1867 908 1937; x_wconf 89' lang='lat' dir='ltr'><strong>quod</strong></span> <span class='ocrx_word' id='word_1_278' title='bbox 933 1866 1013 1923; x_wconf 90' lang='lat' dir='ltr'><strong>ait</strong></span> <span class='ocrx_word' id='word_1_279' title='bbox 1045 1883 1059 1920; x_wconf 91' lang='lat'><strong>:</strong></span> <span class='ocrx_word' id='word_1_280' title='bbox 1093 1876 1175 1924; x_wconf 87' lang='lat' dir='ltr'><strong>ter</strong></span> <span class='ocrx_word' id='word_1_281' title='bbox 1208 1864 1294 1924; x_wconf 90' lang='lat' dir='ltr'><strong>VI.</strong></span> <span class='ocrx_word' id='word_1_282' title='bbox 1328 1881 1436 1922; x_wconf 91' lang='lat' dir='ltr'><strong>non</strong></span> <span class='ocrx_word' id='word_1_283' title='bbox 1473 1865 1545 1921; x_wconf 81' lang='lat' dir='ltr'><strong>ad</strong></span> <span class='ocrx_word' id='word_1_284' title='bbox 1588 1865 1673 1922; x_wconf 85' lang='lat' dir='ltr'><strong>bis</strong></span> <span class='ocrx_word' id='word_1_285' title='bbox 1701 1864 1810 1921; x_wconf 88' lang='lat' dir='ltr'><strong>XII.</strong></span> <span class='ocrx_word' id='word_1_286' title='bbox 1852 1863 2181 1935; x_wconf 81' lang='lat' dir='ltr'><strong>comparari,</strong></span> 
     </span>
    </p>
   </div>
   <div class='ocr_carea' id='block_1_34' title="bbox 600 1956 2185 2029">
    <p class='ocr_par' dir='ltr' id='par_1_34' title="bbox 600 1956 2185 2029">
     <span class='ocr_line' id='line_1_34' title="bbox 600 1956 2185 2029; baseline -0.001 -15"><span class='ocrx_word' id='word_1_287' title='bbox 600 1959 862 2029; x_wconf 68' lang='lat' dir='ltr'><strong>quatiam</strong></span> <span class='ocrx_word' id='word_1_288' title='bbox 892 1972 991 2029; x_wconf 86' lang='lat' dir='ltr'><strong>per</strong></span> <span class='ocrx_word' id='word_1_289' title='bbox 1014 1970 1099 2015; x_wconf 89' lang='lat' dir='ltr'><strong>ter</strong></span> <span class='ocrx_word' id='word_1_290' title='bbox 1128 1974 1236 2014; x_wconf 73' lang='lat' dir='ltr'><strong>non</strong></span> <span class='ocrx_word' id='word_1_291' title='bbox 1272 1958 1573 2015; x_wconf 79' lang='lat' dir='ltr'><strong>dividitur:</strong></span> <span class='ocrx_word' id='word_1_292' title='bbox 1604 1972 1670 2013; x_wconf 85' lang='lat' dir='ltr'><strong>ae</strong></span> <span class='ocrx_word' id='word_1_293' title='bbox 1688 1959 1735 2014; x_wconf 89' lang='lat' dir='ltr'><strong>si</strong></span> <span class='ocrx_word' id='word_1_294' title='bbox 1763 1957 1850 2014; x_wconf 86' lang='lat' dir='ltr'><strong>bis</strong></span> <span class='ocrx_word' id='word_1_295' title='bbox 1872 1956 1979 2012; x_wconf 84' lang='lat' dir='ltr'><strong>XII.</strong></span> <span class='ocrx_word' id='word_1_296' title='bbox 2022 1957 2077 2013; x_wconf 92' lang='lat' dir='ltr'><strong>id</strong></span> <span class='ocrx_word' id='word_1_297' title='bbox 2100 1963 2185 2013; x_wconf 87' lang='lat' dir='ltr'><strong>est</strong></span> 
     </span>
    </p>
   </div>
   <div class='ocr_carea' id='block_1_35' title="bbox 597 2048 2177 2124">
    <p class='ocr_par' dir='ltr' id='par_1_35' title="bbox 597 2048 2177 2124">
     <span class='ocr_line' id='line_1_35' title="bbox 597 2048 2177 2124; baseline 0 -19"><span class='ocrx_word' id='word_1_298' title='bbox 597 2048 796 2116; x_wconf 75' lang='lat' dir='ltr'><strong>XXIIII.</strong></span> <span class='ocrx_word' id='word_1_299' title='bbox 830 2066 927 2122; x_wconf 85' lang='lat' dir='ltr'><strong>per</strong></span> <span class='ocrx_word' id='word_1_300' title='bbox 956 2051 1171 2107; x_wconf 84' lang='lat' dir='ltr'><strong>tertiam</strong></span> <span class='ocrx_word' id='word_1_301' title='bbox 1216 2060 1428 2124; x_wconf 88' lang='lat' dir='ltr'><strong>partem</strong></span> <span class='ocrx_word' id='word_1_302' title='bbox 1481 2051 1659 2107; x_wconf 83' lang='lat' dir='ltr'><strong>metiri</strong></span> <span class='ocrx_word' id='word_1_303' title='bbox 1723 2048 2061 2123; x_wconf 83' lang='lat' dir='ltr'><strong>impossibile</strong></span> <span class='ocrx_word' id='word_1_304' title='bbox 2086 2049 2177 2106; x_wconf 87' lang='lat' dir='ltr'><strong>sit.</strong></span> 
     </span>
    </p>
   </div>
   <div class='ocr_carea' id='block_1_36' title="bbox 598 2141 2182 2213">
    <p class='ocr_par' dir='ltr' id='par_1_36' title="bbox 598 2141 2182 2213">
     <span class='ocr_line' id='line_1_36' title="bbox 598 2141 2182 2213; baseline -0.004 -12"><span class='ocrx_word' id='word_1_305' title='bbox 598 2142 738 2201; x_wconf 83' lang='lat' dir='ltr'><strong>Dum</strong></span> <span class='ocrx_word' id='word_1_306' title='bbox 773 2150 951 2198; x_wconf 85' lang='lat' dir='ltr'><strong>autem</strong></span> <span class='ocrx_word' id='word_1_307' title='bbox 986 2142 1184 2199; x_wconf 81' lang='lat' dir='ltr'><strong>XXIIII.</strong></span> <span class='ocrx_word' id='word_1_308' title='bbox 1238 2151 1294 2198; x_wconf 85' lang='lat' dir='ltr'><strong>et</strong></span> <span class='ocrx_word' id='word_1_309' title='bbox 1338 2157 1437 2213; x_wconf 88' lang='lat' dir='ltr'><strong>per</strong></span> <span class='ocrx_word' id='word_1_310' title='bbox 1479 2141 1750 2198; x_wconf 80' lang='lat' dir='ltr'><strong>binarium</strong></span> <span class='ocrx_word' id='word_1_311' title='bbox 1792 2146 1849 2198; x_wconf 89' lang='lat' dir='ltr'><strong>et</strong></span> <span class='ocrx_word' id='word_1_312' title='bbox 1875 2153 1974 2212; x_wconf 84' lang='lat' dir='ltr'><strong>per</strong></span> <span class='ocrx_word' id='word_1_313' title='bbox 2001 2149 2182 2196; x_wconf 81' lang='lat' dir='ltr'><strong>terna-</strong></span> 
     </span>
    </p>
   </div>
   <div class='ocr_carea' id='block_1_37' title="bbox 595 2232 2181 2307">
    <p class='ocr_par' dir='ltr' id='par_1_37' title="bbox 595 2232 2181 2307">
     <span class='ocr_line' id='line_1_37' title="bbox 595 2232 2181 2307; baseline -0.003 -16"><span class='ocrx_word' id='word_1_314' title='bbox 595 2233 738 2291; x_wconf 88' lang='lat' dir='ltr'><strong>rium</strong></span> <span class='ocrx_word' id='word_1_315' title='bbox 768 2234 948 2292; x_wconf 84' lang='lat' dir='ltr'><strong>metiri</strong></span> <span class='ocrx_word' id='word_1_316' title='bbox 996 2234 1195 2307; x_wconf 88' lang='lat' dir='ltr'><strong>possit,</strong></span> <span class='ocrx_word' id='word_1_317' title='bbox 1238 2243 1451 2291; x_wconf 85' lang='lat' dir='ltr'><strong>eertum</strong></span> <span class='ocrx_word' id='word_1_318' title='bbox 1477 2241 1582 2301; x_wconf 88' lang='lat' dir='ltr'><strong>est,</strong></span> <span class='ocrx_word' id='word_1_319' title='bbox 1613 2232 1757 2305; x_wconf 90' lang='lat' dir='ltr'><strong>quod</strong></span> <span class='ocrx_word' id='word_1_320' title='bbox 1803 2233 2075 2289; x_wconf 84' lang='lat' dir='ltr'><strong>binarium</strong></span> <span class='ocrx_word' id='word_1_321' title='bbox 2096 2232 2181 2288; x_wconf 85' lang='lat' dir='ltr'><strong>bi-</strong></span> 
     </span>
    </p>
   </div>
   <div class='ocr_carea' id='block_1_38' title="bbox 593 2326 2183 2394">
    <p class='ocr_par' dir='ltr' id='par_1_38' title="bbox 593 2326 2183 2394">
     <span class='ocr_line' id='line_1_38' title="bbox 593 2326 2183 2394; baseline -0.003 -10"><span class='ocrx_word' id='word_1_322' title='bbox 593 2329 782 2394; x_wconf 78' lang='lat' dir='ltr'><strong>nario,</strong></span> <span class='ocrx_word' id='word_1_323' title='bbox 822 2329 1125 2385; x_wconf 73' lang='lat' dir='ltr'><strong>ternarium</strong></span> <span class='ocrx_word' id='word_1_324' title='bbox 1176 2328 1419 2384; x_wconf 81' lang='lat' dir='ltr'><strong>ternario</strong></span> <span class='ocrx_word' id='word_1_325' title='bbox 1477 2328 1533 2385; x_wconf 89' lang='lat' dir='ltr'><strong>in</strong></span> <span class='ocrx_word' id='word_1_326' title='bbox 1580 2326 1771 2384; x_wconf 80' lang='lat' dir='ltr'><strong>eadem</strong></span> <span class='ocrx_word' id='word_1_327' title='bbox 1822 2326 2183 2383; x_wconf 76' lang='lat' dir='ltr'><strong>consonantia</strong></span> 
     </span>
    </p>
   </div>
   <div class='ocr_carea' id='block_1_39' title="bbox 600 2415 2183 2490">
    <p class='ocr_par' dir='ltr' id='par_1_39' title="bbox 600 2415 2183 2490">
     <span class='ocr_line' id='line_1_39' title="bbox 600 2415 2183 2490; baseline -0.001 -16"><span class='ocrx_word' id='word_1_328' title='bbox 600 2419 929 2490; x_wconf 85' lang='lat' dir='ltr'><strong>respondere</strong></span> <span class='ocrx_word' id='word_1_329' title='bbox 949 2418 1141 2485; x_wconf 77' lang='lat' dir='ltr'><strong>voluit,</strong></span> <span class='ocrx_word' id='word_1_330' title='bbox 1164 2421 1256 2489; x_wconf 86' lang='lat' dir='ltr'><strong>ubi</strong></span> <span class='ocrx_word' id='word_1_331' title='bbox 1283 2421 1583 2476; x_wconf 78' lang='lat' dir='ltr'><strong>ternarium</strong></span> <span class='ocrx_word' id='word_1_332' title='bbox 1611 2416 1825 2475; x_wconf 87' lang='lat' dir='ltr'><strong>binario</strong></span> <span class='ocrx_word' id='word_1_333' title='bbox 1854 2415 2183 2490; x_wconf 69' lang='lat' dir='ltr'><strong>respondere</strong></span> 
     </span>
    </p>
   </div>
   <div class='ocr_carea' id='block_1_40' title="bbox 594 2508 2183 2582">
    <p class='ocr_par' dir='ltr' id='par_1_40' title="bbox 594 2508 2183 2582">
     <span class='ocr_line' id='line_1_40' title="bbox 594 2508 2183 2582; baseline -0.003 -14"><span class='ocrx_word' id='word_1_334' title='bbox 594 2510 946 2568; x_wconf 75' lang='lat' dir='ltr'><strong>contradixit.</strong></span> <span class='ocrx_word' id='word_1_335' title='bbox 963 2510 1119 2579; x_wconf 82' lang='lat' dir='ltr'><strong>Quod</strong></span> <span class='ocrx_word' id='word_1_336' title='bbox 1135 2525 1266 2571; x_wconf 75' lang='lat' dir='ltr'><strong>vero</strong></span> <span class='ocrx_word' id='word_1_337' title='bbox 1285 2508 1593 2581; x_wconf 57' lang='lat' dir='ltr'><strong>adjeeigVL</strong></span> <span class='ocrx_word' id='word_1_338' title='bbox 1606 2510 1674 2566; x_wconf 73' lang='lat' dir='ltr'><strong>ad</strong></span> <span class='ocrx_word' id='word_1_339' title='bbox 1688 2509 1796 2565; x_wconf 75' lang='lat' dir='ltr'><strong>XII.</strong></span> <span class='ocrx_word' id='word_1_340' title='bbox 1817 2510 2073 2582; x_wconf 76' lang='lat' dir='ltr'><strong>diapason</strong></span> <span class='ocrx_word' id='word_1_341' title='bbox 2090 2509 2183 2564; x_wconf 82' lang='lat' dir='ltr'><strong>IIe-</strong></span> 
     </span>
    </p>
   </div>
   <div class='ocr_carea' id='block_1_41' title="bbox 601 2596 2184 2674">
    <p class='ocr_par' dir='ltr' id='par_1_41' title="bbox 601 2596 2184 2674">
     <span class='ocr_line' id='line_1_41' title="bbox 601 2596 2184 2674; baseline -0.002 -15"><span class='ocrx_word' id='word_1_342' title='bbox 601 2603 674 2668; x_wconf 82' lang='lat' dir='ltr'><strong>ri,</strong></span> <span class='ocrx_word' id='word_1_343' title='bbox 696 2617 820 2659; x_wconf 87' lang='lat' dir='ltr'><strong>cum</strong></span> <span class='ocrx_word' id='word_1_344' title='bbox 845 2602 957 2673; x_wconf 83' lang='lat' dir='ltr'><strong>jam</strong></span> <span class='ocrx_word' id='word_1_345' title='bbox 983 2602 1254 2674; x_wconf 83' lang='lat' dir='ltr'><strong>posuisset</strong></span> <span class='ocrx_word' id='word_1_346' title='bbox 1284 2602 1369 2659; x_wconf 88' lang='lat' dir='ltr'><strong>bis</strong></span> <span class='ocrx_word' id='word_1_347' title='bbox 1389 2598 1498 2658; x_wconf 83' lang='lat' dir='ltr'><strong>XII.</strong></span> <span class='ocrx_word' id='word_1_348' title='bbox 1531 2600 1876 2658; x_wconf 81' lang='lat' dir='ltr'><strong>reeoiendum</strong></span> <span class='ocrx_word' id='word_1_349' title='bbox 1900 2607 2009 2667; x_wconf 84' lang='lat' dir='ltr'><strong>est,</strong></span> <span class='ocrx_word' id='word_1_350' title='bbox 2039 2596 2184 2670; x_wconf 86' lang='lat' dir='ltr'><strong>quod</strong></span> 
     </span>
    </p>
   </div>
   <div class='ocr_carea' id='block_1_42' title="bbox 594 2690 2184 2761">
    <p class='ocr_par' dir='ltr' id='par_1_42' title="bbox 594 2690 2184 2761">
     <span class='ocr_line' id='line_1_42' title="bbox 594 2690 2184 2761; baseline -0.002 -11"><span class='ocrx_word' id='word_1_351' title='bbox 594 2709 704 2750; x_wconf 88' lang='lat' dir='ltr'><strong>non</strong></span> <span class='ocrx_word' id='word_1_352' title='bbox 727 2694 907 2750; x_wconf 83' lang='lat' dir='ltr'><strong>solum</strong></span> <span class='ocrx_word' id='word_1_353' title='bbox 932 2693 985 2749; x_wconf 79' lang='lat' dir='ltr'><strong>in</strong></span> <span class='ocrx_word' id='word_1_354' title='bbox 1002 2694 1246 2761; x_wconf 79' lang='lat' dir='ltr'><strong>vocibus,</strong></span> <span class='ocrx_word' id='word_1_355' title='bbox 1264 2695 1360 2750; x_wconf 84' lang='lat' dir='ltr'><strong>sed</strong></span> <span class='ocrx_word' id='word_1_356' title='bbox 1384 2695 1549 2750; x_wconf 86' lang='lat' dir='ltr'><strong>etiam</strong></span> <span class='ocrx_word' id='word_1_357' title='bbox 1575 2694 1717 2749; x_wconf 87' lang='lat' dir='ltr'><strong>inter</strong></span> <span class='ocrx_word' id='word_1_358' title='bbox 1739 2706 1900 2749; x_wconf 79' lang='lat' dir='ltr'><strong>voces</strong></span> <span class='ocrx_word' id='word_1_359' title='bbox 1931 2690 2184 2747; x_wconf 75' lang='lat' dir='ltr'><strong>diiieren-</strong></span> 
     </span>
    </p>
   </div>
   <div class='ocr_carea' id='block_1_43' title="bbox 596 2782 2186 2857">
    <p class='ocr_par' dir='ltr' id='par_1_43' title="bbox 596 2782 2186 2857">
     <span class='ocr_line' id='line_1_43' title="bbox 596 2782 2186 2857; baseline -0.003 -13"><span class='ocrx_word' id='word_1_360' title='bbox 596 2788 795 2844; x_wconf 87' lang='lat' dir='ltr'><strong>tiarum</strong></span> <span class='ocrx_word' id='word_1_361' title='bbox 819 2801 1073 2842; x_wconf 85' lang='lat' dir='ltr'><strong>mensura</strong></span> <span class='ocrx_word' id='word_1_362' title='bbox 1088 2786 1385 2857; x_wconf 76' lang='lat' dir='ltr'><strong>colligenda</strong></span> <span class='ocrx_word' id='word_1_363' title='bbox 1399 2787 1492 2843; x_wconf 86' lang='lat' dir='ltr'><strong>sit.</strong></span> <span class='ocrx_word' id='word_1_364' title='bbox 1512 2782 1644 2841; x_wconf 83' lang='lat' dir='ltr'><strong>Nam</strong></span> <span class='ocrx_word' id='word_1_365' title='bbox 1665 2786 1792 2857; x_wconf 86' lang='lat' dir='ltr'><strong>quia</strong></span> <span class='ocrx_word' id='word_1_366' title='bbox 1816 2785 1901 2842; x_wconf 89' lang='lat' dir='ltr'><strong>bis</strong></span> <span class='ocrx_word' id='word_1_367' title='bbox 1922 2783 2029 2839; x_wconf 82' lang='lat' dir='ltr'><strong>XII.</strong></span> <span class='ocrx_word' id='word_1_368' title='bbox 2047 2783 2186 2841; x_wconf 77' lang='lat' dir='ltr'><strong>dixit</strong></span> 
     </span>
    </p>
   </div>
   <div class='ocr_carea' id='block_1_44' title="bbox 598 2876 2184 2952">
    <p class='ocr_par' dir='ltr' id='par_1_44' title="bbox 598 2876 2184 2952">
     <span class='ocr_line' id='line_1_44' title="bbox 598 2876 2184 2952; baseline -0.004 -15"><span class='ocrx_word' id='word_1_369' title='bbox 598 2881 684 2937; x_wconf 95' lang='lat' dir='ltr'><strong>VI.</strong></span> <span class='ocrx_word' id='word_1_370' title='bbox 701 2881 771 2937; x_wconf 85' lang='lat' dir='ltr'><strong>ad</strong></span> <span class='ocrx_word' id='word_1_371' title='bbox 785 2880 990 2937; x_wconf 86' lang='lat' dir='ltr'><strong>bilel.</strong></span> <span class='ocrx_word' id='word_1_372' title='bbox 1007 2880 1367 2952; x_wconf 84' lang='lat' dir='ltr'><strong>quadruplum</strong></span> <span class='ocrx_word' id='word_1_373' title='bbox 1389 2879 1690 2943; x_wconf 87' lang='lat' dir='ltr'><strong>constituit,</strong></span> <span class='ocrx_word' id='word_1_374' title='bbox 1707 2887 1869 2950; x_wconf 87' lang='lat' dir='ltr'><strong>atque</strong></span> <span class='ocrx_word' id='word_1_375' title='bbox 1887 2877 2089 2933; x_wconf 82' lang='lat' dir='ltr'><strong>idcirco</strong></span> <span class='ocrx_word' id='word_1_376' title='bbox 2101 2876 2184 2931; x_wconf 85' lang='lat' dir='ltr'><strong>in-</strong></span> 
     </span>
    </p>
   </div>
   <div class='ocr_carea' id='block_1_45' title="bbox 596 2969 2185 3030">
    <p class='ocr_par' dir='ltr' id='par_1_45' title="bbox 596 2969 2185 3030">
     <span class='ocr_line' id='line_1_45' title="bbox 596 2969 2185 3030; baseline -0.004 0"><span class='ocrx_word' id='word_1_377' title='bbox 596 2972 779 3030; x_wconf 77' lang='lat' dir='ltr'><strong>terVI.</strong></span> <span class='ocrx_word' id='word_1_378' title='bbox 794 2980 852 3028; x_wconf 85' lang='lat' dir='ltr'><strong>et</strong></span> <span class='ocrx_word' id='word_1_379' title='bbox 870 2971 978 3027; x_wconf 87' lang='lat' dir='ltr'><strong>XII.</strong></span> <span class='ocrx_word' id='word_1_380' title='bbox 1008 2973 1256 3028; x_wconf 87' lang='lat' dir='ltr'><strong>senarius</strong></span> <span class='ocrx_word' id='word_1_381' title='bbox 1267 2969 1623 3029; x_wconf 68' lang='lat' dir='ltr'><strong>differentiam</strong></span> <span class='ocrx_word' id='word_1_382' title='bbox 1641 2970 1789 3028; x_wconf 74' lang='lat' dir='ltr'><strong>facit.</strong></span> <span class='ocrx_word' id='word_1_383' title='bbox 1818 2969 2185 3027; x_wconf 84' lang='lat' dir='ltr'><strong>Rursusinter</strong></span> 
     </span>
    </p>
   </div>
   <div class='ocr_carea' id='block_1_46' title="bbox 596 3062 2184 3130">
    <p class='ocr_par' dir='ltr' id='par_1_46' title="bbox 596 3062 2184 3130">
     <span class='ocr_line' id='line_1_46' title="bbox 596 3062 2184 3130; baseline -0.004 -8"><span class='ocrx_word' id='word_1_384' title='bbox 596 3064 705 3122; x_wconf 83' lang='lat' dir='ltr'><strong>XII.</strong></span> <span class='ocrx_word' id='word_1_385' title='bbox 724 3080 788 3120; x_wconf 88' lang='lat' dir='ltr'><strong>ac</strong></span> <span class='ocrx_word' id='word_1_386' title='bbox 804 3063 888 3120; x_wconf 85' lang='lat' dir='ltr'><strong>bis</strong></span> <span class='ocrx_word' id='word_1_387' title='bbox 904 3062 1011 3118; x_wconf 90' lang='lat' dir='ltr'><strong>Xll.</strong></span> <span class='ocrx_word' id='word_1_388' title='bbox 1029 3063 1345 3119; x_wconf 89' lang='lat' dir='ltr'><strong>duodenarii</strong></span> <span class='ocrx_word' id='word_1_389' title='bbox 1361 3062 1661 3119; x_wconf 75' lang='lat' dir='ltr'><strong>diti‘erentia</strong></span> <span class='ocrx_word' id='word_1_390' title='bbox 1686 3062 1888 3119; x_wconf 84' lang='lat' dir='ltr'><strong>existit.</strong></span> <span class='ocrx_word' id='word_1_391' title='bbox 1906 3062 2051 3130; x_wconf 83' lang='lat' dir='ltr'><strong>Quas</strong></span> <span class='ocrx_word' id='word_1_392' title='bbox 2063 3069 2184 3117; x_wconf 87' lang='lat' dir='ltr'><strong>tan-</strong></span> 
     </span>
    </p>
   </div>
   <div class='ocr_carea' id='block_1_47' title="bbox 2282 1861 3718 1940">
    <p class='ocr_par' dir='ltr' id='par_1_47' title="bbox 2282 1861 3718 1940">
     <span class='ocr_line' id='line_1_47' title="bbox 2282 1861 3718 1940; baseline 0.005 -21"><span class='ocrx_word' id='word_1_393' title='bbox 2282 1868 2470 1936; x_wconf 77' lang='lat' dir='ltr'><strong>pente,</strong></span> <span class='ocrx_word' id='word_1_394' title='bbox 2506 1864 2650 1935; x_wconf 90' lang='lat' dir='ltr'><strong>quod</strong></span> <span class='ocrx_word' id='word_1_395' title='bbox 2684 1877 2769 1920; x_wconf 85' lang='lat' dir='ltr'><strong>est</strong></span> <span class='ocrx_word' id='word_1_396' title='bbox 2815 1862 2886 1920; x_wconf 85' lang='lat' dir='ltr'><strong>ab</strong></span> <span class='ocrx_word' id='word_1_397' title='bbox 2924 1861 2989 1921; x_wconf 90' lang='grc' dir='ltr'><strong>Ο.</strong></span> <span class='ocrx_word' id='word_1_398' title='bbox 3028 1864 3100 1920; x_wconf 88' lang='lat' dir='ltr'><strong>ad</strong></span> <span class='ocrx_word' id='word_1_399' title='bbox 3152 1878 3203 1922; x_wconf 87' lang='lat' dir='ltr'><strong>e.</strong></span> <span class='ocrx_word' id='word_1_400' title='bbox 3256 1864 3431 1923; x_wconf 88' lang='lat' dir='ltr'><strong>addito</strong></span> <span class='ocrx_word' id='word_1_401' title='bbox 3464 1870 3718 1940; x_wconf 83' lang='lat' dir='ltr'><strong>sesquiocuu</strong></span> 
     </span>
    </p>
   </div>
   <div class='ocr_carea' id='block_1_48' title="bbox 2280 1952 3721 2029">
    <p class='ocr_par' dir='ltr' id='par_1_48' title="bbox 2280 1952 3721 2029">
     <span class='ocr_line' id='line_1_48' title="bbox 2280 1952 3721 2029; baseline 0.003 -17"><span class='ocrx_word' id='word_1_402' title='bbox 2280 1956 2515 2012; x_wconf 84' lang='lat' dir='ltr'><strong>remisso</strong></span> <span class='ocrx_word' id='word_1_403' title='bbox 2538 1969 2589 2011; x_wconf 91' lang='lat' dir='ltr'><strong>c.</strong></span> <span class='ocrx_word' id='word_1_404' title='bbox 2639 1954 2777 2012; x_wconf 84' lang='lat' dir='ltr'><strong>ade.</strong></span> <span class='ocrx_word' id='word_1_405' title='bbox 2824 1952 2995 2026; x_wconf 81' lang='lat' dir='ltr'><strong>Hujus</strong></span> <span class='ocrx_word' id='word_1_406' title='bbox 3022 1955 3173 2012; x_wconf 89' lang='lat' dir='ltr'><strong>enim</strong></span> <span class='ocrx_word' id='word_1_407' title='bbox 3227 1958 3364 2029; x_wconf 83' lang='lat' dir='ltr'><strong>tropi</strong></span> <span class='ocrx_word' id='word_1_408' title='bbox 3407 1960 3506 2016; x_wconf 79' lang='lat' dir='ltr'><strong>haec</strong></span> <span class='ocrx_word' id='word_1_409' title='bbox 3543 1971 3602 2018; x_wconf 82' lang='lat' dir='ltr'><strong>est</strong></span> <span class='ocrx_word' id='word_1_410' title='bbox 3625 1961 3721 2017; x_wconf 78' lang='lat' dir='ltr'><strong>form</strong></span> 
     </span>
    </p>
   </div>
   <div class='ocr_carea' id='block_1_49' title="bbox 2282 2046 3719 2123">
    <p class='ocr_par' dir='ltr' id='par_1_49' title="bbox 2282 2046 3719 2123">
     <span class='ocr_line' id='line_1_49' title="bbox 2282 2046 3719 2123; baseline 0.005 -20"><span class='ocrx_word' id='word_1_411' title='bbox 2282 2046 2605 2105; x_wconf 77' lang='lat' dir='ltr'><strong>NOEAGIS.</strong></span> <span class='ocrx_word' id='word_1_412' title='bbox 2636 2046 2809 2104; x_wconf 81' lang='lat' dir='ltr'><strong>Habet</strong></span> <span class='ocrx_word' id='word_1_413' title='bbox 2841 2049 2987 2105; x_wconf 87' lang='lat' dir='ltr'><strong>enim</strong></span> <span class='ocrx_word' id='word_1_414' title='bbox 3020 2049 3115 2106; x_wconf 82' lang='lat' dir='ltr'><strong>hic</strong></span> <span class='ocrx_word' id='word_1_415' title='bbox 3147 2057 3332 2123; x_wconf 82' lang='lat' dir='ltr'><strong>tropus</strong></span> <span class='ocrx_word' id='word_1_416' title='bbox 3359 2051 3408 2107; x_wconf 90' lang='lat' dir='ltr'><strong>in</strong></span> <span class='ocrx_word' id='word_1_417' title='bbox 3441 2055 3645 2109; x_wconf 81' lang='lat' dir='ltr'><strong>nocturnis</strong></span> <span class='ocrx_word' id='word_1_418' title='bbox 3661 2052 3719 2109; x_wconf 76' lang='lat' dir='ltr'><strong>di!-</strong></span> 
     </span>
    </p>
   </div>
   <div class='ocr_carea' id='block_1_50' title="bbox 2282 2136 3714 2214">
    <p class='ocr_par' dir='ltr' id='par_1_50' title="bbox 2282 2136 3714 2214">
     <span class='ocr_line' id='line_1_50' title="bbox 2282 2136 3714 2214; baseline 0.003 -20"><span class='ocrx_word' id='word_1_419' title='bbox 2282 2136 2544 2195; x_wconf 70' lang='lat' dir='ltr'><strong>terentias</strong></span> <span class='ocrx_word' id='word_1_420' title='bbox 2573 2137 2636 2193; x_wconf 91' lang='grc'><strong>11.</strong></span> <span class='ocrx_word' id='word_1_421' title='bbox 2677 2137 2915 2195; x_wconf 82' lang='lat' dir='ltr'><strong>Primam</strong></span> <span class='ocrx_word' id='word_1_422' title='bbox 2944 2139 2998 2195; x_wconf 82' lang='lat' dir='ltr'><strong>ia</strong></span> <span class='ocrx_word' id='word_1_423' title='bbox 3024 2140 3086 2207; x_wconf 89' lang='lat' dir='ltr'><strong>h,</strong></span> <span class='ocrx_word' id='word_1_424' title='bbox 3127 2154 3250 2211; x_wconf 76' lang='lat' dir='ltr'><strong>qua:</strong></span> <span class='ocrx_word' id='word_1_425' title='bbox 3293 2141 3447 2199; x_wconf 86' lang='lat' dir='ltr'><strong>habet</strong></span> <span class='ocrx_word' id='word_1_426' title='bbox 3470 2144 3714 2214; x_wconf 72' lang='lat' dir='ltr'><strong>quntum</strong></span> 
     </span>
    </p>
   </div>
   <div class='ocr_carea' id='block_1_51' title="bbox 2284 2227 3797 2305">
    <p class='ocr_par' dir='ltr' id='par_1_51' title="bbox 2284 2227 3797 2305">
     <span class='ocr_line' id='line_1_51' title="bbox 2284 2227 3797 2305; baseline 0.005 -19"><span class='ocrx_word' id='word_1_427' title='bbox 2284 2230 2340 2286; x_wconf 82' lang='lat' dir='ltr'><strong>in</strong></span> <span class='ocrx_word' id='word_1_428' title='bbox 2371 2244 2421 2286; x_wconf 74' lang='grc' dir='ltr'><strong>ε.</strong></span> <span class='ocrx_word' id='word_1_429' title='bbox 2449 2227 2497 2286; x_wconf 87' lang='grc' dir='ltr'>ο</span> <span class='ocrx_word' id='word_1_430' title='bbox 2520 2245 2681 2302; x_wconf 74' lang='lat' dir='ltr'><strong>quam</strong></span> <span class='ocrx_word' id='word_1_431' title='bbox 2702 2229 2881 2286; x_wconf 67' lang='lat' dir='ltr'><strong>durus</strong></span> <span class='ocrx_word' id='word_1_432' title='bbox 2908 2232 3093 2299; x_wconf 37' lang='lat' dir='ltr'><strong>eth-id</strong></span> <span class='ocrx_word' id='word_1_433' title='bbox 3113 2239 3221 2298; x_wconf 87' lang='lat' dir='ltr'><strong>est,</strong></span> <span class='ocrx_word' id='word_1_434' title='bbox 3246 2231 3723 2305; x_wconf 75' lang='lat' dir='ltr'><strong>Jerusalem;scsqliot-</strong></span> <span class='ocrx_word' id='word_1_435' title='bbox 3796 2254 3797 2305; x_wconf 53' lang='grc' dir='ltr'><strong>ἦ</strong></span> 
     </span>
    </p>
   </div>
   <div class='ocr_carea' id='block_1_52' title="bbox 2283 2308 3718 2396">
    <p class='ocr_par' dir='ltr' id='par_1_52' title="bbox 2283 2308 3718 2396">
     <span class='ocr_line' id='line_1_52' title="bbox 2283 2308 3718 2396; baseline 0 -17"><span class='ocrx_word' id='word_1_436' title='bbox 2283 2328 2471 2381; x_wconf 65' lang='lat' dir='ltr'><strong>tat/um</strong></span> <span class='ocrx_word' id='word_1_437' title='bbox 2490 2324 2779 2380; x_wconf 82' lang='lat' dir='ltr'><strong>remissum</strong></span> <span class='ocrx_word' id='word_1_438' title='bbox 2805 2323 2862 2379; x_wconf 81' lang='lat' dir='ltr'><strong>in</strong></span> <span class='ocrx_word' id='word_1_439' title='bbox 2884 2323 2946 2380; x_wconf 86' lang='lat' dir='ltr'><strong>C.</strong></span> <span class='ocrx_word' id='word_1_440' title='bbox 2976 2321 3189 2379; x_wconf 67' lang='lat' dir='ltr'><strong>Butram</strong></span> <span class='ocrx_word' id='word_1_441' title='bbox 3209 2308 3357 2396; x_wconf 72' lang='lat' dir='ltr'><strong>quem</strong></span> <span class='ocrx_word' id='word_1_442' title='bbox 3376 2325 3561 2382; x_wconf 78' lang='lat' dir='ltr'><strong>viderat.</strong></span> <span class='ocrx_word' id='word_1_443' title='bbox 3571 2324 3718 2381; x_wconf 80' lang='lat' dir='ltr'><strong>Secunda</strong></span> 
     </span>
    </p>
   </div>
   <div class='ocr_carea' id='block_1_53' title="bbox 2278 2414 3718 2487">
    <p class='ocr_par' dir='ltr' id='par_1_53' title="bbox 2278 2414 3718 2487">
     <span class='ocr_line' id='line_1_53' title="bbox 2278 2414 3718 2487; baseline -0.001 -13"><span class='ocrx_word' id='word_1_444' title='bbox 2278 2415 2591 2475; x_wconf 71' lang='lat' dir='ltr'><strong>diﬂ‘erentia</strong></span> <span class='ocrx_word' id='word_1_445' title='bbox 2631 2426 2718 2475; x_wconf 90' lang='lat' dir='ltr'><strong>est</strong></span> <span class='ocrx_word' id='word_1_446' title='bbox 2752 2416 2811 2472; x_wconf 86' lang='lat' dir='ltr'><strong>in</strong></span> <span class='ocrx_word' id='word_1_447' title='bbox 2860 2433 2911 2472; x_wconf 94' lang='lat' dir='ltr'><strong>c.</strong></span> <span class='ocrx_word' id='word_1_448' title='bbox 2943 2430 3070 2487; x_wconf 65' lang='lat' dir='ltr'><strong>quae</strong></span> <span class='ocrx_word' id='word_1_449' title='bbox 3099 2414 3268 2473; x_wconf 81' lang='lat' dir='ltr'><strong>habet</strong></span> <span class='ocrx_word' id='word_1_450' title='bbox 3301 2432 3452 2472; x_wconf 83' lang='lat' dir='ltr'><strong>unum</strong></span> <span class='ocrx_word' id='word_1_451' title='bbox 3482 2416 3666 2473; x_wconf 85' lang='lat' dir='ltr'><strong>locumin</strong></span> <span class='ocrx_word' id='word_1_452' title='bbox 3689 2414 3718 2473; x_wconf 81' lang='lat' dir='ltr'><strong>C.</strong></span> 
     </span>
    </p>
   </div>
   <div class='ocr_carea' id='block_1_54' title="bbox 2283 2506 3721 2576">
    <p class='ocr_par' dir='ltr' id='par_1_54' title="bbox 2283 2506 3721 2576">
     <span class='ocr_line' id='line_1_54' title="bbox 2283 2506 3721 2576; baseline -0.003 -12"><span class='ocrx_word' id='word_1_453' title='bbox 2283 2507 2516 2564; x_wconf 75' lang='lat' dir='ltr'><strong>Betkent</strong></span> <span class='ocrx_word' id='word_1_454' title='bbox 2547 2523 2652 2563; x_wconf 78' lang='lat' dir='ltr'><strong>non</strong></span> <span class='ocrx_word' id='word_1_455' title='bbox 2679 2525 2734 2564; x_wconf 83' lang='lat' dir='ltr'><strong>es</strong></span> <span class='ocrx_word' id='word_1_456' title='bbox 2763 2508 3006 2562; x_wconf 75' lang='lat' dir='ltr'><strong>miniata.</strong></span> <span class='ocrx_word' id='word_1_457' title='bbox 3039 2506 3198 2565; x_wconf 85' lang='lat' dir='ltr'><strong>Unde</strong></span> <span class='ocrx_word' id='word_1_458' title='bbox 3226 2516 3441 2573; x_wconf 81' lang='lat' dir='ltr'><strong>constat,</strong></span> <span class='ocrx_word' id='word_1_459' title='bbox 3466 2514 3515 2563; x_wconf 92' lang='grc' dir='ltr'><strong>ιιι</strong></span> <span class='ocrx_word' id='word_1_460' title='bbox 3533 2506 3597 2562; x_wconf 85' lang='lat' dir='ltr'><strong>hic</strong></span> <span class='ocrx_word' id='word_1_461' title='bbox 3620 2515 3721 2576; x_wconf 80' lang='lat' dir='ltr'><strong>tropis</strong></span> 
     </span>
    </p>
   </div>
   <div class='ocr_carea' id='block_1_55' title="bbox 2284 2598 3719 2660">
    <p class='ocr_par' dir='ltr' id='par_1_55' title="bbox 2284 2598 3719 2660">
     <span class='ocr_line' id='line_1_55' title="bbox 2284 2598 3719 2660; baseline -0.003 0"><span class='ocrx_word' id='word_1_462' title='bbox 2284 2602 2420 2660; x_wconf 82' lang='lat' dir='ltr'><strong>duas</strong></span> <span class='ocrx_word' id='word_1_463' title='bbox 2450 2603 2614 2660; x_wconf 86' lang='lat' dir='ltr'><strong>habet</strong></span> <span class='ocrx_word' id='word_1_464' title='bbox 2638 2602 2977 2660; x_wconf 71' lang='lat' dir='ltr'><strong>differentias</strong></span> <span class='ocrx_word' id='word_1_465' title='bbox 2996 2610 3053 2658; x_wconf 90' lang='lat' dir='ltr'><strong>et</strong></span> <span class='ocrx_word' id='word_1_466' title='bbox 3080 2598 3325 2659; x_wconf 83' lang='lat' dir='ltr'><strong>dedicata</strong></span> <span class='ocrx_word' id='word_1_467' title='bbox 3352 2599 3457 2659; x_wconf 81' lang='lat' dir='ltr'><strong>ioca</strong></span> <span class='ocrx_word' id='word_1_468' title='bbox 3478 2602 3520 2658; x_wconf 88' lang='lat' dir='ltr'><strong>in</strong></span> <span class='ocrx_word' id='word_1_469' title='bbox 3536 2601 3719 2658; x_wconf 68' lang='lat' dir='ltr'><strong>nocturnis</strong></span> 
     </span>
    </p>
   </div>
   <div class='ocr_carea' id='block_1_56' title="bbox 2284 2682 3721 2765">
    <p class='ocr_par' dir='ltr' id='par_1_56' title="bbox 2284 2682 3721 2765">
     <span class='ocr_line' id='line_1_56' title="bbox 2284 2682 3721 2765; baseline -0.004 -16"><span class='ocrx_word' id='word_1_470' title='bbox 2284 2693 2344 2749; x_wconf 77' lang='lat' dir='ltr'><strong>In</strong></span> <span class='ocrx_word' id='word_1_471' title='bbox 2372 2694 2583 2751; x_wconf 80' lang='lat' dir='ltr'><strong>diurnis</strong></span> <span class='ocrx_word' id='word_1_472' title='bbox 2607 2695 2751 2751; x_wconf 89' lang='lat' dir='ltr'><strong>enim</strong></span> <span class='ocrx_word' id='word_1_473' title='bbox 2781 2694 2872 2751; x_wconf 86' lang='lat' dir='ltr'><strong>hic</strong></span> <span class='ocrx_word' id='word_1_474' title='bbox 2893 2701 3088 2765; x_wconf 81' lang='lat' dir='ltr'><strong>tmpus</strong></span> <span class='ocrx_word' id='word_1_475' title='bbox 3122 2708 3285 2749; x_wconf 85' lang='lat' dir='ltr'><strong>unam</strong></span> <span class='ocrx_word' id='word_1_476' title='bbox 3319 2692 3465 2749; x_wconf 84' lang='lat' dir='ltr'><strong>habet</strong></span> <span class='ocrx_word' id='word_1_477' title='bbox 3487 2682 3721 2749; x_wconf 67' lang='lat' dir='ltr'><strong>diducam:</strong></span> 
     </span>
    </p>
   </div>
   <div class='ocr_carea' id='block_1_57' title="bbox 2278 2782 3722 2866">
    <p class='ocr_par' dir='ltr' id='par_1_57' title="bbox 2278 2782 3722 2866">
     <span class='ocr_line' id='line_1_57' title="bbox 2278 2782 3722 2866; baseline -0.005 -22"><span class='ocrx_word' id='word_1_478' title='bbox 2278 2788 2339 2844; x_wconf 75' lang='lat' dir='ltr'><strong>in</strong></span> <span class='ocrx_word' id='word_1_479' title='bbox 2364 2789 2434 2843; x_wconf 76' lang='grc' dir='ltr'><strong>Μ.</strong></span> <span class='ocrx_word' id='word_1_480' title='bbox 2466 2799 2523 2845; x_wconf 88' lang='grc' dir='ltr'><strong>ιιι</strong></span> <span class='ocrx_word' id='word_1_481' title='bbox 2548 2788 2854 2844; x_wconf 67' lang='lat' dir='ltr'><strong>ﬂeturi-exi.</strong></span> <span class='ocrx_word' id='word_1_482' title='bbox 2878 2786 3050 2859; x_wconf 78' lang='lat' dir='ltr'><strong>Hujus</strong></span> <span class='ocrx_word' id='word_1_483' title='bbox 3077 2787 3223 2866; x_wconf 84' lang='lat' dir='ltr'><strong>enim</strong></span> <span class='ocrx_word' id='word_1_484' title='bbox 3261 2787 3312 2843; x_wconf 91' lang='lat' dir='ltr'><strong>in</strong></span> <span class='ocrx_word' id='word_1_485' title='bbox 3334 2785 3572 2843; x_wconf 83' lang='lat' dir='ltr'><strong>nocturnis</strong></span> <span class='ocrx_word' id='word_1_486' title='bbox 3589 2782 3642 2840; x_wconf 79' lang='lat' dir='ltr'><strong>sit</strong></span> <span class='ocrx_word' id='word_1_487' title='bbox 3658 2797 3722 2837; x_wconf 78' lang='lat' dir='ltr'><strong>cu-</strong></span> 
     </span>
    </p>
   </div>
   <div class='ocr_carea' id='block_1_58' title="bbox 2280 2876 3718 2955">
    <p class='ocr_par' dir='ltr' id='par_1_58' title="bbox 2280 2876 3718 2955">
     <span class='ocr_line' id='line_1_58' title="bbox 2280 2876 3718 2955; baseline -0.006 -18"><span class='ocrx_word' id='word_1_488' title='bbox 2280 2881 2362 2937; x_wconf 90' lang='lat' dir='ltr'><strong>rit</strong></span> <span class='ocrx_word' id='word_1_489' title='bbox 2396 2895 2587 2938; x_wconf 87' lang='lat' dir='ltr'><strong>versus</strong></span> <span class='ocrx_word' id='word_1_490' title='bbox 2613 2896 2627 2935; x_wconf 91' lang='lat'><strong>:</strong></span> <span class='ocrx_word' id='word_1_491' title='bbox 2652 2879 2835 2936; x_wconf 75' lang='lat' dir='ltr'><strong>Gloria</strong></span> <span class='ocrx_word' id='word_1_492' title='bbox 2877 2878 3055 2947; x_wconf 86' lang='lat' dir='ltr'><strong>Patri,</strong></span> <span class='ocrx_word' id='word_1_493' title='bbox 3094 2888 3203 2937; x_wconf 90' lang='lat' dir='ltr'><strong>etc.</strong></span> <span class='ocrx_word' id='word_1_494' title='bbox 3234 2878 3458 2955; x_wconf 59' lang='lat'><strong>(642)11;</strong></span> <span class='ocrx_word' id='word_1_495' title='bbox 3488 2876 3718 2935; x_wconf 74' lang='lat' dir='ltr'><strong>diui-sistit:</strong></span> 
     </span>
    </p>
   </div>
   <div class='ocr_carea' id='block_1_59' title="bbox 2276 2970 2810 3040">
    <p class='ocr_par' dir='ltr' id='par_1_59' title="bbox 2276 2970 2810 3040">
     <span class='ocr_line' id='line_1_59' title="bbox 2276 2970 2810 3040; baseline -0.002 -13"><span class='ocrx_word' id='word_1_496' title='bbox 2276 2970 2470 3028; x_wconf 62' lang='lat' dir='ltr'><strong>Elaris</strong></span> <span class='ocrx_word' id='word_1_497' title='bbox 2489 2971 2664 3040; x_wconf 77' lang='lat' dir='ltr'><strong>Patri,</strong></span> <span class='ocrx_word' id='word_1_498' title='bbox 2701 2978 2810 3029; x_wconf 87' lang='lat' dir='ltr'><strong>etc.</strong></span> 
     </span>
    </p>
   </div>
   <div class='ocr_carea' id='block_1_60' title="bbox 2816 3072 3327 3129">
    <p class='ocr_par' dir='ltr' id='par_1_60' title="bbox 2816 3072 3327 3129">
     <span class='ocr_line' id='line_1_60' title="bbox 2816 3072 3327 3129; baseline 0 -12"><span class='ocrx_word' id='word_1_499' title='bbox 2816 3072 2950 3118; x_wconf 74' lang='grc' dir='ltr'>ιτειι</span> <span class='ocrx_word' id='word_1_500' title='bbox 2995 3074 3066 3119; x_wconf 70' lang='lat' dir='ltr'><strong>ne</strong></span> <span class='ocrx_word' id='word_1_501' title='bbox 3108 3074 3327 3129; x_wconf 70' lang='grc' dir='ltr'><strong>ουιιιτο.</strong></span> 
     </span>
    </p>
   </div>
   <div class='ocr_carea' id='block_1_61' title="bbox 598 3127 3724 3228">
    <p class='ocr_par' dir='ltr' id='par_1_61' title="bbox 598 3127 3724 3228">
     <span class='ocr_line' id='line_1_61' title="bbox 598 3127 3724 3228; baseline -0.004 -14"><span class='ocrx_word' id='word_1_502' title='bbox 598 3158 724 3214; x_wconf 90' lang='lat' dir='ltr'><strong>dem</strong></span> <span class='ocrx_word' id='word_1_503' title='bbox 748 3155 1082 3211; x_wconf 80' lang='lat' dir='ltr'><strong>dili&#39;erentias</strong></span> <span class='ocrx_word' id='word_1_504' title='bbox 1105 3155 1171 3209; x_wconf 87' lang='lat' dir='ltr'><strong>ad</strong></span> <span class='ocrx_word' id='word_1_505' title='bbox 1191 3168 1251 3211; x_wconf 89' lang='lat' dir='ltr'><strong>se</strong></span> <span class='ocrx_word' id='word_1_506' title='bbox 1272 3156 1503 3211; x_wconf 82' lang='lat' dir='ltr'><strong>invicem</strong></span> <span class='ocrx_word' id='word_1_507' title='bbox 1528 3164 1894 3226; x_wconf 88' lang='lat' dir='ltr'><strong>comparatas,</strong></span> <span class='ocrx_word' id='word_1_508' title='bbox 1920 3127 2181 3225; x_wconf 75' lang='lat' dir='ltr'><strong>diapason</strong></span> <span class='ocrx_word' id='word_1_509' title='bbox 2207 3127 2255 3191; x_wconf 61' lang='grc' dir='ltr'><strong>(ἶ</strong></span> <span class='ocrx_word' id='word_1_510' title='bbox 2357 3153 2543 3211; x_wconf 80' lang='lat' dir='ltr'><strong>Tenus</strong></span> <span class='ocrx_word' id='word_1_511' title='bbox 2561 3155 2804 3226; x_wconf 73' lang='lat' dir='ltr'><strong>quintus,</strong></span> <span class='ocrx_word' id='word_1_512' title='bbox 2826 3169 2985 3225; x_wconf 86' lang='lat' dir='ltr'><strong>quem</strong></span> <span class='ocrx_word' id='word_1_513' title='bbox 3016 3127 3179 3212; x_wconf 80' lang='lat' dir='ltr'><strong>nobis</strong></span> <span class='ocrx_word' id='word_1_514' title='bbox 3198 3154 3414 3228; x_wconf 82' lang='lat' dir='ltr'><strong>Lydium</strong></span> <span class='ocrx_word' id='word_1_515' title='bbox 3439 3151 3628 3216; x_wconf 87' lang='lat' dir='ltr'><strong>dicimus,</strong></span> <span class='ocrx_word' id='word_1_516' title='bbox 3644 3156 3724 3204; x_wconf 77' lang='lat' dir='ltr'><strong>IOIIS</strong></span> 
     </span>
    </p>
   </div>
   <div class='ocr_carea' id='block_1_62' title="bbox 597 3245 2187 3318">
    <p class='ocr_par' dir='ltr' id='par_1_62' title="bbox 597 3245 2187 3318">
     <span class='ocr_line' id='line_1_62' title="bbox 597 3245 2187 3318; baseline -0.003 -13"><span class='ocrx_word' id='word_1_517' title='bbox 597 3248 828 3315; x_wconf 79' lang='lat' dir='ltr'><strong>reddere</strong></span> <span class='ocrx_word' id='word_1_518' title='bbox 853 3246 1035 3302; x_wconf 81' lang='lat' dir='ltr'><strong>nullus</strong></span> <span class='ocrx_word' id='word_1_519' title='bbox 1057 3245 1286 3317; x_wconf 73' lang='lat' dir='ltr'><strong>ignorat.</strong></span> <span class='ocrx_word' id='word_1_520' title='bbox 1303 3246 1371 3301; x_wconf 85' lang='lat' dir='ltr'><strong>Et</strong></span> <span class='ocrx_word' id='word_1_521' title='bbox 1382 3246 1599 3313; x_wconf 87' lang='lat' dir='ltr'><strong>hocest,</strong></span> <span class='ocrx_word' id='word_1_522' title='bbox 1611 3246 1755 3318; x_wconf 91' lang='lat' dir='ltr'><strong>quod</strong></span> <span class='ocrx_word' id='word_1_523' title='bbox 1768 3248 1867 3311; x_wconf 88' lang='lat' dir='ltr'><strong>ait,</strong></span> <span class='ocrx_word' id='word_1_524' title='bbox 1883 3259 2187 3302; x_wconf 84' lang='lat' dir='ltr'><strong>consonan-</strong></span> 
     </span>
    </p>
   </div>
   <div class='ocr_carea' id='block_1_63' title="bbox 597 3337 2189 3411">
    <p class='ocr_par' dir='ltr' id='par_1_63' title="bbox 597 3337 2189 3411">
     <span class='ocr_line' id='line_1_63' title="bbox 597 3337 2189 3411; baseline -0.001 -14"><span class='ocrx_word' id='word_1_525' title='bbox 597 3341 732 3397; x_wconf 82' lang='lat' dir='ltr'><strong>tiam</strong></span> <span class='ocrx_word' id='word_1_526' title='bbox 753 3340 1035 3411; x_wconf 76' lang='lat' dir='ltr'><strong>diapason,</strong></span> <span class='ocrx_word' id='word_1_527' title='bbox 1068 3338 1125 3394; x_wconf 88' lang='lat' dir='ltr'><strong>id</strong></span> <span class='ocrx_word' id='word_1_528' title='bbox 1158 3347 1245 3395; x_wconf 82' lang='lat' dir='ltr'><strong>est</strong></span> <span class='ocrx_word' id='word_1_529' title='bbox 1273 3338 1359 3396; x_wconf 92' lang='lat' dir='ltr'><strong>Vl.</strong></span> <span class='ocrx_word' id='word_1_530' title='bbox 1389 3339 1457 3393; x_wconf 83' lang='lat' dir='ltr'><strong>ad</strong></span> <span class='ocrx_word' id='word_1_531' title='bbox 1493 3337 1600 3394; x_wconf 86' lang='lat' dir='ltr'><strong>XII.</strong></span> <span class='ocrx_word' id='word_1_532' title='bbox 1643 3338 1850 3395; x_wconf 79' lang='lat' dir='ltr'><strong>faciunt</strong></span> <span class='ocrx_word' id='word_1_533' title='bbox 1880 3347 1965 3394; x_wconf 87' lang='lat' dir='ltr'><strong>ter</strong></span> <span class='ocrx_word' id='word_1_534' title='bbox 1982 3352 2100 3406; x_wconf 84' lang='lat' dir='ltr'><strong>sex,</strong></span> <span class='ocrx_word' id='word_1_535' title='bbox 2132 3347 2189 3395; x_wconf 84' lang='lat' dir='ltr'><strong>et</strong></span> 
     </span>
    </p>
   </div>
   <div class='ocr_carea' id='block_1_64' title="bbox 597 3428 2181 3504">
    <p class='ocr_par' dir='ltr' id='par_1_64' title="bbox 597 3428 2181 3504">
     <span class='ocr_line' id='line_1_64' title="bbox 597 3428 2181 3504; baseline -0.001 -16"><span class='ocrx_word' id='word_1_536' title='bbox 597 3432 826 3504; x_wconf 84' lang='lat' dir='ltr'><strong>reliqua.</strong></span> <span class='ocrx_word' id='word_1_537' title='bbox 846 3430 1161 3488; x_wconf 76' lang='lat' dir='ltr'><strong>Diﬁ&#39;erentia</strong></span> <span class='ocrx_word' id='word_1_538' title='bbox 1177 3431 1304 3497; x_wconf 88' lang='lat' dir='ltr'><strong>ista,</strong></span> <span class='ocrx_word' id='word_1_539' title='bbox 1317 3445 1439 3500; x_wconf 65' lang='lat' dir='ltr'><strong>qua:</strong></span> <span class='ocrx_word' id='word_1_540' title='bbox 1454 3438 1540 3486; x_wconf 89' lang='lat' dir='ltr'><strong>est</strong></span> <span class='ocrx_word' id='word_1_541' title='bbox 1562 3428 1673 3497; x_wconf 87' lang='lat' dir='ltr'><strong>XII,</strong></span> <span class='ocrx_word' id='word_1_542' title='bbox 1695 3439 1981 3502; x_wconf 89' lang='lat' dir='ltr'><strong>utramque</strong></span> <span class='ocrx_word' id='word_1_543' title='bbox 1993 3444 2181 3487; x_wconf 88' lang='lat' dir='ltr'><strong>conso-</strong></span> 
     </span>
    </p>
   </div>
   <div class='ocr_carea' id='block_1_65' title="bbox 594 3520 2186 3593">
    <p class='ocr_par' dir='ltr' id='par_1_65' title="bbox 594 3520 2186 3593">
     <span class='ocr_line' id='line_1_65' title="bbox 594 3520 2186 3593; baseline -0.002 -11"><span class='ocrx_word' id='word_1_544' title='bbox 594 3526 865 3593; x_wconf 85' lang='lat' dir='ltr'><strong>nantiam,</strong></span> <span class='ocrx_word' id='word_1_545' title='bbox 895 3526 950 3582; x_wconf 92' lang='lat' dir='ltr'><strong>id</strong></span> <span class='ocrx_word' id='word_1_546' title='bbox 980 3534 1067 3582; x_wconf 85' lang='lat' dir='ltr'><strong>est</strong></span> <span class='ocrx_word' id='word_1_547' title='bbox 1091 3520 1180 3581; x_wconf 84' lang='lat' dir='ltr'><strong>bis</strong></span> <span class='ocrx_word' id='word_1_548' title='bbox 1206 3524 1546 3580; x_wconf 84' lang='lat' dir='ltr'><strong>diatessaron</strong></span> <span class='ocrx_word' id='word_1_549' title='bbox 1590 3523 1809 3587; x_wconf 89' lang='lat' dir='ltr'><strong>retinet,</strong></span> <span class='ocrx_word' id='word_1_550' title='bbox 1855 3538 1956 3581; x_wconf 86' lang='lat' dir='ltr'><strong>nec</strong></span> <span class='ocrx_word' id='word_1_551' title='bbox 1978 3538 2096 3580; x_wconf 90' lang='lat' dir='ltr'><strong>eam</strong></span> <span class='ocrx_word' id='word_1_552' title='bbox 2130 3525 2186 3579; x_wconf 92' lang='lat' dir='ltr'><strong>in</strong></span> 
     </span>
    </p>
   </div>
   <div class='ocr_carea' id='block_1_66' title="bbox 596 3614 2184 3688">
    <p class='ocr_par' dir='ltr' id='par_1_66' title="bbox 596 3614 2184 3688">
     <span class='ocr_line' id='line_1_66' title="bbox 596 3614 2184 3688; baseline 0 -16"><span class='ocrx_word' id='word_1_553' title='bbox 596 3616 904 3677; x_wconf 79' lang='lat' dir='ltr'><strong>minoribus</strong></span> <span class='ocrx_word' id='word_1_554' title='bbox 950 3616 1261 3688; x_wconf 84' lang='lat' dir='ltr'><strong>antiphonis</strong></span> <span class='ocrx_word' id='word_1_555' title='bbox 1303 3616 1543 3673; x_wconf 82' lang='lat' dir='ltr'><strong>excedit.</strong></span> <span class='ocrx_word' id='word_1_556' title='bbox 1575 3614 1728 3684; x_wconf 84' lang='lat' dir='ltr'><strong>Quod</strong></span> <span class='ocrx_word' id='word_1_557' title='bbox 1765 3617 1812 3672; x_wconf 89' lang='lat' dir='ltr'><strong>si</strong></span> <span class='ocrx_word' id='word_1_558' title='bbox 1840 3615 2046 3681; x_wconf 80' lang='lat' dir='ltr'><strong>fecerit,</strong></span> <span class='ocrx_word' id='word_1_559' title='bbox 2070 3615 2184 3687; x_wconf 89' lang='lat' dir='ltr'><strong>jam</strong></span> 
     </span>
    </p>
   </div>
   <div class='ocr_carea' id='block_1_67' title="bbox 601 3708 2186 3781">
    <p class='ocr_par' dir='ltr' id='par_1_67' title="bbox 601 3708 2186 3781">
     <span class='ocr_line' id='line_1_67' title="bbox 601 3708 2186 3781; baseline 0.001 -17"><span class='ocrx_word' id='word_1_560' title='bbox 601 3709 715 3765; x_wconf 66' lang='lat' dir='ltr'><strong>vim</strong></span> <span class='ocrx_word' id='word_1_561' title='bbox 744 3709 957 3780; x_wconf 73' lang='lat' dir='ltr'><strong>phrygii</strong></span> <span class='ocrx_word' id='word_1_562' title='bbox 999 3710 1286 3766; x_wconf 83' lang='lat' dir='ltr'><strong>obtinebit.</strong></span> <span class='ocrx_word' id='word_1_563' title='bbox 1324 3708 1596 3765; x_wconf 72' lang='lat' dir='ltr'><strong>Caeterum</strong></span> <span class='ocrx_word' id='word_1_564' title='bbox 1632 3708 1753 3778; x_wconf 86' lang='lat' dir='ltr'><strong>ejus</strong></span> <span class='ocrx_word' id='word_1_565' title='bbox 1771 3709 2024 3774; x_wconf 83' lang='lat' dir='ltr'><strong>melodia,</strong></span> <span class='ocrx_word' id='word_1_566' title='bbox 2063 3725 2186 3781; x_wconf 66' lang='lat' dir='ltr'><strong>quas</strong></span> 
     </span>
    </p>
   </div>
   <div class='ocr_carea' id='block_1_68' title="bbox 594 3798 2184 3875">
    <p class='ocr_par' dir='ltr' id='par_1_68' title="bbox 594 3798 2184 3875">
     <span class='ocr_line' id='line_1_68' title="bbox 594 3798 2184 3875; baseline -0.002 -16"><span class='ocrx_word' id='word_1_567' title='bbox 594 3809 687 3875; x_wconf 82' lang='lat' dir='ltr'><strong>est</strong></span> <span class='ocrx_word' id='word_1_568' title='bbox 707 3798 999 3858; x_wconf 77' lang='lat' dir='ltr'><strong>NOEAGIS</strong></span> <span class='ocrx_word' id='word_1_569' title='bbox 1022 3802 1091 3857; x_wconf 89' lang='lat' dir='ltr'><strong>ab</strong></span> <span class='ocrx_word' id='word_1_570' title='bbox 1124 3800 1324 3873; x_wconf 83' lang='lat' dir='ltr'><strong>hypate</strong></span> <span class='ocrx_word' id='word_1_571' title='bbox 1349 3814 1558 3867; x_wconf 89' lang='lat' dir='ltr'><strong>meson,</strong></span> <span class='ocrx_word' id='word_1_572' title='bbox 1580 3801 1683 3856; x_wconf 89' lang='lat' dir='ltr'><strong>hoc</strong></span> <span class='ocrx_word' id='word_1_573' title='bbox 1695 3808 1803 3866; x_wconf 88' lang='lat' dir='ltr'><strong>est,</strong></span> <span class='ocrx_word' id='word_1_574' title='bbox 1835 3815 1865 3854; x_wconf 72' lang='grc' dir='ltr'><strong>ιι</strong></span> <span class='ocrx_word' id='word_1_575' title='bbox 1892 3801 2184 3857; x_wconf 89' lang='lat' dir='ltr'><strong>semitonio</strong></span> 
     </span>
    </p>
   </div>
   <div class='ocr_carea' id='block_1_69' title="bbox 597 3892 2184 3963">
    <p class='ocr_par' dir='ltr' id='par_1_69' title="bbox 597 3892 2184 3963">
     <span class='ocr_line' id='line_1_69' title="bbox 597 3892 2184 3963; baseline -0.002 -12"><span class='ocrx_word' id='word_1_576' title='bbox 597 3894 812 3951; x_wconf 76' lang='lat' dir='ltr'><strong>intonso</strong></span> <span class='ocrx_word' id='word_1_577' title='bbox 840 3892 1052 3963; x_wconf 82' lang='lat' dir='ltr'><strong>incipit,</strong></span> <span class='ocrx_word' id='word_1_578' title='bbox 1076 3903 1131 3947; x_wconf 87' lang='lat' dir='ltr'><strong>et</strong></span> <span class='ocrx_word' id='word_1_579' title='bbox 1173 3894 1231 3948; x_wconf 89' lang='lat' dir='ltr'><strong>in</strong></span> <span class='ocrx_word' id='word_1_580' title='bbox 1269 3894 1480 3957; x_wconf 87' lang='lat' dir='ltr'><strong>eadem,</strong></span> <span class='ocrx_word' id='word_1_581' title='bbox 1515 3893 1676 3947; x_wconf 86' lang='lat' dir='ltr'><strong>ﬂuale</strong></span> <span class='ocrx_word' id='word_1_582' title='bbox 1699 3898 2034 3958; x_wconf 84' lang='lat' dir='ltr'><strong>transcurso,</strong></span> <span class='ocrx_word' id='word_1_583' title='bbox 2066 3894 2184 3949; x_wconf 90' lang='lat' dir='ltr'><strong>dia-</strong></span> 
     </span>
    </p>
   </div>
   <div class='ocr_carea' id='block_1_70' title="bbox 598 3984 2181 4058">
    <p class='ocr_par' dir='ltr' id='par_1_70' title="bbox 598 3984 2181 4058">
     <span class='ocr_line' id='line_1_70' title="bbox 598 3984 2181 4058; baseline 0.001 -17"><span class='ocrx_word' id='word_1_584' title='bbox 598 3995 763 4058; x_wconf 88' lang='lat' dir='ltr'><strong>pente</strong></span> <span class='ocrx_word' id='word_1_585' title='bbox 806 3985 1024 4041; x_wconf 88' lang='lat' dir='ltr'><strong>desinit.</strong></span> <span class='ocrx_word' id='word_1_586' title='bbox 1055 3984 1334 4052; x_wconf 85' lang='lat' dir='ltr'><strong>Quomodo</strong></span> <span class='ocrx_word' id='word_1_587' title='bbox 1391 3994 1570 4039; x_wconf 90' lang='lat' dir='ltr'><strong>autem</strong></span> <span class='ocrx_word' id='word_1_588' title='bbox 1620 3986 1797 4040; x_wconf 90' lang='lat' dir='ltr'><strong>omnis</strong></span> <span class='ocrx_word' id='word_1_589' title='bbox 1846 3985 2181 4042; x_wconf 85' lang='lat' dir='ltr'><strong>diatessaron</strong></span> 
     </span>
    </p>
   </div>
   <div class='ocr_carea' id='block_1_71' title="bbox 601 4073 2181 4149">
    <p class='ocr_par' dir='ltr' id='par_1_71' title="bbox 601 4073 2181 4149">
     <span class='ocr_line' id='line_1_71' title="bbox 601 4073 2181 4149; baseline -0.002 -16"><span class='ocrx_word' id='word_1_590' title='bbox 601 4076 905 4149; x_wconf 89' lang='lat' dir='ltr'><strong>septenario</strong></span> <span class='ocrx_word' id='word_1_591' title='bbox 930 4084 1280 4131; x_wconf 87' lang='lat' dir='ltr'><strong>mensuretur</strong></span> <span class='ocrx_word' id='word_1_592' title='bbox 1306 4090 1405 4145; x_wconf 90' lang='lat' dir='ltr'><strong>per</strong></span> <span class='ocrx_word' id='word_1_593' title='bbox 1439 4073 1532 4130; x_wconf 90' lang='lat' dir='ltr'><strong>IIII.</strong></span> <span class='ocrx_word' id='word_1_594' title='bbox 1561 4084 1621 4131; x_wconf 91' lang='lat' dir='ltr'><strong>et</strong></span> <span class='ocrx_word' id='word_1_595' title='bbox 1657 4075 1731 4131; x_wconf 92' lang='lat' dir='ltr'><strong>Ill.</strong></span> <span class='ocrx_word' id='word_1_596' title='bbox 1759 4092 1921 4147; x_wconf 87' lang='lat' dir='ltr'><strong>supra</strong></span> <span class='ocrx_word' id='word_1_597' title='bbox 1953 4076 2181 4132; x_wconf 88' lang='lat' dir='ltr'><strong>relatum</strong></span> 
     </span>
    </p>
   </div>
   <div class='ocr_carea' id='block_1_72' title="bbox 598 4167 2180 4238">
    <p class='ocr_par' dir='ltr' id='par_1_72' title="bbox 598 4167 2180 4238">
     <span class='ocr_line' id='line_1_72' title="bbox 598 4167 2180 4238; baseline -0.003 -11"><span class='ocrx_word' id='word_1_598' title='bbox 598 4182 708 4237; x_wconf 79' lang='lat' dir='ltr'><strong>est.</strong></span> <span class='ocrx_word' id='word_1_599' title='bbox 736 4169 837 4227; x_wconf 76' lang='lat' dir='ltr'><strong>Hic</strong></span> <span class='ocrx_word' id='word_1_600' title='bbox 857 4184 988 4226; x_wconf 79' lang='lat' dir='ltr'><strong>vero</strong></span> <span class='ocrx_word' id='word_1_601' title='bbox 1027 4169 1082 4224; x_wconf 90' lang='lat' dir='ltr'><strong>in</strong></span> <span class='ocrx_word' id='word_1_602' title='bbox 1131 4168 1217 4226; x_wconf 87' lang='lat' dir='ltr'><strong>bis</strong></span> <span class='ocrx_word' id='word_1_603' title='bbox 1244 4167 1332 4224; x_wconf 81' lang='lat' dir='ltr'><strong>XII</strong></span> <span class='ocrx_word' id='word_1_604' title='bbox 1354 4178 1410 4225; x_wconf 89' lang='lat' dir='ltr'><strong>et</strong></span> <span class='ocrx_word' id='word_1_605' title='bbox 1457 4175 1541 4224; x_wconf 85' lang='lat' dir='ltr'><strong>ter</strong></span> <span class='ocrx_word' id='word_1_606' title='bbox 1571 4167 1690 4226; x_wconf 84' lang='lat' dir='ltr'><strong>VIII.</strong></span> <span class='ocrx_word' id='word_1_607' title='bbox 1720 4178 1847 4225; x_wconf 87' lang='lat' dir='ltr'><strong>sunt</strong></span> <span class='ocrx_word' id='word_1_608' title='bbox 1872 4177 2064 4238; x_wconf 86' lang='lat' dir='ltr'><strong>quater</strong></span> <span class='ocrx_word' id='word_1_609' title='bbox 2096 4168 2180 4224; x_wconf 93' lang='lat' dir='ltr'><strong>Vl.</strong></span> 
     </span>
    </p>
   </div>
   <div class='ocr_carea' id='block_1_73' title="bbox 602 4259 2185 4333">
    <p class='ocr_par' dir='ltr' id='par_1_73' title="bbox 602 4259 2185 4333">
     <span class='ocr_line' id='line_1_73' title="bbox 602 4259 2185 4333; baseline -0.002 -14"><span class='ocrx_word' id='word_1_610' title='bbox 602 4274 663 4327; x_wconf 78' lang='lat' dir='ltr'><strong>et</strong></span> <span class='ocrx_word' id='word_1_611' title='bbox 695 4264 750 4327; x_wconf 81' lang='lat' dir='ltr'><strong>in</strong></span> <span class='ocrx_word' id='word_1_612' title='bbox 772 4263 855 4327; x_wconf 83' lang='lat' dir='ltr'><strong>bis</strong></span> <span class='ocrx_word' id='word_1_613' title='bbox 879 4262 968 4319; x_wconf 90' lang='lat' dir='ltr'><strong>IX.</strong></span> <span class='ocrx_word' id='word_1_614' title='bbox 1001 4271 1130 4319; x_wconf 85' lang='lat' dir='ltr'><strong>sunt</strong></span> <span class='ocrx_word' id='word_1_615' title='bbox 1178 4269 1262 4319; x_wconf 88' lang='lat' dir='ltr'><strong>ter</strong></span> <span class='ocrx_word' id='word_1_616' title='bbox 1291 4259 1376 4315; x_wconf 93' lang='lat' dir='ltr'><strong>VI.</strong></span> <span class='ocrx_word' id='word_1_617' title='bbox 1414 4261 1729 4332; x_wconf 78' lang='lat' dir='ltr'><strong>Sequuntur</strong></span> <span class='ocrx_word' id='word_1_618' title='bbox 1757 4261 2007 4333; x_wconf 79' lang='lat' dir='ltr'><strong>gradales</strong></span> <span class='ocrx_word' id='word_1_619' title='bbox 2046 4262 2185 4317; x_wconf 81' lang='lat' dir='ltr'><strong>anti-</strong></span> 
     </span>
    </p>
   </div>
   <div class='ocr_carea' id='block_1_74' title="bbox 596 4353 2182 4428">
    <p class='ocr_par' dir='ltr' id='par_1_74' title="bbox 596 4353 2182 4428">
     <span class='ocr_line' id='line_1_74' title="bbox 596 4353 2182 4428; baseline -0.002 -16"><span class='ocrx_word' id='word_1_620' title='bbox 596 4357 809 4428; x_wconf 65' lang='lat' dir='ltr'><strong>photte,</strong></span> <span class='ocrx_word' id='word_1_621' title='bbox 835 4368 1065 4424; x_wconf 85' lang='lat' dir='ltr'><strong>quarum</strong></span> <span class='ocrx_word' id='word_1_622' title='bbox 1103 4354 1278 4424; x_wconf 85' lang='lat' dir='ltr'><strong>prima</strong></span> <span class='ocrx_word' id='word_1_623' title='bbox 1321 4362 1409 4410; x_wconf 86' lang='lat' dir='ltr'><strong>est</strong></span> <span class='ocrx_word' id='word_1_624' title='bbox 1440 4353 1743 4409; x_wconf 65' lang='grc' dir='ltr'><strong>[ἔθεινε-αεὶ.</strong></span> <span class='ocrx_word' id='word_1_625' title='bbox 1767 4353 1936 4426; x_wconf 82' lang='lat' dir='ltr'><strong>Cujus</strong></span> <span class='ocrx_word' id='word_1_626' title='bbox 1964 4363 2049 4411; x_wconf 89' lang='lat' dir='ltr'><strong>est</strong></span> <span class='ocrx_word' id='word_1_627' title='bbox 2080 4355 2182 4410; x_wconf 75' lang='lat' dir='ltr'><strong>ini-</strong></span> 
     </span>
    </p>
   </div>
   <div class='ocr_carea' id='block_1_75' title="bbox 601 4446 2182 4518">
    <p class='ocr_par' dir='ltr' id='par_1_75' title="bbox 601 4446 2182 4518">
     <span class='ocr_line' id='line_1_75' title="bbox 601 4446 2182 4518; baseline 0.003 -19"><span class='ocrx_word' id='word_1_628' title='bbox 601 4448 736 4511; x_wconf 76' lang='lat' dir='ltr'><strong>tium</strong></span> <span class='ocrx_word' id='word_1_629' title='bbox 796 4446 1041 4504; x_wconf 83' lang='lat' dir='ltr'><strong>lichanos</strong></span> <span class='ocrx_word' id='word_1_630' title='bbox 1100 4448 1359 4518; x_wconf 80' lang='lat' dir='ltr'><strong>hypaton,</strong></span> <span class='ocrx_word' id='word_1_631' title='bbox 1413 4446 1651 4503; x_wconf 86' lang='lat' dir='ltr'><strong>medium</strong></span> <span class='ocrx_word' id='word_1_632' title='bbox 1696 4455 1754 4503; x_wconf 87' lang='lat' dir='ltr'><strong>et</strong></span> <span class='ocrx_word' id='word_1_633' title='bbox 1810 4446 1937 4502; x_wconf 81' lang='lat' dir='ltr'><strong>linis</strong></span> <span class='ocrx_word' id='word_1_634' title='bbox 1982 4448 2182 4518; x_wconf 80' lang='lat' dir='ltr'><strong>hypate</strong></span> 
     </span>
    </p>
   </div>
   <div class='ocr_carea' id='block_1_76' title="bbox 604 4536 2175 4609">
    <p class='ocr_par' dir='ltr' id='par_1_76' title="bbox 604 4536 2175 4609">
     <span class='ocr_line' id='line_1_76' title="bbox 604 4536 2175 4609; baseline 0.001 -17"><span class='ocrx_word' id='word_1_635' title='bbox 604 4550 814 4603; x_wconf 69' lang='lat' dir='ltr'><strong>meson.</strong></span> <span class='ocrx_word' id='word_1_636' title='bbox 854 4536 1121 4597; x_wconf 86' lang='lat' dir='ltr'><strong>acuminis</strong></span> <span class='ocrx_word' id='word_1_637' title='bbox 1150 4537 1434 4595; x_wconf 85' lang='lat' dir='ltr'><strong>summitas</strong></span> <span class='ocrx_word' id='word_1_638' title='bbox 1471 4551 1641 4596; x_wconf 85' lang='lat' dir='ltr'><strong>mese.</strong></span> <span class='ocrx_word' id='word_1_639' title='bbox 1679 4536 1917 4594; x_wconf 70' lang='lat' dir='ltr'><strong>Gradale</strong></span> <span class='ocrx_word' id='word_1_640' title='bbox 1954 4552 2175 4609; x_wconf 85' lang='lat' dir='ltr'><strong>quoque</strong></span> 
     </span>
    </p>
   </div>
   <div class='ocr_carea' id='block_1_77' title="bbox 598 4627 2181 4700">
    <p class='ocr_par' dir='ltr' id='par_1_77' title="bbox 598 4627 2181 4700">
     <span class='ocr_line' id='line_1_77' title="bbox 598 4627 2181 4700; baseline -0.001 -13"><span class='ocrx_word' id='word_1_641' title='bbox 598 4629 1005 4700; x_wconf 68' lang='lat' dir='ltr'><strong>nespomoﬁmn</strong></span> <span class='ocrx_word' id='word_1_642' title='bbox 1034 4627 1163 4684; x_wconf 74' lang='lat' dir='ltr'><strong>Hac</strong></span> <span class='ocrx_word' id='word_1_643' title='bbox 1183 4629 1313 4685; x_wconf 79' lang='lat' dir='ltr'><strong>dies.</strong></span> <span class='ocrx_word' id='word_1_644' title='bbox 1334 4627 1660 4687; x_wconf 84' lang='lat' dir='ltr'><strong>Nocturnale</strong></span> <span class='ocrx_word' id='word_1_645' title='bbox 1680 4629 1792 4688; x_wconf 76' lang='lat' dir='ltr'><strong>Rea:</strong></span> <span class='ocrx_word' id='word_1_646' title='bbox 1817 4640 2013 4695; x_wconf 73' lang='lat' dir='ltr'><strong>noster,</strong></span> <span class='ocrx_word' id='word_1_647' title='bbox 2036 4630 2181 4700; x_wconf 87' lang='lat' dir='ltr'><strong>quod</strong></span> 
     </span>
    </p>
   </div>
   <div class='ocr_carea' id='block_1_78' title="bbox 599 4720 2179 4793">
    <p class='ocr_par' dir='ltr' id='par_1_78' title="bbox 599 4720 2179 4793">
     <span class='ocr_line' id='line_1_78' title="bbox 599 4720 2179 4793; baseline -0.006 -6"><span class='ocrx_word' id='word_1_648' title='bbox 599 4721 843 4788; x_wconf 61' lang='lat' dir='ltr'><strong>mauide</strong></span> <span class='ocrx_word' id='word_1_649' title='bbox 868 4734 1190 4793; x_wconf 74' lang='lat' dir='ltr'><strong>paramesen</strong></span> <span class='ocrx_word' id='word_1_650' title='bbox 1216 4721 1480 4790; x_wconf 70' lang='lat' dir='ltr'><strong>praeterit.</strong></span> <span class='ocrx_word' id='word_1_651' title='bbox 1520 4720 1750 4779; x_wconf 62' lang='lat' dir='ltr'><strong>Alleluia</strong></span> <span class='ocrx_word' id='word_1_652' title='bbox 1782 4723 1945 4779; x_wconf 88' lang='lat' dir='ltr'><strong>etiam</strong></span> <span class='ocrx_word' id='word_1_653' title='bbox 1970 4721 2179 4779; x_wconf 70' lang='lat' dir='ltr'><strong>Pascha</strong></span> 
     </span>
    </p>
   </div>
   <div class='ocr_carea' id='block_1_79' title="bbox 597 4814 2180 4886">
    <p class='ocr_par' dir='ltr' id='par_1_79' title="bbox 597 4814 2180 4886">
     <span class='ocr_line' id='line_1_79' title="bbox 597 4814 2180 4886; baseline -0.003 -9"><span class='ocrx_word' id='word_1_654' title='bbox 597 4828 835 4883; x_wconf 66' lang='lat' dir='ltr'><strong>mittunt</strong></span> <span class='ocrx_word' id='word_1_655' title='bbox 873 4815 930 4871; x_wconf 91' lang='lat' dir='ltr'><strong>in</strong></span> <span class='ocrx_word' id='word_1_656' title='bbox 948 4814 1059 4872; x_wconf 19' lang='lat' dir='ltr'><strong>“hoc</strong></span> <span class='ocrx_word' id='word_1_657' title='bbox 1095 4822 1249 4885; x_wconf 85' lang='lat' dir='ltr'><strong>tropo</strong></span> <span class='ocrx_word' id='word_1_658' title='bbox 1285 4814 1561 4882; x_wconf 75' lang='lat' dir='ltr'><strong>consistit,</strong></span> <span class='ocrx_word' id='word_1_659' title='bbox 1591 4817 1737 4885; x_wconf 89' lang='lat' dir='ltr'><strong>quod</strong></span> <span class='ocrx_word' id='word_1_660' title='bbox 1773 4829 1913 4886; x_wconf 90' lang='lat' dir='ltr'><strong>pene</strong></span> <span class='ocrx_word' id='word_1_661' title='bbox 1935 4817 2004 4872; x_wconf 91' lang='lat' dir='ltr'><strong>ad</strong></span> <span class='ocrx_word' id='word_1_662' title='bbox 2020 4832 2180 4875; x_wconf 81' lang='lat' dir='ltr'><strong>suum</strong></span> 
     </span>
    </p>
   </div>
   <div class='ocr_carea' id='block_1_80' title="bbox 596 4906 1155 4979">
    <p class='ocr_par' dir='ltr' id='par_1_80' title="bbox 596 4906 1155 4979">
     <span class='ocr_line' id='line_1_80' title="bbox 596 4906 1155 4979; baseline -0.004 -17"><span class='ocrx_word' id='word_1_663' title='bbox 596 4910 855 4979; x_wconf 62' lang='lat' dir='ltr'><strong>djgjiason</strong></span> <span class='ocrx_word' id='word_1_664' title='bbox 883 4906 1155 4978; x_wconf 77' lang='lat' dir='ltr'><strong>pervenit.</strong></span> 
     </span>
    </p>
   </div>
   <div class='ocr_carea' id='block_1_81' title="bbox 597 5010 2177 5064">
    <p class='ocr_par' dir='ltr' id='par_1_81' title="bbox 597 5010 2177 5064">
     <span class='ocr_line' id='line_1_81' title="bbox 597 5010 2177 5064; baseline -0.002 -7"><span class='ocrx_word' id='word_1_665' title='bbox 597 5017 663 5057; x_wconf 72' lang='lat' dir='ltr'><strong>ne</strong></span> <span class='ocrx_word' id='word_1_666' title='bbox 691 5015 890 5058; x_wconf 77' lang='grc' dir='ltr'>ἰιιιιτιο</span> <span class='ocrx_word' id='word_1_667' title='bbox 911 5016 981 5056; x_wconf 74' lang='grc' dir='ltr'><strong>ετ</strong></span> <span class='ocrx_word' id='word_1_668' title='bbox 1006 5014 1222 5064; x_wconf 70' lang='lat' dir='ltr'><strong>ouanro</strong></span> <span class='ocrx_word' id='word_1_669' title='bbox 1253 5013 1392 5055; x_wconf 68' lang='lat' dir='ltr'><strong>roso</strong></span> <span class='ocrx_word' id='word_1_670' title='bbox 1421 5012 1560 5059; x_wconf 72' lang='lat' dir='ltr'><strong>non</strong></span> <span class='ocrx_word' id='word_1_671' title='bbox 1581 5010 1850 5061; x_wconf 63' lang='lat' dir='ltr'><strong>scissam</strong></span> <span class='ocrx_word' id='word_1_672' title='bbox 1870 5014 2177 5059; x_wconf 73' lang='lat' dir='ltr'><strong>EXPOBI&#39;I&#39;IO.</strong></span> 
     </span>
    </p>
   </div>
   <div class='ocr_carea' id='block_1_82' title="bbox 666 5092 2182 5166">
    <p class='ocr_par' dir='ltr' id='par_1_82' title="bbox 666 5092 2182 5166">
     <span class='ocr_line' id='line_1_82' title="bbox 666 5092 2182 5166; baseline 0 -17"><span class='ocrx_word' id='word_1_673' title='bbox 666 5095 713 5157; x_wconf 67' lang='grc' dir='ltr'><strong>Δ</strong></span> <span class='ocrx_word' id='word_1_674' title='bbox 754 5094 933 5166; x_wconf 84' lang='lat' dir='ltr'><strong>prima</strong></span> <span class='ocrx_word' id='word_1_675' title='bbox 991 5093 1172 5163; x_wconf 83' lang='lat' dir='ltr'><strong>specie</strong></span> <span class='ocrx_word' id='word_1_676' title='bbox 1225 5092 1490 5163; x_wconf 83' lang='lat' dir='ltr'><strong>diapason</strong></span> <span class='ocrx_word' id='word_1_677' title='bbox 1549 5103 1608 5150; x_wconf 87' lang='lat' dir='ltr'><strong>et</strong></span> <span class='ocrx_word' id='word_1_678' title='bbox 1657 5094 1900 5163; x_wconf 85' lang='lat' dir='ltr'><strong>primus,</strong></span> <span class='ocrx_word' id='word_1_679' title='bbox 1960 5105 2182 5165; x_wconf 81' lang='lat' dir='ltr'><strong>propter</strong></span> 
     </span>
    </p>
   </div>
   <div class='ocr_carea' id='block_1_83' title="bbox 598 5183 2184 5258">
    <p class='ocr_par' dir='ltr' id='par_1_83' title="bbox 598 5183 2184 5258">
     <span class='ocr_line' id='line_1_83' title="bbox 598 5183 2184 5258; baseline 0.004 -20"><span class='ocrx_word' id='word_1_680' title='bbox 598 5185 888 5257; x_wconf 68' lang='lat' dir='ltr'><strong>mdam</strong></span> <span class='ocrx_word' id='word_1_681' title='bbox 920 5192 1205 5250; x_wconf 58' lang='lat' dir='ltr'><strong>naturam.</strong></span> <span class='ocrx_word' id='word_1_682' title='bbox 1225 5183 1527 5252; x_wconf 79' lang='lat' dir='ltr'><strong>inchoatur,</strong></span> <span class='ocrx_word' id='word_1_683' title='bbox 1552 5193 1609 5240; x_wconf 89' lang='lat' dir='ltr'><strong>et</strong></span> <span class='ocrx_word' id='word_1_684' title='bbox 1627 5187 1823 5242; x_wconf 86' lang='lat' dir='ltr'><strong>tertius</strong></span> <span class='ocrx_word' id='word_1_685' title='bbox 1840 5195 2041 5258; x_wconf 86' lang='lat' dir='ltr'><strong>tropus,</strong></span> <span class='ocrx_word' id='word_1_686' title='bbox 2062 5188 2184 5245; x_wconf 68' lang='lat' dir='ltr'><strong>ﬁni-</strong></span> 
     </span>
    </p>
   </div>
   <div class='ocr_carea' id='block_1_84' title="bbox 613 5274 2181 5346">
    <p class='ocr_par' dir='ltr' id='par_1_84' title="bbox 613 5274 2181 5346">
     <span class='ocr_line' id='line_1_84' title="bbox 613 5274 2181 5346; baseline 0.003 -18"><span class='ocrx_word' id='word_1_687' title='bbox 613 5287 805 5346; x_wconf 67' lang='grc' dir='ltr'>ιμκιῃιβ</span> <span class='ocrx_word' id='word_1_688' title='bbox 843 5276 899 5343; x_wconf 73' lang='lat' dir='ltr'><strong>in</strong></span> <span class='ocrx_word' id='word_1_689' title='bbox 936 5274 1315 5341; x_wconf 68' lang='lat' dir='ltr'><strong>diatessaron:</strong></span> <span class='ocrx_word' id='word_1_690' title='bbox 1355 5275 1411 5333; x_wconf 85' lang='lat' dir='ltr'><strong>in</strong></span> <span class='ocrx_word' id='word_1_691' title='bbox 1451 5275 1554 5332; x_wconf 87' lang='lat' dir='ltr'><strong>hoc</strong></span> <span class='ocrx_word' id='word_1_692' title='bbox 1594 5276 1807 5334; x_wconf 75' lang='lat' dir='ltr'><strong>scilicet</strong></span> <span class='ocrx_word' id='word_1_693' title='bbox 1841 5278 2181 5334; x_wconf 83' lang='lat' dir='ltr'><strong>concluditur</strong></span> 
     </span>
    </p>
   </div>
   <div class='ocr_carea' id='block_1_85' title="bbox 596 5365 2173 5438">
    <p class='ocr_par' dir='ltr' id='par_1_85' title="bbox 596 5365 2173 5438">
     <span class='ocr_line' id='line_1_85' title="bbox 596 5365 2173 5438; baseline 0.002 -16"><span class='ocrx_word' id='word_1_694' title='bbox 596 5365 715 5437; x_wconf 87' lang='lat' dir='ltr'><strong>ejus</strong></span> <span class='ocrx_word' id='word_1_695' title='bbox 745 5366 920 5423; x_wconf 81' lang='lat' dir='ltr'><strong>forma</strong></span> <span class='ocrx_word' id='word_1_696' title='bbox 946 5366 1088 5423; x_wconf 90' lang='lat' dir='ltr'><strong>intra</strong></span> <span class='ocrx_word' id='word_1_697' title='bbox 1116 5368 1372 5438; x_wconf 83' lang='lat' dir='ltr'><strong>diapente</strong></span> <span class='ocrx_word' id='word_1_698' title='bbox 1402 5366 1448 5425; x_wconf 93' lang='grc' dir='ltr'>Ο</span> <span class='ocrx_word' id='word_1_699' title='bbox 1477 5367 1547 5424; x_wconf 87' lang='lat' dir='ltr'><strong>ad</strong></span> <span class='ocrx_word' id='word_1_700' title='bbox 1571 5382 1603 5424; x_wconf 91' lang='lat' dir='ltr'><strong>e</strong></span> <span class='ocrx_word' id='word_1_701' title='bbox 1648 5376 1704 5424; x_wconf 90' lang='lat' dir='ltr'><strong>et</strong></span> <span class='ocrx_word' id='word_1_702' title='bbox 1747 5369 2081 5427; x_wconf 87' lang='lat' dir='ltr'><strong>diatessaron</strong></span> <span class='ocrx_word' id='word_1_703' title='bbox 2109 5370 2173 5428; x_wconf 93' lang='lat'><strong>0.</strong></span> 
     </span>
    </p>
   </div>
   <div class='ocr_carea' id='block_1_86' title="bbox 686 5560 1392 5651">
    <p class='ocr_par' dir='ltr' id='par_1_86' title="bbox 686 5560 1392 5651">
     <span class='ocr_line' id='line_1_86' title="bbox 686 5560 1392 5651; baseline 0.004 -10"><span class='ocrx_word' id='word_1_704' title='bbox 686 5560 820 5651; x_wconf 74' lang='grc' dir='ltr'><strong>ῗϐιο)</strong></span> <span class='ocrx_word' id='word_1_705' title='bbox 849 5560 1044 5641; x_wconf 68' lang='lat' dir='ltr'><strong>Totum</strong></span> <span class='ocrx_word' id='word_1_706' title='bbox 1075 5601 1198 5643; x_wconf 90' lang='lat' dir='ltr'><strong>cum</strong></span> <span class='ocrx_word' id='word_1_707' title='bbox 1226 5587 1392 5651; x_wconf 79' lang='lat' dir='ltr'><strong>notis.</strong></span> 
     </span>
    </p>
   </div>
   <div class='ocr_carea' id='block_1_87' title="bbox 769 5654 1296 5730">
    <p class='ocr_par' dir='ltr' id='par_1_87' title="bbox 769 5654 1296 5730">
     <span class='ocr_line' id='line_1_87' title="bbox 769 5654 1296 5730; baseline 0.009 -20"><span class='ocrx_word' id='word_1_708' title='bbox 769 5654 829 5730; x_wconf 74' lang='lat' dir='ltr'><strong>I).</strong></span> <span class='ocrx_word' id='word_1_709' title='bbox 848 5654 909 5730; x_wconf 70' lang='grc' dir='ltr'><strong>ρ.</strong></span> <span class='ocrx_word' id='word_1_710' title='bbox 932 5654 1055 5712; x_wconf 84' lang='lat' dir='ltr'><strong>Em.</strong></span> <span class='ocrx_word' id='word_1_711' title='bbox 1079 5666 1296 5730; x_wconf 85' lang='lat' dir='ltr'><strong>quarta.</strong></span> 
     </span>
    </p>
   </div>
   <div class='ocr_carea' id='block_1_88' title="bbox 668 5574 1389 5803">
    <p class='ocr_par' dir='ltr' id='par_1_88' title="bbox 668 5574 1389 5803">
     <span class='ocr_line' id='line_1_88' title="bbox 693 5574 1389 5651; baseline 0.006 -10"><span class='ocrx_word' id='word_1_712' title='bbox 693 5582 798 5641; x_wconf 59' lang='lat'><strong>640</strong></span> <span class='ocrx_word' id='word_1_713' title='bbox 849 5574 1044 5641; x_wconf 68' lang='lat' dir='ltr'><strong>Totum</strong></span> <span class='ocrx_word' id='word_1_714' title='bbox 1075 5601 1198 5643; x_wconf 90' lang='lat' dir='ltr'><strong>cum</strong></span> <span class='ocrx_word' id='word_1_715' title='bbox 1226 5587 1389 5651; x_wconf 80' lang='lat' dir='ltr'><strong>notis.</strong></span> 
     </span>
     <span class='ocr_line' id='line_1_89' title="bbox 769 5654 1296 5730; baseline 0.008 -19"><span class='ocrx_word' id='word_1_716' title='bbox 769 5658 789 5711; x_wconf 94' lang='lat' dir='ltr'><strong>I</strong></span> <span class='ocrx_word' id='word_1_717' title='bbox 824 5654 909 5717; x_wconf 74' lang='lat' dir='ltr'><strong>.C,</strong></span> <span class='ocrx_word' id='word_1_718' title='bbox 932 5654 1055 5712; x_wconf 84' lang='lat' dir='ltr'><strong>Em.</strong></span> <span class='ocrx_word' id='word_1_719' title='bbox 1079 5666 1296 5730; x_wconf 86' lang='lat' dir='ltr'><strong>quarta.</strong></span> 
     </span>
     <span class='ocr_line' id='line_1_90' title="bbox 668 5574 1389 5803; baseline 0 -20"><span class='ocrx_word' id='word_1_720' title='bbox 668 5574 820 5803; x_wconf 42' lang='grc' dir='ltr'><strong>ἓξὲξ</strong></span> <span class='ocrx_word' id='word_1_721' title='bbox 854 5724 1049 5783; x_wconf 84' lang='grc' dir='ltr'>Τοιιιιιι</span> <span class='ocrx_word' id='word_1_722' title='bbox 1076 5744 1196 5783; x_wconf 89' lang='lat' dir='ltr'><strong>cum</strong></span> <span class='ocrx_word' id='word_1_723' title='bbox 1224 5728 1389 5797; x_wconf 74' lang='lat' dir='ltr'><strong>notis.</strong></span> 
     </span>
    </p>
   </div>
   <div class='ocr_carea' id='block_1_89' title="bbox 2287 3235 3721 3321">
    <p class='ocr_par' dir='ltr' id='par_1_89' title="bbox 2287 3235 3721 3321">
     <span class='ocr_line' id='line_1_91' title="bbox 2287 3235 3721 3321; baseline -0.01 -16"><span class='ocrx_word' id='word_1_724' title='bbox 2287 3260 2385 3321; x_wconf 77' lang='lat' dir='ltr'><strong>per</strong></span> <span class='ocrx_word' id='word_1_725' title='bbox 2412 3247 2717 3312; x_wconf 82' lang='lat' dir='ltr'><strong>denarium,</strong></span> <span class='ocrx_word' id='word_1_726' title='bbox 2738 3258 2954 3318; x_wconf 88' lang='lat' dir='ltr'><strong>semper</strong></span> <span class='ocrx_word' id='word_1_727' title='bbox 2974 3256 3059 3303; x_wconf 84' lang='lat' dir='ltr'><strong>est</strong></span> <span class='ocrx_word' id='word_1_728' title='bbox 3083 3246 3415 3318; x_wconf 88' lang='lat' dir='ltr'><strong>diapenticus</strong></span> <span class='ocrx_word' id='word_1_729' title='bbox 3434 3262 3446 3299; x_wconf 88' lang='lat'>:</span> <span class='ocrx_word' id='word_1_730' title='bbox 3466 3243 3566 3315; x_wconf 80' lang='lat' dir='ltr'><strong>quia</strong></span> <span class='ocrx_word' id='word_1_731' title='bbox 3581 3235 3721 3297; x_wconf 67' lang='lat' dir='ltr'><strong>term.</strong></span> 
     </span>
    </p>
   </div>
   <div class='ocr_carea' id='block_1_90' title="bbox 2286 3332 3724 3415">
    <p class='ocr_par' dir='ltr' id='par_1_90' title="bbox 2286 3332 3724 3415">
     <span class='ocr_line' id='line_1_92' title="bbox 2286 3332 3724 3415; baseline -0.007 -16"><span class='ocrx_word' id='word_1_732' title='bbox 2286 3343 2357 3399; x_wconf 83' lang='lat' dir='ltr'><strong>ad</strong></span> <span class='ocrx_word' id='word_1_733' title='bbox 2378 3357 2429 3399; x_wconf 93' lang='lat' dir='ltr'><strong>c.</strong></span> <span class='ocrx_word' id='word_1_734' title='bbox 2459 3342 2609 3415; x_wconf 71' lang='grc'><strong>(645)</strong></span> <span class='ocrx_word' id='word_1_735' title='bbox 2640 3342 2753 3397; x_wconf 90' lang='lat' dir='ltr'><strong>XII.</strong></span> <span class='ocrx_word' id='word_1_736' title='bbox 2777 3350 2834 3398; x_wconf 89' lang='lat' dir='ltr'><strong>et</strong></span> <span class='ocrx_word' id='word_1_737' title='bbox 2871 3351 3071 3412; x_wconf 88' lang='lat' dir='ltr'><strong>quater</strong></span> <span class='ocrx_word' id='word_1_738' title='bbox 3113 3340 3200 3399; x_wconf 91' lang='lat' dir='ltr'><strong>VI.</strong></span> <span class='ocrx_word' id='word_1_739' title='bbox 3242 3341 3307 3399; x_wconf 84' lang='lat' dir='ltr'><strong>ad</strong></span> <span class='ocrx_word' id='word_1_740' title='bbox 3347 3349 3515 3414; x_wconf 85' lang='lat' dir='ltr'><strong>quater</strong></span> <span class='ocrx_word' id='word_1_741' title='bbox 3544 3332 3648 3392; x_wconf 71' lang='lat' dir='ltr'><strong>VIIII.</strong></span> <span class='ocrx_word' id='word_1_742' title='bbox 3674 3345 3724 3403; x_wconf 73' lang='lat' dir='ltr'><strong>per</strong></span> 
     </span>
    </p>
   </div>
   <div class='ocr_carea' id='block_1_91' title="bbox 2286 3428 3724 3504">
    <p class='ocr_par' dir='ltr' id='par_1_91' title="bbox 2286 3428 3724 3504">
     <span class='ocr_line' id='line_1_93' title="bbox 2286 3428 3724 3504; baseline 0.003 -19"><span class='ocrx_word' id='word_1_743' title='bbox 2286 3432 2707 3503; x_wconf 78' lang='lat' dir='ltr'><strong>sesquialteram</strong></span> <span class='ocrx_word' id='word_1_744' title='bbox 2727 3433 3139 3504; x_wconf 84' lang='lat' dir='ltr'><strong>proportionem</strong></span> <span class='ocrx_word' id='word_1_745' title='bbox 3156 3433 3213 3489; x_wconf 91' lang='lat' dir='ltr'><strong>in</strong></span> <span class='ocrx_word' id='word_1_746' title='bbox 3234 3432 3468 3503; x_wconf 85' lang='lat' dir='ltr'><strong>diapente</strong></span> <span class='ocrx_word' id='word_1_747' title='bbox 3487 3428 3724 3493; x_wconf 66' lang='lat' dir='ltr'><strong>cadunwm&#39;</strong></span> 
     </span>
    </p>
   </div>
   <div class='ocr_carea' id='block_1_92' title="bbox 2288 3518 3723 3595">
    <p class='ocr_par' dir='ltr' id='par_1_92' title="bbox 2288 3518 3723 3595">
     <span class='ocr_line' id='line_1_94' title="bbox 2288 3518 3723 3595; baseline -0.006 -16"><span class='ocrx_word' id='word_1_748' title='bbox 2288 3538 2408 3578; x_wconf 81' lang='lat' dir='ltr'><strong>nun</strong></span> <span class='ocrx_word' id='word_1_749' title='bbox 2445 3525 2799 3580; x_wconf 81' lang='lat' dir='ltr'><strong>consonantia</strong></span> <span class='ocrx_word' id='word_1_750' title='bbox 2843 3524 3106 3595; x_wconf 83' lang='lat' dir='ltr'><strong>diapason</strong></span> <span class='ocrx_word' id='word_1_751' title='bbox 3134 3535 3220 3582; x_wconf 83' lang='lat' dir='ltr'><strong>est</strong></span> <span class='ocrx_word' id='word_1_752' title='bbox 3256 3520 3310 3580; x_wconf 90' lang='lat' dir='ltr'><strong>in</strong></span> <span class='ocrx_word' id='word_1_753' title='bbox 3351 3522 3450 3578; x_wconf 86' lang='lat' dir='ltr'><strong>XII.</strong></span> <span class='ocrx_word' id='word_1_754' title='bbox 3486 3518 3588 3575; x_wconf 83' lang='lat' dir='ltr'><strong>Nam</strong></span> <span class='ocrx_word' id='word_1_755' title='bbox 3614 3522 3723 3585; x_wconf 75' lang='lat' dir='ltr'><strong>quater</strong></span> 
     </span>
    </p>
   </div>
   <div class='ocr_carea' id='block_1_93' title="bbox 2289 3600 3721 3687">
    <p class='ocr_par' dir='ltr' id='par_1_93' title="bbox 2289 3600 3721 3687">
     <span class='ocr_line' id='line_1_95' title="bbox 2289 3600 3721 3687; baseline -0.006 -17"><span class='ocrx_word' id='word_1_756' title='bbox 2289 3614 2443 3672; x_wconf 86' lang='lat' dir='ltr'><strong>VIIII.</strong></span> <span class='ocrx_word' id='word_1_757' title='bbox 2481 3625 2538 3671; x_wconf 89' lang='lat' dir='ltr'><strong>et</strong></span> <span class='ocrx_word' id='word_1_758' title='bbox 2561 3623 2644 3671; x_wconf 86' lang='lat' dir='ltr'><strong>ter</strong></span> <span class='ocrx_word' id='word_1_759' title='bbox 2661 3615 2777 3671; x_wconf 82' lang='lat' dir='ltr'><strong>XII.</strong></span> <span class='ocrx_word' id='word_1_760' title='bbox 2808 3617 2877 3672; x_wconf 87' lang='lat' dir='ltr'><strong>ad</strong></span> <span class='ocrx_word' id='word_1_761' title='bbox 2912 3625 3113 3687; x_wconf 88' lang='lat' dir='ltr'><strong>quater</strong></span> <span class='ocrx_word' id='word_1_762' title='bbox 3142 3616 3231 3683; x_wconf 87' lang='lat' dir='ltr'><strong>Vi,</strong></span> <span class='ocrx_word' id='word_1_763' title='bbox 3267 3626 3320 3672; x_wconf 88' lang='lat' dir='ltr'><strong>et</strong></span> <span class='ocrx_word' id='word_1_764' title='bbox 3359 3621 3432 3671; x_wconf 83' lang='lat' dir='ltr'><strong>ter</strong></span> <span class='ocrx_word' id='word_1_765' title='bbox 3456 3600 3721 3680; x_wconf 72' lang='lat' dir='ltr'><strong>VIII(6II)II-</strong></span> 
     </span>
    </p>
   </div>
   <div class='ocr_carea' id='block_1_94' title="bbox 2285 3692 3723 3782">
    <p class='ocr_par' dir='ltr' id='par_1_94' title="bbox 2285 3692 3723 3782">
     <span class='ocr_line' id='line_1_96' title="bbox 2285 3692 3723 3782; baseline -0.008 -19"><span class='ocrx_word' id='word_1_766' title='bbox 2285 3708 2437 3763; x_wconf 90' lang='lat' dir='ltr'><strong>ciunt</strong></span> <span class='ocrx_word' id='word_1_767' title='bbox 2458 3707 2571 3763; x_wconf 89' lang='lat' dir='ltr'><strong>LX.</strong></span> <span class='ocrx_word' id='word_1_768' title='bbox 2607 3708 2664 3763; x_wconf 94' lang='lat' dir='ltr'><strong>In</strong></span> <span class='ocrx_word' id='word_1_769' title='bbox 2686 3709 2882 3779; x_wconf 82' lang='lat' dir='ltr'><strong>quibus</strong></span> <span class='ocrx_word' id='word_1_770' title='bbox 2903 3717 3029 3765; x_wconf 88' lang='lat' dir='ltr'><strong>sunt</strong></span> <span class='ocrx_word' id='word_1_771' title='bbox 3063 3709 3313 3782; x_wconf 72' lang='lat' dir='ltr'><strong>gradales</strong></span> <span class='ocrx_word' id='word_1_772' title='bbox 3344 3705 3597 3776; x_wconf 74' lang='lat' dir='ltr'><strong>antiphonzr</strong></span> <span class='ocrx_word' id='word_1_773' title='bbox 3620 3692 3723 3750; x_wconf 63' lang='lat' dir='ltr'><strong>Dosi-</strong></span> 
     </span>
    </p>
   </div>
   <div class='ocr_carea' id='block_1_95' title="bbox 2287 3784 3724 3873">
    <p class='ocr_par' dir='ltr' id='par_1_95' title="bbox 2287 3784 3724 3873">
     <span class='ocr_line' id='line_1_97' title="bbox 2287 3784 3724 3873; baseline -0.009 -16"><span class='ocrx_word' id='word_1_774' title='bbox 2287 3818 2351 3857; x_wconf 78' lang='lat' dir='ltr'><strong>ne</strong></span> <span class='ocrx_word' id='word_1_775' title='bbox 2374 3801 2655 3873; x_wconf 79' lang='lat' dir='ltr'><strong>refugium,</strong></span> <span class='ocrx_word' id='word_1_776' title='bbox 2679 3808 2735 3857; x_wconf 89' lang='lat' dir='ltr'><strong>et</strong></span> <span class='ocrx_word' id='word_1_777' title='bbox 2759 3810 2870 3858; x_wconf 85' lang='lat' dir='ltr'><strong>ant.</strong></span> <span class='ocrx_word' id='word_1_778' title='bbox 2910 3801 3378 3858; x_wconf 75' lang='lat' dir='ltr'><strong>Circumdederuttt</strong></span> <span class='ocrx_word' id='word_1_779' title='bbox 3407 3813 3493 3853; x_wconf 77' lang='lat' dir='ltr'><strong>me.</strong></span> <span class='ocrx_word' id='word_1_780' title='bbox 3523 3792 3571 3850; x_wconf 80' lang='grc' dir='ltr'>Ει</span> <span class='ocrx_word' id='word_1_781' title='bbox 3594 3784 3724 3847; x_wconf 58' lang='lat' dir='ltr'><strong><em>Domi“</em></strong></span> 
     </span>
    </p>
   </div>
   <div class='ocr_carea' id='block_1_96' title="bbox 2285 3878 3723 3951">
    <p class='ocr_par' dir='ltr' id='par_1_96' title="bbox 2285 3878 3723 3951">
     <span class='ocr_line' id='line_1_98' title="bbox 2285 3878 3723 3951; baseline -0.01 -1"><span class='ocrx_word' id='word_1_782' title='bbox 2285 3895 2341 3950; x_wconf 79' lang='lat' dir='ltr'><strong>in</strong></span> <span class='ocrx_word' id='word_1_783' title='bbox 2401 3906 2494 3949; x_wconf 84' lang='lat' dir='ltr'><strong>tua</strong></span> <span class='ocrx_word' id='word_1_784' title='bbox 2546 3895 2927 3950; x_wconf 79' lang='lat' dir='ltr'><strong>misericordia.</strong></span> <span class='ocrx_word' id='word_1_785' title='bbox 2986 3906 3041 3951; x_wconf 87' lang='lat' dir='ltr'><strong>et</strong></span> <span class='ocrx_word' id='word_1_786' title='bbox 3097 3892 3443 3951; x_wconf 86' lang='lat' dir='ltr'><strong>uocturnales.</strong></span> <span class='ocrx_word' id='word_1_787' title='bbox 3481 3895 3571 3943; x_wconf 86' lang='lat' dir='ltr'><strong>aut.</strong></span> <span class='ocrx_word' id='word_1_788' title='bbox 3610 3878 3723 3936; x_wconf 58' lang='lat' dir='ltr'><strong>Solvit</strong></span> 
     </span>
    </p>
   </div>
   <div class='ocr_carea' id='block_1_97' title="bbox 2286 3971 3725 4060">
    <p class='ocr_par' dir='ltr' id='par_1_97' title="bbox 2286 3971 3725 4060">
     <span class='ocr_line' id='line_1_99' title="bbox 2286 3971 3725 4060; baseline -0.013 -14"><span class='ocrx_word' id='word_1_789' title='bbox 2286 3989 2533 4060; x_wconf 62' lang='lat' dir='ltr'><strong>umidum</strong></span> <span class='ocrx_word' id='word_1_790' title='bbox 2580 3990 2696 4053; x_wconf 82' lang='lat' dir='ltr'><strong>hoc,</strong></span> <span class='ocrx_word' id='word_1_791' title='bbox 2752 3986 2818 4045; x_wconf 81' lang='lat' dir='ltr'><strong>Et</strong></span> <span class='ocrx_word' id='word_1_792' title='bbox 2858 3989 3014 4045; x_wconf 76' lang='lat' dir='ltr'><strong>Salve</strong></span> <span class='ocrx_word' id='word_1_793' title='bbox 3062 4004 3214 4044; x_wconf 68' lang='lat' dir='ltr'><strong>crux.</strong></span> <span class='ocrx_word' id='word_1_794' title='bbox 3266 3984 3331 4043; x_wconf 85' lang='lat' dir='ltr'><strong>Et</strong></span> <span class='ocrx_word' id='word_1_795' title='bbox 3376 3982 3552 4041; x_wconf 67' lang='lat' dir='ltr'><strong>Enim</strong></span> <span class='ocrx_word' id='word_1_796' title='bbox 3590 3971 3725 4060; x_wconf 60' lang='lat' dir='ltr'><strong>Spiritu</strong></span> 
     </span>
    </p>
   </div>
   <div class='ocr_carea' id='block_1_98' title="bbox 2287 4057 3722 4151">
    <p class='ocr_par' dir='ltr' id='par_1_98' title="bbox 2287 4057 3722 4151">
     <span class='ocr_line' id='line_1_100' title="bbox 2287 4057 3722 4151; baseline -0.01 -16"><span class='ocrx_word' id='word_1_797' title='bbox 2287 4057 2453 4136; x_wconf 71' lang='lat' dir='ltr'><strong>meus.</strong></span> <span class='ocrx_word' id='word_1_798' title='bbox 2496 4080 2597 4136; x_wconf 86' lang='lat' dir='ltr'><strong>Hic</strong></span> <span class='ocrx_word' id='word_1_799' title='bbox 2640 4080 2773 4136; x_wconf 86' lang='lat' dir='ltr'><strong>nihil</strong></span> <span class='ocrx_word' id='word_1_800' title='bbox 2803 4082 2944 4136; x_wconf 88' lang='lat' dir='ltr'><strong>aliud</strong></span> <span class='ocrx_word' id='word_1_801' title='bbox 2979 4082 3326 4151; x_wconf 63' lang='lat' dir='ltr'><strong>quaerendum</strong></span> <span class='ocrx_word' id='word_1_802' title='bbox 3362 4078 3511 4134; x_wconf 72' lang='lat' dir='ltr'><strong>video,</strong></span> <span class='ocrx_word' id='word_1_803' title='bbox 3541 4067 3614 4123; x_wconf 88' lang='lat' dir='ltr'><strong>nisi</strong></span> <span class='ocrx_word' id='word_1_804' title='bbox 3643 4057 3722 4151; x_wconf 54' lang='lat' dir='ltr'><strong>quid</strong></span> 
     </span>
    </p>
   </div>
   <div class='ocr_carea' id='block_1_99' title="bbox 2288 4146 3724 4242">
    <p class='ocr_par' dir='ltr' id='par_1_99' title="bbox 2288 4146 3724 4242">
     <span class='ocr_line' id='line_1_101' title="bbox 2288 4146 3724 4242; baseline -0.006 -17"><span class='ocrx_word' id='word_1_805' title='bbox 2288 4171 2389 4236; x_wconf 85' lang='lat' dir='ltr'><strong>ait,</strong></span> <span class='ocrx_word' id='word_1_806' title='bbox 2418 4171 2627 4226; x_wconf 85' lang='lat' dir='ltr'><strong>numeri</strong></span> <span class='ocrx_word' id='word_1_807' title='bbox 2657 4172 2724 4225; x_wconf 87' lang='lat' dir='ltr'><strong>ad</strong></span> <span class='ocrx_word' id='word_1_808' title='bbox 2746 4172 2831 4227; x_wconf 89' lang='lat' dir='ltr'><strong>bis</strong></span> <span class='ocrx_word' id='word_1_809' title='bbox 2858 4146 3111 4242; x_wconf 76' lang='lat' dir='ltr'><strong>diapente</strong></span> <span class='ocrx_word' id='word_1_810' title='bbox 3138 4170 3429 4227; x_wconf 77' lang='lat' dir='ltr'><strong>faciendum</strong></span> <span class='ocrx_word' id='word_1_811' title='bbox 3454 4154 3661 4233; x_wconf 63' lang='lat' dir='ltr'><strong>propositi.</strong></span> <span class='ocrx_word' id='word_1_812' title='bbox 3679 4146 3724 4199; x_wconf 67' lang='lat' dir='ltr'><strong>h-</strong></span> 
     </span>
    </p>
   </div>
   <div class='ocr_carea' id='block_1_100' title="bbox 2285 4250 3723 4334">
    <p class='ocr_par' dir='ltr' id='par_1_100' title="bbox 2285 4250 3723 4334">
     <span class='ocr_line' id='line_1_102' title="bbox 2285 4250 3723 4334; baseline -0.012 -14"><span class='ocrx_word' id='word_1_813' title='bbox 2285 4264 2436 4320; x_wconf 88' lang='lat' dir='ltr'><strong>ciunt</strong></span> <span class='ocrx_word' id='word_1_814' title='bbox 2462 4264 2869 4321; x_wconf 80' lang='lat' dir='ltr'><strong>consonantiam</strong></span> <span class='ocrx_word' id='word_1_815' title='bbox 2891 4263 3152 4334; x_wconf 80' lang='lat' dir='ltr'><strong>diapason</strong></span> <span class='ocrx_word' id='word_1_816' title='bbox 3188 4265 3255 4317; x_wconf 80' lang='lat' dir='ltr'><strong>ad</strong></span> <span class='ocrx_word' id='word_1_817' title='bbox 3285 4258 3389 4316; x_wconf 77' lang='lat' dir='ltr'><strong>XII.</strong></span> <span class='ocrx_word' id='word_1_818' title='bbox 3420 4256 3517 4311; x_wconf 85' lang='lat' dir='ltr'><strong>Duo</strong></span> <span class='ocrx_word' id='word_1_819' title='bbox 3538 4250 3639 4305; x_wconf 79' lang='lat' dir='ltr'><strong>enim</strong></span> <span class='ocrx_word' id='word_1_820' title='bbox 3656 4253 3723 4296; x_wconf 73' lang='lat' dir='ltr'><strong>m-</strong></span> 
     </span>
    </p>
   </div>
   <div class='ocr_carea' id='block_1_101' title="bbox 2287 4342 3718 4425">
    <p class='ocr_par' dir='ltr' id='par_1_101' title="bbox 2287 4342 3718 4425">
     <span class='ocr_line' id='line_1_103' title="bbox 2287 4342 3718 4425; baseline -0.009 -15"><span class='ocrx_word' id='word_1_821' title='bbox 2287 4360 2425 4421; x_wconf 82' lang='lat' dir='ltr'><strong>tum,</strong></span> <span class='ocrx_word' id='word_1_822' title='bbox 2451 4355 2503 4409; x_wconf 90' lang='lat' dir='ltr'><strong>id</strong></span> <span class='ocrx_word' id='word_1_823' title='bbox 2532 4364 2636 4420; x_wconf 89' lang='lat' dir='ltr'><strong>est,</strong></span> <span class='ocrx_word' id='word_1_824' title='bbox 2673 4364 2867 4425; x_wconf 85' lang='lat' dir='ltr'><strong>quater</strong></span> <span class='ocrx_word' id='word_1_825' title='bbox 2912 4353 2998 4409; x_wconf 91' lang='lat' dir='ltr'><strong>VI.</strong></span> <span class='ocrx_word' id='word_1_826' title='bbox 3036 4366 3091 4411; x_wconf 89' lang='lat' dir='ltr'><strong>et</strong></span> <span class='ocrx_word' id='word_1_827' title='bbox 3126 4364 3207 4410; x_wconf 82' lang='lat' dir='ltr'><strong>ter</strong></span> <span class='ocrx_word' id='word_1_828' title='bbox 3232 4352 3355 4408; x_wconf 84' lang='lat' dir='ltr'><strong>VIII.</strong></span> <span class='ocrx_word' id='word_1_829' title='bbox 3378 4349 3436 4405; x_wconf 85' lang='lat' dir='ltr'><strong>ad</strong></span> <span class='ocrx_word' id='word_1_830' title='bbox 3465 4342 3636 4401; x_wconf 77' lang='lat' dir='ltr'><strong>eundem</strong></span> <span class='ocrx_word' id='word_1_831' title='bbox 3663 4346 3718 4425; x_wconf 63' lang='grc' dir='ltr'><strong>ηιξ</strong></span> 
     </span>
    </p>
   </div>
   <div class='ocr_carea' id='block_1_102' title="bbox 2290 4422 3716 4518">
    <p class='ocr_par' dir='ltr' id='par_1_102' title="bbox 2290 4422 3716 4518">
     <span class='ocr_line' id='line_1_104' title="bbox 2290 4422 3716 4518; baseline -0.004 -16"><span class='ocrx_word' id='word_1_832' title='bbox 2290 4456 2501 4503; x_wconf 83' lang='lat' dir='ltr'><strong>merum</strong></span> <span class='ocrx_word' id='word_1_833' title='bbox 2827 4445 3055 4507; x_wconf 76' lang='lat' dir='ltr'><strong>faciunt.</strong></span> <span class='ocrx_word' id='word_1_834' title='bbox 3085 4447 3220 4504; x_wconf 86' lang='lat' dir='ltr'><strong>Nam</strong></span> <span class='ocrx_word' id='word_1_835' title='bbox 3249 4446 3363 4517; x_wconf 86' lang='lat' dir='ltr'><strong>quis</strong></span> <span class='ocrx_word' id='word_1_836' title='bbox 3391 4438 3610 4506; x_wconf 55' lang='lat' dir='ltr'><strong>intelligat.</strong></span> <span class='ocrx_word' id='word_1_837' title='bbox 3635 4422 3716 4497; x_wconf 64' lang='grc'><strong>(1⁸³⁸</strong></span> 
     </span>
    </p>
   </div>
   <div class='ocr_carea' id='block_1_103' title="bbox 2290 4520 3721 4617">
    <p class='ocr_par' dir='ltr' id='par_1_103' title="bbox 2290 4520 3721 4617">
     <span class='ocr_line' id='line_1_105' title="bbox 2290 4520 3721 4617; baseline 0.008 -23"><span class='ocrx_word' id='word_1_838' title='bbox 2290 4550 2485 4613; x_wconf 79' lang='lat' dir='ltr'><strong>quater</strong></span> <span class='ocrx_word' id='word_1_839' title='bbox 2515 4539 2669 4595; x_wconf 88' lang='lat' dir='ltr'><strong>VIIII.</strong></span> <span class='ocrx_word' id='word_1_840' title='bbox 2719 4550 2776 4597; x_wconf 83' lang='lat' dir='ltr'><strong>et</strong></span> <span class='ocrx_word' id='word_1_841' title='bbox 2820 4551 2906 4597; x_wconf 85' lang='lat' dir='ltr'><strong>ter</strong></span> <span class='ocrx_word' id='word_1_842' title='bbox 2959 4540 3073 4597; x_wconf 87' lang='lat' dir='ltr'><strong>XII.</strong></span> <span class='ocrx_word' id='word_1_843' title='bbox 3118 4542 3173 4596; x_wconf 90' lang='lat' dir='ltr'><strong>in</strong></span> <span class='ocrx_word' id='word_1_844' title='bbox 3218 4537 3451 4611; x_wconf 66' lang='lat' dir='ltr'><strong>praedicta</strong></span> <span class='ocrx_word' id='word_1_845' title='bbox 3495 4520 3721 4617; x_wconf 61' lang='lat' dir='ltr'><strong>FW</strong></span> 
     </span>
    </p>
   </div>
   <div class='ocr_carea' id='block_1_104' title="bbox 2288 4617 3720 4705">
    <p class='ocr_par' dir='ltr' id='par_1_104' title="bbox 2288 4617 3720 4705">
     <span class='ocr_line' id='line_1_106' title="bbox 2288 4617 3720 4705; baseline -0.003 -15"><span class='ocrx_word' id='word_1_846' title='bbox 2288 4632 2430 4690; x_wconf 86' lang='lat' dir='ltr'><strong>sint?</strong></span> <span class='ocrx_word' id='word_1_847' title='bbox 2466 4633 2620 4690; x_wconf 86' lang='lat' dir='ltr'><strong>Unde</strong></span> <span class='ocrx_word' id='word_1_848' title='bbox 2661 4632 3071 4705; x_wconf 73' lang='lat' dir='ltr'><strong>inteltigendum</strong></span> <span class='ocrx_word' id='word_1_849' title='bbox 3118 4644 3203 4690; x_wconf 88' lang='lat' dir='ltr'><strong>est</strong></span> <span class='ocrx_word' id='word_1_850' title='bbox 3247 4631 3382 4703; x_wconf 82' lang='lat' dir='ltr'><strong>quod</strong></span> <span class='ocrx_word' id='word_1_851' title='bbox 3424 4640 3479 4682; x_wconf 77' lang='lat' dir='ltr'><strong>ex</strong></span> <span class='ocrx_word' id='word_1_852' title='bbox 3504 4617 3720 4705; x_wconf 59' lang='lat' dir='ltr'><strong>thlij</strong></span> 
     </span>
    </p>
   </div>
   <div class='ocr_carea' id='block_1_105' title="bbox 2286 4694 3718 4795">
    <p class='ocr_par' dir='ltr' id='par_1_105' title="bbox 2286 4694 3718 4795">
     <span class='ocr_line' id='line_1_107' title="bbox 2286 4694 3718 4795; baseline -0.014 -16"><span class='ocrx_word' id='word_1_853' title='bbox 2286 4723 2498 4779; x_wconf 89' lang='lat' dir='ltr'><strong>oriatur</strong></span> <span class='ocrx_word' id='word_1_854' title='bbox 2515 4722 2774 4795; x_wconf 82' lang='lat' dir='ltr'><strong>diapason</strong></span> <span class='ocrx_word' id='word_1_855' title='bbox 2796 4694 2865 4779; x_wconf 68' lang='lat' dir='ltr'><strong>ad</strong></span> <span class='ocrx_word' id='word_1_856' title='bbox 2884 4738 3170 4779; x_wconf 87' lang='lat' dir='ltr'><strong>numerum</strong></span> <span class='ocrx_word' id='word_1_857' title='bbox 3192 4694 3282 4779; x_wconf 64' lang='lat' dir='ltr'><strong>bis</strong></span> <span class='ocrx_word' id='word_1_858' title='bbox 3294 4716 3399 4777; x_wconf 81' lang='lat' dir='ltr'><strong>XII.</strong></span> <span class='ocrx_word' id='word_1_859' title='bbox 3414 4713 3493 4787; x_wconf 84' lang='lat' dir='ltr'><strong>qui</strong></span> <span class='ocrx_word' id='word_1_860' title='bbox 3510 4709 3562 4765; x_wconf 84' lang='lat' dir='ltr'><strong>ad</strong></span> <span class='ocrx_word' id='word_1_861' title='bbox 3582 4694 3718 4761; x_wconf 67' lang='lat' dir='ltr'><strong>XLVIII.</strong></span> 
     </span>
    </p>
   </div>
   <div class='ocr_carea' id='block_1_106' title="bbox 2286 4796 3718 4894">
    <p class='ocr_par' dir='ltr' id='par_1_106' title="bbox 2286 4796 3718 4894">
     <span class='ocr_line' id='line_1_108' title="bbox 2286 4796 3718 4894; baseline 0.001 -24"><span class='ocrx_word' id='word_1_862' title='bbox 2286 4816 2515 4871; x_wconf 83' lang='lat' dir='ltr'><strong>alteram</strong></span> <span class='ocrx_word' id='word_1_863' title='bbox 2544 4814 2803 4887; x_wconf 84' lang='lat' dir='ltr'><strong>diapason</strong></span> <span class='ocrx_word' id='word_1_864' title='bbox 2833 4812 3069 4886; x_wconf 71' lang='lat' dir='ltr'><strong>perﬁcit,</strong></span> <span class='ocrx_word' id='word_1_865' title='bbox 3100 4815 3155 4870; x_wconf 87' lang='lat' dir='ltr'><strong>in</strong></span> <span class='ocrx_word' id='word_1_866' title='bbox 3181 4820 3396 4886; x_wconf 81' lang='lat' dir='ltr'><strong>quorum</strong></span> <span class='ocrx_word' id='word_1_867' title='bbox 3419 4802 3560 4862; x_wconf 68' lang='lat' dir='ltr'><strong>medio</strong></span> <span class='ocrx_word' id='word_1_868' title='bbox 3578 4796 3640 4852; x_wconf 62' lang='grc' dir='ltr'><strong>δίθ</strong></span> <span class='ocrx_word' id='word_1_869' title='bbox 3656 4799 3718 4894; x_wconf 46' lang='grc' dir='ltr'><em>Ὗ</em></span> 
     </span>
    </p>
   </div>
   <div class='ocr_carea' id='block_1_107' title="bbox 2284 4880 3717 4981">
    <p class='ocr_par' dir='ltr' id='par_1_107' title="bbox 2284 4880 3717 4981">
     <span class='ocr_line' id='line_1_109' title="bbox 2284 4880 3717 4981; baseline 0.004 -17"><span class='ocrx_word' id='word_1_870' title='bbox 2284 4922 2389 4981; x_wconf 85' lang='lat' dir='ltr'><strong>pus</strong></span> <span class='ocrx_word' id='word_1_871' title='bbox 2414 4924 2569 4966; x_wconf 80' lang='lat' dir='ltr'><strong>suam</strong></span> <span class='ocrx_word' id='word_1_872' title='bbox 2613 4880 2998 4980; x_wconf 68' lang='lat' dir='ltr'><strong>proprieiatem</strong></span> <span class='ocrx_word' id='word_1_873' title='bbox 3028 4880 3277 4981; x_wconf 76' lang='lat' dir='ltr'><strong>requirit,</strong></span> <span class='ocrx_word' id='word_1_874' title='bbox 3300 4880 3717 4981; x_wconf 59' lang='lat' dir='ltr'><strong>qualldmll&#39;w‘”_&quot;_h</strong></span> 
     </span>
    </p>
   </div>
   <div class='ocr_carea' id='block_1_108' title="bbox 2287 4971 3716 5072">
    <p class='ocr_par' dir='ltr' id='par_1_108' title="bbox 2287 4971 3716 5072">
     <span class='ocr_line' id='line_1_110' title="bbox 2287 4971 3716 5072; baseline -0.018 -12"><span class='ocrx_word' id='word_1_875' title='bbox 2287 4971 2663 5068; x_wconf 60' lang='grc' dir='ltr'><strong>ὸοηωηαηιιὸ,</strong></span> <span class='ocrx_word' id='word_1_876' title='bbox 2701 4971 2819 5072; x_wconf 57' lang='lat' dir='ltr'><strong>quas</strong></span> <span class='ocrx_word' id='word_1_877' title='bbox 2843 5010 2927 5058; x_wconf 90' lang='lat' dir='ltr'><strong>est</strong></span> <span class='ocrx_word' id='word_1_878' title='bbox 2952 5010 3037 5058; x_wconf 87' lang='lat' dir='ltr'><strong>ter</strong></span> <span class='ocrx_word' id='word_1_879' title='bbox 3073 4971 3185 5059; x_wconf 61' lang='lat' dir='ltr'><strong>x&#39;u.</strong></span> <span class='ocrx_word' id='word_1_880' title='bbox 3225 4971 3289 5056; x_wconf 71' lang='lat' dir='ltr'><strong>.a</strong></span> <span class='ocrx_word' id='word_1_881' title='bbox 3318 4971 3526 5053; x_wconf 61' lang='lat' dir='ltr'><strong>eruit.</strong></span> <span class='ocrx_word' id='word_1_882' title='bbox 3559 4971 3716 5039; x_wconf 71' lang='lat' dir='ltr'><strong>tuen</strong></span> 
     </span>
    </p>
   </div>
   <div class='ocr_carea' id='block_1_109' title="bbox 2288 5074 3717 5165">
    <p class='ocr_par' dir='ltr' id='par_1_109' title="bbox 2288 5074 3717 5165">
     <span class='ocr_line' id='line_1_111' title="bbox 2288 5074 3717 5165; baseline -0.014 -16"><span class='ocrx_word' id='word_1_883' title='bbox 2288 5094 2441 5151; x_wconf 89' lang='lat' dir='ltr'><strong>illinc</strong></span> <span class='ocrx_word' id='word_1_884' title='bbox 2469 5094 2537 5148; x_wconf 89' lang='lat' dir='ltr'><strong>ad</strong></span> <span class='ocrx_word' id='word_1_885' title='bbox 2562 5091 2786 5159; x_wconf 82' lang='lat' dir='ltr'><strong>XLVIII,</strong></span> <span class='ocrx_word' id='word_1_886' title='bbox 2815 5095 3061 5165; x_wconf 80' lang='lat' dir='ltr'><strong>respicit,</strong></span> <span class='ocrx_word' id='word_1_887' title='bbox 3084 5100 3140 5150; x_wconf 89' lang='lat' dir='ltr'><strong>et</strong></span> <span class='ocrx_word' id='word_1_888' title='bbox 3159 5090 3225 5148; x_wconf 89' lang='lat' dir='ltr'><strong>ad</strong></span> <span class='ocrx_word' id='word_1_889' title='bbox 3254 5100 3334 5146; x_wconf 75' lang='lat' dir='ltr'><strong>ter</strong></span> <span class='ocrx_word' id='word_1_890' title='bbox 3351 5083 3460 5141; x_wconf 80' lang='lat' dir='ltr'><strong>VIII.</strong></span> <span class='ocrx_word' id='word_1_891' title='bbox 3481 5074 3717 5141; x_wconf 55' lang='lat' dir='ltr'><strong>uterque&quot;</strong></span> 
     </span>
    </p>
   </div>
   <div class='ocr_carea' id='block_1_110' title="bbox 2286 5167 3715 5259">
    <p class='ocr_par' dir='ltr' id='par_1_110' title="bbox 2286 5167 3715 5259">
     <span class='ocr_line' id='line_1_112' title="bbox 2286 5167 3715 5259; baseline 0.003 -15"><span class='ocrx_word' id='word_1_892' title='bbox 2286 5200 2471 5245; x_wconf 82' lang='lat' dir='ltr'><strong>merus</strong></span> <span class='ocrx_word' id='word_1_893' title='bbox 2494 5188 2752 5259; x_wconf 84' lang='lat' dir='ltr'><strong>diapason</strong></span> <span class='ocrx_word' id='word_1_894' title='bbox 2780 5186 2929 5242; x_wconf 76' lang='lat' dir='ltr'><strong>facit.</strong></span> <span class='ocrx_word' id='word_1_895' title='bbox 2956 5186 3129 5244; x_wconf 85' lang='lat' dir='ltr'><strong>Porro</strong></span> <span class='ocrx_word' id='word_1_896' title='bbox 3152 5195 3238 5242; x_wconf 88' lang='lat' dir='ltr'><strong>ter</strong></span> <span class='ocrx_word' id='word_1_897' title='bbox 3261 5181 3362 5241; x_wconf 85' lang='lat' dir='ltr'><strong>XII.</strong></span> <span class='ocrx_word' id='word_1_898' title='bbox 3391 5177 3455 5233; x_wconf 83' lang='lat' dir='ltr'><strong>ad</strong></span> <span class='ocrx_word' id='word_1_899' title='bbox 3471 5174 3624 5246; x_wconf 58' lang='lat' dir='ltr'><strong>Pam“</strong></span> 
     </span>
    </p>
   </div>
   <div class='ocr_carea' id='block_1_111' title="bbox 2287 5252 3713 5349">
    <p class='ocr_par' dir='ltr' id='par_1_111' title="bbox 2287 5252 3713 5349">
     <span class='ocr_line' id='line_1_113' title="bbox 2287 5252 3713 5349; baseline 0.006 -14"><span class='ocrx_word' id='word_1_900' title='bbox 2287 5292 2412 5337; x_wconf 67' lang='lat' dir='ltr'><strong>rem</strong></span> <span class='ocrx_word' id='word_1_901' title='bbox 2438 5252 2693 5336; x_wconf 71' lang='lat' dir='ltr'><strong>observat</strong></span> <span class='ocrx_word' id='word_1_902' title='bbox 2721 5287 2901 5335; x_wconf 82' lang='lat' dir='ltr'><strong>metas</strong></span> <span class='ocrx_word' id='word_1_903' title='bbox 2923 5278 3162 5349; x_wconf 87' lang='lat' dir='ltr'><strong>ejusdem</strong></span> <span class='ocrx_word' id='word_1_904' title='bbox 3200 5275 3352 5348; x_wconf 76' lang='lat' dir='ltr'><strong>tropi.</strong></span> <span class='ocrx_word' id='word_1_905' title='bbox 3383 5264 3622 5341; x_wconf 69' lang='grc' dir='ltr'><strong>αυουί²¹¹³²</strong></span> 
     </span>
    </p>
   </div>
   <div class='ocr_carea' id='block_1_112' title="bbox 2287 5351 3709 5443">
    <p class='ocr_par' dir='ltr' id='par_1_112' title="bbox 2287 5351 3709 5443">
     <span class='ocr_line' id='line_1_114' title="bbox 2287 5351 3709 5443; baseline -0.011 -16"><span class='ocrx_word' id='word_1_906' title='bbox 2287 5370 2711 5443; x_wconf 72' lang='lat' dir='ltr'><strong>diezeugmenon</strong></span> <span class='ocrx_word' id='word_1_907' title='bbox 2736 5410 2750 5436; x_wconf 91' lang='lat'><strong>,</strong></span> <span class='ocrx_word' id='word_1_908' title='bbox 2798 5371 2897 5424; x_wconf 89' lang='lat' dir='ltr'><strong>sub</strong></span> <span class='ocrx_word' id='word_1_909' title='bbox 2940 5370 3095 5426; x_wconf 89' lang='lat' dir='ltr'><strong>tertia</strong></span> <span class='ocrx_word' id='word_1_910' title='bbox 3140 5367 3311 5442; x_wconf 88' lang='lat' dir='ltr'><strong>specie</strong></span> <span class='ocrx_word' id='word_1_911' title='bbox 3333 5364 3622 5420; x_wconf 61' lang='lat' dir='ltr'><strong>diatessarw:</strong></span> <span class='ocrx_word' id='word_1_912' title='bbox 3661 5351 3709 5391; x_wconf 84' lang='lat'><strong>“&quot;</strong></span> 
     </span>
    </p>
   </div>
   <div class='ocr_carea' id='block_1_113' title="bbox 2380 5557 3702 5671">
    <p class='ocr_par' dir='ltr' id='par_1_113' title="bbox 2380 5557 3702 5671">
     <span class='ocr_line' id='line_1_115' title="bbox 2380 5557 3702 5671; baseline 0 0"><span class='ocrx_word' id='word_1_913' title='bbox 2380 5585 2506 5671; x_wconf 62' lang='lat' dir='ltr'><strong><em>ﬁt???</em></strong></span> <span class='ocrx_word' id='word_1_914' title='bbox 2532 5584 2593 5671; x_wconf 63' lang='grc' dir='ltr'>ιτα</span> <span class='ocrx_word' id='word_1_915' title='bbox 2734 5583 3026 5671; x_wconf 61' lang='lat' dir='ltr'><strong>vui-.24..</strong></span> <span class='ocrx_word' id='word_1_916' title='bbox 3046 5595 3143 5671; x_wconf 77' lang='grc' dir='ltr'><strong>τεν.</strong></span> <span class='ocrx_word' id='word_1_917' title='bbox 3160 5568 3613 5671; x_wconf 54' lang='grc' dir='ltr'><strong>ιιι-,ειηφιεθξξ</strong></span> <span class='ocrx_word' id='word_1_918' title='bbox 3634 5557 3702 5671; x_wconf 67' lang='lat' dir='ltr'><strong>ii</strong></span> 
     </span>
    </p>
   </div>
   <div class='ocr_carea' id='block_1_114' title="bbox 2380 5641 3613 5728">
    <p class='ocr_par' dir='ltr' id='par_1_114' title="bbox 2380 5641 3613 5728">
     <span class='ocr_line' id='line_1_116' title="bbox 2380 5641 3613 5728; baseline -0.016 -16"><span class='ocrx_word' id='word_1_919' title='bbox 2380 5641 2510 5728; x_wconf 70' lang='lat' dir='ltr'><strong>sit)</strong></span> <span class='ocrx_word' id='word_1_920' title='bbox 2534 5655 2581 5728; x_wconf 58' lang='grc' dir='ltr'>ι,</span> <span class='ocrx_word' id='word_1_921' title='bbox 2613 5673 2663 5710; x_wconf 74' lang='grc' dir='ltr'><strong>ρ.</strong></span> <span class='ocrx_word' id='word_1_922' title='bbox 2687 5665 2881 5728; x_wconf 82' lang='lat' dir='ltr'><strong>quater</strong></span> <span class='ocrx_word' id='word_1_923' title='bbox 2909 5656 3052 5712; x_wconf 85' lang='lat' dir='ltr'><strong>VIIII.</strong></span> <span class='ocrx_word' id='word_1_924' title='bbox 3078 5657 3145 5712; x_wconf 86' lang='lat' dir='ltr'><strong>ad</strong></span> <span class='ocrx_word' id='word_1_925' title='bbox 3181 5660 3362 5725; x_wconf 82' lang='lat' dir='ltr'><strong>quater</strong></span> <span class='ocrx_word' id='word_1_926' title='bbox 3384 5645 3455 5702; x_wconf 83' lang='lat' dir='ltr'><strong>Vt.</strong></span> <span class='ocrx_word' id='word_1_927' title='bbox 3483 5647 3527 5694; x_wconf 82' lang='lat' dir='ltr'><strong>et</strong></span> <span class='ocrx_word' id='word_1_928' title='bbox 3556 5641 3613 5685; x_wconf 80' lang='lat' dir='ltr'><strong>ter</strong></span> 
     </span>
    </p>
   </div>
   <div class='ocr_carea' id='block_1_115' title="bbox 2286 5726 2607 5799">
    <p class='ocr_par' dir='ltr' id='par_1_115' title="bbox 2286 5726 2607 5799">
     <span class='ocr_line' id='line_1_117' title="bbox 2286 5726 2607 5799; baseline -0.009 -13"><span class='ocrx_word' id='word_1_929' title='bbox 2286 5728 2353 5793; x_wconf 77' lang='lat' dir='ltr'><strong>ad</strong></span> <span class='ocrx_word' id='word_1_930' title='bbox 2384 5738 2461 5787; x_wconf 75' lang='lat' dir='ltr'><strong>ter</strong></span> <span class='ocrx_word' id='word_1_931' title='bbox 2504 5726 2607 5799; x_wconf 79' lang='lat' dir='ltr'><strong>Vill</strong></span> 
     </span>
    </p>
   </div>
  </div>
