  <div class='ocr_page' id='page_1' title='image "/cluster/home/n/w/nwhite01/storage/ocr_20150623/132/hvd.32044015471733/476.png"; bbox 0 0 3916 6408; ppageno 0'>
   <div class='ocr_carea' id='block_1_1' title="bbox 173 298 279 356">
    <p class='ocr_par' dir='ltr' id='par_1_1' title="bbox 173 298 279 356">
     <span class='ocr_line' id='line_1_1' title="bbox 173 298 279 356; baseline 0.009 -1"><span class='ocrx_word' id='word_1_1' title='bbox 173 298 279 356; x_wconf 67' lang='grc'><strong>941</strong></span> 
     </span>
    </p>
   </div>
   <div class='ocr_carea' id='block_1_2' title="bbox 1273 257 2338 350">
    <p class='ocr_par' dir='ltr' id='par_1_2' title="bbox 1273 257 2338 350">
     <span class='ocr_line' id='line_1_2' title="bbox 1273 257 2338 350; baseline -0.003 -1"><span class='ocrx_word' id='word_1_2' title='bbox 1273 290 1361 350; x_wconf 87' lang='lat' dir='ltr'><strong>DE</strong></span> <span class='ocrx_word' id='word_1_3' title='bbox 1394 257 1798 346; x_wconf 58' lang='lat' dir='ltr'><strong>uanuoalcs</strong></span> <span class='ocrx_word' id='word_1_4' title='bbox 1817 265 2338 348; x_wconf 35' lang='lat' dir='ltr'><strong>&#39;INSTITU’I‘IONE.</strong></span> 
     </span>
    </p>
   </div>
   <div class='ocr_carea' id='block_1_3' title="bbox 3331 299 3436 356">
    <p class='ocr_par' dir='ltr' id='par_1_3' title="bbox 3331 299 3436 356">
     <span class='ocr_line' id='line_1_3' title="bbox 3331 299 3436 356; baseline -0.019 0"><span class='ocrx_word' id='word_1_5' title='bbox 3331 299 3436 356; x_wconf 65' lang='grc'><strong>942</strong></span> 
     </span>
    </p>
   </div>
   <div class='ocr_carea' id='block_1_4' title="bbox 175 403 3438 481">
    <p class='ocr_par' dir='ltr' id='par_1_4' title="bbox 175 403 3438 481">
     <span class='ocr_line' id='line_1_4' title="bbox 175 403 3438 481; baseline 0 -11"><span class='ocrx_word' id='word_1_6' title='bbox 175 413 406 476; x_wconf 86' lang='lat' dir='ltr'><strong>choans,</strong></span> <span class='ocrx_word' id='word_1_7' title='bbox 447 408 662 464; x_wconf 76' lang='lat' dir='ltr'><strong>tertiam</strong></span> <span class='ocrx_word' id='word_1_8' title='bbox 694 407 930 478; x_wconf 84' lang='lat' dir='ltr'><strong>speciem</strong></span> <span class='ocrx_word' id='word_1_9' title='bbox 979 405 1229 474; x_wconf 89' lang='lat' dir='ltr'><strong>diapente</strong></span> <span class='ocrx_word' id='word_1_10' title='bbox 1271 403 1524 460; x_wconf 84' lang='lat' dir='ltr'><strong>deorsum</strong></span> <span class='ocrx_word' id='word_1_11' title='bbox 1567 403 1620 456; x_wconf 91' lang='lat' dir='ltr'><strong>in</strong></span> <span class='ocrx_word' id='word_1_12' title='bbox 1659 416 1754 456; x_wconf 89' lang='lat' dir='ltr'><strong>sua</strong></span> <span class='ocrx_word' id='word_1_13' title='bbox 1787 414 1834 474; x_wconf 70' lang='grc' dir='ltr'><strong>Α</strong></span> <span class='ocrx_word' id='word_1_14' title='bbox 1863 411 1968 466; x_wconf 89' lang='lat' dir='ltr'><strong>est,</strong></span> <span class='ocrx_word' id='word_1_15' title='bbox 1999 404 2140 474; x_wconf 88' lang='lat' dir='ltr'><strong>quod</strong></span> <span class='ocrx_word' id='word_1_16' title='bbox 2167 421 2196 458; x_wconf 88' lang='lat' dir='ltr'><strong>a</strong></span> <span class='ocrx_word' id='word_1_17' title='bbox 2225 420 2283 460; x_wconf 89' lang='lat' dir='ltr'><strong>se</strong></span> <span class='ocrx_word' id='word_1_18' title='bbox 2327 404 2579 472; x_wconf 76' lang='lat' dir='ltr'><strong>invicem,</strong></span> <span class='ocrx_word' id='word_1_19' title='bbox 2629 405 2732 462; x_wconf 85' lang='lat' dir='ltr'><strong>hoc</strong></span> <span class='ocrx_word' id='word_1_20' title='bbox 2765 415 2870 474; x_wconf 89' lang='lat' dir='ltr'><strong>est,</strong></span> <span class='ocrx_word' id='word_1_21' title='bbox 2905 409 3215 481; x_wconf 79' lang='lat' dir='ltr'><strong>principalis</strong></span> <span class='ocrx_word' id='word_1_22' title='bbox 3261 427 3292 468; x_wconf 71' lang='grc' dir='ltr'>ι</span> <span class='ocrx_word' id='word_1_23' title='bbox 3339 429 3438 472; x_wconf 86' lang='lat' dir='ltr'><strong>suo</strong></span> 
     </span>
    </p>
   </div>
   <div class='ocr_carea' id='block_1_5' title="bbox 185 493 1762 570">
    <p class='ocr_par' dir='ltr' id='par_1_5' title="bbox 185 493 1762 570">
     <span class='ocr_line' id='line_1_5' title="bbox 185 493 1762 570; baseline -0.007 -14"><span class='ocrx_word' id='word_1_24' title='bbox 185 499 445 564; x_wconf 74' lang='lat' dir='ltr'><strong>melodis,</strong></span> <span class='ocrx_word' id='word_1_25' title='bbox 475 515 596 570; x_wconf 80' lang='lat' dir='ltr'><strong>qme</strong></span> <span class='ocrx_word' id='word_1_26' title='bbox 622 507 700 554; x_wconf 88' lang='lat' dir='ltr'><strong>est</strong></span> <span class='ocrx_word' id='word_1_27' title='bbox 727 495 1114 558; x_wconf 79' lang='lat' dir='ltr'><strong>NOEOEANE,</strong></span> <span class='ocrx_word' id='word_1_28' title='bbox 1141 495 1532 566; x_wconf 78' lang='lat' dir='ltr'><strong>peragitusque</strong></span> <span class='ocrx_word' id='word_1_29' title='bbox 1563 493 1612 545; x_wconf 92' lang='lat' dir='ltr'><strong>in</strong></span> <span class='ocrx_word' id='word_1_30' title='bbox 1639 507 1762 562; x_wconf 87' lang='lat' dir='ltr'><strong>par-</strong></span> 
     </span>
    </p>
   </div>
   <div class='ocr_carea' id='block_1_6' title="bbox 171 586 1761 670">
    <p class='ocr_par' dir='ltr' id='par_1_6' title="bbox 171 586 1761 670">
     <span class='ocr_line' id='line_1_6' title="bbox 171 586 1761 670; baseline -0.007 -21"><span class='ocrx_word' id='word_1_31' title='bbox 171 608 342 670; x_wconf 81' lang='lat' dir='ltr'><strong>ypate</strong></span> <span class='ocrx_word' id='word_1_32' title='bbox 397 609 601 658; x_wconf 82' lang='lat' dir='ltr'><strong>meson,</strong></span> <span class='ocrx_word' id='word_1_33' title='bbox 633 605 751 661; x_wconf 67' lang='lat' dir='ltr'><strong>quae</strong></span> <span class='ocrx_word' id='word_1_34' title='bbox 774 600 858 645; x_wconf 89' lang='lat' dir='ltr'><strong>est</strong></span> <span class='ocrx_word' id='word_1_35' title='bbox 887 604 982 644; x_wconf 89' lang='lat' dir='ltr'><strong>sua</strong></span> <span class='ocrx_word' id='word_1_36' title='bbox 1012 587 1206 642; x_wconf 70' lang='lat' dir='ltr'><strong>funalis.</strong></span> <span class='ocrx_word' id='word_1_37' title='bbox 1229 586 1475 642; x_wconf 87' lang='lat' dir='ltr'><strong>Gradalis</strong></span> <span class='ocrx_word' id='word_1_38' title='bbox 1501 586 1645 640; x_wconf 87' lang='lat' dir='ltr'><strong>enim</strong></span> <span class='ocrx_word' id='word_1_39' title='bbox 1673 600 1761 638; x_wconf 89' lang='lat' dir='ltr'><strong>an-</strong></span> 
     </span>
    </p>
   </div>
   <div class='ocr_carea' id='block_1_7' title="bbox 179 679 1764 760">
    <p class='ocr_par' dir='ltr' id='par_1_7' title="bbox 179 679 1764 760">
     <span class='ocr_line' id='line_1_7' title="bbox 179 679 1764 760; baseline -0.005 -16"><span class='ocrx_word' id='word_1_40' title='bbox 179 693 404 760; x_wconf 89' lang='lat' dir='ltr'><strong>tiphona</strong></span> <span class='ocrx_word' id='word_1_41' title='bbox 443 688 661 744; x_wconf 86' lang='lat' dir='ltr'><strong>Domine</strong></span> <span class='ocrx_word' id='word_1_42' title='bbox 693 684 954 756; x_wconf 76' lang='lat' dir='ltr'><strong>refugium</strong></span> <span class='ocrx_word' id='word_1_43' title='bbox 1002 683 1068 736; x_wconf 88' lang='lat' dir='ltr'><strong>ad</strong></span> <span class='ocrx_word' id='word_1_44' title='bbox 1111 682 1358 736; x_wconf 84' lang='lat' dir='ltr'><strong>eamdem</strong></span> <span class='ocrx_word' id='word_1_45' title='bbox 1397 680 1654 736; x_wconf 87' lang='lat' dir='ltr'><strong>chordam</strong></span> <span class='ocrx_word' id='word_1_46' title='bbox 1683 679 1764 736; x_wconf 83' lang='lat' dir='ltr'><strong>bis</strong></span> 
     </span>
    </p>
   </div>
   <div class='ocr_carea' id='block_1_8' title="bbox 173 769 1760 846">
    <p class='ocr_par' dir='ltr' id='par_1_8' title="bbox 173 769 1760 846">
     <span class='ocr_line' id='line_1_8' title="bbox 173 769 1760 846; baseline -0.008 -11"><span class='ocrx_word' id='word_1_47' title='bbox 173 783 346 846; x_wconf 80' lang='lat' dir='ltr'><strong>redit,</strong></span> <span class='ocrx_word' id='word_1_48' title='bbox 368 787 420 834; x_wconf 89' lang='lat' dir='ltr'><strong>et</strong></span> <span class='ocrx_word' id='word_1_49' title='bbox 449 779 592 833; x_wconf 88' lang='lat' dir='ltr'><strong>sicut</strong></span> <span class='ocrx_word' id='word_1_50' title='bbox 619 773 1088 830; x_wconf 82' lang='lat' dir='ltr'><strong>Circumdederunt</strong></span> <span class='ocrx_word' id='word_1_51' title='bbox 1115 773 1326 842; x_wconf 82' lang='lat' dir='ltr'><strong>incipit,</strong></span> <span class='ocrx_word' id='word_1_52' title='bbox 1361 772 1434 826; x_wconf 92' lang='lat' dir='ltr'><strong>ita</strong></span> <span class='ocrx_word' id='word_1_53' title='bbox 1463 780 1517 826; x_wconf 90' lang='lat' dir='ltr'><strong>et</strong></span> <span class='ocrx_word' id='word_1_54' title='bbox 1540 769 1760 826; x_wconf 70' lang='lat' dir='ltr'><strong>otl‘erto-</strong></span> 
     </span>
    </p>
   </div>
   <div class='ocr_carea' id='block_1_9' title="bbox 175 863 1760 938">
    <p class='ocr_par' dir='ltr' id='par_1_9' title="bbox 175 863 1760 938">
     <span class='ocr_line' id='line_1_9' title="bbox 175 863 1760 938; baseline -0.004 -12"><span class='ocrx_word' id='word_1_55' title='bbox 175 873 324 927; x_wconf 89' lang='lat' dir='ltr'><strong>rium</strong></span> <span class='ocrx_word' id='word_1_56' title='bbox 358 887 372 926; x_wconf 89' lang='lat'><strong>:</strong></span> <span class='ocrx_word' id='word_1_57' title='bbox 405 869 644 924; x_wconf 80' lang='lat' dir='ltr'><strong>Immittit</strong></span> <span class='ocrx_word' id='word_1_58' title='bbox 670 866 908 938; x_wconf 79' lang='lat' dir='ltr'><strong>angelus.</strong></span> <span class='ocrx_word' id='word_1_59' title='bbox 937 863 1262 920; x_wconf 81' lang='lat' dir='ltr'><strong>Nocturnale</strong></span> <span class='ocrx_word' id='word_1_60' title='bbox 1295 879 1506 936; x_wconf 86' lang='lat' dir='ltr'><strong>quoque</strong></span> <span class='ocrx_word' id='word_1_61' title='bbox 1537 879 1760 933; x_wconf 72' lang='lat' dir='ltr'><strong>respon-</strong></span> 
     </span>
    </p>
   </div>
   <div class='ocr_carea' id='block_1_10' title="bbox 173 957 1761 1019">
    <p class='ocr_par' dir='ltr' id='par_1_10' title="bbox 173 957 1761 1019">
     <span class='ocr_line' id='line_1_10' title="bbox 173 957 1761 1019; baseline -0.003 0"><span class='ocrx_word' id='word_1_62' title='bbox 173 964 386 1019; x_wconf 89' lang='lat' dir='ltr'><strong>sorium</strong></span> <span class='ocrx_word' id='word_1_63' title='bbox 422 963 632 1016; x_wconf 86' lang='lat' dir='ltr'><strong>obsecro</strong></span> <span class='ocrx_word' id='word_1_64' title='bbox 660 959 878 1012; x_wconf 87' lang='lat' dir='ltr'><strong>Domine</strong></span> <span class='ocrx_word' id='word_1_65' title='bbox 915 973 946 1014; x_wconf 89' lang='lat' dir='ltr'><strong>a</strong></span> <span class='ocrx_word' id='word_1_66' title='bbox 988 973 1136 1014; x_wconf 85' lang='lat' dir='ltr'><strong>mese</strong></span> <span class='ocrx_word' id='word_1_67' title='bbox 1163 958 1511 1012; x_wconf 88' lang='lat' dir='ltr'><strong>enarmonico</strong></span> <span class='ocrx_word' id='word_1_68' title='bbox 1533 957 1761 1014; x_wconf 84' lang='lat' dir='ltr'><strong>remisso</strong></span> 
     </span>
    </p>
   </div>
   <div class='ocr_carea' id='block_1_11' title="bbox 175 1051 1758 1122">
    <p class='ocr_par' dir='ltr' id='par_1_11' title="bbox 175 1051 1758 1122">
     <span class='ocr_line' id='line_1_11' title="bbox 175 1051 1758 1122; baseline -0.003 -11"><span class='ocrx_word' id='word_1_69' title='bbox 175 1056 426 1122; x_wconf 84' lang='lat' dir='ltr'><strong>inchoat,</strong></span> <span class='ocrx_word' id='word_1_70' title='bbox 462 1063 521 1120; x_wconf 86' lang='lat' dir='ltr'><strong>ut</strong></span> <span class='ocrx_word' id='word_1_71' title='bbox 561 1053 742 1108; x_wconf 78' lang='lat' dir='ltr'><strong>statim</strong></span> <span class='ocrx_word' id='word_1_72' title='bbox 777 1051 1166 1106; x_wconf 83' lang='lat' dir='ltr'><strong>chromaticum</strong></span> <span class='ocrx_word' id='word_1_73' title='bbox 1201 1051 1468 1106; x_wconf 85' lang='lat' dir='ltr'><strong>intensum</strong></span> <span class='ocrx_word' id='word_1_74' title='bbox 1517 1066 1573 1106; x_wconf 92' lang='lat' dir='ltr'><strong>se</strong></span> <span class='ocrx_word' id='word_1_75' title='bbox 1609 1052 1758 1122; x_wconf 80' lang='lat' dir='ltr'><strong>inge-</strong></span> 
     </span>
    </p>
   </div>
   <div class='ocr_carea' id='block_1_12' title="bbox 175 1140 1761 1214">
    <p class='ocr_par' dir='ltr' id='par_1_12' title="bbox 175 1140 1761 1214">
     <span class='ocr_line' id='line_1_12' title="bbox 175 1140 1761 1214; baseline -0.003 -14"><span class='ocrx_word' id='word_1_76' title='bbox 175 1155 288 1200; x_wconf 86' lang='lat' dir='ltr'><strong>rat.</strong></span> <span class='ocrx_word' id='word_1_77' title='bbox 317 1143 568 1200; x_wconf 88' lang='lat' dir='ltr'><strong>Secunda</strong></span> <span class='ocrx_word' id='word_1_78' title='bbox 594 1140 801 1214; x_wconf 86' lang='lat' dir='ltr'><strong>species</strong></span> <span class='ocrx_word' id='word_1_79' title='bbox 824 1141 966 1194; x_wconf 89' lang='lat' dir='ltr'><strong>enim</strong></span> <span class='ocrx_word' id='word_1_80' title='bbox 988 1140 1266 1210; x_wconf 78' lang='lat' dir='ltr'><strong>diapason,</strong></span> <span class='ocrx_word' id='word_1_81' title='bbox 1290 1156 1409 1212; x_wconf 84' lang='lat' dir='ltr'><strong>quae</strong></span> <span class='ocrx_word' id='word_1_82' title='bbox 1429 1157 1458 1194; x_wconf 90' lang='lat' dir='ltr'><strong>a</strong></span> <span class='ocrx_word' id='word_1_83' title='bbox 1479 1155 1761 1210; x_wconf 88' lang='lat' dir='ltr'><strong>paramese</strong></span> 
     </span>
    </p>
   </div>
   <div class='ocr_carea' id='block_1_13' title="bbox 173 1232 1762 1308">
    <p class='ocr_par' dir='ltr' id='par_1_13' title="bbox 173 1232 1762 1308">
     <span class='ocr_line' id='line_1_13' title="bbox 173 1232 1762 1308; baseline -0.003 -17"><span class='ocrx_word' id='word_1_84' title='bbox 173 1237 373 1308; x_wconf 85' lang='lat' dir='ltr'><strong>incipit</strong></span> <span class='ocrx_word' id='word_1_85' title='bbox 427 1236 482 1290; x_wconf 90' lang='lat' dir='ltr'><strong>in</strong></span> <span class='ocrx_word' id='word_1_86' title='bbox 515 1251 580 1290; x_wconf 93' lang='lat' dir='ltr'><strong>eo</strong></span> <span class='ocrx_word' id='word_1_87' title='bbox 609 1244 692 1289; x_wconf 90' lang='lat' dir='ltr'><strong>est</strong></span> <span class='ocrx_word' id='word_1_88' title='bbox 734 1233 1046 1304; x_wconf 80' lang='lat' dir='ltr'><strong>singularis,</strong></span> <span class='ocrx_word' id='word_1_89' title='bbox 1082 1233 1224 1304; x_wconf 89' lang='lat' dir='ltr'><strong>quod</strong></span> <span class='ocrx_word' id='word_1_90' title='bbox 1269 1241 1377 1288; x_wconf 84' lang='lat' dir='ltr'><strong>tres</strong></span> <span class='ocrx_word' id='word_1_91' title='bbox 1417 1241 1572 1288; x_wconf 89' lang='lat' dir='ltr'><strong>tonos</strong></span> <span class='ocrx_word' id='word_1_92' title='bbox 1606 1232 1762 1288; x_wconf 90' lang='lat' dir='ltr'><strong>dcor-</strong></span> 
     </span>
    </p>
   </div>
   <div class='ocr_carea' id='block_1_14' title="bbox 177 1323 1757 1398">
    <p class='ocr_par' dir='ltr' id='par_1_14' title="bbox 177 1323 1757 1398">
     <span class='ocr_line' id='line_1_14' title="bbox 177 1323 1757 1398; baseline -0.004 -16"><span class='ocrx_word' id='word_1_93' title='bbox 177 1344 302 1384; x_wconf 88' lang='lat' dir='ltr'><strong>sum</strong></span> <span class='ocrx_word' id='word_1_94' title='bbox 333 1327 538 1398; x_wconf 85' lang='lat' dir='ltr'><strong>absque</strong></span> <span class='ocrx_word' id='word_1_95' title='bbox 587 1324 872 1388; x_wconf 87' lang='lat' dir='ltr'><strong>semitonio</strong></span> <span class='ocrx_word' id='word_1_96' title='bbox 925 1339 1029 1376; x_wconf 90' lang='lat' dir='ltr'><strong>una</strong></span> <span class='ocrx_word' id='word_1_97' title='bbox 1069 1324 1208 1378; x_wconf 89' lang='lat' dir='ltr'><strong>serie</strong></span> <span class='ocrx_word' id='word_1_98' title='bbox 1255 1323 1502 1378; x_wconf 89' lang='lat' dir='ltr'><strong>directim</strong></span> <span class='ocrx_word' id='word_1_99' title='bbox 1543 1323 1757 1392; x_wconf 81' lang='lat' dir='ltr'><strong>digerit,</strong></span> 
     </span>
    </p>
   </div>
   <div class='ocr_carea' id='block_1_15' title="bbox 175 1411 1759 1486">
    <p class='ocr_par' dir='ltr' id='par_1_15' title="bbox 175 1411 1759 1486">
     <span class='ocr_line' id='line_1_15' title="bbox 175 1411 1759 1486; baseline -0.004 -14"><span class='ocrx_word' id='word_1_100' title='bbox 175 1433 282 1474; x_wconf 85' lang='lat' dir='ltr'><strong>nec</strong></span> <span class='ocrx_word' id='word_1_101' title='bbox 307 1418 360 1471; x_wconf 90' lang='lat' dir='ltr'><strong>in</strong></span> <span class='ocrx_word' id='word_1_102' title='bbox 393 1417 580 1472; x_wconf 87' lang='lat' dir='ltr'><strong>eadem</strong></span> <span class='ocrx_word' id='word_1_103' title='bbox 607 1415 862 1486; x_wconf 88' lang='lat' dir='ltr'><strong>diapason</strong></span> <span class='ocrx_word' id='word_1_104' title='bbox 912 1414 1052 1470; x_wconf 90' lang='lat' dir='ltr'><strong>inter</strong></span> <span class='ocrx_word' id='word_1_105' title='bbox 1085 1413 1166 1467; x_wconf 85' lang='lat' dir='ltr'><strong>Vl.</strong></span> <span class='ocrx_word' id='word_1_106' title='bbox 1209 1421 1263 1467; x_wconf 91' lang='lat' dir='ltr'><strong>et</strong></span> <span class='ocrx_word' id='word_1_107' title='bbox 1302 1411 1408 1466; x_wconf 81' lang='lat' dir='ltr'><strong>XII.</strong></span> <span class='ocrx_word' id='word_1_108' title='bbox 1452 1412 1759 1467; x_wconf 89' lang='lat' dir='ltr'><strong>octonarius</strong></span> 
     </span>
    </p>
   </div>
   <div class='ocr_carea' id='block_1_16' title="bbox 177 1489 1757 1580">
    <p class='ocr_par' dir='ltr' id='par_1_16' title="bbox 177 1489 1757 1580">
     <span class='ocr_line' id='line_1_16' title="bbox 177 1489 1757 1580; baseline -0.004 -16"><span class='ocrx_word' id='word_1_109' title='bbox 177 1509 429 1574; x_wconf 83' lang='lat' dir='ltr'><strong>incurrit,</strong></span> <span class='ocrx_word' id='word_1_110' title='bbox 481 1491 651 1580; x_wconf 80' lang='lat' dir='ltr'><strong>atque</strong></span> <span class='ocrx_word' id='word_1_111' title='bbox 707 1507 908 1561; x_wconf 89' lang='lat' dir='ltr'><strong>idcirco</strong></span> <span class='ocrx_word' id='word_1_112' title='bbox 953 1505 1148 1560; x_wconf 89' lang='lat' dir='ltr'><strong>ibidem</strong></span> <span class='ocrx_word' id='word_1_113' title='bbox 1199 1505 1417 1576; x_wconf 84' lang='lat' dir='ltr'><strong>adjuvat</strong></span> <span class='ocrx_word' id='word_1_114' title='bbox 1467 1489 1757 1576; x_wconf 87' lang='lat' dir='ltr'><strong>plurimum</strong></span> 
     </span>
    </p>
   </div>
   <div class='ocr_carea' id='block_1_17' title="bbox 179 1595 1757 1674">
    <p class='ocr_par' dir='ltr' id='par_1_17' title="bbox 179 1595 1757 1674">
     <span class='ocr_line' id='line_1_17' title="bbox 179 1595 1757 1674; baseline -0.003 -18"><span class='ocrx_word' id='word_1_115' title='bbox 179 1615 570 1674; x_wconf 79' lang='lat' dir='ltr'><strong>synemmenon</strong></span> <span class='ocrx_word' id='word_1_116' title='bbox 626 1597 1050 1653; x_wconf 89' lang='lat' dir='ltr'><strong>tetrachordum.</strong></span> <span class='ocrx_word' id='word_1_117' title='bbox 1091 1595 1318 1650; x_wconf 75' lang='lat' dir='ltr'><strong>Alleluia</strong></span> <span class='ocrx_word' id='word_1_118' title='bbox 1356 1597 1516 1652; x_wconf 89' lang='lat' dir='ltr'><strong>etiam</strong></span> <span class='ocrx_word' id='word_1_119' title='bbox 1563 1595 1757 1652; x_wconf 80' lang='lat' dir='ltr'><strong>Beatus</strong></span> 
     </span>
    </p>
   </div>
   <div class='ocr_carea' id='block_1_18' title="bbox 187 1687 1756 1758">
    <p class='ocr_par' dir='ltr' id='par_1_18' title="bbox 187 1687 1756 1758">
     <span class='ocr_line' id='line_1_18' title="bbox 187 1687 1756 1758; baseline -0.004 -14"><span class='ocrx_word' id='word_1_120' title='bbox 187 1689 285 1744; x_wconf 83' lang='lat' dir='ltr'><strong>Vir</strong></span> <span class='ocrx_word' id='word_1_121' title='bbox 307 1706 336 1745; x_wconf 84' lang='lat' dir='ltr'><strong>a</strong></span> <span class='ocrx_word' id='word_1_122' title='bbox 369 1689 513 1745; x_wconf 83' lang='lat' dir='ltr'><strong>ﬁnali</strong></span> <span class='ocrx_word' id='word_1_123' title='bbox 541 1687 744 1744; x_wconf 81' lang='lat' dir='ltr'><strong>chorda</strong></span> <span class='ocrx_word' id='word_1_124' title='bbox 782 1687 1020 1757; x_wconf 85' lang='lat' dir='ltr'><strong>ejusdem</strong></span> <span class='ocrx_word' id='word_1_125' title='bbox 1065 1687 1222 1758; x_wconf 77' lang='lat' dir='ltr'><strong>trepi,</strong></span> <span class='ocrx_word' id='word_1_126' title='bbox 1258 1687 1324 1742; x_wconf 86' lang='lat' dir='ltr'><strong>ad</strong></span> <span class='ocrx_word' id='word_1_127' title='bbox 1355 1696 1598 1742; x_wconf 86' lang='lat' dir='ltr'><strong>octavam</strong></span> <span class='ocrx_word' id='word_1_128' title='bbox 1633 1702 1756 1741; x_wconf 88' lang='lat' dir='ltr'><strong>sur-</strong></span> 
     </span>
    </p>
   </div>
   <div class='ocr_carea' id='block_1_19' title="bbox 173 1773 2761 1852">
    <p class='ocr_par' dir='ltr' id='par_1_19' title="bbox 173 1773 2761 1852">
     <span class='ocr_line' id='line_1_19' title="bbox 173 1773 2761 1852; baseline -0.003 -15"><span class='ocrx_word' id='word_1_129' title='bbox 173 1797 298 1837; x_wconf 86' lang='lat' dir='ltr'><strong>sum</strong></span> <span class='ocrx_word' id='word_1_130' title='bbox 327 1795 540 1843; x_wconf 88' lang='lat' dir='ltr'><strong>versus,</strong></span> <span class='ocrx_word' id='word_1_131' title='bbox 574 1789 738 1852; x_wconf 80' lang='lat' dir='ltr'><strong>totam</strong></span> <span class='ocrx_word' id='word_1_132' title='bbox 780 1777 1024 1850; x_wconf 80' lang='lat' dir='ltr'><strong>quintam</strong></span> <span class='ocrx_word' id='word_1_133' title='bbox 1065 1777 1301 1847; x_wconf 84' lang='lat' dir='ltr'><strong>speciem</strong></span> <span class='ocrx_word' id='word_1_134' title='bbox 1342 1777 1598 1847; x_wconf 84' lang='lat' dir='ltr'><strong>diapason</strong></span> <span class='ocrx_word' id='word_1_135' title='bbox 1641 1792 1760 1848; x_wconf 89' lang='lat' dir='ltr'><strong>per-</strong></span> <span class='ocrx_word' id='word_1_136' title='bbox 1789 1777 1836 1838; x_wconf 88' lang='lat' dir='ltr'><strong>B</strong></span> <span class='ocrx_word' id='word_1_137' title='bbox 1867 1783 1918 1826; x_wconf 86' lang='lat' dir='ltr'><strong>te</strong></span> <span class='ocrx_word' id='word_1_138' title='bbox 1941 1773 2354 1828; x_wconf 88' lang='lat' dir='ltr'><strong>consonantiam</strong></span> <span class='ocrx_word' id='word_1_139' title='bbox 2435 1777 2761 1846; x_wconf 75' lang='lat' dir='ltr'><strong>comparari.</strong></span> 
     </span>
    </p>
   </div>
   <div class='ocr_carea' id='block_1_20' title="bbox 183 1865 1764 1941">
    <p class='ocr_par' dir='ltr' id='par_1_20' title="bbox 183 1865 1764 1941">
     <span class='ocr_line' id='line_1_20' title="bbox 183 1865 1764 1941; baseline -0.004 -14"><span class='ocrx_word' id='word_1_140' title='bbox 183 1871 407 1928; x_wconf 89' lang='lat' dir='ltr'><strong>currrit.</strong></span> <span class='ocrx_word' id='word_1_141' title='bbox 437 1871 491 1924; x_wconf 90' lang='lat' dir='ltr'><strong>In</strong></span> <span class='ocrx_word' id='word_1_142' title='bbox 527 1869 797 1941; x_wconf 60' lang='lat' dir='ltr'><strong>praedictis</strong></span> <span class='ocrx_word' id='word_1_143' title='bbox 824 1883 950 1922; x_wconf 89' lang='lat' dir='ltr'><strong>vero</strong></span> <span class='ocrx_word' id='word_1_144' title='bbox 981 1868 1219 1922; x_wconf 81' lang='lat' dir='ltr'><strong>numeris</strong></span> <span class='ocrx_word' id='word_1_145' title='bbox 1262 1869 1612 1922; x_wconf 88' lang='lat' dir='ltr'><strong>consonantia</strong></span> <span class='ocrx_word' id='word_1_146' title='bbox 1649 1865 1764 1921; x_wconf 76' lang='lat' dir='ltr'><strong>dia-</strong></span> 
     </span>
    </p>
   </div>
   <div class='ocr_carea' id='block_1_21' title="bbox 195 1955 1760 2032">
    <p class='ocr_par' dir='ltr' id='par_1_21' title="bbox 195 1955 1760 2032">
     <span class='ocr_line' id='line_1_21' title="bbox 195 1955 1760 2032; baseline -0.004 -17"><span class='ocrx_word' id='word_1_147' title='bbox 195 1971 357 2032; x_wconf 88' lang='lat' dir='ltr'><strong>pente</strong></span> <span class='ocrx_word' id='word_1_148' title='bbox 383 1961 484 2016; x_wconf 90' lang='lat' dir='ltr'><strong>sub</strong></span> <span class='ocrx_word' id='word_1_149' title='bbox 502 1974 752 2015; x_wconf 79' lang='lat' dir='ltr'><strong>mensura</strong></span> <span class='ocrx_word' id='word_1_150' title='bbox 777 1957 1021 2028; x_wconf 86' lang='lat' dir='ltr'><strong>quinaria</strong></span> <span class='ocrx_word' id='word_1_151' title='bbox 1045 1956 1189 2012; x_wconf 88' lang='lat' dir='ltr'><strong>cadit</strong></span> <span class='ocrx_word' id='word_1_152' title='bbox 1215 1976 1226 2010; x_wconf 88' lang='lat'><strong>:</strong></span> <span class='ocrx_word' id='word_1_153' title='bbox 1256 1958 1510 2030; x_wconf 86' lang='lat' dir='ltr'><strong>quoniam</strong></span> <span class='ocrx_word' id='word_1_154' title='bbox 1539 1966 1617 2012; x_wconf 89' lang='lat' dir='ltr'><strong>ter</strong></span> <span class='ocrx_word' id='word_1_155' title='bbox 1639 1955 1760 2009; x_wconf 79' lang='lat' dir='ltr'><strong>Vlll.</strong></span> 
     </span>
    </p>
   </div>
   <div class='ocr_carea' id='block_1_22' title="bbox 188 2049 1763 2125">
    <p class='ocr_par' dir='ltr' id='par_1_22' title="bbox 188 2049 1763 2125">
     <span class='ocr_line' id='line_1_22' title="bbox 188 2049 1763 2125; baseline -0.004 -15"><span class='ocrx_word' id='word_1_156' title='bbox 188 2061 460 2125; x_wconf 88' lang='lat' dir='ltr'><strong>etquater</strong></span> <span class='ocrx_word' id='word_1_157' title='bbox 507 2051 596 2109; x_wconf 83' lang='lat' dir='ltr'><strong>VI.</strong></span> <span class='ocrx_word' id='word_1_158' title='bbox 635 2051 702 2106; x_wconf 89' lang='lat' dir='ltr'><strong>ad</strong></span> <span class='ocrx_word' id='word_1_159' title='bbox 740 2051 825 2122; x_wconf 90' lang='lat' dir='ltr'><strong>bis</strong></span> <span class='ocrx_word' id='word_1_160' title='bbox 859 2049 975 2105; x_wconf 84' lang='lat' dir='ltr'><strong>XII.</strong></span> <span class='ocrx_word' id='word_1_161' title='bbox 1007 2049 1338 2122; x_wconf 79' lang='lat' dir='ltr'><strong>rediguntur.</strong></span> <span class='ocrx_word' id='word_1_162' title='bbox 1381 2049 1582 2118; x_wconf 87' lang='lat' dir='ltr'><strong>Quater</strong></span> <span class='ocrx_word' id='word_1_163' title='bbox 1637 2064 1763 2104; x_wconf 86' lang='lat' dir='ltr'><strong>vero</strong></span> 
     </span>
    </p>
   </div>
   <div class='ocr_carea' id='block_1_23' title="bbox 185 2139 1765 2212">
    <p class='ocr_par' dir='ltr' id='par_1_23' title="bbox 185 2139 1765 2212">
     <span class='ocr_line' id='line_1_23' title="bbox 185 2139 1765 2212; baseline -0.001 -14"><span class='ocrx_word' id='word_1_164' title='bbox 185 2141 312 2198; x_wconf 67' lang='lat' dir='ltr'><strong>Villi</strong></span> <span class='ocrx_word' id='word_1_165' title='bbox 340 2145 406 2200; x_wconf 90' lang='lat' dir='ltr'><strong>ad</strong></span> <span class='ocrx_word' id='word_1_166' title='bbox 439 2153 522 2199; x_wconf 90' lang='lat' dir='ltr'><strong>ter</strong></span> <span class='ocrx_word' id='word_1_167' title='bbox 548 2139 657 2197; x_wconf 78' lang='lat' dir='ltr'><strong>XII.</strong></span> <span class='ocrx_word' id='word_1_168' title='bbox 687 2149 745 2196; x_wconf 89' lang='lat' dir='ltr'><strong>ut</strong></span> <span class='ocrx_word' id='word_1_169' title='bbox 769 2141 1014 2196; x_wconf 90' lang='lat' dir='ltr'><strong>binarius</strong></span> <span class='ocrx_word' id='word_1_170' title='bbox 1045 2148 1096 2196; x_wconf 89' lang='lat' dir='ltr'><strong>et</strong></span> <span class='ocrx_word' id='word_1_171' title='bbox 1141 2142 1406 2196; x_wconf 86' lang='lat' dir='ltr'><strong>ternarius</strong></span> <span class='ocrx_word' id='word_1_172' title='bbox 1428 2141 1518 2212; x_wconf 87' lang='lat' dir='ltr'><strong>qui</strong></span> <span class='ocrx_word' id='word_1_173' title='bbox 1563 2140 1765 2196; x_wconf 81' lang='lat' dir='ltr'><strong>faciunt</strong></span> 
     </span>
    </p>
   </div>
   <div class='ocr_carea' id='block_1_24' title="bbox 185 2235 1066 2308">
    <p class='ocr_par' dir='ltr' id='par_1_24' title="bbox 185 2235 1066 2308">
     <span class='ocr_line' id='line_1_24' title="bbox 185 2235 1066 2308; baseline -0.001 -18"><span class='ocrx_word' id='word_1_174' title='bbox 185 2235 252 2291; x_wconf 76' lang='grc' dir='ltr'><strong>ν.</strong></span> <span class='ocrx_word' id='word_1_175' title='bbox 277 2245 594 2294; x_wconf 88' lang='lat' dir='ltr'><strong>conservent</strong></span> <span class='ocrx_word' id='word_1_176' title='bbox 612 2251 766 2293; x_wconf 91' lang='lat' dir='ltr'><strong>suum</strong></span> <span class='ocrx_word' id='word_1_177' title='bbox 798 2235 1066 2308; x_wconf 84' lang='lat' dir='ltr'><strong>diapente.</strong></span> 
     </span>
    </p>
   </div>
   <div class='ocr_carea' id='block_1_25' title="bbox 349 2343 1596 2394">
    <p class='ocr_par' dir='ltr' id='par_1_25' title="bbox 349 2343 1596 2394">
     <span class='ocr_line' id='line_1_25' title="bbox 349 2343 1596 2394; baseline -0.001 -11"><span class='ocrx_word' id='word_1_178' title='bbox 349 2345 416 2384; x_wconf 77' lang='lat' dir='ltr'><strong>DE</strong></span> <span class='ocrx_word' id='word_1_179' title='bbox 441 2345 639 2394; x_wconf 78' lang='lat' dir='ltr'><strong>QUINTO</strong></span> <span class='ocrx_word' id='word_1_180' title='bbox 668 2343 808 2386; x_wconf 83' lang='lat' dir='ltr'><strong>TONO</strong></span> <span class='ocrx_word' id='word_1_181' title='bbox 837 2345 972 2385; x_wconf 74' lang='lat' dir='ltr'><strong>NOVA</strong></span> <span class='ocrx_word' id='word_1_182' title='bbox 1003 2344 1269 2386; x_wconf 69' lang='lat' dir='ltr'><strong>CUJUSDAI</strong></span> <span class='ocrx_word' id='word_1_183' title='bbox 1295 2343 1596 2384; x_wconf 76' lang='lat' dir='ltr'><strong>EXPOSITIO.</strong></span> 
     </span>
    </p>
   </div>
   <div class='ocr_carea' id='block_1_26' title="bbox 267 2421 1764 2496">
    <p class='ocr_par' dir='ltr' id='par_1_26' title="bbox 267 2421 1764 2496">
     <span class='ocr_line' id='line_1_26' title="bbox 267 2421 1764 2496; baseline 0.003 -22"><span class='ocrx_word' id='word_1_184' title='bbox 267 2421 313 2475; x_wconf 84' lang='grc' dir='ltr'><strong>Δ</strong></span> <span class='ocrx_word' id='word_1_185' title='bbox 345 2422 496 2476; x_wconf 88' lang='lat' dir='ltr'><strong>tertia</strong></span> <span class='ocrx_word' id='word_1_186' title='bbox 525 2421 706 2493; x_wconf 88' lang='lat' dir='ltr'><strong>specie</strong></span> <span class='ocrx_word' id='word_1_187' title='bbox 746 2422 1022 2491; x_wconf 82' lang='lat' dir='ltr'><strong>diapason,</strong></span> <span class='ocrx_word' id='word_1_188' title='bbox 1071 2437 1191 2492; x_wconf 72' lang='lat' dir='ltr'><strong>qum</strong></span> <span class='ocrx_word' id='word_1_189' title='bbox 1220 2421 1344 2496; x_wconf 86' lang='lat' dir='ltr'><strong>(est)</strong></span> <span class='ocrx_word' id='word_1_190' title='bbox 1375 2423 1439 2479; x_wconf 85' lang='lat' dir='ltr'><strong>Y.</strong></span> <span class='ocrx_word' id='word_1_191' title='bbox 1473 2423 1764 2480; x_wconf 86' lang='lat' dir='ltr'><strong>inchoatur</strong></span> 
     </span>
    </p>
   </div>
   <div class='ocr_carea' id='block_1_27' title="bbox 191 2513 1760 2586">
    <p class='ocr_par' dir='ltr' id='par_1_27' title="bbox 191 2513 1760 2586">
     <span class='ocr_line' id='line_1_27' title="bbox 191 2513 1760 2586; baseline 0.002 -19"><span class='ocrx_word' id='word_1_192' title='bbox 191 2513 415 2584; x_wconf 87' lang='lat' dir='ltr'><strong>quintus</strong></span> <span class='ocrx_word' id='word_1_193' title='bbox 447 2523 654 2585; x_wconf 89' lang='lat' dir='ltr'><strong>tropus,</strong></span> <span class='ocrx_word' id='word_1_194' title='bbox 697 2513 988 2584; x_wconf 85' lang='lat' dir='ltr'><strong>ﬁniturque</strong></span> <span class='ocrx_word' id='word_1_195' title='bbox 1019 2516 1072 2568; x_wconf 89' lang='lat' dir='ltr'><strong>in</strong></span> <span class='ocrx_word' id='word_1_196' title='bbox 1120 2513 1393 2586; x_wconf 88' lang='lat' dir='ltr'><strong>diapente,</strong></span> <span class='ocrx_word' id='word_1_197' title='bbox 1427 2517 1568 2586; x_wconf 85' lang='lat' dir='ltr'><strong>quod</strong></span> <span class='ocrx_word' id='word_1_198' title='bbox 1613 2525 1694 2570; x_wconf 85' lang='lat' dir='ltr'><strong>est</strong></span> <span class='ocrx_word' id='word_1_199' title='bbox 1723 2514 1760 2578; x_wconf 90' lang='grc'><strong>1.</strong></span> 
     </span>
    </p>
   </div>
   <div class='ocr_carea' id='block_1_28' title="bbox 180 2597 1762 2678">
    <p class='ocr_par' dir='ltr' id='par_1_28' title="bbox 180 2597 1762 2678">
     <span class='ocr_line' id='line_1_28' title="bbox 180 2597 1762 2678; baseline -0.001 -18"><span class='ocrx_word' id='word_1_200' title='bbox 180 2603 521 2660; x_wconf 88' lang='lat' dir='ltr'><strong>concluditur</strong></span> <span class='ocrx_word' id='word_1_201' title='bbox 535 2607 678 2660; x_wconf 90' lang='lat' dir='ltr'><strong>enim</strong></span> <span class='ocrx_word' id='word_1_202' title='bbox 695 2605 810 2677; x_wconf 87' lang='lat' dir='ltr'><strong>ejus</strong></span> <span class='ocrx_word' id='word_1_203' title='bbox 832 2597 1005 2678; x_wconf 79' lang='lat' dir='ltr'><strong>forma</strong></span> <span class='ocrx_word' id='word_1_204' title='bbox 1022 2605 1294 2676; x_wconf 84' lang='lat' dir='ltr'><strong>diapente,</strong></span> <span class='ocrx_word' id='word_1_205' title='bbox 1309 2605 1450 2676; x_wconf 88' lang='lat' dir='ltr'><strong>quod</strong></span> <span class='ocrx_word' id='word_1_206' title='bbox 1468 2605 1598 2660; x_wconf 89' lang='lat' dir='ltr'><strong>estl.</strong></span> <span class='ocrx_word' id='word_1_207' title='bbox 1616 2603 1762 2677; x_wconf 69' lang='grc'><strong>(645)</strong></span> 
     </span>
    </p>
   </div>
   <div class='ocr_carea' id='block_1_29' title="bbox 178 2695 1764 2768">
    <p class='ocr_par' dir='ltr' id='par_1_29' title="bbox 178 2695 1764 2768">
     <span class='ocr_line' id='line_1_29' title="bbox 178 2695 1764 2768; baseline 0 -18"><span class='ocrx_word' id='word_1_208' title='bbox 178 2697 248 2752; x_wconf 87' lang='lat' dir='ltr'><strong>ad</strong></span> <span class='ocrx_word' id='word_1_209' title='bbox 278 2697 386 2751; x_wconf 89' lang='lat' dir='ltr'><strong>DD.</strong></span> <span class='ocrx_word' id='word_1_210' title='bbox 425 2696 591 2766; x_wconf 81' lang='lat' dir='ltr'><strong>Hujus</strong></span> <span class='ocrx_word' id='word_1_211' title='bbox 638 2698 781 2753; x_wconf 88' lang='lat' dir='ltr'><strong>enim</strong></span> <span class='ocrx_word' id='word_1_212' title='bbox 827 2697 967 2768; x_wconf 88' lang='lat' dir='ltr'><strong>tropi</strong></span> <span class='ocrx_word' id='word_1_213' title='bbox 1016 2699 1132 2752; x_wconf 65' lang='lat' dir='ltr'><strong>hcce</strong></span> <span class='ocrx_word' id='word_1_214' title='bbox 1172 2708 1254 2752; x_wconf 91' lang='lat' dir='ltr'><strong>est</strong></span> <span class='ocrx_word' id='word_1_215' title='bbox 1290 2695 1461 2752; x_wconf 77' lang='lat' dir='ltr'><strong>forum</strong></span> <span class='ocrx_word' id='word_1_216' title='bbox 1506 2695 1764 2752; x_wconf 69' lang='grc' dir='ltr'><strong>ΝΟΕΟΕ-</strong></span> 
     </span>
    </p>
   </div>
   <div class='ocr_carea' id='block_1_30' title="bbox 188 2789 1762 2862">
    <p class='ocr_par' dir='ltr' id='par_1_30' title="bbox 188 2789 1762 2862">
     <span class='ocr_line' id='line_1_30' title="bbox 188 2789 1762 2862; baseline -0.001 -16"><span class='ocrx_word' id='word_1_217' title='bbox 188 2789 347 2846; x_wconf 77' lang='lat' dir='ltr'><strong>ANB.</strong></span> <span class='ocrx_word' id='word_1_218' title='bbox 379 2791 555 2848; x_wconf 80' lang='lat' dir='ltr'><strong>Habet</strong></span> <span class='ocrx_word' id='word_1_219' title='bbox 598 2793 743 2848; x_wconf 89' lang='lat' dir='ltr'><strong>enim</strong></span> <span class='ocrx_word' id='word_1_220' title='bbox 792 2791 883 2846; x_wconf 83' lang='lat' dir='ltr'><strong>hic</strong></span> <span class='ocrx_word' id='word_1_221' title='bbox 933 2801 1118 2862; x_wconf 88' lang='lat' dir='ltr'><strong>tropus</strong></span> <span class='ocrx_word' id='word_1_222' title='bbox 1155 2791 1288 2846; x_wconf 88' lang='lat' dir='ltr'><strong>duas</strong></span> <span class='ocrx_word' id='word_1_223' title='bbox 1326 2789 1652 2846; x_wconf 84' lang='lat' dir='ltr'><strong>dili‘erentias</strong></span> <span class='ocrx_word' id='word_1_224' title='bbox 1709 2790 1762 2844; x_wconf 89' lang='lat' dir='ltr'><strong>in</strong></span> 
     </span>
    </p>
   </div>
   <div class='ocr_carea' id='block_1_31' title="bbox 185 2880 1765 2954">
    <p class='ocr_par' dir='ltr' id='par_1_31' title="bbox 185 2880 1765 2954">
     <span class='ocr_line' id='line_1_31' title="bbox 185 2880 1765 2954; baseline -0.003 -15"><span class='ocrx_word' id='word_1_225' title='bbox 185 2885 492 2950; x_wconf 89' lang='lat' dir='ltr'><strong>nocturnis,</strong></span> <span class='ocrx_word' id='word_1_226' title='bbox 516 2899 680 2940; x_wconf 86' lang='lat' dir='ltr'><strong>unam</strong></span> <span class='ocrx_word' id='word_1_227' title='bbox 715 2885 768 2940; x_wconf 90' lang='lat' dir='ltr'><strong>in</strong></span> <span class='ocrx_word' id='word_1_228' title='bbox 817 2883 880 2940; x_wconf 92' lang='grc' dir='ltr'><strong>Ο.</strong></span> <span class='ocrx_word' id='word_1_229' title='bbox 919 2900 1038 2954; x_wconf 67' lang='lat' dir='ltr'><strong>qua:</strong></span> <span class='ocrx_word' id='word_1_230' title='bbox 1081 2883 1245 2938; x_wconf 88' lang='lat' dir='ltr'><strong>habet</strong></span> <span class='ocrx_word' id='word_1_231' title='bbox 1287 2883 1392 2938; x_wconf 92' lang='lat' dir='ltr'><strong>duo</strong></span> <span class='ocrx_word' id='word_1_232' title='bbox 1441 2883 1578 2948; x_wconf 90' lang='lat' dir='ltr'><strong>loca,</strong></span> <span class='ocrx_word' id='word_1_233' title='bbox 1621 2880 1765 2938; x_wconf 79' lang='lat' dir='ltr'><strong>scili-</strong></span> 
     </span>
    </p>
   </div>
   <div class='ocr_carea' id='block_1_32' title="bbox 184 2974 1761 3042">
    <p class='ocr_par' dir='ltr' id='par_1_32' title="bbox 184 2974 1761 3042">
     <span class='ocr_line' id='line_1_32' title="bbox 184 2974 1761 3042; baseline -0.004 -10"><span class='ocrx_word' id='word_1_234' title='bbox 184 2987 276 3032; x_wconf 88' lang='lat' dir='ltr'><strong>cet</strong></span> <span class='ocrx_word' id='word_1_235' title='bbox 320 2986 430 3032; x_wconf 89' lang='lat' dir='ltr'><strong>ant.</strong></span> <span class='ocrx_word' id='word_1_236' title='bbox 464 2976 690 3032; x_wconf 77' lang='lat' dir='ltr'><strong>Obsecro</strong></span> <span class='ocrx_word' id='word_1_237' title='bbox 737 2975 980 3042; x_wconf 81' lang='lat' dir='ltr'><strong>Domine,</strong></span> <span class='ocrx_word' id='word_1_238' title='bbox 1030 2975 1432 3030; x_wconf 90' lang='lat' dir='ltr'><strong>enarmonicum</strong></span> <span class='ocrx_word' id='word_1_239' title='bbox 1478 2974 1761 3028; x_wconf 89' lang='lat' dir='ltr'><strong>remissum</strong></span> 
     </span>
    </p>
   </div>
   <div class='ocr_carea' id='block_1_33' title="bbox 179 3065 1761 3136">
    <p class='ocr_par' dir='ltr' id='par_1_33' title="bbox 179 3065 1761 3136">
     <span class='ocr_line' id='line_1_33' title="bbox 179 3065 1761 3136; baseline -0.003 -12"><span class='ocrx_word' id='word_1_240' title='bbox 179 3071 238 3124; x_wconf 89' lang='lat' dir='ltr'><strong>in</strong></span> <span class='ocrx_word' id='word_1_241' title='bbox 261 3067 299 3123; x_wconf 93' lang='grc'><strong>1.</strong></span> <span class='ocrx_word' id='word_1_242' title='bbox 343 3066 453 3122; x_wconf 72' lang='lat' dir='ltr'><strong>Vox</strong></span> <span class='ocrx_word' id='word_1_243' title='bbox 476 3069 772 3124; x_wconf 80' lang='lat' dir='ltr'><strong>clamantis.</strong></span> <span class='ocrx_word' id='word_1_244' title='bbox 795 3067 1036 3122; x_wconf 84' lang='lat' dir='ltr'><strong>Alteram</strong></span> <span class='ocrx_word' id='word_1_245' title='bbox 1065 3065 1425 3121; x_wconf 77' lang='lat' dir='ltr'><strong>dilferentiam</strong></span> <span class='ocrx_word' id='word_1_246' title='bbox 1453 3065 1508 3120; x_wconf 89' lang='lat' dir='ltr'><strong>in</strong></span> <span class='ocrx_word' id='word_1_247' title='bbox 1541 3065 1603 3120; x_wconf 87' lang='lat' dir='ltr'><strong>Y.</strong></span> <span class='ocrx_word' id='word_1_248' title='bbox 1642 3077 1761 3136; x_wconf 68' lang='lat' dir='ltr'><strong>quae</strong></span> 
     </span>
    </p>
   </div>
   <div class='ocr_carea' id='block_1_34' title="bbox 1851 495 3436 571">
    <p class='ocr_par' dir='ltr' id='par_1_34' title="bbox 1851 495 3436 571">
     <span class='ocr_line' id='line_1_34' title="bbox 1851 495 3436 571; baseline 0.005 -17"><span class='ocrx_word' id='word_1_249' title='bbox 1851 495 2126 568; x_wconf 27' lang='lat' dir='ltr'><strong>.suhjugali</strong></span> <span class='ocrx_word' id='word_1_250' title='bbox 2157 515 2260 552; x_wconf 91' lang='lat' dir='ltr'><strong>non</strong></span> <span class='ocrx_word' id='word_1_251' title='bbox 2285 497 2576 570; x_wconf 87' lang='lat' dir='ltr'><strong>discrepet,</strong></span> <span class='ocrx_word' id='word_1_252' title='bbox 2599 508 2692 556; x_wconf 85' lang='lat' dir='ltr'><strong>aut</strong></span> <span class='ocrx_word' id='word_1_253' title='bbox 2719 501 2928 558; x_wconf 87' lang='lat' dir='ltr'><strong>ratione</strong></span> <span class='ocrx_word' id='word_1_254' title='bbox 2946 519 3310 571; x_wconf 87' lang='lat' dir='ltr'><strong>numerorum,</strong></span> <span class='ocrx_word' id='word_1_255' title='bbox 3341 517 3436 562; x_wconf 80' lang='lat' dir='ltr'><strong>aut</strong></span> 
     </span>
    </p>
   </div>
   <div class='ocr_carea' id='block_1_35' title="bbox 1857 589 3438 662">
    <p class='ocr_par' dir='ltr' id='par_1_35' title="bbox 1857 589 3438 662">
     <span class='ocr_line' id='line_1_35' title="bbox 1857 589 3438 662; baseline 0.006 -18"><span class='ocrx_word' id='word_1_256' title='bbox 1857 598 2054 644; x_wconf 83' lang='lat' dir='ltr'><strong>natura</strong></span> <span class='ocrx_word' id='word_1_257' title='bbox 2081 589 2540 660; x_wconf 84' lang='lat' dir='ltr'><strong>symphoniarum.</strong></span> <span class='ocrx_word' id='word_1_258' title='bbox 2571 591 2912 662; x_wconf 79' lang='lat' dir='ltr'><strong>Quapropter</strong></span> <span class='ocrx_word' id='word_1_259' title='bbox 2955 593 3256 662; x_wconf 86' lang='lat' dir='ltr'><strong>hujusmodi</strong></span> <span class='ocrx_word' id='word_1_260' title='bbox 3285 615 3438 654; x_wconf 85' lang='lat' dir='ltr'><strong>men-</strong></span> 
     </span>
    </p>
   </div>
   <div class='ocr_carea' id='block_1_36' title="bbox 1859 681 3434 756">
    <p class='ocr_par' dir='ltr' id='par_1_36' title="bbox 1859 681 3434 756">
     <span class='ocr_line' id='line_1_36' title="bbox 1859 681 3434 756; baseline 0.004 -22"><span class='ocrx_word' id='word_1_261' title='bbox 1859 694 2003 734; x_wconf 72' lang='lat' dir='ltr'><strong>sura:</strong></span> <span class='ocrx_word' id='word_1_262' title='bbox 2029 686 2082 732; x_wconf 90' lang='lat' dir='ltr'><strong>et</strong></span> <span class='ocrx_word' id='word_1_263' title='bbox 2108 682 2318 736; x_wconf 84' lang='lat' dir='ltr'><strong>muneri</strong></span> <span class='ocrx_word' id='word_1_264' title='bbox 2353 681 2524 752; x_wconf 78' lang='lat' dir='ltr'><strong>magis</strong></span> <span class='ocrx_word' id='word_1_265' title='bbox 2575 682 2719 752; x_wconf 83' lang='lat' dir='ltr'><strong>lydio</strong></span> <span class='ocrx_word' id='word_1_266' title='bbox 2769 683 3047 753; x_wconf 81' lang='lat' dir='ltr'><strong>principali</strong></span> <span class='ocrx_word' id='word_1_267' title='bbox 3103 697 3434 756; x_wconf 85' lang='lat' dir='ltr'><strong>competunt,</strong></span> 
     </span>
    </p>
   </div>
   <div class='ocr_carea' id='block_1_37' title="bbox 1857 770 3438 846">
    <p class='ocr_par' dir='ltr' id='par_1_37' title="bbox 1857 770 3438 846">
     <span class='ocr_line' id='line_1_37' title="bbox 1857 770 3438 846; baseline 0.011 -26"><span class='ocrx_word' id='word_1_268' title='bbox 1857 785 2022 840; x_wconf 81' lang='lat' dir='ltr'><strong>quam</strong></span> <span class='ocrx_word' id='word_1_269' title='bbox 2053 770 2316 840; x_wconf 74' lang='lat' dir='ltr'><strong>subjugali</strong></span> <span class='ocrx_word' id='word_1_270' title='bbox 2353 789 2366 826; x_wconf 91' lang='lat'><strong>:</strong></span> <span class='ocrx_word' id='word_1_271' title='bbox 2397 773 2652 841; x_wconf 85' lang='lat' dir='ltr'><strong>quoniam</strong></span> <span class='ocrx_word' id='word_1_272' title='bbox 2687 773 2774 828; x_wconf 88' lang='lat' dir='ltr'><strong>ille</strong></span> <span class='ocrx_word' id='word_1_273' title='bbox 2802 783 3008 834; x_wconf 80' lang='lat' dir='ltr'><strong>sextam</strong></span> <span class='ocrx_word' id='word_1_274' title='bbox 3039 786 3246 846; x_wconf 84' lang='lat' dir='ltr'><strong>partem</strong></span> <span class='ocrx_word' id='word_1_275' title='bbox 3265 779 3332 834; x_wconf 87' lang='lat' dir='ltr'><strong>de</strong></span> <span class='ocrx_word' id='word_1_276' title='bbox 3353 780 3438 836; x_wconf 83' lang='lat' dir='ltr'><strong>bis</strong></span> 
     </span>
    </p>
   </div>
   <div class='ocr_carea' id='block_1_38' title="bbox 1865 857 3441 940">
    <p class='ocr_par' dir='ltr' id='par_1_38' title="bbox 1865 857 3441 940">
     <span class='ocr_line' id='line_1_38' title="bbox 1865 857 3441 940; baseline 0.008 -27"><span class='ocrx_word' id='word_1_277' title='bbox 1865 857 1978 914; x_wconf 86' lang='lat' dir='ltr'><strong>XII.</strong></span> <span class='ocrx_word' id='word_1_278' title='bbox 2005 861 2144 932; x_wconf 89' lang='lat' dir='ltr'><strong>quod</strong></span> <span class='ocrx_word' id='word_1_279' title='bbox 2173 870 2256 916; x_wconf 87' lang='lat' dir='ltr'><strong>est</strong></span> <span class='ocrx_word' id='word_1_280' title='bbox 2282 861 2388 916; x_wconf 91' lang='grc'><strong>1111.</strong></span> <span class='ocrx_word' id='word_1_281' title='bbox 2413 873 2468 918; x_wconf 89' lang='lat' dir='ltr'><strong>et</strong></span> <span class='ocrx_word' id='word_1_282' title='bbox 2492 873 2763 934; x_wconf 85' lang='lat' dir='ltr'><strong>quartam,</strong></span> <span class='ocrx_word' id='word_1_283' title='bbox 2790 867 2930 934; x_wconf 88' lang='lat' dir='ltr'><strong>quod</strong></span> <span class='ocrx_word' id='word_1_284' title='bbox 2959 882 3019 922; x_wconf 90' lang='lat' dir='ltr'><strong>es</strong></span> <span class='ocrx_word' id='word_1_285' title='bbox 3069 867 3152 924; x_wconf 81' lang='lat' dir='ltr'><strong>Vl.</strong></span> <span class='ocrx_word' id='word_1_286' title='bbox 3185 868 3441 940; x_wconf 80' lang='lat' dir='ltr'><strong>frequen-</strong></span> 
     </span>
    </p>
   </div>
   <div class='ocr_carea' id='block_1_39' title="bbox 1863 949 3440 1030">
    <p class='ocr_par' dir='ltr' id='par_1_39' title="bbox 1863 949 3440 1030">
     <span class='ocr_line' id='line_1_39' title="bbox 1863 949 3440 1030; baseline 0.01 -28"><span class='ocrx_word' id='word_1_287' title='bbox 1863 949 1968 1004; x_wconf 85' lang='lat' dir='ltr'><strong>tius</strong></span> <span class='ocrx_word' id='word_1_288' title='bbox 2019 951 2289 1020; x_wconf 87' lang='lat' dir='ltr'><strong>percurrit</strong></span> <span class='ocrx_word' id='word_1_289' title='bbox 2322 970 2334 1004; x_wconf 90' lang='lat'>:</span> <span class='ocrx_word' id='word_1_290' title='bbox 2369 953 2468 1007; x_wconf 89' lang='lat' dir='ltr'><strong>iste</strong></span> <span class='ocrx_word' id='word_1_291' title='bbox 2505 969 2631 1008; x_wconf 73' lang='lat' dir='ltr'><strong>vero</strong></span> <span class='ocrx_word' id='word_1_292' title='bbox 2683 955 2734 1006; x_wconf 91' lang='lat' dir='ltr'><strong>in</strong></span> <span class='ocrx_word' id='word_1_293' title='bbox 2763 955 3082 1024; x_wconf 82' lang='lat' dir='ltr'><strong>quibusdam</strong></span> <span class='ocrx_word' id='word_1_294' title='bbox 3125 959 3440 1030; x_wconf 79' lang='lat' dir='ltr'><strong>antiphonis</strong></span> 
     </span>
    </p>
   </div>
   <div class='ocr_carea' id='block_1_40' title="bbox 1875 1039 3438 1123">
    <p class='ocr_par' dir='ltr' id='par_1_40' title="bbox 1875 1039 3438 1123">
     <span class='ocr_line' id='line_1_40' title="bbox 1875 1039 3438 1123; baseline 0.008 -27"><span class='ocrx_word' id='word_1_295' title='bbox 1875 1055 2026 1096; x_wconf 82' lang='lat' dir='ltr'><strong>more</strong></span> <span class='ocrx_word' id='word_1_296' title='bbox 2055 1039 2412 1114; x_wconf 76' lang='lat' dir='ltr'><strong>subjugalinm</strong></span> <span class='ocrx_word' id='word_1_297' title='bbox 2445 1043 2532 1098; x_wconf 78' lang='lat' dir='ltr'><strong>vix</strong></span> <span class='ocrx_word' id='word_1_298' title='bbox 2563 1045 2729 1100; x_wconf 84' lang='lat' dir='ltr'><strong>abhis</strong></span> <span class='ocrx_word' id='word_1_299' title='bbox 2751 1045 2860 1098; x_wconf 89' lang='lat' dir='ltr'><strong>XII.</strong></span> <span class='ocrx_word' id='word_1_300' title='bbox 2887 1048 3162 1118; x_wconf 84' lang='lat' dir='ltr'><strong>pertingit.</strong></span> <span class='ocrx_word' id='word_1_301' title='bbox 3195 1050 3438 1123; x_wconf 80' lang='lat' dir='ltr'><strong>Denique</strong></span> 
     </span>
    </p>
   </div>
   <div class='ocr_carea' id='block_1_41' title="bbox 1861 1131 3436 1211">
    <p class='ocr_par' dir='ltr' id='par_1_41' title="bbox 1861 1131 3436 1211">
     <span class='ocr_line' id='line_1_41' title="bbox 1861 1131 3436 1211; baseline 0.01 -28"><span class='ocrx_word' id='word_1_302' title='bbox 1861 1132 2002 1202; x_wconf 87' lang='lat' dir='ltr'><strong>quod</strong></span> <span class='ocrx_word' id='word_1_303' title='bbox 2035 1131 2116 1186; x_wconf 90' lang='lat' dir='ltr'><strong>bis</strong></span> <span class='ocrx_word' id='word_1_304' title='bbox 2137 1131 2249 1186; x_wconf 84' lang='lat' dir='ltr'><strong>XII.</strong></span> <span class='ocrx_word' id='word_1_305' title='bbox 2287 1133 2336 1186; x_wconf 93' lang='lat' dir='ltr'><strong>id</strong></span> <span class='ocrx_word' id='word_1_306' title='bbox 2376 1142 2456 1188; x_wconf 80' lang='lat' dir='ltr'><strong>est</strong></span> <span class='ocrx_word' id='word_1_307' title='bbox 2484 1132 2690 1188; x_wconf 86' lang='lat' dir='ltr'><strong>XXIIII.</strong></span> <span class='ocrx_word' id='word_1_308' title='bbox 2749 1147 2904 1190; x_wconf 60' lang='lat' dir='ltr'><strong>sexta</strong></span> <span class='ocrx_word' id='word_1_309' title='bbox 2962 1147 3114 1208; x_wconf 85' lang='lat' dir='ltr'><strong>parte</strong></span> <span class='ocrx_word' id='word_1_310' title='bbox 3139 1139 3222 1195; x_wconf 82' lang='lat' dir='ltr'><strong>vel</strong></span> <span class='ocrx_word' id='word_1_311' title='bbox 3243 1153 3436 1211; x_wconf 85' lang='lat' dir='ltr'><strong>quarta</strong></span> 
     </span>
    </p>
   </div>
   <div class='ocr_carea' id='block_1_42' title="bbox 1863 1221 3444 1298">
    <p class='ocr_par' dir='ltr' id='par_1_42' title="bbox 1863 1221 3444 1298">
     <span class='ocr_line' id='line_1_42' title="bbox 1863 1221 3444 1298; baseline 0.009 -22"><span class='ocrx_word' id='word_1_312' title='bbox 1863 1222 2042 1276; x_wconf 86' lang='lat' dir='ltr'><strong>metiri</strong></span> <span class='ocrx_word' id='word_1_313' title='bbox 2065 1223 2322 1298; x_wconf 70' lang='lat' dir='ltr'><strong>pra-cepit</strong></span> <span class='ocrx_word' id='word_1_314' title='bbox 2367 1241 2380 1276; x_wconf 91' lang='lat'><strong>:</strong></span> <span class='ocrx_word' id='word_1_315' title='bbox 2425 1221 2526 1280; x_wconf 86' lang='lat' dir='ltr'><strong>hoc</strong></span> <span class='ocrx_word' id='word_1_316' title='bbox 2577 1234 2676 1288; x_wconf 87' lang='lat' dir='ltr'><strong>est,</strong></span> <span class='ocrx_word' id='word_1_317' title='bbox 2723 1228 2866 1296; x_wconf 90' lang='lat' dir='ltr'><strong>quod</strong></span> <span class='ocrx_word' id='word_1_318' title='bbox 2917 1236 3036 1298; x_wconf 89' lang='lat' dir='ltr'><strong>post</strong></span> <span class='ocrx_word' id='word_1_319' title='bbox 3089 1231 3304 1286; x_wconf 89' lang='lat' dir='ltr'><strong>modum</strong></span> <span class='ocrx_word' id='word_1_320' title='bbox 3366 1235 3444 1290; x_wconf 89' lang='lat' dir='ltr'><strong>ait</strong></span> 
     </span>
    </p>
   </div>
   <div class='ocr_carea' id='block_1_43' title="bbox 1860 1313 3442 1393">
    <p class='ocr_par' dir='ltr' id='par_1_43' title="bbox 1860 1313 3442 1393">
     <span class='ocr_line' id='line_1_43' title="bbox 1860 1313 3442 1393; baseline 0.009 -27"><span class='ocrx_word' id='word_1_321' title='bbox 1860 1313 2102 1382; x_wconf 85' lang='lat' dir='ltr'><strong>ejusdem</strong></span> <span class='ocrx_word' id='word_1_322' title='bbox 2143 1315 2277 1384; x_wconf 87' lang='lat' dir='ltr'><strong>tropi</strong></span> <span class='ocrx_word' id='word_1_323' title='bbox 2321 1315 2750 1381; x_wconf 60' lang='lat' dir='ltr'><strong>consonzmtiam,</strong></span> <span class='ocrx_word' id='word_1_324' title='bbox 2799 1321 2940 1390; x_wconf 84' lang='lat' dir='ltr'><strong>quod</strong></span> <span class='ocrx_word' id='word_1_325' title='bbox 3033 1331 3116 1376; x_wconf 87' lang='lat' dir='ltr'><strong>est</strong></span> <span class='ocrx_word' id='word_1_326' title='bbox 3163 1323 3442 1393; x_wconf 87' lang='lat' dir='ltr'><strong>diapente,</strong></span> 
     </span>
    </p>
   </div>
   <div class='ocr_carea' id='block_1_44' title="bbox 1863 1403 3442 1482">
    <p class='ocr_par' dir='ltr' id='par_1_44' title="bbox 1863 1403 3442 1482">
     <span class='ocr_line' id='line_1_44' title="bbox 1863 1403 3442 1482; baseline 0.008 -24"><span class='ocrx_word' id='word_1_327' title='bbox 1863 1403 2084 1458; x_wconf 80' lang='lat' dir='ltr'><strong>denario</strong></span> <span class='ocrx_word' id='word_1_328' title='bbox 2165 1405 2464 1460; x_wconf 87' lang='lat' dir='ltr'><strong>mcnsurari</strong></span> <span class='ocrx_word' id='word_1_329' title='bbox 2517 1423 2530 1460; x_wconf 94' lang='lat'><strong>:</strong></span> <span class='ocrx_word' id='word_1_330' title='bbox 2582 1407 3017 1480; x_wconf 82' lang='lat' dir='ltr'><strong>quandoquidem</strong></span> <span class='ocrx_word' id='word_1_331' title='bbox 3081 1409 3148 1464; x_wconf 82' lang='lat' dir='ltr'><strong>VI</strong></span> <span class='ocrx_word' id='word_1_332' title='bbox 3231 1426 3290 1468; x_wconf 86' lang='lat' dir='ltr'><strong>et</strong></span> <span class='ocrx_word' id='word_1_333' title='bbox 3353 1414 3442 1482; x_wconf 84' lang='lat' dir='ltr'><strong>IIII</strong></span> 
     </span>
    </p>
   </div>
   <div class='ocr_carea' id='block_1_45' title="bbox 1863 1495 3444 1572">
    <p class='ocr_par' dir='ltr' id='par_1_45' title="bbox 1863 1495 3444 1572">
     <span class='ocr_line' id='line_1_45' title="bbox 1863 1495 3444 1572; baseline 0.009 -21"><span class='ocrx_word' id='word_1_334' title='bbox 1863 1495 2069 1551; x_wconf 86' lang='lat' dir='ltr'><strong>denarii</strong></span> <span class='ocrx_word' id='word_1_335' title='bbox 2115 1513 2378 1552; x_wconf 72' lang='lat' dir='ltr'><strong>Incusum:</strong></span> <span class='ocrx_word' id='word_1_336' title='bbox 2409 1501 2680 1569; x_wconf 85' lang='lat' dir='ltr'><strong>competit.</strong></span> <span class='ocrx_word' id='word_1_337' title='bbox 2708 1500 2860 1572; x_wconf 85' lang='lat' dir='ltr'><strong>Quod</strong></span> <span class='ocrx_word' id='word_1_338' title='bbox 2883 1517 3009 1560; x_wconf 82' lang='lat' dir='ltr'><strong>vero</strong></span> <span class='ocrx_word' id='word_1_339' title='bbox 3037 1507 3214 1562; x_wconf 80' lang='lat' dir='ltr'><strong>sexies</strong></span> <span class='ocrx_word' id='word_1_340' title='bbox 3262 1507 3348 1564; x_wconf 81' lang='lat' dir='ltr'><strong>VI.</strong></span> <span class='ocrx_word' id='word_1_341' title='bbox 3377 1511 3444 1566; x_wconf 89' lang='lat' dir='ltr'><strong>ad</strong></span> 
     </span>
    </p>
   </div>
   <div class='ocr_carea' id='block_1_46' title="bbox 1863 1589 3442 1666">
    <p class='ocr_par' dir='ltr' id='par_1_46' title="bbox 1863 1589 3442 1666">
     <span class='ocr_line' id='line_1_46' title="bbox 1863 1589 3442 1666; baseline 0.01 -22"><span class='ocrx_word' id='word_1_342' title='bbox 1863 1589 2036 1644; x_wconf 82' lang='lat' dir='ltr'><strong>sexies</strong></span> <span class='ocrx_word' id='word_1_343' title='bbox 2059 1589 2163 1644; x_wconf 92' lang='lat' dir='ltr'><strong>IIII.</strong></span> <span class='ocrx_word' id='word_1_344' title='bbox 2205 1589 2344 1660; x_wconf 89' lang='lat' dir='ltr'><strong>quod</strong></span> <span class='ocrx_word' id='word_1_345' title='bbox 2382 1599 2464 1644; x_wconf 86' lang='lat' dir='ltr'><strong>est</strong></span> <span class='ocrx_word' id='word_1_346' title='bbox 2511 1591 2622 1646; x_wconf 86' lang='lat' dir='ltr'><strong>LX.</strong></span> <span class='ocrx_word' id='word_1_347' title='bbox 2697 1598 3000 1666; x_wconf 88' lang='lat' dir='ltr'><strong>comparari</strong></span> <span class='ocrx_word' id='word_1_348' title='bbox 3062 1599 3247 1666; x_wconf 82' lang='lat' dir='ltr'><strong>voluit,</strong></span> <span class='ocrx_word' id='word_1_349' title='bbox 3301 1603 3442 1660; x_wconf 76' lang='lat' dir='ltr'><strong>idem</strong></span> 
     </span>
    </p>
   </div>
   <div class='ocr_carea' id='block_1_47' title="bbox 1861 1683 3444 1765">
    <p class='ocr_par' dir='ltr' id='par_1_47' title="bbox 1861 1683 3444 1765">
     <span class='ocr_line' id='line_1_47' title="bbox 1861 1683 3444 1765; baseline 0.008 -29"><span class='ocrx_word' id='word_1_350' title='bbox 1861 1683 2026 1748; x_wconf 84' lang='lat' dir='ltr'><strong>valet,</strong></span> <span class='ocrx_word' id='word_1_351' title='bbox 2073 1699 2136 1738; x_wconf 88' lang='lat' dir='ltr'><strong>ac</strong></span> <span class='ocrx_word' id='word_1_352' title='bbox 2164 1684 2206 1738; x_wconf 90' lang='lat' dir='ltr'><strong>si</strong></span> <span class='ocrx_word' id='word_1_353' title='bbox 2239 1685 2464 1750; x_wconf 83' lang='lat' dir='ltr'><strong>diceret,</strong></span> <span class='ocrx_word' id='word_1_354' title='bbox 2492 1685 2730 1740; x_wconf 74' lang='lat' dir='ltr'><strong>XXXVI.</strong></span> <span class='ocrx_word' id='word_1_355' title='bbox 2759 1688 2826 1742; x_wconf 85' lang='lat' dir='ltr'><strong>ad</strong></span> <span class='ocrx_word' id='word_1_356' title='bbox 2857 1689 3064 1746; x_wconf 87' lang='lat' dir='ltr'><strong>XXIIII.</strong></span> <span class='ocrx_word' id='word_1_357' title='bbox 3089 1707 3188 1762; x_wconf 84' lang='lat' dir='ltr'><strong>per</strong></span> <span class='ocrx_word' id='word_1_358' title='bbox 3221 1693 3444 1765; x_wconf 78' lang='lat' dir='ltr'><strong>diapen-</strong></span> 
     </span>
    </p>
   </div>
   <div class='ocr_carea' id='block_1_48' title="bbox 2845 1779 3450 1852">
    <p class='ocr_par' dir='ltr' id='par_1_48' title="bbox 2845 1779 3450 1852">
     <span class='ocr_line' id='line_1_48' title="bbox 2845 1779 3450 1852; baseline 0.007 -18"><span class='ocrx_word' id='word_1_359' title='bbox 2845 1779 3050 1836; x_wconf 87' lang='lat' dir='ltr'><strong>Dcinde</strong></span> <span class='ocrx_word' id='word_1_360' title='bbox 3101 1791 3183 1838; x_wconf 83' lang='lat' dir='ltr'><strong>ter</strong></span> <span class='ocrx_word' id='word_1_361' title='bbox 3231 1783 3356 1838; x_wconf 82' lang='lat' dir='ltr'><strong>VIII.</strong></span> <span class='ocrx_word' id='word_1_362' title='bbox 3391 1795 3450 1852; x_wconf 70' lang='lat' dir='ltr'><strong>et</strong></span> 
     </span>
    </p>
   </div>
   <div class='ocr_carea' id='block_1_49' title="bbox 1865 1861 3442 1942">
    <p class='ocr_par' dir='ltr' id='par_1_49' title="bbox 1865 1861 3442 1942">
     <span class='ocr_line' id='line_1_49' title="bbox 1865 1861 3442 1942; baseline 0.011 -28"><span class='ocrx_word' id='word_1_363' title='bbox 1865 1861 1948 1916; x_wconf 84' lang='lat' dir='ltr'><strong>bis</strong></span> <span class='ocrx_word' id='word_1_364' title='bbox 1972 1861 2081 1914; x_wconf 94' lang='lat' dir='ltr'><strong>XII.</strong></span> <span class='ocrx_word' id='word_1_365' title='bbox 2115 1863 2165 1916; x_wconf 90' lang='lat' dir='ltr'><strong>in</strong></span> <span class='ocrx_word' id='word_1_366' title='bbox 2208 1865 2556 1918; x_wconf 85' lang='lat' dir='ltr'><strong>consonantia</strong></span> <span class='ocrx_word' id='word_1_367' title='bbox 2591 1865 2725 1918; x_wconf 71' lang='lat' dir='ltr'><strong>dixit</strong></span> <span class='ocrx_word' id='word_1_368' title='bbox 2755 1867 3014 1938; x_wconf 85' lang='lat' dir='ltr'><strong>diapason</strong></span> <span class='ocrx_word' id='word_1_369' title='bbox 3045 1870 3158 1928; x_wconf 78' lang='lat' dir='ltr'><strong>fieri</strong></span> <span class='ocrx_word' id='word_1_370' title='bbox 3200 1887 3296 1942; x_wconf 85' lang='lat' dir='ltr'><strong>per</strong></span> <span class='ocrx_word' id='word_1_371' title='bbox 3355 1874 3442 1930; x_wconf 85' lang='lat' dir='ltr'><strong>VI.</strong></span> 
     </span>
    </p>
   </div>
   <div class='ocr_carea' id='block_1_50' title="bbox 1865 1951 3444 2036">
    <p class='ocr_par' dir='ltr' id='par_1_50' title="bbox 1865 1951 3444 2036">
     <span class='ocr_line' id='line_1_50' title="bbox 1865 1951 3444 2036; baseline 0.011 -30"><span class='ocrx_word' id='word_1_372' title='bbox 1865 1953 1932 2006; x_wconf 88' lang='lat' dir='ltr'><strong>ad</strong></span> <span class='ocrx_word' id='word_1_373' title='bbox 1967 1951 2075 2005; x_wconf 90' lang='lat' dir='ltr'><strong>XII.</strong></span> <span class='ocrx_word' id='word_1_374' title='bbox 2107 1953 2250 2022; x_wconf 90' lang='lat' dir='ltr'><strong>quod</strong></span> <span class='ocrx_word' id='word_1_375' title='bbox 2277 1955 2409 2008; x_wconf 90' lang='lat' dir='ltr'><strong>nihil</strong></span> <span class='ocrx_word' id='word_1_376' title='bbox 2447 1965 2530 2010; x_wconf 86' lang='lat' dir='ltr'><strong>est</strong></span> <span class='ocrx_word' id='word_1_377' title='bbox 2576 1957 2738 2028; x_wconf 86' lang='lat' dir='ltr'><strong>aliud,</strong></span> <span class='ocrx_word' id='word_1_378' title='bbox 2783 1960 2883 2014; x_wconf 86' lang='lat' dir='ltr'><strong>nisi</strong></span> <span class='ocrx_word' id='word_1_379' title='bbox 2913 1963 3036 2030; x_wconf 85' lang='lat' dir='ltr'><strong>quia</strong></span> <span class='ocrx_word' id='word_1_380' title='bbox 3068 1971 3150 2036; x_wconf 78' lang='lat' dir='ltr'><strong>ter</strong></span> <span class='ocrx_word' id='word_1_381' title='bbox 3182 1965 3312 2022; x_wconf 80' lang='lat' dir='ltr'><strong>VIII.</strong></span> <span class='ocrx_word' id='word_1_382' title='bbox 3387 1977 3444 2034; x_wconf 79' lang='lat' dir='ltr'><strong>et</strong></span> 
     </span>
    </p>
   </div>
   <div class='ocr_carea' id='block_1_51' title="bbox 1865 2039 3448 2133">
    <p class='ocr_par' dir='ltr' id='par_1_51' title="bbox 1865 2039 3448 2133">
     <span class='ocr_line' id='line_1_51' title="bbox 1865 2039 3448 2133; baseline 0.015 -33"><span class='ocrx_word' id='word_1_383' title='bbox 1865 2045 1949 2102; x_wconf 84' lang='lat' dir='ltr'><strong>bis</strong></span> <span class='ocrx_word' id='word_1_384' title='bbox 1988 2045 2100 2100; x_wconf 88' lang='lat' dir='ltr'><strong>XII.</strong></span> <span class='ocrx_word' id='word_1_385' title='bbox 2129 2049 2266 2102; x_wconf 84' lang='lat' dir='ltr'><strong>idem</strong></span> <span class='ocrx_word' id='word_1_386' title='bbox 2300 2049 2477 2104; x_wconf 88' lang='lat' dir='ltr'><strong>valent</strong></span> <span class='ocrx_word' id='word_1_387' title='bbox 2507 2051 2572 2104; x_wconf 89' lang='lat' dir='ltr'><strong>ad</strong></span> <span class='ocrx_word' id='word_1_388' title='bbox 2602 2052 2714 2108; x_wconf 84' lang='lat' dir='ltr'><strong>XII.</strong></span> <span class='ocrx_word' id='word_1_389' title='bbox 2743 2057 2884 2124; x_wconf 83' lang='lat' dir='ltr'><strong>quod</strong></span> <span class='ocrx_word' id='word_1_390' title='bbox 2905 2039 3160 2128; x_wconf 64' lang='lat' dir='ltr'><strong>praedicta</strong></span> <span class='ocrx_word' id='word_1_391' title='bbox 3189 2062 3448 2133; x_wconf 75' lang='lat' dir='ltr'><strong>diapason</strong></span> 
     </span>
    </p>
   </div>
   <div class='ocr_carea' id='block_1_52' title="bbox 1865 2139 3454 2218">
    <p class='ocr_par' dir='ltr' id='par_1_52' title="bbox 1865 2139 3454 2218">
     <span class='ocr_line' id='line_1_52' title="bbox 1865 2139 3454 2218; baseline 0.013 -25"><span class='ocrx_word' id='word_1_392' title='bbox 1865 2139 1918 2193; x_wconf 90' lang='lat' dir='ltr'><strong>in</strong></span> <span class='ocrx_word' id='word_1_393' title='bbox 1951 2141 2248 2196; x_wconf 83' lang='lat' dir='ltr'><strong>minoribus</strong></span> <span class='ocrx_word' id='word_1_394' title='bbox 2269 2145 2528 2210; x_wconf 84' lang='lat' dir='ltr'><strong>numeris,</strong></span> <span class='ocrx_word' id='word_1_395' title='bbox 2551 2146 2662 2214; x_wconf 80' lang='lat' dir='ltr'><strong>hoc</strong></span> <span class='ocrx_word' id='word_1_396' title='bbox 2683 2156 2766 2202; x_wconf 88' lang='lat' dir='ltr'><strong>est</strong></span> <span class='ocrx_word' id='word_1_397' title='bbox 2803 2149 2864 2204; x_wconf 86' lang='lat' dir='ltr'><strong>Vl</strong></span> <span class='ocrx_word' id='word_1_398' title='bbox 2879 2150 2946 2206; x_wconf 89' lang='lat' dir='ltr'><strong>ad</strong></span> <span class='ocrx_word' id='word_1_399' title='bbox 2975 2150 3086 2206; x_wconf 88' lang='lat' dir='ltr'><strong>XII.</strong></span> <span class='ocrx_word' id='word_1_400' title='bbox 3131 2152 3264 2218; x_wconf 74' lang='lat' dir='ltr'><strong>Nam</strong></span> <span class='ocrx_word' id='word_1_401' title='bbox 3293 2174 3320 2212; x_wconf 88' lang='lat' dir='ltr'><strong>a</strong></span> <span class='ocrx_word' id='word_1_402' title='bbox 3347 2173 3454 2216; x_wconf 80' lang='lat' dir='ltr'><strong>sua-</strong></span> 
     </span>
    </p>
   </div>
   <div class='ocr_carea' id='block_1_53' title="bbox 1865 2232 3450 2320">
    <p class='ocr_par' dir='ltr' id='par_1_53' title="bbox 1865 2232 3450 2320">
     <span class='ocr_line' id='line_1_53' title="bbox 1865 2232 3450 2320; baseline 0.015 -34"><span class='ocrx_word' id='word_1_403' title='bbox 1865 2232 2032 2297; x_wconf 82' lang='lat' dir='ltr'><strong>ﬁnali,</strong></span> <span class='ocrx_word' id='word_1_404' title='bbox 2071 2249 2190 2304; x_wconf 72' lang='lat' dir='ltr'><strong>qum</strong></span> <span class='ocrx_word' id='word_1_405' title='bbox 2216 2245 2298 2290; x_wconf 91' lang='lat' dir='ltr'><strong>cst</strong></span> <span class='ocrx_word' id='word_1_406' title='bbox 2323 2248 2581 2308; x_wconf 81' lang='lat' dir='ltr'><strong>parypate</strong></span> <span class='ocrx_word' id='word_1_407' title='bbox 2619 2255 2828 2306; x_wconf 82' lang='lat' dir='ltr'><strong>meson,</strong></span> <span class='ocrx_word' id='word_1_408' title='bbox 2891 2243 3144 2313; x_wconf 55' lang='lat' dir='ltr'><strong>diapente</strong></span> <span class='ocrx_word' id='word_1_409' title='bbox 3195 2252 3450 2320; x_wconf 75' lang='lat' dir='ltr'><strong>superius</strong></span> 
     </span>
    </p>
   </div>
   <div class='ocr_carea' id='block_1_54' title="bbox 1865 2327 3456 2416">
    <p class='ocr_par' dir='ltr' id='par_1_54' title="bbox 1865 2327 3456 2416">
     <span class='ocr_line' id='line_1_54' title="bbox 1865 2327 3456 2416; baseline 0.008 -36"><span class='ocrx_word' id='word_1_410' title='bbox 1865 2335 1918 2382; x_wconf 91' lang='lat' dir='ltr'><strong>et</strong></span> <span class='ocrx_word' id='word_1_411' title='bbox 1949 2327 2278 2382; x_wconf 87' lang='lat' dir='ltr'><strong>diatessaron</strong></span> <span class='ocrx_word' id='word_1_412' title='bbox 2309 2327 2534 2386; x_wconf 80' lang='lat' dir='ltr'><strong>inferius</strong></span> <span class='ocrx_word' id='word_1_413' title='bbox 2579 2333 2772 2392; x_wconf 86' lang='lat' dir='ltr'><strong>currit.</strong></span> <span class='ocrx_word' id='word_1_414' title='bbox 2821 2334 2904 2390; x_wconf 71' lang='lat' dir='ltr'><strong>Ex</strong></span> <span class='ocrx_word' id='word_1_415' title='bbox 2955 2338 3152 2408; x_wconf 84' lang='lat' dir='ltr'><strong>quibus</strong></span> <span class='ocrx_word' id='word_1_416' title='bbox 3205 2345 3456 2416; x_wconf 71' lang='lat' dir='ltr'><strong>Ult&#39;iSque.</strong></span> 
     </span>
    </p>
   </div>
   <div class='ocr_carea' id='block_1_55' title="bbox 1865 2419 3444 2494">
    <p class='ocr_par' dir='ltr' id='par_1_55' title="bbox 1865 2419 3444 2494">
     <span class='ocr_line' id='line_1_55' title="bbox 1865 2419 3444 2494; baseline 0.014 -22"><span class='ocrx_word' id='word_1_417' title='bbox 1865 2419 2232 2474; x_wconf 87' lang='lat' dir='ltr'><strong>consonantiis</strong></span> <span class='ocrx_word' id='word_1_418' title='bbox 2265 2435 2478 2490; x_wconf 83' lang='lat' dir='ltr'><strong>semper</strong></span> <span class='ocrx_word' id='word_1_419' title='bbox 2501 2421 2762 2494; x_wconf 79' lang='lat' dir='ltr'><strong>diapason</strong></span> <span class='ocrx_word' id='word_1_420' title='bbox 2789 2426 2998 2494; x_wconf 78' lang='lat' dir='ltr'><strong>existit,</strong></span> <span class='ocrx_word' id='word_1_421' title='bbox 3039 2430 3180 2486; x_wconf 86' lang='lat' dir='ltr'><strong>sicut</strong></span> <span class='ocrx_word' id='word_1_422' title='bbox 3199 2433 3444 2494; x_wconf 82' lang='lat' dir='ltr'><strong>animad-</strong></span> 
     </span>
    </p>
   </div>
   <div class='ocr_carea' id='block_1_56' title="bbox 1864 2513 3446 2592">
    <p class='ocr_par' dir='ltr' id='par_1_56' title="bbox 1864 2513 3446 2592">
     <span class='ocr_line' id='line_1_56' title="bbox 1864 2513 3446 2592; baseline 0.009 -26"><span class='ocrx_word' id='word_1_423' title='bbox 1864 2519 2075 2568; x_wconf 76' lang='lat' dir='ltr'><strong>vertere</strong></span> <span class='ocrx_word' id='word_1_424' title='bbox 2097 2519 2246 2582; x_wconf 90' lang='lat' dir='ltr'><strong>potes</strong></span> <span class='ocrx_word' id='word_1_425' title='bbox 2267 2513 2320 2567; x_wconf 91' lang='lat' dir='ltr'><strong>in</strong></span> <span class='ocrx_word' id='word_1_426' title='bbox 2341 2523 2454 2566; x_wconf 90' lang='lat' dir='ltr'><strong>ant.</strong></span> <span class='ocrx_word' id='word_1_427' title='bbox 2499 2530 2618 2582; x_wconf 81' lang='lat' dir='ltr'><strong>quae</strong></span> <span class='ocrx_word' id='word_1_428' title='bbox 2643 2523 2728 2570; x_wconf 87' lang='lat' dir='ltr'><strong>est</strong></span> <span class='ocrx_word' id='word_1_429' title='bbox 2759 2535 2772 2570; x_wconf 91' lang='lat'>:</span> <span class='ocrx_word' id='word_1_430' title='bbox 2805 2516 2998 2574; x_wconf 82' lang='lat' dir='ltr'><strong>Omnes</strong></span> <span class='ocrx_word' id='word_1_431' title='bbox 3025 2531 3223 2591; x_wconf 76' lang='lat' dir='ltr'><strong>gentes.</strong></span> <span class='ocrx_word' id='word_1_432' title='bbox 3263 2525 3446 2592; x_wconf 59' lang='lat' dir='ltr'><strong>Quam</strong></span> 
     </span>
    </p>
   </div>
   <div class='ocr_carea' id='block_1_57' title="bbox 1865 2597 3458 2680">
    <p class='ocr_par' dir='ltr' id='par_1_57' title="bbox 1865 2597 3458 2680">
     <span class='ocr_line' id='line_1_57' title="bbox 1865 2597 3458 2680; baseline 0.012 -22"><span class='ocrx_word' id='word_1_433' title='bbox 1865 2601 2150 2672; x_wconf 86' lang='lat' dir='ltr'><strong>doquidcm</strong></span> <span class='ocrx_word' id='word_1_434' title='bbox 2178 2611 2230 2656; x_wconf 89' lang='lat' dir='ltr'><strong>et</strong></span> <span class='ocrx_word' id='word_1_435' title='bbox 2260 2605 2326 2658; x_wconf 87' lang='lat' dir='ltr'><strong>ad</strong></span> <span class='ocrx_word' id='word_1_436' title='bbox 2357 2616 2615 2678; x_wconf 78' lang='lat' dir='ltr'><strong>parypate</strong></span> <span class='ocrx_word' id='word_1_437' title='bbox 2647 2597 2886 2678; x_wconf 78' lang='lat' dir='ltr'><strong>hypaton</strong></span> <span class='ocrx_word' id='word_1_438' title='bbox 2914 2609 3216 2680; x_wconf 87' lang='lat' dir='ltr'><strong>descendit,</strong></span> <span class='ocrx_word' id='word_1_439' title='bbox 3277 2625 3334 2672; x_wconf 83' lang='lat' dir='ltr'><strong>et</strong></span> <span class='ocrx_word' id='word_1_440' title='bbox 3377 2619 3458 2678; x_wconf 76' lang='lat' dir='ltr'><strong>ad.</strong></span> 
     </span>
    </p>
   </div>
   <div class='ocr_carea' id='block_1_58' title="bbox 1866 2695 3444 2774">
    <p class='ocr_par' dir='ltr' id='par_1_58' title="bbox 1866 2695 3444 2774">
     <span class='ocr_line' id='line_1_58' title="bbox 1866 2695 3444 2774; baseline 0.011 -25"><span class='ocrx_word' id='word_1_441' title='bbox 1866 2695 1992 2750; x_wconf 89' lang='lat' dir='ltr'><strong>trite</strong></span> <span class='ocrx_word' id='word_1_442' title='bbox 2015 2695 2456 2766; x_wconf 77' lang='lat' dir='ltr'><strong>diezeugmenon,</strong></span> <span class='ocrx_word' id='word_1_443' title='bbox 2483 2707 2541 2750; x_wconf 89' lang='lat' dir='ltr'><strong>ut</strong></span> <span class='ocrx_word' id='word_1_444' title='bbox 2568 2699 2770 2754; x_wconf 87' lang='lat' dir='ltr'><strong>dictum</strong></span> <span class='ocrx_word' id='word_1_445' title='bbox 2791 2709 2895 2768; x_wconf 89' lang='lat' dir='ltr'><strong>est,</strong></span> <span class='ocrx_word' id='word_1_446' title='bbox 2939 2702 3198 2774; x_wconf 75' lang='lat' dir='ltr'><strong>diapason</strong></span> <span class='ocrx_word' id='word_1_447' title='bbox 3237 2709 3444 2772; x_wconf 79' lang='lat' dir='ltr'><strong>existit.</strong></span> 
     </span>
    </p>
   </div>
   <div class='ocr_carea' id='block_1_59' title="bbox 1865 2783 3446 2860">
    <p class='ocr_par' dir='ltr' id='par_1_59' title="bbox 1865 2783 3446 2860">
     <span class='ocr_line' id='line_1_59' title="bbox 1865 2783 3446 2860; baseline 0.013 -21"><span class='ocrx_word' id='word_1_448' title='bbox 1865 2783 2068 2840; x_wconf 89' lang='lat' dir='ltr'><strong>Eodem</strong></span> <span class='ocrx_word' id='word_1_449' title='bbox 2123 2788 2280 2844; x_wconf 85' lang='lat' dir='ltr'><strong>modo</strong></span> <span class='ocrx_word' id='word_1_450' title='bbox 2331 2789 2574 2842; x_wconf 76' lang='lat' dir='ltr'><strong>aSCendit</strong></span> <span class='ocrx_word' id='word_1_451' title='bbox 2618 2799 2672 2844; x_wconf 89' lang='lat' dir='ltr'><strong>et</strong></span> <span class='ocrx_word' id='word_1_452' title='bbox 2717 2791 2998 2849; x_wconf 86' lang='lat' dir='ltr'><strong>descendit</strong></span> <span class='ocrx_word' id='word_1_453' title='bbox 3047 2795 3386 2858; x_wconf 81' lang='lat' dir='ltr'><strong>oﬂ&#39;ertorium</strong></span> <span class='ocrx_word' id='word_1_454' title='bbox 3427 2843 3446 2860; x_wconf 64' lang='grc' dir='ltr'>ς</span> 
     </span>
    </p>
   </div>
   <div class='ocr_carea' id='block_1_60' title="bbox 1865 2874 3446 2958">
    <p class='ocr_par' dir='ltr' id='par_1_60' title="bbox 1865 2874 3446 2958">
     <span class='ocr_line' id='line_1_60' title="bbox 1865 2874 3446 2958; baseline 0.011 -27"><span class='ocrx_word' id='word_1_455' title='bbox 1865 2874 2020 2932; x_wconf 85' lang='lat' dir='ltr'><strong>Stetit</strong></span> <span class='ocrx_word' id='word_1_456' title='bbox 2060 2877 2294 2948; x_wconf 77' lang='lat' dir='ltr'><strong>angelus.</strong></span> <span class='ocrx_word' id='word_1_457' title='bbox 2375 2877 2700 2936; x_wconf 85' lang='lat' dir='ltr'><strong>Nocturnale</strong></span> <span class='ocrx_word' id='word_1_458' title='bbox 2769 2897 2982 2954; x_wconf 87' lang='lat' dir='ltr'><strong>quoque</strong></span> <span class='ocrx_word' id='word_1_459' title='bbox 3042 2893 3446 2958; x_wconf 68' lang='lat' dir='ltr'><strong>responsorum;</strong></span> 
     </span>
    </p>
   </div>
   <div class='ocr_carea' id='block_1_61' title="bbox 1864 2969 3444 3040">
    <p class='ocr_par' dir='ltr' id='par_1_61' title="bbox 1864 2969 3444 3040">
     <span class='ocr_line' id='line_1_61' title="bbox 1864 2969 3444 3040; baseline 0.011 -20"><span class='ocrx_word' id='word_1_460' title='bbox 1864 2980 1988 3020; x_wconf 91' lang='lat' dir='ltr'><strong>cum</strong></span> <span class='ocrx_word' id='word_1_461' title='bbox 2019 2982 2115 3021; x_wconf 92' lang='lat' dir='ltr'><strong>suo</strong></span> <span class='ocrx_word' id='word_1_462' title='bbox 2143 2983 2321 3030; x_wconf 87' lang='lat' dir='ltr'><strong>versu,</strong></span> <span class='ocrx_word' id='word_1_463' title='bbox 2355 2969 2496 3040; x_wconf 86' lang='lat' dir='ltr'><strong>quod</strong></span> <span class='ocrx_word' id='word_1_464' title='bbox 2518 2979 2600 3024; x_wconf 88' lang='lat' dir='ltr'><strong>cst</strong></span> <span class='ocrx_word' id='word_1_465' title='bbox 2627 2971 2980 3040; x_wconf 76' lang='lat' dir='ltr'><strong>Aspiciebam,</strong></span> <span class='ocrx_word' id='word_1_466' title='bbox 3008 2985 3062 3028; x_wconf 90' lang='lat' dir='ltr'><strong>et</strong></span> <span class='ocrx_word' id='word_1_467' title='bbox 3088 2975 3219 3032; x_wconf 79' lang='lat' dir='ltr'><strong>Esto</strong></span> <span class='ocrx_word' id='word_1_468' title='bbox 3249 2981 3396 3038; x_wconf 81' lang='lat' dir='ltr'><strong>nobis</strong></span> <span class='ocrx_word' id='word_1_469' title='bbox 3429 2999 3444 3038; x_wconf 91' lang='lat'><strong>:</strong></span> 
     </span>
    </p>
   </div>
   <div class='ocr_carea' id='block_1_62' title="bbox 1866 3057 3450 3132">
    <p class='ocr_par' dir='ltr' id='par_1_62' title="bbox 1866 3057 3450 3132">
     <span class='ocr_line' id='line_1_62' title="bbox 1866 3057 3450 3132; baseline 0.014 -24"><span class='ocrx_word' id='word_1_470' title='bbox 1866 3057 1931 3109; x_wconf 89' lang='lat' dir='ltr'><strong>ad</strong></span> <span class='ocrx_word' id='word_1_471' title='bbox 1967 3067 2088 3112; x_wconf 90' lang='lat' dir='ltr'><strong>nete</strong></span> <span class='ocrx_word' id='word_1_472' title='bbox 2130 3057 2516 3128; x_wconf 48' lang='lat' dir='ltr'><strong>ltypcrholaton</strong></span> <span class='ocrx_word' id='word_1_473' title='bbox 2547 3061 2797 3116; x_wconf 83' lang='lat' dir='ltr'><strong>videntur</strong></span> <span class='ocrx_word' id='word_1_474' title='bbox 2845 3065 3160 3124; x_wconf 86' lang='lat' dir='ltr'><strong>ascendere.</strong></span> <span class='ocrx_word' id='word_1_475' title='bbox 3215 3068 3450 3132; x_wconf 74' lang='lat' dir='ltr'><strong>Alleluia</strong></span> 
     </span>
    </p>
   </div>
   <div class='ocr_carea' id='block_1_63' title="bbox 179 3130 3454 3238">
    <p class='ocr_par' dir='ltr' id='par_1_63' title="bbox 179 3130 3454 3238">
     <span class='ocr_line' id='line_1_63' title="bbox 179 3130 3454 3238; baseline 0.001 -20"><span class='ocrx_word' id='word_1_476' title='bbox 179 3162 350 3218; x_wconf 79' lang='lat' dir='ltr'><strong>habet</strong></span> <span class='ocrx_word' id='word_1_477' title='bbox 393 3178 558 3216; x_wconf 89' lang='lat' dir='ltr'><strong>unum</strong></span> <span class='ocrx_word' id='word_1_478' title='bbox 585 3161 784 3238; x_wconf 78' lang='lat' dir='ltr'><strong>locum,</strong></span> <span class='ocrx_word' id='word_1_479' title='bbox 831 3159 1034 3215; x_wconf 88' lang='lat' dir='ltr'><strong>scilicet</strong></span> <span class='ocrx_word' id='word_1_480' title='bbox 1063 3157 1234 3213; x_wconf 80' lang='lat' dir='ltr'><strong>Hodie</strong></span> <span class='ocrx_word' id='word_1_481' title='bbox 1272 3159 1442 3214; x_wconf 85' lang='lat' dir='ltr'><strong>nobis.</strong></span> <span class='ocrx_word' id='word_1_482' title='bbox 1465 3157 1520 3211; x_wconf 93' lang='lat' dir='ltr'><strong>In</strong></span> <span class='ocrx_word' id='word_1_483' title='bbox 1553 3130 1759 3213; x_wconf 72' lang='lat' dir='ltr'><strong>diurnis</strong></span> <span class='ocrx_word' id='word_1_484' title='bbox 1789 3130 1833 3194; x_wconf 67' lang='grc' dir='ltr'><strong>(ἶ</strong></span> <span class='ocrx_word' id='word_1_485' title='bbox 1865 3149 2045 3238; x_wconf 76' lang='lat' dir='ltr'><strong>Etiam</strong></span> <span class='ocrx_word' id='word_1_486' title='bbox 2073 3149 2265 3205; x_wconf 83' lang='lat' dir='ltr'><strong>Omnes</strong></span> <span class='ocrx_word' id='word_1_487' title='bbox 2295 3163 2490 3222; x_wconf 86' lang='lat' dir='ltr'><strong>gentes.</strong></span> <span class='ocrx_word' id='word_1_488' title='bbox 2514 3151 2752 3222; x_wconf 86' lang='lat' dir='ltr'><strong>ejusdem</strong></span> <span class='ocrx_word' id='word_1_489' title='bbox 2782 3157 2920 3226; x_wconf 83' lang='lat' dir='ltr'><strong>trepi</strong></span> <span class='ocrx_word' id='word_1_490' title='bbox 2947 3158 3200 3228; x_wconf 88' lang='lat' dir='ltr'><strong>melodia,</strong></span> <span class='ocrx_word' id='word_1_491' title='bbox 3221 3130 3344 3234; x_wconf 81' lang='lat' dir='ltr'><strong>quae</strong></span> <span class='ocrx_word' id='word_1_492' title='bbox 3365 3173 3454 3222; x_wconf 89' lang='lat' dir='ltr'><strong>est</strong></span> 
     </span>
    </p>
   </div>
   <div class='ocr_carea' id='block_1_64' title="bbox 179 3249 1756 3324">
    <p class='ocr_par' dir='ltr' id='par_1_64' title="bbox 179 3249 1756 3324">
     <span class='ocr_line' id='line_1_64' title="bbox 179 3249 1756 3324; baseline -0.001 -18"><span class='ocrx_word' id='word_1_493' title='bbox 179 3253 329 3307; x_wconf 86' lang='lat' dir='ltr'><strong>enim</strong></span> <span class='ocrx_word' id='word_1_494' title='bbox 368 3253 454 3308; x_wconf 89' lang='lat' dir='ltr'><strong>hic</strong></span> <span class='ocrx_word' id='word_1_495' title='bbox 491 3263 676 3323; x_wconf 87' lang='lat' dir='ltr'><strong>tropus</strong></span> <span class='ocrx_word' id='word_1_496' title='bbox 724 3263 956 3324; x_wconf 88' lang='lat' dir='ltr'><strong>quatuor</strong></span> <span class='ocrx_word' id='word_1_497' title='bbox 1001 3251 1160 3306; x_wconf 88' lang='lat' dir='ltr'><strong>habet</strong></span> <span class='ocrx_word' id='word_1_498' title='bbox 1183 3249 1512 3306; x_wconf 71' lang='lat' dir='ltr'><strong>differentias</strong></span> <span class='ocrx_word' id='word_1_499' title='bbox 1562 3259 1616 3305; x_wconf 89' lang='lat' dir='ltr'><strong>et</strong></span> <span class='ocrx_word' id='word_1_500' title='bbox 1657 3251 1756 3304; x_wconf 88' lang='lat' dir='ltr'><strong>tria</strong></span> 
     </span>
    </p>
   </div>
   <div class='ocr_carea' id='block_1_65' title="bbox 179 3345 1762 3417">
    <p class='ocr_par' dir='ltr' id='par_1_65' title="bbox 179 3345 1762 3417">
     <span class='ocr_line' id='line_1_65' title="bbox 179 3345 1762 3417; baseline -0.001 -15"><span class='ocrx_word' id='word_1_501' title='bbox 179 3348 327 3416; x_wconf 89' lang='lat' dir='ltr'><strong>loca,</strong></span> <span class='ocrx_word' id='word_1_502' title='bbox 361 3351 566 3405; x_wconf 92' lang='lat' dir='ltr'><strong>scilicet</strong></span> <span class='ocrx_word' id='word_1_503' title='bbox 597 3349 806 3404; x_wconf 74' lang='lat' dir='ltr'><strong>Exaudi</strong></span> <span class='ocrx_word' id='word_1_504' title='bbox 841 3347 1000 3404; x_wconf 85' lang='lat' dir='ltr'><strong>Deus.</strong></span> <span class='ocrx_word' id='word_1_505' title='bbox 1030 3347 1274 3402; x_wconf 83' lang='lat' dir='ltr'><strong>Alteram</strong></span> <span class='ocrx_word' id='word_1_506' title='bbox 1327 3349 1381 3402; x_wconf 88' lang='lat' dir='ltr'><strong>in</strong></span> <span class='ocrx_word' id='word_1_507' title='bbox 1407 3345 1476 3402; x_wconf 83' lang='lat' dir='ltr'><strong>M.</strong></span> <span class='ocrx_word' id='word_1_508' title='bbox 1505 3363 1626 3417; x_wconf 71' lang='lat' dir='ltr'><strong>qua:</strong></span> <span class='ocrx_word' id='word_1_509' title='bbox 1667 3348 1762 3400; x_wconf 90' lang='lat' dir='ltr'><strong>ha-</strong></span> 
     </span>
    </p>
   </div>
   <div class='ocr_carea' id='block_1_66' title="bbox 179 3437 1762 3500">
    <p class='ocr_par' dir='ltr' id='par_1_66' title="bbox 179 3437 1762 3500">
     <span class='ocr_line' id='line_1_66' title="bbox 179 3437 1762 3500; baseline -0.003 -4"><span class='ocrx_word' id='word_1_510' title='bbox 179 3441 277 3497; x_wconf 78' lang='lat' dir='ltr'><strong>bet</strong></span> <span class='ocrx_word' id='word_1_511' title='bbox 311 3459 472 3498; x_wconf 91' lang='lat' dir='ltr'><strong>unum</strong></span> <span class='ocrx_word' id='word_1_512' title='bbox 507 3443 682 3500; x_wconf 88' lang='lat' dir='ltr'><strong>locum</strong></span> <span class='ocrx_word' id='word_1_513' title='bbox 715 3444 768 3498; x_wconf 89' lang='lat' dir='ltr'><strong>in</strong></span> <span class='ocrx_word' id='word_1_514' title='bbox 800 3443 841 3499; x_wconf 93' lang='grc'><strong>1.</strong></span> <span class='ocrx_word' id='word_1_515' title='bbox 870 3441 1340 3498; x_wconf 86' lang='lat' dir='ltr'><strong>Circumdederunt</strong></span> <span class='ocrx_word' id='word_1_516' title='bbox 1389 3457 1489 3494; x_wconf 87' lang='lat' dir='ltr'><strong>me.</strong></span> <span class='ocrx_word' id='word_1_517' title='bbox 1522 3437 1762 3494; x_wconf 87' lang='lat' dir='ltr'><strong>Tertiam</strong></span> 
     </span>
    </p>
   </div>
   <div class='ocr_carea' id='block_1_67' title="bbox 183 3531 1762 3606">
    <p class='ocr_par' dir='ltr' id='par_1_67' title="bbox 183 3531 1762 3606">
     <span class='ocr_line' id='line_1_67' title="bbox 183 3531 1762 3606; baseline -0.003 -16"><span class='ocrx_word' id='word_1_518' title='bbox 183 3536 242 3590; x_wconf 88' lang='lat' dir='ltr'><strong>in</strong></span> <span class='ocrx_word' id='word_1_519' title='bbox 275 3531 336 3589; x_wconf 88' lang='lat' dir='ltr'><strong>Y.</strong></span> <span class='ocrx_word' id='word_1_520' title='bbox 365 3535 550 3590; x_wconf 80' lang='lat' dir='ltr'><strong>Justus</strong></span> <span class='ocrx_word' id='word_1_521' title='bbox 595 3535 870 3590; x_wconf 80' lang='lat' dir='ltr'><strong>Dominus.</strong></span> <span class='ocrx_word' id='word_1_522' title='bbox 905 3533 1073 3606; x_wconf 84' lang='lat' dir='ltr'><strong>Hujus</strong></span> <span class='ocrx_word' id='word_1_523' title='bbox 1101 3534 1240 3604; x_wconf 87' lang='lat' dir='ltr'><strong>tropi</strong></span> <span class='ocrx_word' id='word_1_524' title='bbox 1271 3534 1322 3587; x_wconf 92' lang='lat' dir='ltr'><strong>in</strong></span> <span class='ocrx_word' id='word_1_525' title='bbox 1362 3533 1640 3590; x_wconf 88' lang='lat' dir='ltr'><strong>nocturnis</strong></span> <span class='ocrx_word' id='word_1_526' title='bbox 1683 3531 1762 3586; x_wconf 86' lang='lat' dir='ltr'><strong>sic</strong></span> 
     </span>
    </p>
   </div>
   <div class='ocr_carea' id='block_1_68' title="bbox 183 3619 1764 3688">
    <p class='ocr_par' dir='ltr' id='par_1_68' title="bbox 183 3619 1764 3688">
     <span class='ocr_line' id='line_1_68' title="bbox 183 3619 1764 3688; baseline -0.003 -10"><span class='ocrx_word' id='word_1_527' title='bbox 183 3625 358 3678; x_wconf 84' lang='lat' dir='ltr'><strong>currit</strong></span> <span class='ocrx_word' id='word_1_528' title='bbox 387 3639 574 3680; x_wconf 89' lang='lat' dir='ltr'><strong>versus</strong></span> <span class='ocrx_word' id='word_1_529' title='bbox 600 3641 611 3677; x_wconf 92' lang='lat'><strong>:</strong></span> <span class='ocrx_word' id='word_1_530' title='bbox 645 3623 825 3678; x_wconf 87' lang='lat' dir='ltr'><strong>Gloria</strong></span> <span class='ocrx_word' id='word_1_531' title='bbox 865 3623 1052 3688; x_wconf 84' lang='lat' dir='ltr'><strong>Patri,</strong></span> <span class='ocrx_word' id='word_1_532' title='bbox 1080 3632 1186 3678; x_wconf 91' lang='lat' dir='ltr'><strong>etc.</strong></span> <span class='ocrx_word' id='word_1_533' title='bbox 1211 3621 1267 3676; x_wconf 91' lang='lat' dir='ltr'><strong>In</strong></span> <span class='ocrx_word' id='word_1_534' title='bbox 1299 3621 1506 3676; x_wconf 86' lang='lat' dir='ltr'><strong>diurnis</strong></span> <span class='ocrx_word' id='word_1_535' title='bbox 1532 3619 1610 3675; x_wconf 88' lang='lat' dir='ltr'><strong>sic</strong></span> <span class='ocrx_word' id='word_1_536' title='bbox 1635 3635 1764 3675; x_wconf 90' lang='lat' dir='ltr'><strong>cur-</strong></span> 
     </span>
    </p>
   </div>
   <div class='ocr_carea' id='block_1_69' title="bbox 185 3713 1048 3782">
    <p class='ocr_par' dir='ltr' id='par_1_69' title="bbox 185 3713 1048 3782">
     <span class='ocr_line' id='line_1_69' title="bbox 185 3713 1048 3782; baseline -0.001 -12"><span class='ocrx_word' id='word_1_537' title='bbox 185 3717 260 3770; x_wconf 88' lang='lat' dir='ltr'><strong>rit</strong></span> <span class='ocrx_word' id='word_1_538' title='bbox 285 3731 470 3772; x_wconf 78' lang='lat' dir='ltr'><strong>versus</strong></span> <span class='ocrx_word' id='word_1_539' title='bbox 500 3735 512 3769; x_wconf 93' lang='lat'><strong>:</strong></span> <span class='ocrx_word' id='word_1_540' title='bbox 535 3714 716 3772; x_wconf 80' lang='lat' dir='ltr'><strong>Gloria</strong></span> <span class='ocrx_word' id='word_1_541' title='bbox 745 3713 916 3782; x_wconf 87' lang='lat' dir='ltr'><strong>Patri,</strong></span> <span class='ocrx_word' id='word_1_542' title='bbox 942 3723 1048 3770; x_wconf 87' lang='lat' dir='ltr'><strong>etc.</strong></span> 
     </span>
    </p>
   </div>
   <div class='ocr_carea' id='block_1_70' title="bbox 581 3804 1374 3880">
    <p class='ocr_par' dir='ltr' id='par_1_70' title="bbox 581 3804 1374 3880">
     <span class='ocr_line' id='line_1_70' title="bbox 581 3804 1374 3880; baseline -0.006 -15"><span class='ocrx_word' id='word_1_543' title='bbox 581 3825 712 3865; x_wconf 76' lang='lat' dir='ltr'><strong>I&#39;I&#39;EI</strong></span> <span class='ocrx_word' id='word_1_544' title='bbox 739 3825 804 3864; x_wconf 75' lang='lat' dir='ltr'><strong>ne</strong></span> <span class='ocrx_word' id='word_1_545' title='bbox 824 3824 995 3864; x_wconf 76' lang='lat' dir='ltr'><strong>sexro</strong></span> <span class='ocrx_word' id='word_1_546' title='bbox 1035 3823 1174 3864; x_wconf 79' lang='grc' dir='ltr'><strong>τοΝο</strong></span> <span class='ocrx_word' id='word_1_547' title='bbox 1205 3804 1374 3880; x_wconf 71' lang='grc'><strong>(646.)</strong></span> 
     </span>
    </p>
   </div>
   <div class='ocr_carea' id='block_1_71' title="bbox 259 3895 1760 3972">
    <p class='ocr_par' dir='ltr' id='par_1_71' title="bbox 259 3895 1760 3972">
     <span class='ocr_line' id='line_1_71' title="bbox 259 3895 1760 3972; baseline -0.004 -16"><span class='ocrx_word' id='word_1_548' title='bbox 259 3899 442 3956; x_wconf 87' lang='lat' dir='ltr'><strong>Tonus</strong></span> <span class='ocrx_word' id='word_1_549' title='bbox 471 3909 658 3957; x_wconf 85' lang='lat' dir='ltr'><strong>sextus</strong></span> <span class='ocrx_word' id='word_1_550' title='bbox 685 3913 767 3957; x_wconf 86' lang='lat' dir='ltr'><strong>est</strong></span> <span class='ocrx_word' id='word_1_551' title='bbox 797 3903 1002 3972; x_wconf 90' lang='lat' dir='ltr'><strong>species</strong></span> <span class='ocrx_word' id='word_1_552' title='bbox 1051 3903 1227 3956; x_wconf 79' lang='lat' dir='ltr'><strong>sexies</strong></span> <span class='ocrx_word' id='word_1_553' title='bbox 1253 3899 1340 3965; x_wconf 85' lang='lat' dir='ltr'><strong>VI,</strong></span> <span class='ocrx_word' id='word_1_554' title='bbox 1365 3899 1433 3955; x_wconf 89' lang='lat' dir='ltr'><strong>ad</strong></span> <span class='ocrx_word' id='word_1_555' title='bbox 1453 3899 1629 3954; x_wconf 81' lang='lat' dir='ltr'><strong>sexies</strong></span> <span class='ocrx_word' id='word_1_556' title='bbox 1651 3895 1760 3963; x_wconf 88' lang='lat' dir='ltr'><strong>IIII,</strong></span> 
     </span>
    </p>
   </div>
   <div class='ocr_carea' id='block_1_72' title="bbox 179 3989 1766 4064">
    <p class='ocr_par' dir='ltr' id='par_1_72' title="bbox 179 3989 1766 4064">
     <span class='ocr_line' id='line_1_72' title="bbox 179 3989 1766 4064; baseline 0.001 -21"><span class='ocrx_word' id='word_1_557' title='bbox 179 3993 245 4044; x_wconf 70' lang='grc' dir='ltr'><strong>ιῖοε</strong></span> <span class='ocrx_word' id='word_1_558' title='bbox 285 3993 366 4046; x_wconf 90' lang='lat' dir='ltr'><strong>his</strong></span> <span class='ocrx_word' id='word_1_559' title='bbox 393 3991 502 4047; x_wconf 83' lang='lat' dir='ltr'><strong>XII.</strong></span> <span class='ocrx_word' id='word_1_560' title='bbox 537 4003 590 4048; x_wconf 90' lang='lat' dir='ltr'><strong>et</strong></span> <span class='ocrx_word' id='word_1_561' title='bbox 622 3993 766 4064; x_wconf 72' lang='grc'><strong>(647)</strong></span> <span class='ocrx_word' id='word_1_562' title='bbox 791 4001 982 4062; x_wconf 82' lang='lat' dir='ltr'><strong>quater</strong></span> <span class='ocrx_word' id='word_1_563' title='bbox 1011 3991 1162 4048; x_wconf 83' lang='lat' dir='ltr'><strong>VIIII.</strong></span> <span class='ocrx_word' id='word_1_564' title='bbox 1229 3993 1294 4046; x_wconf 86' lang='lat' dir='ltr'><strong>ad</strong></span> <span class='ocrx_word' id='word_1_565' title='bbox 1339 4001 1530 4061; x_wconf 87' lang='lat' dir='ltr'><strong>quater</strong></span> <span class='ocrx_word' id='word_1_566' title='bbox 1557 3989 1644 4045; x_wconf 79' lang='lat' dir='ltr'><strong>VI.</strong></span> <span class='ocrx_word' id='word_1_567' title='bbox 1699 3989 1766 4044; x_wconf 89' lang='lat' dir='ltr'><strong>de</strong></span> 
     </span>
    </p>
   </div>
   <div class='ocr_carea' id='block_1_73' title="bbox 183 4079 1765 4154">
    <p class='ocr_par' dir='ltr' id='par_1_73' title="bbox 183 4079 1765 4154">
     <span class='ocr_line' id='line_1_73' title="bbox 183 4079 1765 4154; baseline 0 -21"><span class='ocrx_word' id='word_1_568' title='bbox 183 4083 266 4134; x_wconf 66' lang='lat' dir='ltr'><strong>bis</strong></span> <span class='ocrx_word' id='word_1_569' title='bbox 329 4081 440 4136; x_wconf 90' lang='lat' dir='ltr'><strong>XII.</strong></span> <span class='ocrx_word' id='word_1_570' title='bbox 485 4083 610 4154; x_wconf 89' lang='lat' dir='ltr'><strong>quia</strong></span> <span class='ocrx_word' id='word_1_571' title='bbox 659 4083 1008 4151; x_wconf 87' lang='lat' dir='ltr'><strong>sesquialtera</strong></span> <span class='ocrx_word' id='word_1_572' title='bbox 1058 4081 1334 4151; x_wconf 85' lang='lat' dir='ltr'><strong>proportio</strong></span> <span class='ocrx_word' id='word_1_573' title='bbox 1391 4082 1442 4134; x_wconf 91' lang='lat' dir='ltr'><strong>in</strong></span> <span class='ocrx_word' id='word_1_574' title='bbox 1514 4079 1765 4148; x_wconf 82' lang='lat' dir='ltr'><strong>diapente</strong></span> 
     </span>
    </p>
   </div>
   <div class='ocr_carea' id='block_1_74' title="bbox 183 4167 1761 4236">
    <p class='ocr_par' dir='ltr' id='par_1_74' title="bbox 183 4167 1761 4236">
     <span class='ocr_line' id='line_1_74' title="bbox 183 4167 1761 4236; baseline 0 -15"><span class='ocrx_word' id='word_1_575' title='bbox 183 4173 354 4236; x_wconf 81' lang='lat' dir='ltr'><strong>cadit,</strong></span> <span class='ocrx_word' id='word_1_576' title='bbox 384 4181 437 4226; x_wconf 91' lang='lat' dir='ltr'><strong>et</strong></span> <span class='ocrx_word' id='word_1_577' title='bbox 471 4173 647 4227; x_wconf 79' lang='lat' dir='ltr'><strong>sexies</strong></span> <span class='ocrx_word' id='word_1_578' title='bbox 679 4171 786 4225; x_wconf 90' lang='lat' dir='ltr'><strong>IIII.</strong></span> <span class='ocrx_word' id='word_1_579' title='bbox 809 4173 874 4226; x_wconf 91' lang='lat' dir='ltr'><strong>de</strong></span> <span class='ocrx_word' id='word_1_580' title='bbox 915 4181 994 4226; x_wconf 90' lang='lat' dir='ltr'><strong>ter</strong></span> <span class='ocrx_word' id='word_1_581' title='bbox 1031 4173 1158 4226; x_wconf 84' lang='lat' dir='ltr'><strong>VIII.</strong></span> <span class='ocrx_word' id='word_1_582' title='bbox 1209 4172 1350 4226; x_wconf 83' lang='lat' dir='ltr'><strong>sicut</strong></span> <span class='ocrx_word' id='word_1_583' title='bbox 1413 4170 1590 4224; x_wconf 82' lang='lat' dir='ltr'><strong>sexies</strong></span> <span class='ocrx_word' id='word_1_584' title='bbox 1653 4167 1761 4223; x_wconf 92' lang='grc'><strong>1111.</strong></span> 
     </span>
    </p>
   </div>
   <div class='ocr_carea' id='block_1_75' title="bbox 188 4259 1764 4332">
    <p class='ocr_par' dir='ltr' id='par_1_75' title="bbox 188 4259 1764 4332">
     <span class='ocr_line' id='line_1_75' title="bbox 188 4259 1764 4332; baseline -0.001 -19"><span class='ocrx_word' id='word_1_585' title='bbox 188 4263 256 4314; x_wconf 80' lang='lat' dir='ltr'><strong>de</strong></span> <span class='ocrx_word' id='word_1_586' title='bbox 290 4261 370 4316; x_wconf 87' lang='lat' dir='ltr'><strong>bis</strong></span> <span class='ocrx_word' id='word_1_587' title='bbox 401 4261 510 4316; x_wconf 89' lang='lat' dir='ltr'><strong>XII.</strong></span> <span class='ocrx_word' id='word_1_588' title='bbox 541 4263 592 4315; x_wconf 92' lang='lat' dir='ltr'><strong>in</strong></span> <span class='ocrx_word' id='word_1_589' title='bbox 621 4265 965 4317; x_wconf 87' lang='lat' dir='ltr'><strong>consonantia</strong></span> <span class='ocrx_word' id='word_1_590' title='bbox 1001 4263 1280 4332; x_wconf 88' lang='lat' dir='ltr'><strong>diapason,</strong></span> <span class='ocrx_word' id='word_1_591' title='bbox 1315 4261 1367 4316; x_wconf 90' lang='lat' dir='ltr'><strong>id</strong></span> <span class='ocrx_word' id='word_1_592' title='bbox 1396 4270 1476 4315; x_wconf 90' lang='lat' dir='ltr'><strong>est</strong></span> <span class='ocrx_word' id='word_1_593' title='bbox 1494 4259 1662 4332; x_wconf 69' lang='grc'><strong>(648).</strong></span> <span class='ocrx_word' id='word_1_594' title='bbox 1699 4259 1764 4313; x_wconf 89' lang='lat' dir='ltr'><strong>ad</strong></span> 
     </span>
    </p>
   </div>
   <div class='ocr_carea' id='block_1_76' title="bbox 185 4353 1768 4427">
    <p class='ocr_par' dir='ltr' id='par_1_76' title="bbox 185 4353 1768 4427">
     <span class='ocr_line' id='line_1_76' title="bbox 185 4353 1768 4427; baseline -0.004 -17"><span class='ocrx_word' id='word_1_595' title='bbox 185 4353 878 4427; x_wconf 78' lang='lat' dir='ltr'><strong>Xll.pervenit.tntperbis</strong></span> <span class='ocrx_word' id='word_1_596' title='bbox 903 4355 1015 4411; x_wconf 86' lang='lat' dir='ltr'><strong>XII.</strong></span> <span class='ocrx_word' id='word_1_597' title='bbox 1074 4365 1128 4410; x_wconf 90' lang='lat' dir='ltr'><strong>et</strong></span> <span class='ocrx_word' id='word_1_598' title='bbox 1185 4365 1266 4409; x_wconf 89' lang='lat' dir='ltr'><strong>ter</strong></span> <span class='ocrx_word' id='word_1_599' title='bbox 1307 4353 1434 4407; x_wconf 85' lang='lat' dir='ltr'><strong>VIII.</strong></span> <span class='ocrx_word' id='word_1_600' title='bbox 1491 4353 1580 4423; x_wconf 90' lang='lat' dir='ltr'><strong>qui</strong></span> <span class='ocrx_word' id='word_1_601' title='bbox 1643 4359 1768 4404; x_wconf 88' lang='lat' dir='ltr'><strong>sunt</strong></span> 
     </span>
    </p>
   </div>
   <div class='ocr_carea' id='block_1_77' title="bbox 187 4443 1761 4518">
    <p class='ocr_par' dir='ltr' id='par_1_77' title="bbox 187 4443 1761 4518">
     <span class='ocr_line' id='line_1_77' title="bbox 187 4443 1761 4518; baseline -0.004 -15"><span class='ocrx_word' id='word_1_602' title='bbox 187 4447 422 4503; x_wconf 83' lang='lat' dir='ltr'><strong>XLVIII.</strong></span> <span class='ocrx_word' id='word_1_603' title='bbox 447 4449 584 4503; x_wconf 88' lang='lat' dir='ltr'><strong>sicut</strong></span> <span class='ocrx_word' id='word_1_604' title='bbox 605 4451 781 4504; x_wconf 83' lang='lat' dir='ltr'><strong>sexies</strong></span> <span class='ocrx_word' id='word_1_605' title='bbox 807 4447 891 4502; x_wconf 80' lang='lat' dir='ltr'><strong>VI.</strong></span> <span class='ocrx_word' id='word_1_606' title='bbox 926 4457 980 4503; x_wconf 86' lang='lat' dir='ltr'><strong>et</strong></span> <span class='ocrx_word' id='word_1_607' title='bbox 999 4458 1192 4518; x_wconf 73' lang='lat' dir='ltr'><strong>quater</strong></span> <span class='ocrx_word' id='word_1_608' title='bbox 1221 4446 1370 4501; x_wconf 69' lang='lat' dir='ltr'><strong>VIIII.</strong></span> <span class='ocrx_word' id='word_1_609' title='bbox 1398 4457 1525 4501; x_wconf 90' lang='lat' dir='ltr'><strong>sunt</strong></span> <span class='ocrx_word' id='word_1_610' title='bbox 1555 4443 1761 4500; x_wconf 85' lang='lat' dir='ltr'><strong>LXXII.</strong></span> 
     </span>
    </p>
   </div>
   <div class='ocr_carea' id='block_1_78' title="bbox 190 4541 1769 4611">
    <p class='ocr_par' dir='ltr' id='par_1_78' title="bbox 190 4541 1769 4611">
     <span class='ocr_line' id='line_1_78' title="bbox 190 4541 1769 4611; baseline -0.004 -14"><span class='ocrx_word' id='word_1_611' title='bbox 190 4542 363 4597; x_wconf 85' lang='lat' dir='ltr'><strong>Totus</strong></span> <span class='ocrx_word' id='word_1_612' title='bbox 388 4542 530 4596; x_wconf 90' lang='lat' dir='ltr'><strong>enim</strong></span> <span class='ocrx_word' id='word_1_613' title='bbox 561 4543 658 4595; x_wconf 88' lang='lat' dir='ltr'><strong>iste</strong></span> <span class='ocrx_word' id='word_1_614' title='bbox 715 4551 874 4595; x_wconf 89' lang='lat' dir='ltr'><strong>tonus</strong></span> <span class='ocrx_word' id='word_1_615' title='bbox 908 4551 999 4594; x_wconf 87' lang='lat' dir='ltr'><strong>aut</strong></span> <span class='ocrx_word' id='word_1_616' title='bbox 1039 4557 1134 4611; x_wconf 79' lang='lat' dir='ltr'><strong>per</strong></span> <span class='ocrx_word' id='word_1_617' title='bbox 1175 4541 1428 4609; x_wconf 87' lang='lat' dir='ltr'><strong>diapason</strong></span> <span class='ocrx_word' id='word_1_618' title='bbox 1465 4553 1769 4594; x_wconf 87' lang='lat' dir='ltr'><strong>consonan-</strong></span> 
     </span>
    </p>
   </div>
   <div class='ocr_carea' id='block_1_79' title="bbox 193 4631 1769 4704">
    <p class='ocr_par' dir='ltr' id='par_1_79' title="bbox 193 4631 1769 4704">
     <span class='ocr_line' id='line_1_79' title="bbox 193 4631 1769 4704; baseline -0.004 -14"><span class='ocrx_word' id='word_1_619' title='bbox 193 4635 422 4699; x_wconf 85' lang='lat' dir='ltr'><strong>tiam,id</strong></span> <span class='ocrx_word' id='word_1_620' title='bbox 443 4644 546 4700; x_wconf 91' lang='lat' dir='ltr'><strong>est,</strong></span> <span class='ocrx_word' id='word_1_621' title='bbox 580 4633 659 4690; x_wconf 82' lang='lat' dir='ltr'><strong>Vi.</strong></span> <span class='ocrx_word' id='word_1_622' title='bbox 691 4639 755 4688; x_wconf 89' lang='lat' dir='ltr'><strong>ad</strong></span> <span class='ocrx_word' id='word_1_623' title='bbox 781 4633 894 4690; x_wconf 86' lang='lat' dir='ltr'><strong>XII.</strong></span> <span class='ocrx_word' id='word_1_624' title='bbox 943 4643 1034 4688; x_wconf 88' lang='lat' dir='ltr'><strong>aut</strong></span> <span class='ocrx_word' id='word_1_625' title='bbox 1073 4648 1167 4704; x_wconf 89' lang='lat' dir='ltr'><strong>per</strong></span> <span class='ocrx_word' id='word_1_626' title='bbox 1222 4634 1492 4704; x_wconf 87' lang='lat' dir='ltr'><strong>diapente,</strong></span> <span class='ocrx_word' id='word_1_627' title='bbox 1545 4631 1769 4685; x_wconf 84' lang='lat' dir='ltr'><strong>denario</strong></span> 
     </span>
    </p>
   </div>
   <div class='ocr_carea' id='block_1_80' title="bbox 189 4719 1769 4795">
    <p class='ocr_par' dir='ltr' id='par_1_80' title="bbox 189 4719 1769 4795">
     <span class='ocr_line' id='line_1_80' title="bbox 189 4719 1769 4795; baseline -0.004 -13"><span class='ocrx_word' id='word_1_628' title='bbox 189 4726 424 4791; x_wconf 90' lang='lat' dir='ltr'><strong>scilicet,</strong></span> <span class='ocrx_word' id='word_1_629' title='bbox 479 4727 900 4790; x_wconf 87' lang='lat' dir='ltr'><strong>meusurabitur,</strong></span> <span class='ocrx_word' id='word_1_630' title='bbox 968 4736 1027 4780; x_wconf 91' lang='lat' dir='ltr'><strong>ut</strong></span> <span class='ocrx_word' id='word_1_631' title='bbox 1077 4725 1128 4780; x_wconf 92' lang='lat' dir='ltr'><strong>in</strong></span> <span class='ocrx_word' id='word_1_632' title='bbox 1194 4724 1504 4795; x_wconf 81' lang='lat' dir='ltr'><strong>gradalibus</strong></span> <span class='ocrx_word' id='word_1_633' title='bbox 1531 4731 1642 4776; x_wconf 87' lang='lat' dir='ltr'><strong>ant.</strong></span> <span class='ocrx_word' id='word_1_634' title='bbox 1697 4719 1769 4775; x_wconf 84' lang='lat' dir='ltr'><strong>Os</strong></span> 
     </span>
    </p>
   </div>
   <div class='ocr_carea' id='block_1_81' title="bbox 183 4815 1772 4890">
    <p class='ocr_par' dir='ltr' id='par_1_81' title="bbox 183 4815 1772 4890">
     <span class='ocr_line' id='line_1_81' title="bbox 183 4815 1772 4890; baseline -0.004 -19"><span class='ocrx_word' id='word_1_635' title='bbox 183 4818 340 4890; x_wconf 86' lang='lat' dir='ltr'><strong>justi.</strong></span> <span class='ocrx_word' id='word_1_636' title='bbox 371 4815 562 4871; x_wconf 87' lang='lat' dir='ltr'><strong>Omnes</strong></span> <span class='ocrx_word' id='word_1_637' title='bbox 589 4827 780 4887; x_wconf 84' lang='lat' dir='ltr'><strong>gentes.</strong></span> <span class='ocrx_word' id='word_1_638' title='bbox 819 4817 986 4882; x_wconf 83' lang='lat' dir='ltr'><strong>Quasi</strong></span> <span class='ocrx_word' id='word_1_639' title='bbox 1021 4818 1174 4870; x_wconf 89' lang='lat' dir='ltr'><strong>modo</strong></span> <span class='ocrx_word' id='word_1_640' title='bbox 1203 4817 1382 4888; x_wconf 87' lang='lat' dir='ltr'><strong>geniti.</strong></span> <span class='ocrx_word' id='word_1_641' title='bbox 1434 4815 1490 4869; x_wconf 92' lang='lat' dir='ltr'><strong>In</strong></span> <span class='ocrx_word' id='word_1_642' title='bbox 1552 4821 1772 4868; x_wconf 87' lang='lat' dir='ltr'><strong>noctur-</strong></span> 
     </span>
    </p>
   </div>
   <div class='ocr_carea' id='block_1_82' title="bbox 191 4903 1764 4978">
    <p class='ocr_par' dir='ltr' id='par_1_82' title="bbox 191 4903 1764 4978">
     <span class='ocr_line' id='line_1_82' title="bbox 191 4903 1764 4978; baseline -0.004 -13"><span class='ocrx_word' id='word_1_643' title='bbox 191 4908 408 4965; x_wconf 86' lang='lat' dir='ltr'><strong>nalibus</strong></span> <span class='ocrx_word' id='word_1_644' title='bbox 439 4922 652 4978; x_wconf 89' lang='lat' dir='ltr'><strong>quoque</strong></span> <span class='ocrx_word' id='word_1_645' title='bbox 701 4915 813 4960; x_wconf 86' lang='lat' dir='ltr'><strong>ant.</strong></span> <span class='ocrx_word' id='word_1_646' title='bbox 871 4905 916 4962; x_wconf 89' lang='grc' dir='ltr'><em>Ο</em></span> <span class='ocrx_word' id='word_1_647' title='bbox 957 4907 1286 4962; x_wconf 83' lang='lat' dir='ltr'><strong>admirabile.</strong></span> <span class='ocrx_word' id='word_1_648' title='bbox 1351 4904 1490 4960; x_wconf 83' lang='lat' dir='ltr'><strong>Vade</strong></span> <span class='ocrx_word' id='word_1_649' title='bbox 1542 4903 1764 4960; x_wconf 88' lang='lat' dir='ltr'><strong>Satana.</strong></span> 
     </span>
    </p>
   </div>
   <div class='ocr_carea' id='block_1_83' title="bbox 203 4995 1768 5068">
    <p class='ocr_par' dir='ltr' id='par_1_83' title="bbox 203 4995 1768 5068">
     <span class='ocr_line' id='line_1_83' title="bbox 203 4995 1768 5068; baseline -0.003 -17"><span class='ocrx_word' id='word_1_650' title='bbox 203 4996 366 5068; x_wconf 81' lang='lat' dir='ltr'><strong>Virgo</strong></span> <span class='ocrx_word' id='word_1_651' title='bbox 393 4999 544 5051; x_wconf 84' lang='lat' dir='ltr'><strong>hodie</strong></span> <span class='ocrx_word' id='word_1_652' title='bbox 567 4997 755 5064; x_wconf 80' lang='lat' dir='ltr'><strong>ﬁdelis.</strong></span> <span class='ocrx_word' id='word_1_653' title='bbox 786 4997 829 5052; x_wconf 91' lang='lat'><em>0</em></span> <span class='ocrx_word' id='word_1_654' title='bbox 855 5013 1011 5068; x_wconf 88' lang='lat' dir='ltr'><strong>quam</strong></span> <span class='ocrx_word' id='word_1_655' title='bbox 1034 4997 1320 5066; x_wconf 85' lang='lat' dir='ltr'><strong>gloriosum</strong></span> <span class='ocrx_word' id='word_1_656' title='bbox 1347 5007 1442 5050; x_wconf 87' lang='lat' dir='ltr'><strong>est.</strong></span> <span class='ocrx_word' id='word_1_657' title='bbox 1475 4995 1610 5063; x_wconf 85' lang='lat' dir='ltr'><strong>Quia</strong></span> <span class='ocrx_word' id='word_1_658' title='bbox 1642 5003 1768 5050; x_wconf 88' lang='lat' dir='ltr'><strong>sunt</strong></span> 
     </span>
    </p>
   </div>
   <div class='ocr_carea' id='block_1_84' title="bbox 191 5087 1771 5161">
    <p class='ocr_par' dir='ltr' id='par_1_84' title="bbox 191 5087 1771 5161">
     <span class='ocr_line' id='line_1_84' title="bbox 191 5087 1771 5161; baseline -0.006 -12"><span class='ocrx_word' id='word_1_659' title='bbox 191 5102 322 5149; x_wconf 90' lang='lat' dir='ltr'><strong>octo</strong></span> <span class='ocrx_word' id='word_1_660' title='bbox 349 5093 762 5161; x_wconf 86' lang='lat' dir='ltr'><strong>tropi,quorum</strong></span> <span class='ocrx_word' id='word_1_661' title='bbox 809 5101 1042 5160; x_wconf 88' lang='lat' dir='ltr'><strong>quatuor</strong></span> <span class='ocrx_word' id='word_1_662' title='bbox 1091 5089 1342 5143; x_wconf 90' lang='lat' dir='ltr'><strong>dicuntur</strong></span> <span class='ocrx_word' id='word_1_663' title='bbox 1397 5087 1652 5142; x_wconf 84' lang='lat' dir='ltr'><strong>autentici</strong></span> <span class='ocrx_word' id='word_1_664' title='bbox 1687 5087 1771 5142; x_wconf 84' lang='lat' dir='ltr'><strong>vel</strong></span> 
     </span>
    </p>
   </div>
   <div class='ocr_carea' id='block_1_85' title="bbox 191 5175 1770 5255">
    <p class='ocr_par' dir='ltr' id='par_1_85' title="bbox 191 5175 1770 5255">
     <span class='ocr_line' id='line_1_85' title="bbox 191 5175 1770 5255; baseline -0.003 -19"><span class='ocrx_word' id='word_1_665' title='bbox 191 5181 560 5255; x_wconf 81' lang='lat' dir='ltr'><strong>principales;</strong></span> <span class='ocrx_word' id='word_1_666' title='bbox 595 5181 785 5251; x_wconf 89' lang='lat' dir='ltr'><strong>reliqui</strong></span> <span class='ocrx_word' id='word_1_667' title='bbox 815 5179 974 5250; x_wconf 80' lang='lat' dir='ltr'><strong>plagii</strong></span> <span class='ocrx_word' id='word_1_668' title='bbox 999 5179 1082 5234; x_wconf 85' lang='lat' dir='ltr'><strong>vel</strong></span> <span class='ocrx_word' id='word_1_669' title='bbox 1121 5177 1445 5249; x_wconf 81' lang='lat' dir='ltr'><strong>subjugales.</strong></span> <span class='ocrx_word' id='word_1_670' title='bbox 1481 5175 1770 5231; x_wconf 86' lang='lat' dir='ltr'><strong>Sciendum</strong></span> 
     </span>
    </p>
   </div>
   <div class='ocr_carea' id='block_1_86' title="bbox 274 5371 1764 5446">
    <p class='ocr_par' dir='ltr' id='par_1_86' title="bbox 274 5371 1764 5446">
     <span class='ocr_line' id='line_1_86' title="bbox 274 5371 1764 5446; baseline -0.005 -15"><span class='ocrx_word' id='word_1_671' title='bbox 274 5374 437 5446; x_wconf 71' lang='grc'><strong>(645)</strong></span> <span class='ocrx_word' id='word_1_672' title='bbox 461 5373 522 5430; x_wconf 84' lang='lat' dir='ltr'><strong>C.</strong></span> <span class='ocrx_word' id='word_1_673' title='bbox 559 5373 676 5446; x_wconf 85' lang='lat' dir='ltr'><strong>Em.</strong></span> <span class='ocrx_word' id='word_1_674' title='bbox 715 5391 746 5446; x_wconf 84' lang='lat' dir='ltr'><em>y</em></span> <span class='ocrx_word' id='word_1_675' title='bbox 777 5373 843 5427; x_wconf 88' lang='lat' dir='ltr'><strong>ad</strong></span> <span class='ocrx_word' id='word_1_676' title='bbox 864 5374 902 5437; x_wconf 90' lang='lat' dir='ltr'><strong>i,</strong></span> <span class='ocrx_word' id='word_1_677' title='bbox 943 5371 1120 5446; x_wconf 80' lang='lat' dir='ltr'><strong>addito</strong></span> <span class='ocrx_word' id='word_1_678' title='bbox 1154 5371 1475 5446; x_wconf 84' lang='lat' dir='ltr'><strong>enarmonio,</strong></span> <span class='ocrx_word' id='word_1_679' title='bbox 1507 5371 1655 5446; x_wconf 65' lang='lat' dir='ltr'><strong>quod</strong></span> <span class='ocrx_word' id='word_1_680' title='bbox 1691 5380 1764 5426; x_wconf 87' lang='lat' dir='ltr'><strong>est</strong></span> 
     </span>
    </p>
   </div>
   <div class='ocr_carea' id='block_1_87' title="bbox 197 5441 1764 5518">
    <p class='ocr_par' dir='ltr' id='par_1_87' title="bbox 197 5441 1764 5518">
     <span class='ocr_line' id='line_1_87' title="bbox 197 5441 1764 5518; baseline -0.002 -20"><span class='ocrx_word' id='word_1_681' title='bbox 197 5465 236 5518; x_wconf 69' lang='grc' dir='ltr'><strong><em>ῃ</em></strong></span> <span class='ocrx_word' id='word_1_682' title='bbox 266 5441 332 5518; x_wconf 78' lang='lat' dir='ltr'><strong>ad</strong></span> <span class='ocrx_word' id='word_1_683' title='bbox 359 5441 474 5500; x_wconf 81' lang='lat' dir='ltr'><strong>DD.</strong></span> <span class='ocrx_word' id='word_1_684' title='bbox 492 5441 863 5518; x_wconf 56' lang='lat' dir='ltr'><strong>meliusfnam</strong></span> <span class='ocrx_word' id='word_1_685' title='bbox 892 5446 960 5518; x_wconf 81' lang='lat' dir='ltr'><strong>ah</strong></span> <span class='ocrx_word' id='word_1_686' title='bbox 983 5443 998 5496; x_wconf 89' lang='lat' dir='ltr'><strong>i</strong></span> <span class='ocrx_word' id='word_1_687' title='bbox 1021 5443 1086 5496; x_wconf 87' lang='lat' dir='ltr'><strong>ad</strong></span> <span class='ocrx_word' id='word_1_688' title='bbox 1107 5457 1138 5518; x_wconf 85' lang='lat' dir='ltr'><strong>y_</strong></span> <span class='ocrx_word' id='word_1_689' title='bbox 1157 5442 1470 5518; x_wconf 70' lang='lat' dir='ltr'><strong>continetur</strong></span> <span class='ocrx_word' id='word_1_690' title='bbox 1491 5441 1764 5518; x_wconf 75' lang='lat' dir='ltr'><strong>diapente,</strong></span> 
     </span>
    </p>
   </div>
   <div class='ocr_carea' id='block_1_88' title="bbox 199 5511 1765 5587">
    <p class='ocr_par' dir='ltr' id='par_1_88' title="bbox 199 5511 1765 5587">
     <span class='ocr_line' id='line_1_88' title="bbox 199 5511 1765 5587; baseline -0.003 -16"><span class='ocrx_word' id='word_1_691' title='bbox 199 5511 260 5571; x_wconf 64' lang='lat' dir='ltr'><strong>Et</strong></span> <span class='ocrx_word' id='word_1_692' title='bbox 285 5517 352 5570; x_wconf 89' lang='lat' dir='ltr'><strong>ab</strong></span> <span class='ocrx_word' id='word_1_693' title='bbox 379 5532 413 5587; x_wconf 83' lang='lat' dir='ltr'><strong>y</strong></span> <span class='ocrx_word' id='word_1_694' title='bbox 441 5516 508 5570; x_wconf 88' lang='lat' dir='ltr'><strong>ad</strong></span> <span class='ocrx_word' id='word_1_695' title='bbox 533 5515 642 5570; x_wconf 89' lang='lat' dir='ltr'><strong>DD.</strong></span> <span class='ocrx_word' id='word_1_696' title='bbox 665 5515 1088 5587; x_wconf 69' lang='lat' dir='ltr'><strong>enarlnonicnm,</strong></span> <span class='ocrx_word' id='word_1_697' title='bbox 1109 5511 1174 5587; x_wconf 83' lang='lat' dir='ltr'><strong>id</strong></span> <span class='ocrx_word' id='word_1_698' title='bbox 1197 5521 1298 5574; x_wconf 87' lang='lat' dir='ltr'><strong>est,</strong></span> <span class='ocrx_word' id='word_1_699' title='bbox 1332 5512 1436 5564; x_wconf 90' lang='lat' dir='ltr'><strong>duo</strong></span> <span class='ocrx_word' id='word_1_700' title='bbox 1463 5512 1594 5565; x_wconf 90' lang='lat' dir='ltr'><strong>toui.</strong></span> <span class='ocrx_word' id='word_1_701' title='bbox 1630 5511 1765 5566; x_wconf 83' lang='lat' dir='ltr'><strong>Hinc</strong></span> 
     </span>
    </p>
   </div>
   <div class='ocr_carea' id='block_1_89' title="bbox 201 5583 1768 5656">
    <p class='ocr_par' dir='ltr' id='par_1_89' title="bbox 201 5583 1768 5656">
     <span class='ocr_line' id='line_1_89' title="bbox 201 5583 1768 5656; baseline -0.006 -13"><span class='ocrx_word' id='word_1_702' title='bbox 201 5589 323 5643; x_wconf 76' lang='lat' dir='ltr'><strong>iure</strong></span> <span class='ocrx_word' id='word_1_703' title='bbox 349 5583 534 5650; x_wconf 82' lang='lat' dir='ltr'><strong>verba,</strong></span> <span class='ocrx_word' id='word_1_704' title='bbox 562 5602 679 5656; x_wconf 69' lang='lat' dir='ltr'><strong>quae</strong></span> <span class='ocrx_word' id='word_1_705' title='bbox 716 5585 941 5640; x_wconf 84' lang='lat' dir='ltr'><strong>additC.</strong></span> <span class='ocrx_word' id='word_1_706' title='bbox 973 5583 1090 5638; x_wconf 88' lang='lat' dir='ltr'><strong>Em.</strong></span> <span class='ocrx_word' id='word_1_707' title='bbox 1139 5583 1190 5636; x_wconf 92' lang='lat' dir='ltr'><strong>in</strong></span> <span class='ocrx_word' id='word_1_708' title='bbox 1218 5589 1468 5636; x_wconf 82' lang='lat' dir='ltr'><strong>contextu</strong></span> <span class='ocrx_word' id='word_1_709' title='bbox 1499 5597 1596 5652; x_wconf 87' lang='lat' dir='ltr'><strong>per</strong></span> <span class='ocrx_word' id='word_1_710' title='bbox 1623 5596 1768 5635; x_wconf 86' lang='lat' dir='ltr'><strong>erro-</strong></span> 
     </span>
    </p>
   </div>
   <div class='ocr_carea' id='block_1_90' title="bbox 205 5657 717 5714">
    <p class='ocr_par' dir='ltr' id='par_1_90' title="bbox 205 5657 717 5714">
     <span class='ocr_line' id='line_1_90' title="bbox 205 5657 717 5714; baseline -0.012 0"><span class='ocrx_word' id='word_1_711' title='bbox 205 5673 320 5714; x_wconf 84' lang='lat' dir='ltr'><strong>rem</strong></span> <span class='ocrx_word' id='word_1_712' title='bbox 347 5666 474 5712; x_wconf 78' lang='lat' dir='ltr'><strong>sunt</strong></span> <span class='ocrx_word' id='word_1_713' title='bbox 495 5657 717 5712; x_wconf 86' lang='lat' dir='ltr'><strong>omissa.</strong></span> 
     </span>
    </p>
   </div>
   <div class='ocr_carea' id='block_1_91' title="bbox 280 5719 1764 5800">
    <p class='ocr_par' dir='ltr' id='par_1_91' title="bbox 280 5719 1764 5800">
     <span class='ocr_line' id='line_1_91' title="bbox 280 5719 1764 5800; baseline -0.001 -18"><span class='ocrx_word' id='word_1_714' title='bbox 280 5726 427 5800; x_wconf 64' lang='grc'><strong>(616)</strong></span> <span class='ocrx_word' id='word_1_715' title='bbox 496 5723 559 5780; x_wconf 73' lang='lat' dir='ltr'><strong>Co</strong></span> <span class='ocrx_word' id='word_1_716' title='bbox 585 5719 705 5774; x_wconf 72' lang='lat' dir='ltr'><strong>Em-</strong></span> <span class='ocrx_word' id='word_1_717' title='bbox 736 5725 994 5798; x_wconf 85' lang='lat' dir='ltr'><strong>Sequitur</strong></span> <span class='ocrx_word' id='word_1_718' title='bbox 1027 5726 1166 5778; x_wconf 78' lang='lat' dir='ltr'><strong>idem</strong></span> <span class='ocrx_word' id='word_1_719' title='bbox 1201 5721 1482 5794; x_wconf 78' lang='lat' dir='ltr'><strong>expositor</strong></span> <span class='ocrx_word' id='word_1_720' title='bbox 1511 5720 1578 5777; x_wconf 82' lang='lat' dir='ltr'><strong>de</strong></span> <span class='ocrx_word' id='word_1_721' title='bbox 1611 5731 1764 5780; x_wconf 72' lang='lat' dir='ltr'><strong>sexto</strong></span> 
     </span>
    </p>
   </div>
   <div class='ocr_carea' id='block_1_92' title="bbox 1859 3237 3447 3324">
    <p class='ocr_par' dir='ltr' id='par_1_92' title="bbox 1859 3237 3447 3324">
     <span class='ocr_line' id='line_1_92' title="bbox 1859 3237 3447 3324; baseline 0.013 -30"><span class='ocrx_word' id='word_1_722' title='bbox 1859 3237 2155 3294; x_wconf 79' lang='lat' dir='ltr'><strong>AANNES.</strong></span> <span class='ocrx_word' id='word_1_723' title='bbox 2191 3241 2484 3296; x_wconf 85' lang='lat' dir='ltr'><strong>intonando</strong></span> <span class='ocrx_word' id='word_1_724' title='bbox 2515 3244 2729 3299; x_wconf 86' lang='lat' dir='ltr'><strong>retinet.</strong></span> <span class='ocrx_word' id='word_1_725' title='bbox 2763 3245 3042 3318; x_wconf 87' lang='lat' dir='ltr'><strong>Siquidem</strong></span> <span class='ocrx_word' id='word_1_726' title='bbox 3071 3253 3186 3324; x_wconf 90' lang='lat' dir='ltr'><strong>ipsa</strong></span> <span class='ocrx_word' id='word_1_727' title='bbox 3215 3255 3447 3314; x_wconf 86' lang='lat' dir='ltr'><strong>melodia</strong></span> 
     </span>
    </p>
   </div>
   <div class='ocr_carea' id='block_1_93' title="bbox 1862 3329 3436 3416">
    <p class='ocr_par' dir='ltr' id='par_1_93' title="bbox 1862 3329 3436 3416">
     <span class='ocr_line' id='line_1_93' title="bbox 1862 3329 3436 3416; baseline 0.013 -34"><span class='ocrx_word' id='word_1_728' title='bbox 1862 3329 2202 3384; x_wconf 86' lang='lat' dir='ltr'><strong>ascendendo</strong></span> <span class='ocrx_word' id='word_1_729' title='bbox 2245 3348 2424 3386; x_wconf 89' lang='lat' dir='ltr'><strong>mcscn</strong></span> <span class='ocrx_word' id='word_1_730' title='bbox 2451 3335 2645 3404; x_wconf 81' lang='lat' dir='ltr'><strong>tangit,</strong></span> <span class='ocrx_word' id='word_1_731' title='bbox 2669 3351 2730 3391; x_wconf 93' lang='lat' dir='ltr'><strong>ac</strong></span> <span class='ocrx_word' id='word_1_732' title='bbox 2749 3347 2936 3404; x_wconf 86' lang='lat' dir='ltr'><strong>postea</strong></span> <span class='ocrx_word' id='word_1_733' title='bbox 2963 3344 3178 3398; x_wconf 85' lang='lat' dir='ltr'><strong>tertiam</strong></span> <span class='ocrx_word' id='word_1_734' title='bbox 3199 3347 3436 3416; x_wconf 86' lang='lat' dir='ltr'><strong>speciem</strong></span> 
     </span>
    </p>
   </div>
   <div class='ocr_carea' id='block_1_94' title="bbox 1861 3419 2882 3481">
    <p class='ocr_par' dir='ltr' id='par_1_94' title="bbox 1861 3419 2882 3481">
     <span class='ocr_line' id='line_1_94' title="bbox 1861 3419 2882 3481; baseline 0.007 -7"><span class='ocrx_word' id='word_1_735' title='bbox 1861 3419 2198 3474; x_wconf 87' lang='lat' dir='ltr'><strong>diatessaron</strong></span> <span class='ocrx_word' id='word_1_736' title='bbox 2234 3423 2606 3478; x_wconf 86' lang='lat' dir='ltr'><strong>descendendo</strong></span> <span class='ocrx_word' id='word_1_737' title='bbox 2636 3428 2882 3481; x_wconf 72' lang='lat' dir='ltr'><strong>remittit.</strong></span> 
     </span>
    </p>
   </div>
   <div class='ocr_carea' id='block_1_95' title="bbox 1962 3526 3374 3596">
    <p class='ocr_par' dir='ltr' id='par_1_95' title="bbox 1962 3526 3374 3596">
     <span class='ocr_line' id='line_1_95' title="bbox 1962 3526 3374 3596; baseline 0.013 -30"><span class='ocrx_word' id='word_1_738' title='bbox 1962 3526 2090 3566; x_wconf 72' lang='lat' dir='ltr'><strong>ITEM</strong></span> <span class='ocrx_word' id='word_1_739' title='bbox 2117 3527 2182 3566; x_wconf 75' lang='lat' dir='ltr'><strong>DE</strong></span> <span class='ocrx_word' id='word_1_740' title='bbox 2212 3527 2383 3596; x_wconf 46' lang='lat' dir='ltr'><strong>SEXTO</strong></span> <span class='ocrx_word' id='word_1_741' title='bbox 2419 3531 2556 3570; x_wconf 74' lang='lat' dir='ltr'><strong>TONO</strong></span> <span class='ocrx_word' id='word_1_742' title='bbox 2589 3530 2724 3572; x_wconf 73' lang='lat' dir='ltr'><strong>NOV&#39;A</strong></span> <span class='ocrx_word' id='word_1_743' title='bbox 2761 3534 3028 3578; x_wconf 65' lang='lat' dir='ltr'><strong>GUJUSDAI</strong></span> <span class='ocrx_word' id='word_1_744' title='bbox 3070 3539 3374 3584; x_wconf 69' lang='lat' dir='ltr'><strong>EXPOSITIO.</strong></span> 
     </span>
    </p>
   </div>
   <div class='ocr_carea' id='block_1_96' title="bbox 1931 3601 3448 3690">
    <p class='ocr_par' dir='ltr' id='par_1_96' title="bbox 1931 3601 3448 3690">
     <span class='ocr_line' id='line_1_96' title="bbox 1931 3601 3448 3690; baseline 0.015 -36"><span class='ocrx_word' id='word_1_745' title='bbox 1931 3601 1974 3654; x_wconf 85' lang='lat' dir='ltr'><strong>A</strong></span> <span class='ocrx_word' id='word_1_746' title='bbox 2023 3611 2169 3656; x_wconf 86' lang='lat' dir='ltr'><strong>sexta</strong></span> <span class='ocrx_word' id='word_1_747' title='bbox 2230 3605 2414 3674; x_wconf 79' lang='lat' dir='ltr'><strong>specie</strong></span> <span class='ocrx_word' id='word_1_748' title='bbox 2498 3606 2782 3676; x_wconf 89' lang='lat' dir='ltr'><strong>diapason,</strong></span> <span class='ocrx_word' id='word_1_749' title='bbox 2841 3611 2928 3666; x_wconf 87' lang='lat' dir='ltr'><strong>ubi</strong></span> <span class='ocrx_word' id='word_1_750' title='bbox 2985 3611 3172 3668; x_wconf 82' lang='lat' dir='ltr'><strong>ﬁnitur</strong></span> <span class='ocrx_word' id='word_1_751' title='bbox 3224 3620 3448 3690; x_wconf 74' lang='lat' dir='ltr'><strong>quintus</strong></span> 
     </span>
    </p>
   </div>
   <div class='ocr_carea' id='block_1_97' title="bbox 1863 3693 3453 3772">
    <p class='ocr_par' dir='ltr' id='par_1_97' title="bbox 1863 3693 3453 3772">
     <span class='ocr_line' id='line_1_97' title="bbox 1863 3693 3453 3772; baseline 0.016 -27"><span class='ocrx_word' id='word_1_752' title='bbox 1863 3699 2068 3762; x_wconf 89' lang='lat' dir='ltr'><strong>tropus,</strong></span> <span class='ocrx_word' id='word_1_753' title='bbox 2100 3693 2387 3749; x_wconf 86' lang='lat' dir='ltr'><strong>inchoatur</strong></span> <span class='ocrx_word' id='word_1_754' title='bbox 2410 3705 2616 3762; x_wconf 84' lang='lat' dir='ltr'><strong>sextus,</strong></span> <span class='ocrx_word' id='word_1_755' title='bbox 2649 3699 2716 3752; x_wconf 88' lang='lat' dir='ltr'><strong>ab</strong></span> <span class='ocrx_word' id='word_1_756' title='bbox 2745 3699 2786 3754; x_wconf 91' lang='lat' dir='ltr'><strong>I.</strong></span> <span class='ocrx_word' id='word_1_757' title='bbox 2807 3701 3075 3758; x_wconf 82' lang='lat' dir='ltr'><strong>videlicet.</strong></span> <span class='ocrx_word' id='word_1_758' title='bbox 3096 3704 3453 3772; x_wconf 68' lang='lat' dir='ltr'><strong>Cone-luditur</strong></span> 
     </span>
    </p>
   </div>
   <div class='ocr_carea' id='block_1_98' title="bbox 1865 3785 3454 3870">
    <p class='ocr_par' dir='ltr' id='par_1_98' title="bbox 1865 3785 3454 3870">
     <span class='ocr_line' id='line_1_98' title="bbox 1865 3785 3454 3870; baseline 0.011 -26"><span class='ocrx_word' id='word_1_759' title='bbox 1865 3799 2045 3846; x_wconf 87' lang='lat' dir='ltr'><strong>tamen</strong></span> <span class='ocrx_word' id='word_1_760' title='bbox 2098 3791 2215 3863; x_wconf 87' lang='lat' dir='ltr'><strong>ejus</strong></span> <span class='ocrx_word' id='word_1_761' title='bbox 2265 3791 2438 3846; x_wconf 80' lang='lat' dir='ltr'><strong>forma</strong></span> <span class='ocrx_word' id='word_1_762' title='bbox 2489 3793 2760 3863; x_wconf 89' lang='lat' dir='ltr'><strong>diapente,</strong></span> <span class='ocrx_word' id='word_1_763' title='bbox 2802 3798 2944 3866; x_wconf 86' lang='lat' dir='ltr'><strong>quod</strong></span> <span class='ocrx_word' id='word_1_764' title='bbox 3001 3807 3084 3854; x_wconf 89' lang='lat' dir='ltr'><strong>est</strong></span> <span class='ocrx_word' id='word_1_765' title='bbox 3133 3800 3197 3856; x_wconf 94' lang='lat'><strong>0.</strong></span> <span class='ocrx_word' id='word_1_766' title='bbox 3259 3805 3328 3860; x_wconf 87' lang='lat' dir='ltr'><strong>ad</strong></span> <span class='ocrx_word' id='word_1_767' title='bbox 3381 3785 3454 3870; x_wconf 73' lang='grc' dir='ltr'><strong>Ε,</strong></span> 
     </span>
    </p>
   </div>
   <div class='ocr_carea' id='block_1_99' title="bbox 1863 3883 3450 3966">
    <p class='ocr_par' dir='ltr' id='par_1_99' title="bbox 1863 3883 3450 3966">
     <span class='ocr_line' id='line_1_99' title="bbox 1863 3883 3450 3966; baseline 0.009 -28"><span class='ocrx_word' id='word_1_768' title='bbox 1863 3883 2040 3938; x_wconf 89' lang='lat' dir='ltr'><strong>addita</strong></span> <span class='ocrx_word' id='word_1_769' title='bbox 2068 3884 2438 3954; x_wconf 88' lang='lat' dir='ltr'><strong>sesquioctava</strong></span> <span class='ocrx_word' id='word_1_770' title='bbox 2469 3887 2818 3955; x_wconf 88' lang='lat' dir='ltr'><strong>proportione</strong></span> <span class='ocrx_word' id='word_1_771' title='bbox 2866 3889 2931 3942; x_wconf 89' lang='lat' dir='ltr'><strong>ad</strong></span> <span class='ocrx_word' id='word_1_772' title='bbox 2979 3906 3198 3962; x_wconf 76' lang='lat' dir='ltr'><strong>gravem</strong></span> <span class='ocrx_word' id='word_1_773' title='bbox 3239 3907 3450 3966; x_wconf 67' lang='lat' dir='ltr'><strong>partem</strong></span> 
     </span>
    </p>
   </div>
   <div class='ocr_carea' id='block_1_100' title="bbox 1864 3976 3444 4052">
    <p class='ocr_par' dir='ltr' id='par_1_100' title="bbox 1864 3976 3444 4052">
     <span class='ocr_line' id='line_1_100' title="bbox 1864 3976 3444 4052; baseline 0.009 -20"><span class='ocrx_word' id='word_1_774' title='bbox 1864 3976 2070 4032; x_wconf 89' lang='lat' dir='ltr'><strong>scilicet</strong></span> <span class='ocrx_word' id='word_1_775' title='bbox 2099 3977 2158 4030; x_wconf 90' lang='lat' dir='ltr'><strong>E.</strong></span> <span class='ocrx_word' id='word_1_776' title='bbox 2185 3980 2250 4030; x_wconf 89' lang='lat' dir='ltr'><strong>ad</strong></span> <span class='ocrx_word' id='word_1_777' title='bbox 2297 3977 2356 4032; x_wconf 91' lang='lat' dir='ltr'><strong>C.</strong></span> <span class='ocrx_word' id='word_1_778' title='bbox 2410 3977 2568 4046; x_wconf 88' lang='lat' dir='ltr'><strong>hujus</strong></span> <span class='ocrx_word' id='word_1_779' title='bbox 2599 3981 2741 4036; x_wconf 88' lang='lat' dir='ltr'><strong>enim</strong></span> <span class='ocrx_word' id='word_1_780' title='bbox 2803 3983 2942 4052; x_wconf 89' lang='lat' dir='ltr'><strong>tropi</strong></span> <span class='ocrx_word' id='word_1_781' title='bbox 2981 3983 3096 4040; x_wconf 66' lang='lat' dir='ltr'><strong>haec</strong></span> <span class='ocrx_word' id='word_1_782' title='bbox 3136 3997 3220 4042; x_wconf 88' lang='lat' dir='ltr'><strong>est</strong></span> <span class='ocrx_word' id='word_1_783' title='bbox 3267 3989 3444 4052; x_wconf 75' lang='lat' dir='ltr'><strong>forma</strong></span> 
     </span>
    </p>
   </div>
   <div class='ocr_carea' id='block_1_101' title="bbox 1865 4067 3450 4144">
    <p class='ocr_par' dir='ltr' id='par_1_101' title="bbox 1865 4067 3450 4144">
     <span class='ocr_line' id='line_1_101' title="bbox 1865 4067 3450 4144; baseline 0.012 -22"><span class='ocrx_word' id='word_1_784' title='bbox 1865 4067 2180 4124; x_wconf 81' lang='lat' dir='ltr'><strong>NOEAGIS.</strong></span> <span class='ocrx_word' id='word_1_785' title='bbox 2207 4069 2378 4124; x_wconf 86' lang='lat' dir='ltr'><strong>liabet</strong></span> <span class='ocrx_word' id='word_1_786' title='bbox 2399 4087 2542 4125; x_wconf 91' lang='lat' dir='ltr'><strong>ennn</strong></span> <span class='ocrx_word' id='word_1_787' title='bbox 2575 4073 2660 4128; x_wconf 92' lang='lat' dir='ltr'><strong>hic</strong></span> <span class='ocrx_word' id='word_1_788' title='bbox 2693 4081 2878 4144; x_wconf 84' lang='lat' dir='ltr'><strong>tropus</strong></span> <span class='ocrx_word' id='word_1_789' title='bbox 2907 4075 2958 4130; x_wconf 93' lang='lat' dir='ltr'><strong>in</strong></span> <span class='ocrx_word' id='word_1_790' title='bbox 2989 4081 3268 4136; x_wconf 85' lang='lat' dir='ltr'><strong>nocturnis</strong></span> <span class='ocrx_word' id='word_1_791' title='bbox 3295 4082 3450 4140; x_wconf 76' lang='lat' dir='ltr'><strong>ditio-</strong></span> 
     </span>
    </p>
   </div>
   <div class='ocr_carea' id='block_1_102' title="bbox 1867 4145 3454 4240">
    <p class='ocr_par' dir='ltr' id='par_1_102' title="bbox 1867 4145 3454 4240">
     <span class='ocr_line' id='line_1_102' title="bbox 1867 4145 3454 4240; baseline 0.009 -26"><span class='ocrx_word' id='word_1_792' title='bbox 1867 4162 2441 4232; x_wconf 70' lang='lat' dir='ltr'><strong>rentimunnam,quac</strong></span> <span class='ocrx_word' id='word_1_793' title='bbox 2473 4162 2634 4218; x_wconf 86' lang='lat' dir='ltr'><strong>habet</strong></span> <span class='ocrx_word' id='word_1_794' title='bbox 2691 4165 2954 4228; x_wconf 82' lang='lat' dir='ltr'><strong>trialoca,</strong></span> <span class='ocrx_word' id='word_1_795' title='bbox 3053 4169 3260 4226; x_wconf 86' lang='lat' dir='ltr'><strong>scilicet</strong></span> <span class='ocrx_word' id='word_1_796' title='bbox 3301 4145 3454 4240; x_wconf 8' lang='lat' dir='ltr'><strong>Aspi-i</strong></span> 
     </span>
    </p>
   </div>
   <div class='ocr_carea' id='block_1_103' title="bbox 1866 4251 3438 4319">
    <p class='ocr_par' dir='ltr' id='par_1_103' title="bbox 1866 4251 3438 4319">
     <span class='ocr_line' id='line_1_103' title="bbox 1866 4251 3438 4319; baseline 0.01 -15"><span class='ocrx_word' id='word_1_797' title='bbox 1866 4251 2082 4304; x_wconf 81' lang='lat' dir='ltr'><strong>ciebam.</strong></span> <span class='ocrx_word' id='word_1_798' title='bbox 2111 4251 2527 4306; x_wconf 87' lang='lat' dir='ltr'><strong>Euarmonicum</strong></span> <span class='ocrx_word' id='word_1_799' title='bbox 2553 4253 2824 4310; x_wconf 85' lang='lat' dir='ltr'><strong>intensum</strong></span> <span class='ocrx_word' id='word_1_800' title='bbox 2859 4256 2910 4310; x_wconf 88' lang='lat' dir='ltr'><strong>in</strong></span> <span class='ocrx_word' id='word_1_801' title='bbox 2943 4255 3006 4312; x_wconf 92' lang='grc'><strong>0.</strong></span> <span class='ocrx_word' id='word_1_802' title='bbox 3037 4257 3198 4314; x_wconf 74' lang='grc' dir='ltr'><strong>Μοάο</strong></span> <span class='ocrx_word' id='word_1_803' title='bbox 3253 4265 3438 4319; x_wconf 86' lang='lat' dir='ltr'><strong>ueniet.</strong></span> 
     </span>
    </p>
   </div>
   <div class='ocr_carea' id='block_1_104' title="bbox 1870 4341 3442 4423">
    <p class='ocr_par' dir='ltr' id='par_1_104' title="bbox 1870 4341 3442 4423">
     <span class='ocr_line' id='line_1_104' title="bbox 1870 4341 3442 4423; baseline 0.011 -30"><span class='ocrx_word' id='word_1_804' title='bbox 1870 4341 2212 4396; x_wconf 76' lang='lat' dir='ltr'><strong>Dialessarou</strong></span> <span class='ocrx_word' id='word_1_805' title='bbox 2245 4342 2523 4395; x_wconf 84' lang='lat' dir='ltr'><strong>remissum</strong></span> <span class='ocrx_word' id='word_1_806' title='bbox 2557 4341 2608 4396; x_wconf 88' lang='lat' dir='ltr'><strong>in</strong></span> <span class='ocrx_word' id='word_1_807' title='bbox 2632 4341 2692 4396; x_wconf 86' lang='lat' dir='ltr'><strong>C.</strong></span> <span class='ocrx_word' id='word_1_808' title='bbox 2721 4342 2828 4397; x_wconf 87' lang='lat' dir='ltr'><strong>Per</strong></span> <span class='ocrx_word' id='word_1_809' title='bbox 2847 4347 3223 4418; x_wconf 69' lang='lat' dir='ltr'><strong>&quot;temetipsum.</strong></span> <span class='ocrx_word' id='word_1_810' title='bbox 3253 4349 3442 4423; x_wconf 77' lang='lat' dir='ltr'><strong>Itaque</strong></span> 
     </span>
    </p>
   </div>
   <div class='ocr_carea' id='block_1_105' title="bbox 1871 4431 3482 4514">
    <p class='ocr_par' dir='ltr' id='par_1_105' title="bbox 1871 4431 3482 4514">
     <span class='ocr_line' id='line_1_105' title="bbox 1871 4431 3482 4514; baseline 0.014 -30"><span class='ocrx_word' id='word_1_811' title='bbox 1871 4431 1958 4486; x_wconf 89' lang='lat' dir='ltr'><strong>hic</strong></span> <span class='ocrx_word' id='word_1_812' title='bbox 1990 4439 2172 4501; x_wconf 87' lang='lat' dir='ltr'><strong>tropus</strong></span> <span class='ocrx_word' id='word_1_813' title='bbox 2201 4449 2300 4488; x_wconf 86' lang='lat' dir='ltr'><strong>una</strong></span> <span class='ocrx_word' id='word_1_814' title='bbox 2329 4431 2623 4490; x_wconf 75' lang='lat' dir='ltr'><strong>dilIerentia</strong></span> <span class='ocrx_word' id='word_1_815' title='bbox 2647 4452 2768 4490; x_wconf 90' lang='lat' dir='ltr'><strong>cum</strong></span> <span class='ocrx_word' id='word_1_816' title='bbox 2793 4439 2962 4496; x_wconf 88' lang='lat' dir='ltr'><strong>tribus</strong></span> <span class='ocrx_word' id='word_1_817' title='bbox 2985 4443 3275 4514; x_wconf 78' lang='lat' dir='ltr'><strong>insignitur</strong></span> <span class='ocrx_word' id='word_1_818' title='bbox 3294 4445 3448 4504; x_wconf 87' lang='lat' dir='ltr'><strong>locis.</strong></span> <span class='ocrx_word' id='word_1_819' title='bbox 3479 4503 3482 4506; x_wconf 89' lang='lat'><strong>.</strong></span> 
     </span>
    </p>
   </div>
   <div class='ocr_carea' id='block_1_106' title="bbox 1799 4489 3444 4606">
    <p class='ocr_par' dir='ltr' id='par_1_106' title="bbox 1799 4489 3444 4606">
     <span class='ocr_line' id='line_1_106' title="bbox 1799 4489 3444 4606; baseline 0.01 -27"><span class='ocrx_word' id='word_1_820' title='bbox 1799 4489 1846 4548; x_wconf 69' lang='grc' dir='ltr'><strong>ί)</strong></span> <span class='ocrx_word' id='word_1_821' title='bbox 1871 4527 1926 4580; x_wconf 93' lang='lat' dir='ltr'><strong>In</strong></span> <span class='ocrx_word' id='word_1_822' title='bbox 1959 4527 2164 4582; x_wconf 88' lang='lat' dir='ltr'><strong>diurnis</strong></span> <span class='ocrx_word' id='word_1_823' title='bbox 2219 4528 2363 4584; x_wconf 88' lang='lat' dir='ltr'><strong>enim</strong></span> <span class='ocrx_word' id='word_1_824' title='bbox 2407 4529 2524 4598; x_wconf 85' lang='lat' dir='ltr'><strong>ipsa</strong></span> <span class='ocrx_word' id='word_1_825' title='bbox 2585 4529 2884 4588; x_wconf 81' lang='lat' dir='ltr'><strong>differentia</strong></span> <span class='ocrx_word' id='word_1_826' title='bbox 2947 4535 3053 4590; x_wconf 91' lang='lat' dir='ltr'><strong>duo</strong></span> <span class='ocrx_word' id='word_1_827' title='bbox 3090 4489 3252 4594; x_wconf 58' lang='lat' dir='ltr'><strong>Eabet</strong></span> <span class='ocrx_word' id='word_1_828' title='bbox 3303 4539 3444 4606; x_wconf 75' lang='lat' dir='ltr'><strong>loca,</strong></span> 
     </span>
    </p>
   </div>
   <div class='ocr_carea' id='block_1_107' title="bbox 1870 4615 3452 4697">
    <p class='ocr_par' dir='ltr' id='par_1_107' title="bbox 1870 4615 3452 4697">
     <span class='ocr_line' id='line_1_107' title="bbox 1870 4615 3452 4697; baseline 0.009 -25"><span class='ocrx_word' id='word_1_829' title='bbox 1870 4619 2076 4674; x_wconf 87' lang='lat' dir='ltr'><strong>scilicet</strong></span> <span class='ocrx_word' id='word_1_830' title='bbox 2099 4615 2170 4674; x_wconf 88' lang='lat' dir='ltr'><strong>Os</strong></span> <span class='ocrx_word' id='word_1_831' title='bbox 2207 4617 2361 4688; x_wconf 84' lang='lat' dir='ltr'><strong>justi.</strong></span> <span class='ocrx_word' id='word_1_832' title='bbox 2411 4621 2756 4678; x_wconf 85' lang='lat' dir='ltr'><strong>Dialessaron</strong></span> <span class='ocrx_word' id='word_1_833' title='bbox 2812 4625 3094 4682; x_wconf 88' lang='lat' dir='ltr'><strong>remissum</strong></span> <span class='ocrx_word' id='word_1_834' title='bbox 3139 4630 3190 4682; x_wconf 88' lang='lat' dir='ltr'><strong>in</strong></span> <span class='ocrx_word' id='word_1_835' title='bbox 3233 4628 3294 4686; x_wconf 87' lang='lat' dir='ltr'><strong>C.</strong></span> <span class='ocrx_word' id='word_1_836' title='bbox 3347 4633 3452 4697; x_wconf 78' lang='lat' dir='ltr'><strong>Qui</strong></span> 
     </span>
    </p>
   </div>
   <div class='ocr_carea' id='block_1_108' title="bbox 1871 4709 3445 4788">
    <p class='ocr_par' dir='ltr' id='par_1_108' title="bbox 1871 4709 3445 4788">
     <span class='ocr_line' id='line_1_108' title="bbox 1871 4709 3445 4788; baseline 0.009 -26"><span class='ocrx_word' id='word_1_837' title='bbox 1871 4709 2174 4763; x_wconf 78' lang='lat' dir='ltr'><strong>manducet.</strong></span> <span class='ocrx_word' id='word_1_838' title='bbox 2203 4709 2373 4788; x_wconf 83' lang='lat' dir='ltr'><strong>Ilujus</strong></span> <span class='ocrx_word' id='word_1_839' title='bbox 2388 4713 2524 4782; x_wconf 90' lang='lat' dir='ltr'><strong>tropi</strong></span> <span class='ocrx_word' id='word_1_840' title='bbox 2549 4713 2600 4766; x_wconf 90' lang='lat' dir='ltr'><strong>in</strong></span> <span class='ocrx_word' id='word_1_841' title='bbox 2625 4716 2904 4770; x_wconf 89' lang='lat' dir='ltr'><strong>nocturnis</strong></span> <span class='ocrx_word' id='word_1_842' title='bbox 2927 4719 3006 4772; x_wconf 79' lang='lat' dir='ltr'><strong>sic</strong></span> <span class='ocrx_word' id='word_1_843' title='bbox 3031 4719 3200 4774; x_wconf 87' lang='lat' dir='ltr'><strong>currit</strong></span> <span class='ocrx_word' id='word_1_844' title='bbox 3221 4735 3406 4776; x_wconf 85' lang='lat' dir='ltr'><strong>versus</strong></span> <span class='ocrx_word' id='word_1_845' title='bbox 3431 4741 3445 4776; x_wconf 90' lang='lat'><strong>:</strong></span> 
     </span>
    </p>
   </div>
   <div class='ocr_carea' id='block_1_109' title="bbox 1871 4795 3446 4872">
    <p class='ocr_par' dir='ltr' id='par_1_109' title="bbox 1871 4795 3446 4872">
     <span class='ocr_line' id='line_1_109' title="bbox 1871 4795 3446 4872; baseline 0.007 -17"><span class='ocrx_word' id='word_1_846' title='bbox 1871 4795 2057 4855; x_wconf 80' lang='lat' dir='ltr'><strong>Gloria</strong></span> <span class='ocrx_word' id='word_1_847' title='bbox 2089 4795 2260 4864; x_wconf 84' lang='lat' dir='ltr'><strong>Patri,</strong></span> <span class='ocrx_word' id='word_1_848' title='bbox 2286 4810 2389 4856; x_wconf 88' lang='lat' dir='ltr'><strong>etc.</strong></span> <span class='ocrx_word' id='word_1_849' title='bbox 2417 4801 2472 4854; x_wconf 87' lang='lat' dir='ltr'><strong>In</strong></span> <span class='ocrx_word' id='word_1_850' title='bbox 2503 4802 2710 4856; x_wconf 87' lang='lat' dir='ltr'><strong>diurnis</strong></span> <span class='ocrx_word' id='word_1_851' title='bbox 2759 4805 2836 4860; x_wconf 90' lang='lat' dir='ltr'><strong>sic</strong></span> <span class='ocrx_word' id='word_1_852' title='bbox 2877 4820 2892 4859; x_wconf 90' lang='lat'><strong>:</strong></span> <span class='ocrx_word' id='word_1_853' title='bbox 2920 4803 3102 4860; x_wconf 83' lang='lat' dir='ltr'><strong>Gloria</strong></span> <span class='ocrx_word' id='word_1_854' title='bbox 3137 4805 3306 4872; x_wconf 80' lang='lat' dir='ltr'><strong>Patri,</strong></span> <span class='ocrx_word' id='word_1_855' title='bbox 3335 4819 3446 4866; x_wconf 90' lang='lat' dir='ltr'><strong>etc.</strong></span> 
     </span>
    </p>
   </div>
   <div class='ocr_carea' id='block_1_110' title="bbox 2315 4895 3486 4966">
    <p class='ocr_par' dir='ltr' id='par_1_110' title="bbox 2315 4895 3486 4966">
     <span class='ocr_line' id='line_1_110' title="bbox 2315 4895 3486 4966; baseline 0.013 -23"><span class='ocrx_word' id='word_1_856' title='bbox 2315 4906 2381 4944; x_wconf 74' lang='lat' dir='ltr'><strong>ne</strong></span> <span class='ocrx_word' id='word_1_857' title='bbox 2413 4905 2640 4947; x_wconf 74' lang='lat' dir='ltr'><strong>suprmo</strong></span> <span class='ocrx_word' id='word_1_858' title='bbox 2670 4908 2808 4949; x_wconf 71' lang='lat' dir='ltr'><strong>&#39;roa&#39;o</strong></span> <span class='ocrx_word' id='word_1_859' title='bbox 2841 4895 3009 4966; x_wconf 77' lang='lat' dir='ltr'><strong>(6l9).</strong></span> <span class='ocrx_word' id='word_1_860' title='bbox 3481 4955 3486 4958; x_wconf 83' lang='lat'><strong>.</strong></span> 
     </span>
    </p>
   </div>
   <div class='ocr_carea' id='block_1_111' title="bbox 1946 4981 3446 5060">
    <p class='ocr_par' dir='ltr' id='par_1_111' title="bbox 1946 4981 3446 5060">
     <span class='ocr_line' id='line_1_111' title="bbox 1946 4981 3446 5060; baseline 0.006 -22"><span class='ocrx_word' id='word_1_861' title='bbox 1946 4981 2126 5038; x_wconf 89' lang='lat' dir='ltr'><strong>Tonus</strong></span> <span class='ocrx_word' id='word_1_862' title='bbox 2155 4983 2434 5052; x_wconf 87' lang='lat' dir='ltr'><strong>septimus,</strong></span> <span class='ocrx_word' id='word_1_863' title='bbox 2482 4999 2642 5054; x_wconf 89' lang='lat' dir='ltr'><strong>quem</strong></span> <span class='ocrx_word' id='word_1_864' title='bbox 2679 5001 2776 5042; x_wconf 87' lang='lat' dir='ltr'><strong>nos</strong></span> <span class='ocrx_word' id='word_1_865' title='bbox 2822 4987 3147 5056; x_wconf 76' lang='lat' dir='ltr'><strong>mixolydion</strong></span> <span class='ocrx_word' id='word_1_866' title='bbox 3183 4987 3446 5060; x_wconf 84' lang='lat' dir='ltr'><strong>dicimus;</strong></span> 
     </span>
    </p>
   </div>
   <div class='ocr_carea' id='block_1_112' title="bbox 1875 5071 3448 5152">
    <p class='ocr_par' dir='ltr' id='par_1_112' title="bbox 1875 5071 3448 5152">
     <span class='ocr_line' id='line_1_112' title="bbox 1875 5071 3448 5152; baseline 0.006 -26"><span class='ocrx_word' id='word_1_867' title='bbox 1875 5071 1928 5127; x_wconf 93' lang='lat' dir='ltr'><strong>in</strong></span> <span class='ocrx_word' id='word_1_868' title='bbox 1955 5073 2296 5142; x_wconf 76' lang='lat' dir='ltr'><strong>proportione</strong></span> <span class='ocrx_word' id='word_1_869' title='bbox 2324 5073 2500 5142; x_wconf 88' lang='lat' dir='ltr'><strong>quarti</strong></span> <span class='ocrx_word' id='word_1_870' title='bbox 2531 5075 2640 5130; x_wconf 92' lang='lat' dir='ltr'><strong>toni</strong></span> <span class='ocrx_word' id='word_1_871' title='bbox 2671 5077 2833 5130; x_wconf 87' lang='lat' dir='ltr'><strong>habet</strong></span> <span class='ocrx_word' id='word_1_872' title='bbox 2890 5084 3058 5130; x_wconf 89' lang='lat' dir='ltr'><strong>totum</strong></span> <span class='ocrx_word' id='word_1_873' title='bbox 3085 5076 3448 5152; x_wconf 86' lang='lat' dir='ltr'><strong>diatessaron,</strong></span> 
     </span>
    </p>
   </div>
   <div class='ocr_carea' id='block_1_113' title="bbox 1877 5163 3452 5238">
    <p class='ocr_par' dir='ltr' id='par_1_113' title="bbox 1877 5163 3452 5238">
     <span class='ocr_line' id='line_1_113' title="bbox 1877 5163 3452 5238; baseline 0.006 -20"><span class='ocrx_word' id='word_1_874' title='bbox 1877 5163 1932 5218; x_wconf 90' lang='lat' dir='ltr'><strong>iu</strong></span> <span class='ocrx_word' id='word_1_875' title='bbox 1959 5163 2306 5232; x_wconf 87' lang='lat' dir='ltr'><strong>proportione</strong></span> <span class='ocrx_word' id='word_1_876' title='bbox 2333 5164 2508 5234; x_wconf 89' lang='lat' dir='ltr'><strong>quinti</strong></span> <span class='ocrx_word' id='word_1_877' title='bbox 2561 5165 2670 5221; x_wconf 92' lang='lat' dir='ltr'><strong>toni</strong></span> <span class='ocrx_word' id='word_1_878' title='bbox 2725 5173 2893 5220; x_wconf 91' lang='lat' dir='ltr'><strong>totum</strong></span> <span class='ocrx_word' id='word_1_879' title='bbox 2965 5167 3237 5238; x_wconf 68' lang='lat' dir='ltr'><strong>diapente,</strong></span> <span class='ocrx_word' id='word_1_880' title='bbox 3296 5177 3352 5224; x_wconf 90' lang='lat' dir='ltr'><strong>et</strong></span> <span class='ocrx_word' id='word_1_881' title='bbox 3393 5171 3452 5228; x_wconf 89' lang='lat' dir='ltr'><strong>in</strong></span> 
     </span>
    </p>
   </div>
   <div class='ocr_carea' id='block_1_114' title="bbox 1871 5379 2270 5436">
    <p class='ocr_par' dir='ltr' id='par_1_114' title="bbox 1871 5379 2270 5436">
     <span class='ocr_line' id='line_1_114' title="bbox 1871 5379 2270 5436; baseline 0 0"><span class='ocrx_word' id='word_1_882' title='bbox 1871 5379 2046 5436; x_wconf 91' lang='lat' dir='ltr'><strong>Tono.</strong></span> <span class='ocrx_word' id='word_1_883' title='bbox 2267 5433 2270 5436; x_wconf 30' lang='grc' dir='ltr'><strong>λ</strong></span> 
     </span>
    </p>
   </div>
   <div class='ocr_carea' id='block_1_115' title="bbox 1965 5451 2469 5522">
    <p class='ocr_par' dir='ltr' id='par_1_115' title="bbox 1965 5451 2469 5522">
     <span class='ocr_line' id='line_1_115' title="bbox 1965 5451 2469 5522; baseline -0.002 -16"><span class='ocrx_word' id='word_1_884' title='bbox 1965 5453 2092 5522; x_wconf 68' lang='lat'><strong>647)</strong></span> <span class='ocrx_word' id='word_1_885' title='bbox 2117 5451 2179 5508; x_wconf 87' lang='lat' dir='ltr'><strong>c.</strong></span> <span class='ocrx_word' id='word_1_886' title='bbox 2208 5451 2333 5507; x_wconf 89' lang='lat' dir='ltr'><strong>Em.</strong></span> <span class='ocrx_word' id='word_1_887' title='bbox 2368 5461 2469 5507; x_wconf 90' lang='lat' dir='ltr'><strong>ter.</strong></span> 
     </span>
    </p>
   </div>
   <div class='ocr_carea' id='block_1_116' title="bbox 1965 5520 2924 5592">
    <p class='ocr_par' dir='ltr' id='par_1_116' title="bbox 1965 5520 2924 5592">
     <span class='ocr_line' id='line_1_116' title="bbox 1965 5520 2924 5592; baseline 0 -16"><span class='ocrx_word' id='word_1_888' title='bbox 1965 5520 2088 5592; x_wconf 70' lang='grc'><strong>648)</strong></span> <span class='ocrx_word' id='word_1_889' title='bbox 2119 5523 2180 5578; x_wconf 90' lang='lat' dir='ltr'><strong>C.</strong></span> <span class='ocrx_word' id='word_1_890' title='bbox 2215 5522 2434 5578; x_wconf 78' lang='lat' dir='ltr'><strong>Em.VI.</strong></span> <span class='ocrx_word' id='word_1_891' title='bbox 2469 5521 2534 5576; x_wconf 86' lang='lat' dir='ltr'><strong>ad</strong></span> <span class='ocrx_word' id='word_1_892' title='bbox 2557 5520 2661 5575; x_wconf 85' lang='lat' dir='ltr'><strong>XII.</strong></span> <span class='ocrx_word' id='word_1_893' title='bbox 2687 5521 2924 5576; x_wconf 83' lang='lat' dir='ltr'><strong>veniunt.</strong></span> 
     </span>
    </p>
   </div>
   <div class='ocr_carea' id='block_1_117' title="bbox 1873 5593 3449 5718">
    <p class='ocr_par' dir='ltr' id='par_1_117' title="bbox 1873 5593 3449 5718">
     <span class='ocr_line' id='line_1_117' title="bbox 1873 5593 3449 5718; baseline 0.004 -71"><span class='ocrx_word' id='word_1_894' title='bbox 1873 5593 2090 5718; x_wconf 42' lang='lat' dir='ltr'><strong>togis)</strong></span> <span class='ocrx_word' id='word_1_895' title='bbox 2144 5593 2206 5649; x_wconf 87' lang='lat' dir='ltr'><strong>C.</strong></span> <span class='ocrx_word' id='word_1_896' title='bbox 2259 5593 2404 5658; x_wconf 86' lang='lat' dir='ltr'><strong>Em.,</strong></span> <span class='ocrx_word' id='word_1_897' title='bbox 2474 5593 2718 5662; x_wconf 84' lang='lat' dir='ltr'><strong>sequitur</strong></span> <span class='ocrx_word' id='word_1_898' title='bbox 2762 5593 3048 5664; x_wconf 75' lang='lat' dir='ltr'><strong>Expusitor</strong></span> <span class='ocrx_word' id='word_1_899' title='bbox 3109 5595 3174 5652; x_wconf 88' lang='lat' dir='ltr'><strong>dc</strong></span> <span class='ocrx_word' id='word_1_900' title='bbox 3222 5595 3449 5668; x_wconf 84' lang='lat' dir='ltr'><strong>septimo</strong></span> 
     </span>
    </p>
   </div>
   <div class='ocr_carea' id='block_1_118' title="bbox 1897 5677 2022 5719">
    <p class='ocr_par' dir='ltr' id='par_1_118' title="bbox 1897 5677 2022 5719">
     <span class='ocr_line' id='line_1_118' title="bbox 1897 5677 2022 5719; baseline 0.008 -1"><span class='ocrx_word' id='word_1_901' title='bbox 1897 5677 2022 5719; x_wconf 84' lang='grc'><strong>0110.</strong></span> 
     </span>
    </p>
   </div>
  </div>
