3916 6408
33 403 151 460 9ιὸ

36 609 161 674 nit;
191 606 282 662 vix
331 616 512 663 tamen
548 623 784 679 unquam
829 609 968 666 ratio
1015 617 1139 678 post
1183 624 1500 679 paramesen
1544 625 1628 664 so-
1668 636 1671 640 -

36 714 187 756 nare
224 697 492 769 permittit
531 717 546 754 :
578 699 672 755 sed
719 708 812 754 aut
855 711 977 770 post
1003 701 1068 754 0.
1104 708 1199 756 aut
1239 708 1361 770 post
1397 699 1458 755 T.
1489 701 1637 757 inve-
1668 725 1672 730 -

39 793 203 848 nitur
231 808 246 846 :
272 803 393 862 post
419 790 484 848 0.
511 792 651 848 sicut
679 791 732 848 in
757 793 916 848 tertio
944 809 1078 849 sono
1099 794 1260 865 hujus
1287 793 1595 863 antiphona:
1621 809 1634 846 :
1669 815 1672 820 -

37 886 244 943 Justus
271 903 326 942 es
347 885 587 942 Domine.
612 886 849 942 Tandem
871 895 1093 942 octavus
1121 896 1304 958 tropus
1330 895 1474 942 tenet
1495 901 1643 942 eam.

41 978 179 1034 dem
220 977 454 1048 speciem
491 978 772 1048 diapason,
797 993 960 1048 quam
1003 987 1058 1034 et
1099 978 1324 1049 primus,
1371 987 1549 1034 tamen
1577 991 1643 1033 eo

43 1067 261 1135 ὀξεῖαι-ι,
305 1069 446 1140 quod
494 1068 582 1125 ille
622 1070 785 1125 habet
829 1085 903 1124 m.
949 1069 1182 1126 mediam
1232 1070 1489 1126 cbordam
1533 1085 1645 1126 suae

43 1159 336 1231 qualitatis
361 1159 642 1216 custodem
669 1177 685 1217 :
711 1161 802 1216 hic
827 1174 960 1216 vero
985 1158 1052 1216 Ο.
1092 1161 1193 1216 sub
1218 1162 1359 1231 proti
1402 1161 1642 1218 nomine.

44 1252 236 1320 Quam
271 1251 631 1308 diﬂ'erentiam
660 1252 754 1322 qui
799 1252 993 1318 nescit,
1026 1267 1170 1308 nunc
1206 1251 1261 1307 in
1291 1251 1477 1317 istum,
1503 1266 1648 1308 nunc

48 1345 114 1400 in
171 1343 320 1399 illum
364 1344 590 1400 vitiosus
638 1344 883 1400 incurrit.
918 1342 988 1400 Ut
1033 1353 1118 1400 est
1167 1344 1222 1400 in
1269 1344 1477 1416 antiph.
1512 1343 1646 1400 Urbs

51 1436 414 1504 fortitudinis,
442 1451 561 1506 quae
588 1451 618 1491 a
643 1437 818 1508 primo
841 1446 967 1494 tono
993 1437 1202 1510 incipit,
1235 1446 1290 1494 et
1309 1439 1362 1493 in
1397 1446 1648 1494 octavum

53 1525 270 1582 desinit
310 1536 530 1597 propter
569 1528 932 1592 semitonium,
961 1530 1102 1600 quod
1145 1530 1381 1598 chordae,
1408 1546 1529 1602 quae
1567 1537 1653 1587 est

48 1634 138 1673 ιιι.
165 1617 480 1688 imprudens
501 1633 606 1692 non
635 1634 732 1675 suo
758 1619 874 1676 loco
903 1621 1182 1692 subjunxit
1211 1636 1300 1688 eo,
1329 1621 1418 1676 ubi
1445 1621 1653 1691 Aperite

49 1721 244 1782 portas
299 1709 496 1766 intulit.
545 1709 813 1767 Caeterum
876 1713 930 1768 in
985 1713 1297 1784 gradalibus
1342 1713 1655 1784 antiphonis

54 1801 233 1856 habet
273 1811 499 1857 octavus
542 1812 730 1872 tropus
774 1803 855 1858 Ad
905 1813 953 1859 te
1001 1803 1180 1860 levavi.
1229 1816 1286 1860 et
1325 1805 1546 1860 Domine
1593 1821 1657 1861 ne

1115 400 1208 460 DE
1243 397 1644 460 HARIIONICA
1683 398 2190 464 INSTI'I‘UTIONE.

36 515 196 572 inter
221 511 285 571 Ο.
313 522 369 570 et
393 512 463 570 Χ.
493 515 620 573 trite
642 529 1028 588 synemmenon
1049 556 1063 582 ,
1094 514 1147 570 id
1175 525 1277 582 est,
1309 531 1365 586 q.
1395 517 1637 572 interve-
1667 520 1719 581 Α

3215 405 3319 464 9m

2051 535 2314 585 SEQUITUR
2355 535 2658 577 Ριιιεωεευε
2694 535 2878 578 EXPOSI
2886 537 2987 577 ’1³011
2997 561 3008 574 .

1813 607 1882 665 Ut
1911 609 2187 665 Vitruvius
2214 611 2348 666 dixit
2398 610 2452 666 in
2493 611 2630 666 libro
2674 611 2741 667 de
2777 611 3186 677 Architectura,
3237 626 3324 667 se-

1741 699 1974 755 cundum
2017 699 2270 772 physicos
2308 717 2413 757 non
2440 701 2562 774 plus
2594 711 2739 767 sunt,
2771 719 2932 774 quam
2971 711 3096 759 octo
3121 703 3265 758 venti
3305 721 3322 760 :

1741 793 2067 865 principales
2103 803 2353 866 quatuor,
2397 805 2452 850 et
2499 794 2724 864 subjecti
2779 805 3031 866 quatuor.
3085 794 3329 864 Quatuor

1743 899 1894 950 vero,
1939 883 2030 954 qui
2081 882 2350 938 adduntur
2397 893 2456 939 ut
2497 886 2608 940 sint
2651 885 2955 950 duodecim,
2997 885 3076 940 sic
3117 891 3332 939 suntut

1745 984 1978 1047 quatuor
2032 976 2316 1031 semitonia
2365 977 2432 1032 ad
2481 986 2602 1033 octo
2653 986 2828 1034 tonos.
2881 976 3014 1032 Nam
3064 977 3119 1032 in
3171 976 3330 1032 undis

1748 1070 1914 1127 maris
1941 1081 1996 1127 et
2021 1068 2299 1126 ﬂuminum
2326 1085 2538 1142 semper
2566 1053 2735 1143 magis
2765 1080 2923 1128 sonat
2957 1071 3130 1142 prima
3161 1069 3358 1135 unda,"

1747 1178 1910 1235 quam
1941 1172 2146 1234 septem
2178 1173 2488 1234 sequentes.
2522 1163 2672 1219 Nona
2717 1179 2846 1219 vero
2892 1175 3098 1219 octava:
3138 1160 3334 1218 similis

1749 1266 1852 1313 est.
1883 1255 2146 1312 Similiter
2181 1257 2234 1312 in
2267 1257 2518 1313 tonitruis
2546 1265 2670 1312 octo
2707 1257 3045 1319 discrimina,
3072 1271 3100 1309 a
3138 1253 3336 1324 quibus

1751 1351 2086 1423 Pythagoras
2129 1351 2480 1422 philosophus
2524 1352 2624 1407 has
2668 1360 2792 1406 octo
2842 1361 3090 1406 tonorum
3143 1363 3338 1405 conso-

1752 1443 1968 1500 nantias
2010 1443 2262 1513 praefatas
2323 1443 2388 1498 ad
2437 1443 2777 1498 harmoniam
2835 1441 2956 1497 coeli
3017 1441 3068 1495 in
3122 1439 3339 1494 Atlante

1755 1548 1960 1603 monte,
1990 1537 2081 1608 qui
2106 1546 2188 1593 est
2214 1536 2494 1606 proximus
2516 1536 2673 1599 crelo,
2697 1534 3001 1599 adinvenit,
3031 1531 3184 1601 cujus
3212 1544 3340 1600 pro-

1755 1627 2034 1699 portiones
2087 1627 2261 1682 instar
2311 1625 2551 1696 quinque
2595 1625 2866 1680 Zonarum
2915 1623 3038 1679 cmli
3091 1618 3340 1692 perfecn,

1759 1735 1989 1792 quarum
2035 1719 2292 1789 temperie
2340 1717 2570 1773 mundus
2619 1718 2721 1773 istc
2771 1715 3101 1771 moderatur.
3151 1710 3345 1768 Omnis

1761 1811 1906 1865 enim
1939 1809 2157 1865 musica:
2195 1807 2546 1865 consonantia
2578 1818 2671 1862 aut
2707 1807 2775 1862 ad
2818 1821 2982 1861 unum
3008 1804 3071 1859 11.
3101 1802 3264 1858 habet
3290 1801 3346 1855 in

57 1891 236 1962 longe.
282 1891 339 1947 In
389 1893 671 1948 noculrnis
717 1894 925 1965 antiph.
971 1893 1168 1965 Repleti
1207 1905 1327 1950 sunt
1365 1913 1561 1951 omnes.
1597 1905 1655 1952 et
1681 1885 1728 1946 Β
1755 1901 1976 1973 duplici,
2025 1909 2120 1956 aut
2155 1899 2242 1955 III.
2287 1917 2338 1955 ιιι
2377 1899 2596 1972 triplici,
2639 1909 2730 1954 aut
2757 1898 2862 1953 1111.
2904 1897 2957 1952 in
2985 1893 3344 1966 quadruplici,

61 1985 187 2040 Lua:
214 1985 277 2040 de
302 1985 436 2041 luce.
465 1985 813 2042 Nocturnalia
843 1987 1185 2056 responsoria
1210 1986 1417 2043 Montes
1442 1987 1655 2044 Gelboe.

65 2084 128 2132 et
155 2074 300 2130 Dixit
333 2075 538 2132 Ruben.
569 2077 771 2133 Diurna
808 2078 1150 2149 responsoria
1179 2079 1442 2136 Dilexisti.
1472 2089 1529 2137 et
1557 2079 1662 2148 Qui

67 2170 239 2225 sedes.
268 2169 616 2227 Oﬂ'ertorium
644 2171 702 2226 Si
731 2171 1082 2228 ambulavero.

117 2297 247 2338 1TB!
285 2299 353 2339 DE
388 2299 614 2340 SEPTIIO
652 2300 724 2342 ΕΤ
762 2300 970 2342 οιῖτηο
1013 2299 1152 2342 TONO
1183 2300 1323 2343 HOVA
1359 2301 1626 2344 εωυευλιι

725 2373 1029 2414 ἘΧΡΟΒΙΤΙΟ.

156 2448 191 2502 Α
225 2458 413 2520 quarta
460 2451 639 2522 specie
683 2451 966 2522 diapason,
1011 2468 1133 2524 quae
1167 2461 1250 2508 est
1280 2467 1443 2524 supra
1493 2467 1662 2518 mese,

78 2540 362 2595 inchoatur
404 2534 666 2611 septimus
703 2551 910 2615 tropus,
959 2544 1011 2599 id
1043 2552 1148 2609 est,
1180 2559 1260 2598 cc.
1297 2551 1354 2599 et
1397 2541 1582 2597 linitur
1612 2542 1664 2596 in

77 2633 326 2705 diapente
369 2651 444 2690 ιιι.
477 2633 828 2691 Concluditur
851 2634 966 2704 ejus
1012 2635 1183 2692 forma
1218 2635 1360 2690 intra
1391 2633 1663 2704 diapente,

76 2725 224 2796 quod
253 2734 337 2782 est
366 2741 427 2782 cc
454 2725 520 2781 ad
551 2743 624 2781 ιιι.
664 2726 846 2781 addita
882 2728 1260 2799 sesquioctava
1293 2727 1665 2798 proportione,

79 2818 223 2888 quod
255 2828 339 2875 est
383 2820 450 2873 ab
486 2835 560 2875 m.
610 2819 676 2874 ad
723 2820 759 2875 i.
794 2819 964 2890 Hujus
1002 2820 1140 2890 tropi
1192 2821 1308 2876 haec
1356 2828 1442 2874 est
1495 2819 1668 2874 forma

76 2909 488 2967 NOEOEAGIS.
526 2910 700 2967 Habet
727 2912 870 2968 enim
923 2911 975 2968 in
1020 2913 1299 2970 nocturnis
1339 2912 1671 2969 dilferentias

80 3015 215 3071 tres,
245 3020 405 3059 unam
444 3004 499 3059 in
533 3019 614 3059 cc.
649 3019 768 3074 quae
797 3005 959 3060 habet
989 3021 1154 3061 unum
1183 3005 1384 3068 locum,
1420 3005 1672 3075 diapente

82 3099 372 3156 remissum
404 3099 456 3154 in
498 3113 568 3152 m.
604 3107 663 3152 ut
704 3097 934 3153 Summte
967 3096 1236 3152 Trinitati.
1266 3097 1502 3153 Alteram
1537 3097 1589 3152 in
1616 3113 1670 3169 y.

81 3207 208 3264 quae
237 3193 398 3247 habet
434 3191 541 3247 duo
587 3189 706 3247 loca
753 3190 806 3245 in
855 3206 934 3247 se.
983 3199 1042 3246 ut
1074 3190 1222 3246 Dixit
1258 3190 1450 3246 ludas.
1487 3198 1672 3245 tonum

1757 2003 1852 2049 aut
1880 1994 1943 2050 V.
1978 1993 2031 2048 in
2072 1991 2452 2063 sesquialtera,
2483 1999 2575 2046 aut
2606 1989 2717 2046 Vll.
2750 1991 2804 2044 in
2850 1986 3216 2060 sesquitertia.
3247 1985 3350 2039 De.

1760 2088 1945 2160 nique,
1985 2096 2046 2142 ut
2089 2102 2251 2158 supra
2300 2086 2500 2142 dictum
2536 2093 2653 2149 est,
2683 2099 2748 2138 ex
2780 2081 2842 2138 V.
2889 2081 3030 2137 tonis
3059 2088 3112 2135 et
3140 2077 3348 2132 duobus

1759 2179 2062 2235 semitoniis
2086 2187 2336 2233 octavum
2373 2176 2654 2246 perﬁcitur
2683 2174 2971 2246 diapason,
3001 2171 3092 2242 qui
3121 2178 3205 2225 est
3233 2167 3352 2238 pri-

1762 2289 1880 2327 mus
1921 2279 2080 2326 tonus
2122 2278 2225 2325 :ut
2276 2268 2358 2324 VI.
2405 2267 2518 2323 XII.
2571 2267 2637 2321 ad
2696 2282 2854 2336 quem
2902 2265 3079 2320 onmis
3128 2263 3352 2318 musica:

1763 2365 2120 2423 consonantia
2148 2363 2402 2419 refertur.
2435 2361 2750 2432 Quicunque
2796 2361 2940 2416 enim
2987 2374 3242 2415 numerus
3283 2357 3352 2410 ad

1763 2457 1877 2513 XII.
1927 2454 2117 2527 partiri
2168 2462 2362 2525 potest,
2406 2455 2478 2508 ita
2528 2461 2586 2508 ut
2629 2452 2696 2507 ad
2740 2451 2914 2523 ipsum
2961 2448 3352 2504 duodenariunt

1765 2554 1880 2609 sive
1906 2567 2003 2624 per
2035 2560 2118 2606 ter
2148 2557 2202 2606 et
2239 2559 2452 2620 quater,
2496 2549 2608 2603 sive
2636 2555 2829 2618 quater
2866 2557 2921 2602 et
2952 2554 3033 2600 ter
3059 2544 3352 2607 dividatur,

1767 2644 2006 2700 musicus
2039 2652 2139 2704 est,
2171 2651 2425 2697 constans
2451 2641 2502 2694 in
2542 2638 2865 2710 supradictis
2893 2635 3354 2708 proportionibus.
3437 2666 3451 2678 ο

1768 2734 1901 2790 Nam
1934 2734 2268 2807 Pythagoras
2291 2732 2487 2802 aptavit
2517 2730 2728 2799 duplam
2754 2730 2805 2783 in
2833 2728 2918 2784 Vl.
2945 2727 3357 2797 scsquialteram

1773 2829 1825 2882 in
1853 2826 1984 2883 VIII.
2010 2825 2411 2896 sesquitertiam
2434 2823 2487 2876 in
2520 2821 2674 2877 Vllll.
2705 2821 2768 2874 ad
2791 2819 2904 2874 XII.
2932 2819 3084 2875 Unde
3105 2833 3170 2872 ex
3199 2818 3359 2888 quin-

1771 2934 1877 2990 que
1914 2929 2162 2972 tonorum
2208 2915 2566 2986 simplicium,
2597 2914 2648 2966 id
2689 2922 2802 2978 est,
2836 2911 3100 2981 diapente,
3151 2909 3357 2962 diales-

1774 3025 1958 3074 saron,
1987 3007 2281 3078 diapason;
2325 3005 2751 3074 compositorum
2793 3002 2964 3074 (655),
2998 3012 3056 3056 ιιι
3098 3002 3356 3070 diapason

1777 3101 1936 3156 simul
1979 3109 2034 3154 et
2079 3099 2348 3170 diapente,
2396 3107 2456 3151 ut
2503 3097 2692 3151 tertius
2737 3104 2895 3149 tonus
2943 3103 2996 3147 ct
3039 3103 3256 3157 sextus;
3305 3101 3364 3146 et

1777 3192 2035 3262 diapason
2067 3205 2131 3245 ac
2171 3189 2508 3244 diatessaron
2544 3187 2597 3242 in
2641 3185 2831 3241 eodem
2858 3185 3079 3255 quinto,
3113 3193 3170 3238 et
3199 3181 3363 3252 dupla

84 3284 359 3338 intensum
399 3281 451 3337 in
482 3297 563 3338 cc.
601 3290 660 3337 ut
697 3281 988 3352 Aspiciens.
1023 3279 1206 3337 Tertia
1244 3280 1549 3337 diﬁ‘erentia
1593 3287 1678 3334 est
1703 3251 1747 3312 Ο
1781 3251 2038 3353 diapason
2092 3282 2144 3336 in
2183 3289 2375 3336 octavo
2423 3289 2569 3345 tono,
2601 3291 2830 3331 unacnm
2877 3251 3039 3346 duplo
3079 3283 3133 3329 et
3180 3251 3362 3342 triplo.

85 3376 139 3430 in
173 3373 240 3430 0.
269 3388 389 3444 qua:
416 3373 578 3429 habet
607 3373 712 3428 duo
743 3371 860 3428 loca
895 3371 950 3427 in
988 3385 1067 3427 se.
1097 3369 1318 3426 Attende
1347 3369 1569 3425 Domine
1607 3369 1677 3424 ad

87 3483 196 3521 me.
235 3474 416 3520 tonum
446 3465 730 3520 remissum
759 3465 810 3518 in
837 3479 909 3518 m.
941 3473 1001 3518 ut
1025 3461 1220 3517 Missus
1254 3471 1326 3517 est
1353 3459 1585 3516 Gabriel.
1612 3460 1681 3517 Et

85 3559 158 3613 de
188 3557 293 3612 hac
321 3555 622 3612 diil‘erentia
659 3565 786 3612 sunt
810 3571 1003 3611 omnes
1031 3555 1360 3625 antiphonae,
1390 3568 1528 3625 quas
1550 3553 1680 3608 vitio

90 3647 222 3702 linis
254 3647 306 3701 in
334 3656 530 3718 quarto
558 3647 809 3718 ponimus
836 3663 851 3700 :
880 3653 940 3701 ut
969 3643 1252 3700 Benedicta
1281 3653 1358 3698 tu.
1391 3643 1448 3698 In
1475 3642 1683 3700 diurnis

89 3741 224 3797 huic
257 3749 412 3811 tropo
446 3755 550 3795 una
596 3737 898 3796 diITerentia
949 3737 1004 3792 in
1051 3752 1126 3791 m.
1155 3751 1274 3807 quae
1321 3736 1484 3792 habet
1514 3750 1682 3790 unum

90 3834 274 3890 locum
307 3832 362 3886 in
394 3847 484 3898 se,
521 3831 731 3888 scilicet
770 3827 914 3884 Puer
965 3839 1120 3883 natus
1163 3837 1262 3883 est.
1313 3825 1406 3883 Sic
1440 3826 1585 3882 enim
1627 3826 1684 3882 in

93 3923 383 3982 nocturnis
409 3923 581 3980 currit
611 3937 800 3979 versus
829 3939 842 3976 :
881 3919 1066 3976 Gloria
1095 3917 1274 3987 Patri,
1300 3927 1408 3975 etc.
1439 3918 1496 3975 In
1538 3918 1691 3975 diur-

94 4018 187 4074 nis
224 4033 238 4072 :
271 4015 453 4073 Gloria
481 4012 657 4082 Patri,
684 4023 791 4070 etc.

634 4119 702 4160 DE
738 4119 948 4162 OCTAVO
993 4119 1151 4160 TONO.

171 4201 224 4258 Α
261 4202 489 4273 septima
515 4201 694 4272 specie
726 4200 1007 4271 diapason,
1036 4213 1156 4270 quae
1181 4206 1264 4253 est
1289 4194 1359 4252 Μ.
1387 4194 1478 4252 ubi
1507 4193 1696 4250 linitur

100 4296 400 4368 septimus,
449 4294 736 4350 inchoatur
782 4301 1007 4350 octavus
1043 4310 1058 4348 :
1091 4291 1166 4348 ibi
1214 4289 1432 4355 linitur,
1477 4289 1569 4344 ubi
1614 4288 1696 4343 in-

101 4391 356 4446 choatur.
403 4386 752 4443 Concluditur
798 4386 915 4458 ejus
945 4384 1121 4442 forma
1153 4383 1294 4440 intra
1326 4382 1577 4453 diapente
1607 4380 1695 4436 in-

102 4488 326 4536 tensum
358 4492 433 4532 m.
464 4477 532 4532 ad
569 4491 652 4533 cc.
699 4475 879 4532 addita
924 4475 1296 4546 sesquioctava
1327 4472 1695 4543 proportione,

105 4570 401 4626 remissum
453 4584 526 4624 ιιι.
583 4567 649 4622 ad
715 4567 752 4622 i.
815 4565 986 4638 Hujus
1039 4564 1179 4636 trepi
1220 4563 1345 4618 talis
1391 4571 1476 4618 est
1527 4560 1700 4616 forma

104 4658 427 4716 NOEAGIS.
461 4657 634 4713 Habet
673 4657 762 4714 hic
807 4664 991 4729 tropus
1036 4656 1090 4711 in
1130 4653 1407 4710 nocturnis
1445 4651 1699 4709 dill‘eren-

108 4760 248 4814 tiam
289 4771 483 4820 unam,
531 4770 652 4826 quae
693 4754 859 4810 habet
905 4753 1146 4824 quinque
1199 4750 1314 4807 loca
1366 4750 1419 4805 in
1458 4763 1534 4805 se.
1568 4745 1704 4803 Ecce

108 4851 227 4904 dies
273 4849 501 4902 veniunt.
537 4845 979 4916 Sesquioctavum
1013 4843 1298 4900 remissum
1329 4840 1383 4896 in
1422 4839 1461 4895 l.
1501 4846 1562 4894 ut
1590 4837 1704 4893 Do-

110 4957 264 4998 ceam
296 4924 548 5010 iniquos.
597 4937 1044 5009 Sesquioctavum
1097 4936 1366 4992 intensum
1419 4934 1473 4989 in
1524 4930 1590 4988 Ο.
1649 4939 1707 4986 ιιι

115 5031 503 5101 Quodcunque.
542 5027 888 5086 Dialessaron
935 5025 1220 5081 remissum
1260 5024 1311 5078 in
1341 5038 1397 5095 y.
1432 5022 1569 5076 Ecce
1607 5037 1706 5074 ano

115 5123 245 5180 cilia
281 5121 508 5177 Domini.
538 5120 691 5177 Unde
737 5127 960 5190 apparet
986 5117 1130 5187 quod
1163 5116 1252 5171 bic
1307 5124 1491 5185 tropus
1522 5113 1577 5168 in
1607 5128 1719 5176 no-_

115 5214 334 5272 eturnis
383 5211 685 5268 dim-rentia
732 5225 856 5265 cum
904 5208 1142 5279 quinque
1204 5205 1339 5260 locis
1401 5202 1709 5274 insignitur.

119 5307 183 5364 In
220 5305 428 5362 diurnis
455 5303 598 5359 cnim
630 5303 718 5358 hic
742 5310 930 5371 tropus
949 5313 1112 5354 unam
1141 5297 1308 5353 habet
1330 5292 1712 5358 dill‘erentiam,

123 5414 250 5471 quae
287 5398 448 5453 habet
476 5397 583 5452 duo
613 5394 729 5450 loca
768 5393 822 5447 in
849 5406 930 5459 se,
956 5398 1016 5446 ut
1056 5388 1124 5444 In
1150 5388 1338 5443 virtute
1367 5396 1480 5441 tua.
1513 5385 1717 5439 diates-

126 5507 292 5548 saron
322 5489 626 5553 remissum,
660 5497 719 5541 ut
749 5484 966 5540 Domine
995 5499 1057 5538 ne
1091 5481 1257 5551 longe.
1286 5477 1456 5549 Hujus
1485 5477 1622 5548 tropi
1664 5476 1718 5531 in

126 5583 412 5642 nocturnis
457 5583 536 5638 sic
581 5579 751 5636 currit
797 5593 986 5634 versus
1030 5573 1257 5630 :Glorin
1307 5569 1487 5636 Patri,
1518 5578 1626 5625 etc.
1664 5567 1720 5622 In

132 5677 345 5734 diurnis
368 5685 548 5732 autem
573 5673 750 5730 taliter
769 5670 1182 5728 curritversus:
1207 5665 1388 5722 Gloria
1411 5661 1587 5730 Patri,
1611 5669 1718 5718 etc.

209 5872 360 5946 (655)
385 5869 484 5928 liic
507 5870 724 5934 videtur,
749 5867 949 5940 aliquid
970 5866 1252 5923 omissum.

1781 3374 1934 3443 Quod
1965 3382 2121 3428 tonos
2152 3371 2327 3425 ventis
2368 3368 2721 3439 comparavit,
2762 3379 2998 3434 congrua
3041 3364 3248 3417 ratione
3283 3361 3363 3415 I‘a-

1779 3474 1924 3522 ctum
1947 3472 2029 3519 est
2055 3481 2068 3517 :
2094 3462 2290 3532 quippe
2310 3461 2376 3514 ad
2400 3475 2590 3514 sonum
2614 3457 2956 3520 eliciendum,
2986 3466 3077 3508 aut
3100 3454 3366 3524 plectrum

1781 3565 1875 3609 aut
1912 3562 2110 3609 statum
2147 3551 2511 3606 necessarium
2543 3563 2665 3604 esse
2694 3554 2923 3601 constat.
2958 3544 3110 3612 Quod
3135 3552 3372 3612 quatuor

1783 3645 2069 3702 semitonia
2115 3643 2318 3699 eisdem
2352 3641 2494 3695 tonis
2524 3640 2700 3694 inesse
2733 3635 3031 3707 preposuit,
3074 3633 3215 3688 scire
3239 3647 3373 3688 con-

1783 3737 1952 3804 venit,
1992 3736 2118 3808 quia
2145 3743 2371 3805 excepto
2416 3731 2523 3797 illo,
2571 3731 2712 3801 quod
2742 3745 2771 3783 a
2807 3742 2990 3784 mesen
3021 3723 3372 3795 conjunctum

1786 3838 1888 3894 est,
1919 3838 2148 3899 quatuor
2194 3834 2322 3882 sunt
2369 3832 2577 3879 tantum
2617 3822 2820 3877 directa
2857 3818 3220 3882 tetrachorda,
3252 3831 3373 3886 qua:

1788 3920 2016 3993 singulis
2063 3917 2365 3976 semitoniis
2393 3916 2660 3971 ﬁnetenus
2708 3913 2774 3967 ad
2823 3911 3122 3984 graviorem
3163 3916 3375 3978 partem

1790 4023 1916 4071 sunt
1963 4013 2237 4084 insignita.
2280 4011 2356 4065 De
2392 4008 2552 4063 undis
2591 4006 2757 4061 maris
2799 4014 2852 4059 et
2889 4001 3189 4066 ﬂuminum,
3235 4013 3374 4070 quo-

1791 4106 1954 4164 modo
1988 4107 2229 4171 redeant,
2255 4104 2599 4176 physicorum
2629 4099 2822 4171 peritia
2846 4103 3160 4168 pertractat.
3193 4093 3380 4164 Siqui-

1795 4199 1917 4254 dem
1959 4205 2016 4253 et
2043 4195 2282 4272 Hyginus
2310 4195 2378 4250 de
2407 4191 2694 4249 concordia
2738 4203 3036 4253 annorum,
3065 4186 3276 4240 dierum
3322 4191 3380 4238 et

1796 4288 2082 4353 mensium,
2105 4284 2394 4358 aliquando
2422 4291 2542 4354 post
2565 4281 2676 4337 VII.
2699 4295 2888 4344 annos,
2916 4287 3108 4333 octavo
3131 4273 3385 4330 videlicet

1797 4380 2210 4444 recurrentium,
2263 4374 2551 4446 aliquando
2602 4382 2723 4445 post
2752 4371 2860 4428 VII.
2908 4371 3056 4436 dies,
3106 4368 3159 4423 in
3189 4367 3386 4422 Astro-

1799 4474 1939 4546 logia
1987 4474 2226 4544 disputat
2274 4477 2494 4542 propter
2539 4465 2914 4523 excellentiam
2963 4460 3228 4518 octonarii
3279 4475 3386 4514 nu-

1803 4566 1971 4632 meri,
2019 4579 2128 4635 quo
2172 4563 2404 4634 partitur
2454 4560 2662 4630 sphaera
2709 4556 2979 4620 caelestis,
3036 4552 3283 4624 superius
3332 4558 3390 4606 et

1806 4656 2032 4714 inferius
2081 4657 2136 4712 in
2182 4652 2387 4711 circulo
2435 4649 2815 4723 aequinoctiali.
2868 4649 2944 4703 De
2986 4645 3174 4702 eadem
3221 4643 3388 4700 etiam

1807 4751 2017 4823 sphaera
2050 4759 2178 4805 tunc
2207 4745 2464 4816 temporis
2509 4751 2742 4814 quatuor
2785 4750 2966 4811 partes
3013 4736 3260 4807 superius
3293 4749 3390 4805 pa-

1810 4854 1946 4912 tent,
1978 4852 2212 4914 quatuor
2258 4839 2483 4896 inferius
2529 4837 2719 4892 latent.
2768 4834 2938 4889 Porro
2982 4829 3125 4902 quod
3169 4823 3390 4894 adjecit,

1809 4953 1948 4994 nona
1980 4938 2121 4992 unda
2164 4944 2369 4990 octavae
2398 4931 2589 4987 similis
2617 4939 2722 4993 est,
2751 4925 2885 4981 nihil
2927 4924 3122 4978 mirum
3144 4961 3159 4986 ,
3188 4934 3310 4974 cum
3337 4926 3397 4972 et

1813 5044 1952 5084 nona
1995 5027 2196 5083 chorda
2239 5033 2445 5078 octavae
2492 5020 2625 5074 adeo
2663 5017 2852 5073 similis
2901 5015 2999 5075 sit,
3033 5020 3091 5065 ut
3117 5011 3398 5080 :equisona

1814 5120 2085 5183 reddatur,
2119 5118 2165 5173 si
2201 5116 2370 5170 altera
2404 5129 2504 5185 pro
2535 5112 2702 5166 altera
2729 5107 2983 5178 tangitur.
3012 5103 3171 5160 Verbi
3198 5101 3394 5171 gratia,

1814 5213 1868 5268 in
1931 5208 2156 5281 singulis
2207 5207 2488 5279 speciebus
2541 5205 2796 5274 diapason
2847 5197 3021 5268 prima
3086 5203 3141 5250 et
3205 5201 3398 5247 octava

1817 5305 2021 5363 chorda
2063 5303 2251 5360 eodem
2293 5317 2460 5367 sono,
2488 5315 2592 5355 non
2626 5298 2775 5360 loco,
2805 5307 2903 5348 nec
2929 5289 3278 5362 longitudinis
3305 5295 3402 5343 aut

1818 5397 2100 5456 brevitatis
2157 5395 2366 5466 spatio;
2417 5391 2615 5463 quippe
2671 5389 2724 5442 in
2779 5383 3148 5456 heptachordo
3197 5379 3405 5449 absque

1821 5489 1930 5546 ullo
1956 5487 2290 5545 confusionis
2313 5501 2501 5540 errore
2542 5477 2830 5550 respondet
2869 5476 3042 5547 prima
3067 5488 3165 5545 pro
3187 5480 3401 5536 octava,

1821 5581 2054 5637 secunda
2087 5593 2185 5649 pro
2214 5591 2352 5631 nona
2373 5615 2387 5639 ,
2414 5573 2570 5628 tertia
2616 5585 2712 5640 pro
2739 5567 2980 5632 decima;
3013 5574 3174 5634 atque
3201 5561 3406 5616 idcirco

1822 5675 1878 5730 in
1921 5669 2251 5730 octochordo
2295 5667 2398 5723 crit
2436 5663 2608 5736 prima
2655 5674 2755 5732 pro
2801 5671 2973 5726 nona,
3011 5665 3067 5711 ut
3099 5655 3169 5711 sit
3215 5658 3408 5708 octava
