3858 5858
1056 322 1399 385 HUCBALDI
1436 327 1599 387 NON.
1641 329 1700 388 S.
1740 322 2004 388 AMANDI
2042 329 2193 388 OPP.
2235 326 2435 388 PARS.
2474 328 2540 389 11.
2570 360 2639 375 υ·-
2671 326 3172 389 MISCELLANEA.
3633 328 3728 386 θῶ
3810 53 3824 405 1

1079 458 1110 498 a
1232 460 1263 499 a
1369 459 1400 500 a
1507 461 1539 502 c
1621 461 1653 502 c
1724 462 1756 503 c
1845 461 1877 502 c
1969 446 2005 502 b
2089 446 2235 510 Aad
2266 444 2352 501 Vl.
2389 446 2571 519 primi,
2622 455 2680 504 et
2706 446 2789 504 bis
2818 446 2940 503 VIII.
2981 446 3052 503 ad
3089 445 3213 503 VIII.
3242 442 3396 517 (669)
3436 442 3599 515 primi
3631 444 3728 501 toni

482 536 842 595 diatessaron.
872 535 1005 593 Item
1036 536 1151 593 XII.
1176 537 1293 595 XII.
1321 537 1434 594 XII.
1467 538 1548 595 Vl.
1580 540 1666 596 VI.
1692 538 1781 596 VI.
1810 539 1899 596 VI.
1925 537 2059 596 VIII.
2165 539 2344 600 etlicit.

446 700 457 706 ’
483 630 616 779 VIII.
642 630 775 776 vlint.
798 627 951 777 vim.
982 630 1135 777 vim.
1167 630 1316 778 vim.
1342 632 1496 778 VIIII.
1521 722 1612 794 qui
1644 723 1847 780 faciunt
1870 732 2067 795 quater

489 812 641 872 VIIII.
666 812 733 867 ad
762 822 959 884 quater
977 811 1063 868 VI.
1082 823 1139 870 et
1163 824 1246 871 ter
1271 814 1400 871 VIII.
1432 816 1498 871 ad
1525 826 1609 870 ter
1637 815 1749 871 XII.
1777 817 1829 871 in
1857 818 2067 888 sesqui-

484 906 644 963 tertia
688 904 837 977 (666)
879 905 1230 976 proportione
1277 907 1484 963 denarii
1542 908 1775 962 numeri.
1829 907 2067 965 Octavus

484 318 580 381 931

2238 630 2423 688 Tonus
2459 631 2654 688 tertius
2680 640 2786 698 est,
2808 632 2898 702 qui
2934 631 3042 687 duo
3070 630 3138 688 Α.
3175 628 3341 686 habet
3376 635 3608 700 propter
3633 626 3732 698 pri-

2166 739 2310 781 mam
2351 739 2661 781 mensuram
2709 724 2914 780 autenti
2965 722 3197 789 deuteri,
3249 729 3309 779 et
3348 720 3648 778 secundum
3675 720 3732 776 Δ.

2166 823 2387 886 propter
2422 814 2636 886 plagam
2669 813 2875 869 autenti
2918 812 3146 879 deuteri,
3198 811 3257 868 in
3284 810 3448 883 cuius
3494 810 3735 879 diapason

2169 923 2324 965 suum
2368 905 2714 963 semitonimu
2766 905 3020 975 explicat,
3072 912 3127 960 et
3180 902 3408 959 secundi
3470 902 3609 968 toni,
3662 901 3733 971 qui

484 1008 648 1055 tonus
691 1008 786 1055 aut
826 998 969 1055 sicut
993 1007 1217 1069 quartus
1246 1014 1342 1071 per
1370 999 1525 1055 XLII.
1556 1001 1893 1056 diatessaron
1939 1016 2068 1056 con-

485 1096 597 1147 stat
624 1105 638 1143 :
670 1098 764 1145 aut
793 1089 936 1145 sicut
953 1090 1174 1159 quintus
1195 1105 1294 1161 per
1320 1090 1432 1145 LX.
1458 1103 1511 1146 et
1532 1090 1644 1146 LX.
1675 1092 1880 1147 habens
1900 1091 2065 1148 CXX.

486 1180 542 1236 in
584 1196 832 1239 numero.
860 1179 1046 1239 Tonus
1076 1183 1284 1253 primus
1314 1182 1401 1237 Vl.
1440 1183 1506 1236 ad
1539 1182 1651 1238 XII.
1696 1184 1746 1237 id
1775 1193 1858 1239 est
1882 1182 2065 1239 XVIII.

487 1272 580 1344 qui
604 1281 732 1329 sunt
761 1281 844 1330 ter
872 1272 960 1330 VI.
987 1289 1106 1345 quae
1135 1274 1412 1345 proportio
1451 1274 1708 1344 diapason
1734 1275 1949 1330 dicitur.

804 1379 1090 1429 EXPOSITIO
1141 1380 1433 1421 EORUIDBI
1476 1380 1747 1421 TONORUI.

555 1454 689 1510 Item
716 1455 849 1512 VIII.
896 1459 965 1512 ad
1008 1456 1119 1513 XII.
1161 1466 1290 1513 sunt
1317 1457 1436 1514 XX.
1479 1474 1598 1529 qua:
1634 1458 1910 1529 proportio
1953 1473 2069 1514 ses-

487 1544 755 1614 quialtera
781 1546 981 1604 dicitur
1019 1548 1089 1604 ad
1119 1547 1227 1603 Xll.
1257 1548 1397 1612 ideo,
1431 1548 1557 1618 quia
1590 1548 1705 1603 XII.
1742 1548 1905 1605 habet
1929 1548 1981 1604 in
2012 1564 2072 1605 se

489 1633 624 1690 VIII.
666 1644 719 1692 et
749 1635 976 1693 alteram
1015 1639 1133 1709 ejus
1176 1648 1407 1711 partem,
1451 1640 1501 1695 id
1553 1650 1655 1705 est,
1694 1640 1801 1695 IIII.
1840 1650 1895 1695 et
1943 1640 2074 1696 facit

490 1725 761 1796 diapente.
810 1727 940 1784 Item
987 1728 1143 1784 VIIII.
1189 1730 1254 1786 ad
1303 1729 1416 1785 XII.
1451 1729 1591 1786 XXI.
1624 1740 1769 1797 sunt,
1801 1747 1921 1801 qme
1949 1747 2075 1801 pro-

2170 1002 2330 1057 ambo
2381 1008 2508 1055 sunt
2551 998 2859 1063 semitouia,
2905 1004 3124 1068 propter
3171 996 3417 1067 triplam,
3448 1002 3515 1048 ut
3559 993 3737 1049 dictum

2169 1103 2272 1161 est,
2323 1101 2379 1148 et
2428 1090 2806 1165 quadruplam,
2839 1099 3059 1162 propter
3088 1097 3285 1161 quater
3333 1087 3428 1143 VI.
3485 1087 3557 1141 ad
3596 1102 3737 1140 unum

2170 1184 2256 1241 Vl.
2284 1184 2351 1239 de
2379 1182 2575 1252 primo.
2608 1180 2809 1248 Quater
2831 1180 2975 1237 enim
3006 1179 3091 1235 VI.
3122 1181 3189 1233 ad
3218 1186 3419 1248 quater
3450 1175 3534 1230 IIl.
3561 1176 3627 1230 de
3649 1173 3736 1228 ΧΗ.

2172 1282 2365 1344 quater
2392 1270 2539 1343 (670)
2566 1281 2690 1328 uelo
2725 1279 2868 1334 sunt,
2897 1269 2989 1339 qui
3021 1277 3147 1325 sunt
3188 1266 3444 1322 XXXVI.
3476 1264 3737 1334 diapason.

2172 1362 2224 1419 id
2254 1371 2358 1428 est,
2388 1362 2564 1418 sexies
2595 1360 2677 1417 Vl.
2706 1371 2760 1417 el
2788 1370 2871 1417 ter
2889 1359 2995 1415 XII.
3024 1357 3285 1416 Similiter
3308 1356 3398 1411 VI.
3420 1357 3493 1412 ad
3512 1353 3621 1410 XII.
3642 1355 3739 1424 quit

2171 1453 2347 1526 dupla!
2371 1454 2750 1525 proportiones
2771 1462 2896 1509 sunt
2925 1467 2939 1507 :
2970 1452 3055 1507 bis
3083 1451 3230 1508 Vllll.
3260 1449 3331 1506 ad
3360 1448 3481 1503 XII.
3505 1448 3633 1518 quia
3656 1462 3741 1501 ses

2172 1549 2435 1622 quialtera
2468 1546 2748 1619 proportio
2798 1555 2882 1601 est
2907 1543 3077 1600 XXX.
3112 1543 3374 1614 diapente
3424 1541 3591 1595 ﬁunt.
3618 1538 3740 1595 Undt

2173 1641 2278 1697 iste
2322 1639 2512 1696 tertius
2547 1647 2705 1693 tonus
2745 1644 2839 1691 aut
2869 1636 3124 1704 diapason
3172 1632 3279 1689 erit
3302 1646 3410 1702 per
3448 1629 3538 1686 VI.
3569 1629 3633 1683 ad
3658 1627 3741 1681 XI.

2175 1742 2270 1787 aut
2291 1731 2564 1802 diapente,
2596 1730 2646 1784 id
2670 1736 2754 1783 est
2781 1725 2948 1782 XXX.
2981 1733 3041 1780 ut
3068 1725 3120 1779 in
3147 1722 3484 1779 Introitibus
3513 1736 3531 1774 :
3560 1718 3743 1788 Confes-

488 1817 667 1887 portio
692 1820 1036 1889 sesquiterlia
1072 1820 1292 1886 dicitur,
1336 1823 1460 1890 quia
1489 1821 1601 1876 XII.
1636 1822 1797 1877 habet
1831 1822 1985 1878 VIIII.
2017 1831 2073 1878 et
2100 1810 2149 1871 Β
2176 1824 2253 1878 sio
2283 1832 2331 1877 et
2360 1819 2712 1893 pulchritudo.
2744 1828 2801 1874 et
2828 1817 3079 1888 Dispersit
3105 1815 3270 1870 dedit.
3298 1822 3360 1870 et
3386 1812 3624 1883 Cognati
3654 1809 3742 1864 Do-

488 1907 605 1977 ejus
636 1910 850 1966 tertiam
876 1920 1107 1982 partem,
1136 1912 1188 1966 id
1215 1920 1317 1977 est,
1346 1912 1430 1968 III.
1462 1923 1518 1969 et
1546 1915 1606 1968 Iit
1632 1914 1989 1981 diatessaron,
2019 1915 2073 1970 id

488 2008 575 2055 est
603 2009 684 2056 ter
709 2011 933 2073 septem,
966 2003 1057 2073 qui
1105 2012 1232 2058 sunt
1268 2001 1411 2059 XXI.
1447 2003 1637 2061 Omnis
1680 2005 1844 2075 igitur
1866 2006 2077 2075 primus

495 2099 654 2147 tonus
691 2100 785 2147 aut
812 2102 896 2149 ter
926 2092 1014 2150 Vl.
1060 2094 1277 2152 habebit
1324 2095 1379 2152 in
1423 2096 1581 2168 dupla
1610 2098 1979 2168 proportione,
2019 2097 2075 2155 id

489 2192 595 2251 est,
619 2184 914 2255 diapason;
948 2195 1008 2241 ut
1035 2196 1118 2242 est
1144 2187 1335 2243 Rorate
1359 2188 1474 2243 εωιὶ
1502 2189 1742 2259 desuper,
1766 2197 1859 2243 aut
1883 2198 2076 2260 quater

495 2272 559 2328 V.
589 2273 641 2329 id
666 2284 751 2330 est
781 2284 880 2343 ter,
906 2275 1054 2348 (667)
1082 2278 1149 2333 de
1175 2276 1301 2333 VIII.
1322 2288 1378 2334 et
1405 2278 1491 2335 Ill.
1519 2279 1585 2335 de
1610 2279 1721 2338 XII.
1748 2281 1800 2335 in
1817 2279 2079 2352 sesquial-

491 2375 606 2420 tera
640 2366 989 2437 proportione
1009 2367 1215 2424 faciunt
1258 2369 1531 2441 diapente,
1573 2373 1716 2441 quod
1758 2380 1844 2429 est
1868 2370 1987 2427 XX.
2016 2381 2078 2429 ut

490 2464 573 2521 est
597 2474 611 2510 :
640 2455 706 2511 Et
734 2459 895 2515 nubes
921 2460 1105 2529 pluant
1123 2460 1353 2531 justum.
1384 2462 1672 2533 aperiatur.
1712 2464 1822 2520 Aut
1855 2473 1938 2520 ter
1962 2462 2075 2519 VII.

492 2546 544 2601 id
572 2555 675 2614 est,
698 2547 784 2604 lil.
817 2551 882 2606 de
901 2549 1057 2618 VIIII,
1079 2561 1134 2608 et
1160 2555 1226 2608 ad
1252 2552 1359 2609 IIII.
1392 2554 1458 2610 de
1489 2553 1603 2611 XII.
1630 2555 1683 2610 in
1710 2556 2074 2628 sesquitertia,

492 2639 584 2709 qui
628 2639 832 2696 faciunt
865 2642 1222 2711 diatessaron,
1262 2654 1324 2700 ut
1362 2655 1481 2702 est:
1517 2645 1701 2713 Terra,
1744 2658 1791 2702 et
1827 2649 2079 2718 germinet

494 2729 840 2789 Salvatorem.
863 2734 992 2792 Item
1018 2737 1300 2794 introitum
1330 2737 1598 2794 :Gaudete
1622 2742 1676 2794 in
1699 2739 1946 2807 Domino,
1970 2748 2075 2796 etc.

493 2831 552 2877 et
599 2822 810 2880 Inclina
848 2825 1107 2883 Domine.
1139 2836 1194 2885 et
1241 2828 1430 2885 Justus
1469 2847 1524 2887 es
1566 2829 1808 2887 Domine.
1853 2832 2078 2904 Antiph.

494 2911 630 2971 Urbs
674 2914 1026 2987 fortitudinis.
1071 2919 1226 2975 Iesus
1269 2930 1464 2976 autem.
1502 2919 1751 2977 Traditor
1779 2932 1973 2977 autent.
2015 2921 2083 2978 Et

490 3006 597 3061 hoc
623 3006 934 3075 videndum,
967 3010 1112 3081 quod
1136 3026 1279 3083 saepe
1313 3014 1515 3079 evenit,
1542 3022 1603 3069 ut
1631 3014 1714 3069 bis
1752 3024 1846 3070 aut
1874 3022 1958 3071 ter
1985 3023 2080 3070 aut

492 3105 665 3153 totum
699 3099 862 3154 etiam
891 3101 945 3156 in
975 3103 1302 3175 antiphonis,
1334 3113 1428 3160 aut
1467 3105 1521 3160 in
1553 3121 1893 3177 quocumque
1918 3114 2077 3163 cantu

491 3190 655 3259 primi
704 3191 816 3248 toni
853 3192 943 3260 sit,
979 3202 1071 3249 aut
1101 3210 1199 3266 per
1227 3196 1313 3252 VI.
1350 3204 1405 3252 et
1436 3195 1549 3252 XII.
1573 3175 1728 3270 quod
1765 3175 1850 3254 est
1890 3199 2079 3271 diapa-
2108 3175 2155 3239 (ἶ

492 3301 618 3354 son,
648 3297 741 3342 aut
757 3303 857 3359 per
878 3288 943 3344 V.
974 3297 1029 3345 et
1052 3287 1119 3344 X.
1153 3290 1293 3360 quod
1318 3300 1401 3347 est
1424 3291 1700 3362 diapente,
1730 3301 1822 3347 aut
1842 3309 1939 3364 per
1964 3292 2074 3349 VII.

497 3384 692 3444 totum,
723 3378 867 3449 quod
902 3389 988 3436 est
1021 3379 1384 3449 diatessaron,
1420 3381 1664 3439 decurrit
1691 3393 1788 3440 :ut
1818 3385 1940 3441 urbs
1978 3385 2083 3456 for-

494 3469 754 3525 titudinis.
784 3479 841 3527 et
861 3469 1098 3529 Ioannes
1120 3482 1317 3529 autem.

566 3561 751 3619 Tunus
778 3564 1048 3620 secundus
1070 3579 1169 3637 per
1192 3575 1272 3622 ter
1302 3565 1388 3622 VI.
1417 3566 1469 3622 id
1497 3575 1582 3624 est
1624 3565 1809 3623 XVIII.
1856 3567 1924 3623 ad
1962 3566 2075 3623 XII.

494 3670 595 3727 per
646 3656 1056 3727 sesquialterum
1112 3659 1518 3730 proportionem
1560 3660 1697 3717 ﬁunt
1736 3659 1908 3716 XXX.
1958 3661 2082 3716 red-

496 3748 633 3802 dunt
660 3747 932 3819 diapente.
969 3748 1051 3803 Ad
1090 3746 1179 3802 VI.
1216 3749 1283 3805 de
1310 3751 1486 3821 primo
1525 3759 1651 3807 tono
1680 3751 1748 3806 ad
1787 3760 1872 3806 ter
1895 3749 1982 3812 VI.
2012 3750 2079 3805 de

495 3838 731 3894 secundo
775 3840 933 3911 tripla
980 3844 1255 3912 proportio
1293 3853 1396 3909 est,
1445 3845 1572 3914 quia
1618 3845 1917 3916 triplicatus
1954 3861 2078 3901 eum

496 3938 735 3999 superat.
776 3929 906 3985 Item
956 3932 1040 3987 bis
1086 3931 1219 3987 VIII.
1266 3935 1333 3989 ad
1382 3934 1488 3990 XII.
1532 3951 1629 4006 per
1678 3936 2077 4005 sesquitertiam

494 4023 895 4092 proportionem
921 4022 1155 4079 XXVIII.
1182 4024 1336 4089 ﬁunt,
1362 4026 1414 4081 id
1436 4035 1538 4092 est,
1572 4036 1764 4096 quater
1795 4024 1903 4081 VII.
1937 4024 2080 4094 quod

497 4122 580 4168 est
607 4115 968 4170 diatessaron.
999 4114 1083 4169 Sit
1132 4131 1260 4185 ergo
1302 4116 1414 4186 ipsa
1444 4119 1722 4188 pmportio
1762 4117 1994 4183 numeri,
2026 4117 2109 4195 id.

495 4212 601 4272 est,
629 4205 713 4262 bis
739 4204 869 4261 VIII.
900 4208 967 4262 ad
1008 4205 1139 4263 Vlll.
1172 4207 1236 4262 de
1265 4208 1439 4278 primo
1471 4220 1595 4264 tono
1633 4210 1852 4281 duplum
1883 4217 1988 4276 est,
2026 4219 2083 4266 et

495 4297 618 4353 ideo
645 4297 697 4351 in
725 4298 981 4369 diapason
1008 4298 1154 4353 cadit
1178 4298 1386 4353 XXIIII.
1417 4301 1558 4368 quod
1583 4308 1667 4355 est
1692 4311 1884 4371 quater
1915 4299 2003 4356 VI.
2029 4310 2084 4358 et

497 4389 583 4444 bis
604 4389 718 4445 XII.
749 4390 880 4447 Item
903 4392 987 4447 bis
1014 4390 1107 4447 IX.
1139 4392 1230 4463 qui
1269 4402 1393 4448 sunt
1427 4405 1508 4450 ter
1544 4395 1625 4451 Vl.
1676 4395 1727 4450 id
1760 4405 1863 4461 est,
1893 4394 2078 4451 XVIII.

498 4496 597 4552 per
622 4484 1030 4553 sesquialteram
1060 4487 1462 4557 proportionem
1513 4488 1648 4543 fiunt
1684 4486 1853 4543 XXX.
1892 4498 1954 4543 ut
1993 4505 2081 4544 su-

500 4587 605 4643 pra.
624 4572 896 4643 diapente.
926 4574 1115 4630 Omnis
1151 4577 1293 4631 enim
1324 4577 1550 4631 melodiu
1579 4579 1800 4633 secundi
1836 4580 1945 4634 toni
1987 4588 2081 4634 aut

498 4679 599 4730 per
623 4666 873 4736 diapente
908 4668 1188 4723 denarium
1210 4671 1516 4724 numerabit
1544 4679 1736 4736 totum,
1766 4680 1823 4725 ut
1847 4681 1931 4727 est
1952 4671 2077 4728 Ant.

497 4756 637 4811 Ecce
666 4756 874 4812 advenit
904 4757 958 4812 in
998 4774 1101 4829 qua
1128 4768 1255 4815 sunt
1280 4756 1441 4815 LXV.
1477 4760 1647 4831 (668).
1686 4769 1779 4816 aut
1812 4761 2077 4819 diatessa-

498 4863 596 4902 ron
633 4856 826 4915 totum,
852 4848 936 4903 vel
967 4858 1046 4905 ter
1070 4849 1180 4906 Vll.
1207 4860 1266 4905 ut
1301 4860 1421 4907 est:
1464 4849 1591 4907 Veni
1617 4864 1664 4907 et
1691 4854 1921 4909 ostende.
1945 4853 2078 4909 Item

496 4937 790 5007 antiphona
839 4938 1143 5010 diapentica
1188 4939 1529 5012 Omnipotens
1579 4960 1748 4998 sermo
1805 4953 1927 4999 tuus
1964 4944 2077 5000 Do-

494 5028 654 5083 mine.
702 5037 756 5085 et
801 5030 1177 5088 diatessaron:
1208 5041 1266 5089 ut
1302 5033 1557 5090 Dominus
1604 5035 1745 5091 Deus
1790 5036 2083 5092 auxiliator

498 5136 667 5176 meus.
699 5119 760 5177 Si
791 5132 969 5178 autem
1016 5124 1070 5180 in
1116 5125 1375 5195 diapason
1422 5129 1633 5183 venerit
1666 5129 1944 5200 proportio
1990 5144 2079 5185 se-

498 5212 658 5269 cundi
689 5214 824 5282 toni,
858 5215 940 5269 vel
965 5215 1049 5272 Vl.
1074 5218 1141 5273 ad
1166 5217 1281 5273 XII.
1317 5218 1383 5273 ad
1412 5220 1643 5290 primum
1665 5228 1770 5276 est.
1794 5230 1854 5275 ut
1882 5230 1965 5278 ter
1988 5221 2077 5278 VI.

573 5427 724 5572 (666)
762 5431 1154 5502 Sesquialtera.

599 5499 724 5572 667)
766 5500 824 5556 S.
855 5504 1032 5559 Emer.
1059 5506 1154 5562 hab

599 5499 724 5574 667)
766 5500 824 5556 S.
854 5499 1032 5574 Emer.
1059 5506 1220 5562 habet
1261 5506 1318 5560 lI.
1358 5506 1437 5560 Ita
1468 5505 1570 5574 legi
1598 5505 1776 5571 debet,
1811 5519 1933 5561 eum
1974 5522 2084 5563 non

503 5568 744 5694 Ilgrgtlll,
773 5572 867 5627 sed
910 5572 948 5626 11
994 5584 1049 5630 et
1082 5577 1139 5630 lll
1190 5577 1299 5631 sint
1347 5576 1401 5632 in
1433 5568 1779 5647 proportione
1823 5577 2083 5647 sesquial-

576 5708 725 5782 (668)
763 5708 957 5766 Nescio
994 5729 1090 5768 cur
1125 5718 1213 5772 hic
1254 5726 1509 5782 ponatur.
1533 5716 1674 5764 LXV
1765 5731 1829 5750 ον
1869 5733 1889 5748 τ
1943 5725 1955 5736 ·

508 5776 758 5829 dentibus
785 5794 841 5809 τί
857 5790 897 5798 “

2175 1915 2334 1969 mine.
2371 1922 2426 1967 et
2464 1911 2687 1981 Antiph.
2718 1909 2821 1977 Qui
2850 1909 2914 1964 de
2956 1919 3097 1963 terra
3131 1916 3226 1962 est.
3256 1914 3315 1963 et
3354 1904 3592 1971 Quando
3617 1913 3743 1957 astu

2175 2022 2249 2061 es.
2282 2012 2337 2061 et
2364 2002 2537 2059 Malos
2564 2001 2700 2057 male
2734 2002 2934 2071 perdet.
2962 2010 3016 2055 et
3042 1996 3213 2053 Homo
3237 1996 3474 2068 quidam
3506 1994 3633 2064 fecit.

2248 2102 2431 2156 Tomis
2477 2104 2699 2169 quartus
2745 2095 2830 2151 bis
2853 2092 2962 2149 XII.
3005 2092 3074 2147 ad
3108 2099 3190 2147 ter
3218 2089 3353 2145 VIII.
3386 2098 3456 2143 et
3488 2086 3548 2141 ad
3567 2094 3637 2140 ter
3660 2082 3728 2138 VI.

2176 2192 2262 2248 bis
2286 2189 2411 2246 Vlll.
2444 2187 2592 2262 (671)
2614 2203 2723 2243 una
2742 2185 3094 2243 consonantia
3111 2196 3486 2241 numerorum
3516 2180 3565 2233 in
3578 2178 3729 2246 dispa-

2179 2301 2277 2341 sou
2301 2285 2385 2343 Vl.
2418 2284 2484 2339 ad
2510 2282 2616 2338 XII.
2651 2280 2702 2335 id
2730 2289 2817 2335 est
2843 2277 3042 2342 XXIIII,
3064 2273 3432 2332 conveniunt.
3466 2271 3742 2326 Idcircoter

2179 2378 2266 2435 Vl.
2300 2394 2405 2433 non
2454 2376 2521 2430 ad
2566 2375 2650 2430 bis
2692 2371 2800 2427 XII.
2847 2376 3212 2440 comparatur,
3261 2363 3541 2437 quoniam
3572 2377 3655 2431 per
3682 2369 3745 2413 ter

2179 2486 2287 2527 non
2318 2467 2594 2525 dividitur.
2623 2464 2717 2520 sed
2759 2470 2844 2518 ter
2881 2459 3008 2517 VIII.
3045 2458 3114 2513 ad
3147 2465 3232 2512 ter
3256 2453 3351 2510 Vl.
3386 2459 3739 2522 comparatur;

2180 2573 2236 2622 et
2256 2564 2341 2620 bis
2376 2561 2516 2618 VIIII.
2551 2559 2618 2613 ad
2646 2557 2730 2613 bis
2761 2555 2874 2612 Xll.
2906 2568 3006 2624 per
3027 2547 3447 2620 sesquitertiam
3472 2542 3743 2617 proportio-

2180 2672 2326 2711 nem.
2355 2652 2523 2708 Totus
2546 2651 2649 2707 iste
2679 2658 2839 2704 tonus
2862 2645 2971 2702 erit
3008 2643 3354 2699 diatessaron
3384 2652 3630 2707 semper.
3650 2648 3742 2688 ees-

2186 2744 2435 2802 sonantia
2464 2750 2643 2797 autem
2675 2740 2953 2809 diapason,
2995 2734 3050 2789 id
3074 2741 3180 2798 est,
3211 2745 3311 2785 se:
3341 2728 3433 2784 Vl.
3462 2727 3534 2781 ad
3562 2724 3662 2780 XIL
3688 2734 3741 2777 tet

2183 2836 2266 2895 Vl.
2299 2845 2354 2892 et
2390 2834 2475 2890 bis
2500 2831 2643 2888 Vllll.
2677 2840 2732 2887 et
2760 2841 2842 2886 ter
2867 2826 2991 2883 VIII.
3016 2834 3074 2881 et
3104 2824 3190 2880 bis
3216 2820 3332 2877 XII.
3365 2820 3602 2876 faciunt.
3625 2817 3735 2884 Qut

2186 2947 2304 2988 rum
2337 2927 2631 3001 proportio,
2680 2924 2732 2980 id
2778 2931 2883 2990 est,
2915 2917 3249 2989 comparatio
3280 2913 3523 2983 majoris
3562 2913 3623 2965 ad
3657 2909 3736 2963 ni-

2183 3043 2393 3091 norem,
2420 3036 2475 3083 et
2515 3023 2740 3081 minoris
2768 3021 2836 3076 ad
2862 3019 3124 3090 majorem
3151 3026 3378 3083 semper
3404 3011 3732 3067 diatessaron.

2189 3120 2242 3178 id
2265 3128 2368 3185 est,
2399 3116 2703 3189 septenario
2742 3108 3148 3168 mensurabitur
3176 3123 3191 3160 :
3223 3112 3285 3159 ut
3336 3102 3599 3158 introitus
3623 3137 3637 3152 .
3663 3094 3742 3149 Re

2186 3213 2414 3270 surrexi.
2446 3219 2501 3265 et
2528 3204 2890 3264 Misericordia
2914 3200 3148 3257 Domini.
3179 3205 3235 3253 et
3264 3195 3337 3251 In
3366 3193 3635 3250 uoluntate
3655 3200 3738 3241 tu.

2182 3311 2238 3358 et
2284 3298 2507 3371 Autiph.
2549 3296 2751 3351 Rubum
2788 3307 2941 3367 quem
2982 3289 3205 3347 uiderat.
3249 3295 3308 3342 et
3363 3284 3549 3341 Turba
3592 3277 3739 3336 usit-I-

2186 3397 2230 3452 Τ
2232 3398 2313 3451 ria
2344 3403 2463 3451 sunt
2489 3407 2727 3447 munera.

2254 3490 2439 3546 Tonus
2466 3486 2687 3558 quintus
2714 3490 2859 3540 totus
2877 3491 3092 3551 semper
3111 3471 3466 3545 diapenticus
3491 3484 3592 3541 per
3608 3466 3742 3558 dag-

2185 3580 2326 3637 rium
2352 3587 2456 3644 est,
2483 3550 2610 3649 quia
2641 3584 2724 3630 ter
2750 3570 2907 3629 VIIII.
2955 3569 3023 3624 ad
3059 3576 3144 3623 ter
3178 3563 3297 3621 XII.
3354 3570 3413 3618 et
3462 3567 3655 3632 quater
3680 3550 3750 3608 VI-

2186 3676 2254 3731 ad
2283 3683 2478 3745 quater
2504 3670 2636 3726 VIII.
2662 3669 2715 3724 id
2761 3675 2865 3731 est,
2894 3680 2992 3736 per
3015 3659 3441 3732 sesquialterum
3479 3651 3756 3745 proportio-

2184 3744 2314 3822 neut
2341 3766 2393 3819 in
2420 3764 2670 3833 diapente
2696 3758 2918 3822 cadunt,
2939 3768 3167 3827 quorum
3194 3746 3561 3807 consonantia
3584 3744 3751 3812 ἂμ·

2186 3872 2282 3913 son
2309 3863 2412 3920 est,
2447 3854 2500 3909 id
2550 3858 2651 3915 est,
2686 3851 2739 3906 iu
2765 3845 3157 3905 duodenarium
3184 3848 3392 3912 quater
3427 3837 3580 3895 VIIII.
3605 3842 3659 3890 et
3681 3840 3759 3886 ter

2184 3946 2297 4002 XII.
2329 3955 2384 4000 et
2404 3953 2596 4016 quater
2621 3941 2708 3998 VI.
2736 3949 2791 3997 et
2812 3948 2895 3997 ter
2931 3935 3060 3993 VIII.
3086 3943 3149 3991 ut
3172 3933 3442 3988 Introitus
3500 3948 3518 3985 :
3566 3925 3763 3982 Bonis:

2144 4060 2151 4063 ‘
2185 4038 2470 4108 refugium.
2525 4031 2992 4091 Circumdederunt
3050 4043 3154 4082 me.
3208 4034 3268 4081 et
3301 4023 3547 4079 Domine
3590 4022 3647 4073 in
3690 4028 3763 4068 tu

2184 4126 2567 4184 misericordia.
2590 4123 2661 4180 Et
2677 4120 2882 4193 antiplt.
2918 4118 3112 4175 Solvite
3156 4114 3419 4186 temptent
3460 4115 3588 4167 hoc.
3633 4108 3765 4165 Salve

2185 4221 2352 4277 Crux.
2381 4216 2594 4274 Exultet
2618 4216 2832 4287 spiritus
2854 4228 3019 4267 meus.
3045 4209 3113 4265 Et
3133 4207 3362 4264 similia.

2257 4309 2441 4366 Tonus
2469 4315 2656 4363 sextus
2684 4312 2767 4359 est
2796 4303 2972 4359 sexies
3002 4298 3090 4354 VI.
3124 4296 3192 4352 ad
3237 4296 3424 4353 sexies
3470 4294 3591 4351 IIII.
3616 4292 3683 4346 de
3704 4290 3773 4343 Β

2185 4401 2299 4457 XII.
2329 4408 2383 4455 et
2410 4405 2604 4469 quater
2623 4394 2779 4451 VIIII.
2824 4393 2890 4449 ad
2931 4400 3124 4463 quater
3151 4388 3245 4445 VI.
3272 4389 3342 4443 de
3373 4386 3465 4443 bis
3503 4385 3629 4442 XII.
3666 4398 3774 4453 qua

2187 4495 2543 4566 sesquialtera
2573 4490 2851 4563 proportio
2877 4488 2931 4543 iu
2974 4486 3226 4556 diapente
3263 4481 3441 4545 cadit,
3508 4489 3570 4538 et
3617 4476 3777 4534 sexies

2185 4588 2295 4645 IIII.
2319 4589 2385 4643 de
2416 4595 2498 4641 ter
2516 4584 2649 4641 VIII.
2685 4591 2741 4639 et
2767 4581 2943 4638 sexies
2966 4577 3073 4634 IIII.
3100 4577 3169 4634 de
3194 4576 3281 4632 bis
3325 4572 3452 4630 XII.
3491 4574 3554 4628 in
3597 4582 3779 4627 causa.

2183 4680 2369 4737 nantia
2422 4678 2702 4749 diapason,
2758 4675 2814 4730 id
2864 4682 2968 4738 est,
2996 4671 3082 4728 Vl.
3126 4678 3183 4724 et
3227 4668 3340 4723 Xll.
3400 4667 3649 4724 veniunt
3696 4672 3783 4731 per

2182 4769 2310 4836 VIII,
2354 4767 2444 4841 qui
2492 4775 2616 4822 sunt
2673 4762 2889 4819 XLVIII.
2938 4762 3080 4817 sicut
3127 4757 3308 4814 sexies
3341 4753 3435 4812 Vl.
3488 4765 3552 4811 et

2183 4858 2327 4916 VIIII.
2356 4838 2411 4913 in
2451 4854 2654 4911 LXXII.
2694 4851 2861 4908 Totus
2887 4850 3030 4907 enim
3053 4849 3158 4904 iste
3180 4857 3344 4903 tonus
3377 4853 3476 4900 aut
3522 4859 3629 4915 per
3678 4838 3785 4894 dir

2179 4965 2351 5023 pason
2379 4948 2812 5011 consonantiam,
2850 4945 2903 4999 id
2932 4951 3033 5009 est,
3065 4939 3152 4996 Vl.
3177 4948 3234 4997 et
3261 4938 3374 4994 XII.
3414 4947 3520 4993 aut
3550 4951 3655 5007 per
3682 4932 3787 4986 ὥσ

2180 5050 2361 5115 pente,
2396 5039 2447 5096 id
2468 5046 2574 5104 est,
2601 5037 2884 5093 denarium
2910 5031 3340 5089 mensurabitur.
3371 5027 3446 5085 Ut
3474 5026 3785 5083 introitus:

2182 5132 2255 5189 0s
2273 5131 2428 5202 justi.
2454 5126 2646 5184 Omnes
2665 5136 2860 5199 gentes.
2887 5123 2956 5181 Et
2981 5122 3147 5190 Quasi
3176 5120 3333 5175 modo
3360 5119 3558 5191 geniti.
3590 5116 3662 5172 Et
3680 5115 3787 5169 Al-

2180 5226 2317 5298 tiph.
2345 5221 2390 5281 0
2413 5220 2754 5278 Admirabile.
2788 5228 2845 5276 et
2878 5217 3031 5289 Virgo
3067 5214 3222 5271 hodie
3256 5213 3463 5283 ﬁdelis.

2261 5437 2410 5511 (669)
2449 5439 2509 5496 S.
2548 5430 2731 5496 Emer.
2760 5438 2908 5511 addit
2931 5457 2945 5493 :
2970 5447 3028 5511 et_
3037 5435 3132 5511 bis
3160 5433 3308 5511 VIIII.
3340 5436 3416 5511 ad
3445 5432 3611 5511 VIII}.

2257 5500 2406 5585 (670)
2540 5511 2724 5596 Enter.
2757 5509 2902 5596 VIIII,
2930 5508 3135 5596 melius:
3176 5508 3252 5596 ita
3278 5506 3437 5596 enim

2185 5577 2311 5639 nam
2355 5590 2547 5652 quater
2596 5580 2681 5636 VI.
2734 5589 2790 5638 et
2829 5588 3021 5637 quater
3071 5577 3125 5624 lIt
3196 5592 3211 5600 -
3278 5585 3320 5600 ς·

2184 5651 2385 5710 συριρῂ
2404 5651 2523 5690 VIIII
