3916 6408
144 348 258 407 953

1247 351 1336 410 DE
1374 349 1779 411 HARMONICA
1815 352 2319 416 INSTITUTIONE.

2585 327 2596 338 ‘
2634 328 2700 364 ,ξς
2745 332 2848 361 ’τ’..ι
2887 336 2899 360 ι

3319 367 3426 428 954

225 465 412 521 Tonns
438 463 700 536 septimus
735 475 794 520 ut
817 464 870 520 in
901 466 1253 539 proportione
1276 470 1456 540 quarti
1481 471 1596 527 toni
1637 473 1736 526 ha-
1764 477 1817 536 Α
1846 489 2109 546 tessaron,
2139 479 2311 549 major
2338 480 2627 548 minorem,
2657 489 2714 538 et
2749 480 2868 554 ejus
2899 465 3198 542 tertiamet
3248 487 3426 544 tertias

146 556 248 613 bet
315 563 484 611 totum
540 557 898 624 diatessaron,
935 566 990 614 et
1034 559 1089 615 in
1145 561 1495 632 proportione
1561 561 1735 632 quinti

136 649 270 704 toni
293 649 460 704 habet
485 657 656 705 totum
683 651 954 722 diapente,
976 662 1032 708 et
1058 653 1113 710 in
1143 655 1492 726 proportione
1514 656 1738 727 propria

145 741 321 799 habet
340 742 632 799 duodecies
686 743 797 798 ΧΠ.
827 744 1110 814 diapason,
1162 747 1254 818 qui
1313 757 1441 804 sunt
1495 747 1735 804 CXLIII].

144 832 366 890 Tonum
393 843 643 889 octavum
667 836 882 906 require
920 844 980 890 ut
1001 851 1188 907 supra.
1213 837 1364 909 (672)

355 963 422 1003 DE
460 963 720 1005 IENSURIS
758 964 1140 1009 ORGANICARUII
1185 967 1542 1011 FISTULARUM.

225 1059 410 1114 Prima
450 1059 646 1116 habeat
672 1062 846 1117 octies
900 1077 1058 1117 suum
1110 1063 1454 1118 diametrum.
1489 1064 1740 1122 Secunda

144 1148 605 1219 babeatprimam
629 1159 684 1204 et
711 1148 829 1220 ejus
863 1160 1132 1216 octavam,
1188 1160 1244 1207 et
1287 1153 1538 1210 diametri
1591 1165 1740 1210 octa-

143 1257 302 1297 vam.
335 1241 518 1298 Tertia
544 1245 833 1299 secundam
866 1255 920 1300 et
945 1243 1061 1313 ejus
1102 1255 1350 1302 octavam
1399 1259 1454 1303 et
1491 1247 1742 1304 diametri

145 1343 430 1389 octavam.
462 1336 665 1403 Quarta
699 1337 926 1405 primam
961 1346 1014 1392 et
1037 1338 1154 1410 ejus
1185 1340 1397 1395 tertiam
1419 1348 1475 1396 et
1493 1339 1742 1394 diametri

145 1427 398 1481 tertiam.
432 1426 632 1494 Quinta
658 1429 890 1500 primam
930 1439 984 1485 et
1022 1430 1140 1499 ejus
1175 1432 1429 1497 mediam,
1455 1441 1511 1490 et
1537 1433 1742 1488 diame-

145 1519 225 1573 tri
258 1519 526 1585 mediam;
567 1521 647 1575 vel
676 1531 926 1590 quartam
966 1533 1022 1580 et
1062 1525 1178 1596 ejus
1209 1535 1478 1590 octavam,
1531 1535 1586 1582 et
1627 1527 1744 1582 dia.

145 1611 316 1666 metri
342 1621 611 1668 octavam.
638 1612 802 1670 Sexta
832 1616 1031 1671 habeat
1059 1619 1304 1689 quintam
1335 1619 1388 1674 in
1416 1635 1496 1686 se,
1543 1627 1599 1675 et
1625 1620 1742 1690 ejus

147 1710 422 1767 octavam,
453 1713 507 1760 et
534 1705 784 1765 diametri
846 1717 1116 1764 octavam.
1144 1709 1348 1766 Octava
1376 1712 1608 1784 primam
1642 1713 1741 1768 lia-

151 1793 280 1849 beat
309 1793 523 1866 duplam
564 1795 616 1850 in
643 1811 719 1852 se.

591 1905 726 1962 Item
757 1912 894 1964 unde
918 1926 1080 1981 supra
1108 1913 1282 1968 aliter.

223 1996 406 2052 Prima
440 2014 536 2068 per
563 2010 812 2057 octavam
844 2005 1100 2060 metiatur
1126 2006 1167 2060 Ε
1207 2006 1270 2061 Τ.
1301 2007 1450 2080 (675)
1485 2007 1736 2065 Secunda

154 2092 538 2160 sesquioctava
595 2097 664 2149 sit
705 2097 897 2166 primm
944 2099 1004 2152 D.
1037 2099 1101 2154 T.
1136 2100 1320 2156 Tertia
1354 2105 1737 2173 sesquioctava

157 2183 409 2238 secundae
445 2182 505 2239 C.
561 2184 620 2240 S.
677 2186 880 2254 Quarta
932 2192 1277 2259 sesquitertia
1333 2195 1523 2263 primae
1569 2195 1630 2248 Β.
1671 2195 1736 2250 Τ.

159 2273 358 2341 Quinta
387 2277 464 2331 vel
495 2280 849 2349 sesquialtera
887 2283 1098 2352 primae,
1129 2285 1214 2340 vel
1256 2289 1606 2358 sesquitertia
1652 2305 1744 2345 se-

165 2366 372 2430 cundae,
400 2367 478 2421 vel
503 2369 877 2440 sesquioctava
905 2385 1114 2444 quartae
1139 2377 1204 2430 A.
1248 2375 1311 2432 T.
1332 2377 1497 2433 Sexta
1523 2379 1738 2444 sesqui-

162 2464 353 2512 octava
382 2461 605 2529 quintae,
637 2463 722 2517 vel
752 2467 1096 2535 sesquitertia
1129 2469 1320 2533 tertim,
1361 2470 1444 2525 vel
1482 2470 1740 2540 sesquial-

160 2559 271 2605 tera
301 2554 552 2608 secundm
597 2553 662 2611 (ἓ.
714 2555 772 2612 S.
827 2557 1068 2628 Septima
1123 2563 1498 2632 sesquioctava
1549 2572 1739 2626 sextm,

155 2645 242 2698 vel
264 2648 608 2716 sesquitertia
634 2661 859 2720 quartae,
915 2653 1000 2709 vel
1050 2656 1403 2726 sesquialtera
1455 2659 1628 2712 tertiae
1676 2656 1740 2712 F.

154 2734 360 2794 Octava
391 2741 764 2812 sesquioctava
787 2747 1051 2815 septimae,
1082 2749 1162 2803 vel
1203 2750 1550 2820 sesquitertia
1581 2752 1743 2820 quin-

154 2834 246 2892 tae,
276 2829 357 2884 vel
381 2833 731 2903 sesquialtera
759 2847 986 2908 quartae,
1010 2839 1092 2894 vel
1115 2841 1274 2912 dupla
1299 2843 1485 2912 prima:
1508 2843 1568 2897 E.
1593 2843 1742 2898 Nona

154 2921 536 2989 sesquioctava
558 2934 787 2994 octavae,
813 2929 898 2984 vel
929 2933 1272 3002 sesquitertia
1299 2942 1486 3002 sextae,
1512 2934 1596 2990 vel
1626 2950 1744 2992 ses-

155 3009 426 3079 quialtera
453 3015 674 3085 quintm,
700 3019 783 3074 vel
812 3019 972 3093 dupla
1004 3024 1276 3081 secundat.

154 3309 449 3379 quioctava
505 3315 713 3385 primae.
775 3317 958 3375 Tertia
1017 3323 1394 3392 sesquioctava
1468 3326 1740 3381 secundae.

154 3399 366 3468 Quarta
393 3406 769 3475 sesquioctava
800 3411 990 3467 tertiae.
1025 3411 1224 3479 Quinta
1255 3417 1606 3485 sesquitertia
1661 3431 1747 3472 se-

154 3495 374 3553 cundze.
399 3496 563 3555 Sexta
587 3504 964 3574 sesquioctava
992 3506 1213 3576 quintae.
1249 3508 1491 3578 Septima
1521 3509 1738 3580 sesqui-

153 3599 353 3645 octava
393 3601 577 3650 sextaa.
605 3593 698 3652 His
720 3596 903 3669 itaque
935 3598 1234 3668 dispositis,
1267 3599 1318 3654 in
1345 3603 1590 3666 secundo
1621 3600 1742 3657 loco

153 3698 271 3739 una
305 3683 580 3743 inferenda
609 3697 710 3758 est,
737 3706 856 3762 qua:
881 3692 980 3749 sub
1005 3693 1351 3765 sesquitertia
1381 3695 1452 3750 sit
1492 3695 1590 3763 illi,
1620 3711 1743 3766 quae

161 3775 320 3846 prius
347 3788 541 3849 quarta
568 3778 691 3836 fuit.

806 3900 942 3957 Item
962 3903 1105 3961 inde.

237 3986 372 4043 Data
399 3988 564 4058 igitur
584 3991 772 4063 prima:
799 3995 886 4050 vel
917 3996 1110 4052 minori
1139 3997 1331 4055 ﬁstulae
1359 3999 1598 4070 qualibet
1624 3999 1739 4056 Ion-

158 4081 446 4154 gitudine;
478 4086 573 4141 sed
619 4088 813 4144 melius
841 4089 1078 4157 videtur,
1109 4091 1152 4146 si
1201 4091 1430 4148 latitudo
1469 4091 1753 4148 foraminis

160 4174 420 4231 diametri
462 4176 625 4233 fuerit
663 4177 984 4252 longitudini
1011 4183 1184 4239 octies
1213 4183 1338 4239 data
1373 4202 1386 4238 :
1418 4184 1752 4255 ubicumque

163 4263 423 4336 deinceps
448 4276 604 4324 tonus
632 4267 926 4337 faciendus,
958 4273 1132 4343 major
1157 4274 1354 4330 habent
1379 4275 1646 4331 minorem
1673 4284 1753 4330 to-

163 4362 279 4410 tam
311 4364 365 4412 et
394 4357 740 4427 diametrum,
764 4369 820 4416 et
841 4362 1091 4419 diametri
1115 4365 1232 4435 ejus
1255 4375 1524 4419 octavam.
1556 4365 1610 4419 In
1634 4364 1752 4420 dia-

162 4454 416 4503 tessaron
444 4448 618 4519 major
639 4453 926 4521 minorem,
953 4465 1008 4509 et
1033 4455 1151 4524 ejus
1182 4458 1417 4522 tertiam,
1445 4467 1500 4512 et
1527 4456 1751 4526 insuper

1767 1838 1815 1899 B

1841 571 2214 640 u‘ndecimam,
2270 580 2325 628 et
2379 573 2678 630 undecimae
2757 583 2990 631 sextam.
3041 575 3098 632 Si
3149 578 3422 649 diapente,
3465 612 3468 615 -

1839 661 2011 732 major
2049 665 2311 719 minorem
2335 674 2390 720 et
2421 666 2536 735 ejus
2567 665 2828 730 mediam,
2858 675 2913 720 et
2939 669 3243 724 medietatis
3265 678 3424 725 octa-

1839 772 1985 823 vam,
2016 767 2070 812 et
2101 766 2306 812 octava:
2325 768 2594 814 octavam.
2632 758 2688 814 Si
2739 759 3018 830 diapason,
3051 761 3226 832 major
3252 762 3424 818 mino-

1839 866 1954 906 rem
1988 850 2167 919 duplo,
2199 860 2253 906 et
2285 851 2501 920 insuper
2526 851 2642 923 ejus
2673 867 2835 906 unam
2865 861 3142 919 octavam,
3195 864 3250 909 et
3281 864 3428 910 octa-

1838 957 1920 997 va:
1944 951 2209 998 octavam.
2236 940 2292 997 Si
2315 943 2570 1012 diapason
2594 952 2649 999 et
2667 943 2935 1014 diapente,
2966 943 3140 1013 major
3160 945 3426 1001 minorem

1841 1032 2026 1103 triplo,
2057 1040 2113 1087 et
2138 1033 2254 1104 ejus
2283 1033 2416 1087 duas
2446 1042 2686 1095 octavas,
2718 1033 2770 1088 id
2801 1043 2904 1098 est,
2938 1044 3214 1104 quartam.
3249 1034 3305 1091 Si
3340 1035 3426 1091 bis

1843 1124 2314 1196 diapason,major
2337 1125 2602 1182 minorem
2628 1126 2950 1198 quadruplo,
2974 1137 3031 1182 et
3054 1128 3278 1200 insuper
3305 1127 3427 1198 ejus

1845 1225 1956 1272 tres
1981 1224 2223 1272 octavas.

2550 1306 2706 1363 ltem.

1915 1418 1973 1475 Si
2000 1419 2193 1475 ﬁstulae
2220 1419 2444 1490 aequalis
2463 1422 2847 1491 grossitudinis
2873 1421 3103 1489 fuerint,
3145 1431 3202 1478 et
3255 1422 3430 1493 major

1843 1512 2110 1567 minorem
2149 1512 2202 1566 in
2253 1527 2349 1568 sua
2385 1513 2719 1584 longitudine
2747 1514 2832 1570 bis
2869 1514 3140 1581 habuerit,
3197 1523 3254 1570 et
3279 1515 3431 1570 insu-

1844 1621 1943 1676 per
1969 1605 2324 1662 concavitatis
2359 1606 2474 1676 ejus
2520 1607 2842 1664 diametrum
2873 1627 2887 1664 :
2927 1609 3188 1681 diapason
3235 1621 3431 1665 conso-

1847 1699 2088 1754 nantiam
2120 1699 2349 1753 invicem
2379 1701 2728 1756 resonabunt.

1918 1791 1973 1846 Si
2023 1790 2200 1846 ﬁstula
2257 1790 2432 1861 major
2496 1791 2688 1848 ﬁstula:
2750 1793 2979 1850 minoris
3039 1792 3432 1866 longitudinem

1843 1893 2038 1954 quater
2064 1883 2117 1938 in
2144 1898 2202 1938 se
2225 1883 2494 1950 habuerit,
2526 1892 2580 1940 et
2609 1885 2829 1955 insuper
2866 1886 3138 1953 diametri,
3181 1885 3324 1956 quod
3377 1885 3433 1942 in

1843 1991 1978 2032 cavo
2003 1986 2106 2041 est,
2165 1983 2248 2032 ter
2279 1991 2587 2031 mensuram
2649 1979 2966 2034 contineat:
3021 1978 3106 2035 bis
3159 1978 3422 2052 diapason

1844 2070 2258 2126 consonantiam
2287 2073 2639 2126 rescriabunt.

1915 2162 1972 2217 Si
2005 2161 2178 2216 ﬁstula
2205 2163 2377 2234 major
2407 2164 2669 2220 minorem
2711 2165 2764 2220 in
2795 2181 2853 2223 se
2881 2173 3049 2223 totam
3103 2167 3321 2233 habeat,
3379 2174 3436 2223 et

1844 2257 2063 2326 insuper
2093 2255 2209 2323 ejus
2231 2256 2444 2310 tertiam
2480 2265 2714 2327 partem,
2745 2273 2846 2315 nec
2900 2275 3008 2315 non
3059 2268 3116 2315 et
3159 2257 3432 2326 diametri,

1845 2349 1986 2419 quod
2025 2349 2077 2403 in
2108 2364 2242 2406 cavo
2271 2358 2376 2415 est,
2410 2349 2745 2406 diatessaron
2773 2352 3184 2408 consonantiam
3206 2365 3430 2409 resona-

1845 2445 2000 2500 bunt.

1919 2537 1975 2592 Si
2011 2536 2187 2591 ﬁstula
2223 2536 2396 2605 major
2425 2538 2689 2593 minorem
2721 2538 2774 2593 in
2801 2552 2859 2594 se
2886 2536 3160 2603 habuerit,
3193 2547 3248 2596 et
3283 2537 3432 2594 insu-

1845 2644 1944 2699 per
1973 2627 2090 2697 ejus
2111 2627 2460 2700 longitudinis
2487 2628 2856 2694 medietatem,
2882 2629 3040 2684 simul
3079 2645 3202 2686 cum
3234 2629 3438 2686 medie-

1851 2731 1959 2778 tate
1989 2722 2258 2787 diametri,
2291 2723 2434 2792 quod
2462 2722 2514 2778 in
2542 2738 2676 2778 cavo
2701 2733 2806 2789 est,
2835 2722 3084 2794 diapente
3134 2737 3440 2780 consonano

1849 2815 1978 2870 tiam
2006 2816 2358 2870 resonabunt.

1921 2908 1974 2962 Si
2008 2906 2184 2963 ﬁstula
2213 2905 2387 2977 major
2412 2907 2644 2964 fistulam
2669 2908 2933 2965 minorem
2961 2907 3017 2964 in
3057 2923 3118 2965 se
3145 2916 3311 2965 totam
3333 2908 3438 2963 ha-

1849 3001 2048 3063 buerit,
2102 3009 2157 3055 et
2211 3000 2434 3072 insuper
2472 3001 2827 3072 longitudinis
2879 3008 3092 3072 partem
3135 2999 3272 3056 XVI.
3313 3013 3439 3056 cum

1851 3091 2100 3148 diametri
2135 3091 2501 3147 sextadecima
2531 3109 2545 3146 :
2572 3092 2688 3148 haec
2718 3091 3071 3148 consonantia
3095 3089 3440 3146 semitonium

2230 3405 2296 3446 DE
2334 3405 2692 3448 CYIBALORUI
2731 3402 3080 3448 PONDERIBUS.

1919 3499 2162 3556 Primum
2187 3505 2617 3572 quanticumque
2646 3501 2922 3573 ponderis.
2975 3499 3286 3558 Secundum
3315 3515 3436 3557 ses-

1849 3590 2197 3661 quioctavum
2227 3591 2411 3661 primi.
2448 3591 2692 3647 Tertium
2720 3591 3159 3662 sesquioctavum
3185 3591 3439 3646 secundi.

1851 3679 2116 3749 Quartum
2151 3681 2560 3753 sesquitertium
2587 3682 2772 3754 primi.
2810 3681 3071 3750 Quintum
3105 3683 3444 3754 sesquiocta-

1849 3790 1976 3830 vum
2028 3776 2228 3846 quarti.
2272 3773 2496 3831 Sextum
2549 3777 2992 3848 sesquioctavum
3032 3776 3231 3849 quinti.
3269 3774 3446 3848 Septi-

1854 3885 2002 3927 mum
2031 3869 2439 3941 sesquitertium
2462 3870 2666 3941 quarti.

2499 3981 2577 4036 De
2605 3981 2781 4037 Medis

1923 4093 2191 4150 Autentus
2217 4094 2533 4161 auctoraIis,
2564 4103 2616 4150 et
2643 4094 2972 4151 auctoritate
2998 4092 3211 4166 plenus.
3227 4091 3450 4162 Protus,

1856 4185 1909 4240 id
1941 4185 2042 4251 est,
2071 4186 2278 4257 primus
2309 4204 2322 4240 :
2371 4186 2628 4242 deuterus
2655 4186 2927 4242 secundus
2957 4204 2971 4241 :
3002 4193 3162 4241 tritus
3199 4185 3396 4240 tertius
3428 4199 3443 4238 :

1857 4279 2133 4334 tetrardus
2179 4286 2426 4348 quartus.
2471 4277 2678 4345 Quibus
2727 4277 3020 4333 ordinatim
3068 4287 3448 4348 supponuntur

1857 4379 2092 4441 quatuor
2115 4369 2386 4435 laterales,
2437 4385 2574 4440 quos
2611 4377 2808 4426 vocant
2845 4367 3018 4440 plagis
3065 4368 3229 4439 proli,
3275 4365 3452 4438 plagis

1857 4462 2091 4527 deuteri,
2121 4461 2288 4532 plagis
2313 4460 2646 4533 triti,piagis
2671 4460 2914 4516 tetrardi.
2968 4458 3101 4515 ltem
3160 4459 3212 4515 in
3261 4457 3455 4514 Graeco

168 4539 422 4631 diametri
451 4542 684 4599 tertiam.
717 4545 773 4600 In
792 4546 1043 4618 diapente
1069 4546 1242 4616 major
1267 4549 1532 4604 minorem
1558 4558 1612 4604 et
1633 4547 1753 4617 ejus
1781 4571 1832 4631 ι)
1859 4553 2304 4609 ANNANEANE.
2345 4551 2852 4608 NANANEAGIES.
2912 4547 3451 4608 AGIANNEAGIES.

167 4630 424 4694 mediam,
462 4631 684 4703 insuper
712 4643 767 4690 et
793 4635 1336 4693 diametrimedinm.
1383 4639 1436 4692 In
1491 4640 1755 4710 diapason

167 4721 343 4790 major
364 4722 626 4780 minorem
657 4726 837 4797 duplo,
869 4737 924 4783 et
952 4739 1121 4785 totum
1141 4731 1362 4802 insuper
1391 4731 1745 4788 diametrum.

167 4813 394 4869 Caetera:
414 4830 543 4870 vero
565 4815 724 4872 facile
750 4833 847 4888 per
868 4835 1122 4877 numeros
1148 4822 1560 4878 occurrent.Est
1575 4831 1756 4878 autem

169 4905 521 4973 diametrum,
559 4907 647 4964 vol
697 4926 817 4980 quae
874 4923 958 4968 est
1010 4914 1064 4969 in
1097 4914 1362 4972 foramine
1413 4929 1477 4971 ea
1527 4915 1760 4988 amplior

169 5007 327 5068 parte
356 4997 639 5068 medietas,
661 5001 746 5058 vel
773 5003 1058 5061 foraminis
1111 5008 1500 5064 transversitas
1558 5023 1626 5062 ex
1673 5007 1759 5063 di-

167 5090 400 5146 ductiori
429 5100 605 5162 parte,
637 5108 744 5166 qua
764 5095 1065 5168 inspiratur
1085 5096 1288 5166 ﬁstula,
1324 5108 1381 5155 et
1409 5098 1496 5155 cui
1517 5097 1762 5169 subjacet

166 5179 460 5238 foraminis
478 5183 586 5240 via.

871 5282 1058 5340 Aliter.

250 5373 307 5430 Si
334 5385 520 5433 tonum
547 5374 768 5448 queris,
797 5374 972 5446 major
999 5373 1176 5432 ﬁstula
1230 5375 1502 5433 minorem
1538 5375 1759 5443 habeat,

171 5474 233 5524 et
253 5466 368 5539 ejus
392 5478 661 5539 octavam,
693 5468 942 5543 etjpsius
964 5478 1172 5526 octava:
1211 5479 1485 5527 octavam.
1539 5470 1597 5527 Si
1635 5470 1760 5526 dia-

249 5663 401 5735 (672)
440 5665 732 5737 Hucnsqtte
755 5667 924 5722 codex
957 5663 1506 5737 San-Emeramensis
1531 5682 1544 5720 :
1573 5664 1771 5736 Sequi-

170 5745 266 5818 tur
297 5740 348 5796 itt
376 5736 819 5813 At‘gentoratensi
858 5737 1257 5811 Argumentatio
1307 5736 1586 5809 cujusdam
1648 5752 1770 5790 mu-

173 5824 288 5863 διε-α

1512 5905 1599 5932 ἀνι(

1865 4643 2344 4701 NENOTEANES.
2385 4642 2702 4700 NOEAGIS.
2743 4644 2876 4698 ltem
2927 4652 3245 4714 parapteres
3289 4638 3458 4696 NEN-

1865 4736 2320 4794 NOTENEAGIS.
2350 4736 2476 4791 Ant.
2533 4753 2649 4790 mea
2691 4751 2815 4790 uox.
2869 4735 2994 4789 Ant.
3026 4752 3057 4788 ο
3114 4750 3277 4788 mors.
3321 4732 3453 4786 Ant.

1866 4831 2113 4885 miserere
2148 4829 2250 4884 mei
2273 4828 2436 4883 Deus.
2486 4823 3090 4883 ANAIETANENAGIS
3125 4821 3456 4877 AIANNEA-

1866 4919 2039 4976 GIES.
2065 4919 2192 4974 Ant.
2221 4918 2334 4973 Nos
2361 4917 2451 4988 qui
2481 4918 2715 4972 uiuimus.
2741 4916 2868 4970 ltem
2894 4908 3344 4987 parapteres,'qui
3372 4925 3460 4966 su-

1864 5027 1964 5082 pra
1999 5009 2186 5080 scripti
2211 5017 2359 5074 sunt,
2405 5023 2627 5064 necesse
2655 5016 2760 5072 est,
2799 5015 2859 5061 ut
2911 5014 3211 5067 teneamus,
3258 5003 3350 5074 qui
3396 5002 3454 5058 in

1867 5104 2182 5175 antiphonis
2249 5101 2475 5156 minutis
2555 5099 3020 5170 comprobantur,
3093 5095 3329 5151 maxime
3390 5095 3458 5151 de

1863 5195 2111 5267 psalmis,
2154 5195 2246 5265 qni
2287 5209 2393 5250 non
2429 5193 2689 5249 ﬁniuntur
2725 5191 2801 5246 ita
2849 5197 2908 5244 ut
2957 5187 3236 5244 incboant.
3286 5185 3457 5240 Para-

1869 5299 2049 5360 pteres
2074 5287 2305 5354 dicti,eo
2333 5286 2478 5360 quod
2507 5285 2613 5342 iter
2632 5289 2941 5354 praeparant
2963 5280 3209 5335 versibus
3232 5280 3461 5334 descen-

1871 5382 2030 5438 dendi
2059 5382 2112 5436 in
2148 5381 2481 5452 antiphonis.
2513 5373 3040 5434 NENOTENARSIS
3064 5374 3330 5444 Parapter
3349 5372 3459 5433 Dri-

1873 5489 1994 5530 mus
2020 5473 2284 5544 contingit
2316 5482 2501 5528 tonum
2529 5470 2850 5536 secundum,
2875 5477 2931 5525 et
2958 5469 3124 5524 intrat
3146 5467 3460 5535 inversum,

1948 5672 2339 5757 (675)7Littera
2366 5673 2432 5729 Τ.
2481 5672 2638 5729 alteri
2685 5673 2892 5745 adjecta
2942 5679 3091 5728 notat
3124 5679 3329 5736 tonum,
3379 5665 3462 5724 uti

1877 5762 1925 5802 S.
1959 5756 2307 5805 semitonium
2320 5787 2330 5799 .
