3916 6452
177 335 292 392 95'!

1417 343 1665 398 MUSICA
1707 339 2160 398 ENCI-IIRIADIS.

3343 347 3447 404 958

181 446 246 500 in
283 445 478 520 duplici
515 467 526 502 :
559 457 615 504 ut
641 448 700 504 ll.
733 450 804 504 ad
827 449 922 504 llll.
947 459 1040 506 aut
1079 452 1133 506 iu
1165 453 1362 523 triplici
1391 471 1402 507 :
1439 463 1496 506 ut
1531 451 1566 505 11
1589 455 1654 506 ad
1679 451 1762 507 Vl.
1796 455 1844 515 ,Α
1871 453 2054 522 ditque
2081 471 2144 507 eo
2171 462 2406 524 tempore
2435 453 2753 511 Mercurium
2798 447 3118 531 (cochleam)
3149 459 3442 528 invenisse,

179 541 364 594 autin
387 542 724 612 quadrupla:
755 553 814 599 ut
839 556 966 600 sunt
989 546 1044 600 11.
1073 547 1136 601 ad
1157 548 1283 602 Vill.
1316 556 1409 601 aut
1433 548 1486 602 in
1510 547 1776 616 sesquial-

185 637 312 684 tera
347 648 358 682 :
389 639 446 684 ut
471 629 546 686 ill.
570 631 636 686 ad
659 632 714 686 11.
740 643 832 688 aut
857 635 909 690 in
949 636 1296 705 sesquitertia
1331 655 1342 690 :
1373 645 1435 692 ut
1479 635 1550 688 llll
1587 637 1652 688 ad
1693 635 1770 689 Ill.

179 719 542 790 praportioue
589 722 908 778 consistunt.
975 725 1106 793 Quze
1139 726 1284 782 enim
1331 727 1386 780 in
1433 725 1772 780 arithmetica

181 809 396 864 dicitur
423 813 790 898 sesquitertia,
823 815 1160 874 diatessaron:
1191 826 1418 873 vocatur
1457 818 1510 871 in
1541 818 1770 882 utusica;

179 917 316 972 quae
353 903 408 956 in
443 907 686 962 numeris
713 909 1090 978 sesquialtcra,
1121 911 1369 980 diapente
1396 909 1692 981 appellatur
1716 909 1772 965 in

181 994 444 1048 ttielodia.
476 995 604 1064 Qua!
635 1011 763 1052 vero
783 998 942 1069 dupla
967 1011 1052 1056 est
1085 1002 1138 1056 in
1161 1003 1618 1072 proportionibus,
1651 1002 1774 1056 dia-

179 1100 360 1156 pason
389 1086 442 1140 in
463 1090 852 1146 consonantiis.
912 1092 1092 1162 Tripla
1140 1109 1266 1148 vero
1295 1079 1546 1164 diapente
1575 1109 1640 1149 ac
1657 1094 1774 1149 dia-

179 1192 395 1246 pason;
429 1179 724 1250 quadrupla
771 1197 900 1238 vero
949 1184 1034 1238 bis
1069 1185 1348 1254 diapason.
1385 1185 1769 1253 Cousonantia,

179 1285 311 1338 qius
359 1286 576 1325 omnem
627 1275 845 1330 musicae
877 1275 1298 1332 modulationem
1346 1278 1502 1350 regit,
1547 1288 1772 1348 propter

181 1375 382 1416 sonum
415 1362 528 1417 fieri
579 1367 781 1434 nequit.
839 1365 1015 1422 Souus
1055 1383 1185 1422 vero
1219 1377 1438 1439 pr0pter
1484 1369 1770 1438 quemdam

179 1453 404 1524 pulsum
431 1457 938 1526 percussionemque
973 1473 1075 1512 non
1111 1459 1388 1522 redditur;
1431 1457 1618 1528 pulsus
1641 1473 1770 1513 vero

183 1555 352 1615 atque
379 1547 657 1616 percussio
709 1561 1046 1618 nequaquam
1095 1553 1228 1606 esse‘
1267 1559 1460 1621 potest,
1501 1549 1602 1604 nisi
1634 1566 1770 1620 prte—

183 1637 418 1692 cesserit
448 1647 658 1704 motus;
689 1649 740 1693 et
763 1640 877 1695 hrc
904 1639 1111 1710 species
1133 1641 1326 1695 climax
1349 1642 1564 1696 dicitur.

259 1727 572 1798 Simplicem
643 1715 882 1799 legimus
927 1731 1194 1800 principio
1257 1729 1424 1786 fuisse
1485 1731 1765 1796 musicam,

1876 559 2038 614 quant
2077 545 2350 598 cochleam
2401 545 2698 602 Mercurius
2747 545 3014 618 accipiens
3065 549 3198 604 nihil
3251 561 3450 621 praeter

1876 649 2070 690 nervos
2091 645 2326 704 quatuor
2354 637 2471 706 ejus
2498 639 2683 707 piscis,
2733 641 2826 709 qui
2877 641 2934 696 in
2958 653 3026 694 ea.
3053 639 3254 706 fuerat,
3299 641 3452 696 inve-

1875 727 2022 782 nisse
2055 727 2290 782 dicitur:
2331 743 2468 798 quos
2515 729 2828 799 singillatim
2875 739 3104 801 tangens
3144 733 3245 788 hoc
3287 741 3451 788 tetra-

1875 821 2136 876 chordum
2163 822 2370 891 primus
2407 823 2672 893 reperisse
2697 833 2968 878 narratur.

1945 911 2050 966 Sed
2077 912 2256 970 omnis
2277 911 2436 982 hujus
2461 913 2596 968 artis
2617 929 2850 976 summa,
2875 915 3018 968 sicut
3049 913 3210 968 nobis
3238 913 3456 968 videtur

1874 1002 1928 1056 in
1961 1003 2222 1074 regularis
2269 1005 2624 1060 monochordi
2659 1005 2923 1060 divisione
2955 1006 3200 1076 patescit.
3251 1005 3312 1058 in
3341 1015 3449 1074 qua

1875 1093 2136 1148 divisione
2165 1091 2341 1162 ntajus
2360 1095 2592 1162 spatium
2617 1094 2856 1158 chordae,
2891 1103 2948 1148 et
2971 1093 3146 1162 major
3169 1092 3456 1148 multitudo

1874 1184 2084 1237 numeri
2127 1197 2292 1238 sonos
2337 1183 2618 1252 graviores
2641 1183 2854 1238 efﬁciet.
2905 1185 2976 1240 At
3025 1185 3070 1238 si
3119 1184 3279 1238 fuerit
3301 1181 3458 1236 nervi

1873 1271 2148 1342 longitudo
2175 1272 2530 1336 contractior,
2565 1272 2648 1328 vel
2671 1273 3014 1342 paucioribus
3034 1275 3243 1341 signata
3273 1285 3454 1326 nam

1873 1361 1970 1424 ris,
2007 1370 2156 1416 tanto
2182 1362 2399 1432 gravior
2439 1377 2626 1428 sonus,
2657 1363 2740 1418 vel
2779 1364 2990 1418 acutior
3031 1365 3328 1428 invenitur,
3365 1361 3456 1418 ubi

1875 1453 2198 1508 chordarum
2225 1454 2398 1524 spatia
2439 1469 2710 1525 sonosque
2751 1457 3034 1522 metimur;
3093 1464 3340 1512 naturam
3369 1469 3456 1510 re-

1875 1563 1992 1602 rum
2029 1547 2238 1618 insequi
2263 1563 2488 1604 necesse
2514 1559 2620 1614 est,
2647 1549 2946 1618 majoriqne
2993 1548 3318 1604 chordarum
3343 1546 3456 1602 lon-

1801 1659 1808 1666 ·
1872 1640 2100 1718 gitudini
2130 1656 2194 1694 ex
2223 1640 2340 1696 istis
2363 1640 2674 1712 ampliores,
2729 1642 2924 1698 nuinori
2950 1655 3100 1706 vero,
3127 1655 3190 1695 ex
3222 1654 3326 1709 qua
3357 1653 3450 1694 vo-

1873 1729 1951 1786 cis
1978 1745 2202 1786 acumen
2235 1731 2502 1798 nascitur,
2541 1733 2668 1788 dare
2697 1733 2995 1789 breviores.
3037 1731 3458 1788 Proslambano-

187 1821 345 1885 adeo,
371 1829 429 1874 ut
447 1829 680 1890 quatuor
705 1823 888 1877 nervis
911 1831 1019 1878 tota
1053 1833 1350 1888 constaret,
1379 1835 1434 1878 et
1463 1825 1566 1878 hoc
1599 1840 1767 1895 usque
1796 1811 1843 1879 Β
1873 1837 2058 1876 laeuos
2088 1822 2152 1876 ad
2177 1822 2244 1878 G.
2273 1823 2334 1876 Β.
2361 1839 2478 1892 qua:
2499 1835 2584 1878 est
2607 1825 3022 1896 hypatemeson,
3051 1825 3304 1894 diapente
3329 1837 3460 1880 conv-

185 1909 256 1965 ad
281 1911 554 1981 Orpheum
583 1915 900 1984 permansit,
923 1926 982 1970 ut
1003 1917 1210 1986 primus
1240 1915 1456 1986 quidem
1493 1931 1688 1970 nervus
1714 1923 1770 1970 et

185 2009 414 2069 quartus
451 2002 706 2072 diapason
754 2007 1164 2059 consonantiam
1219 2015 1553 2072 resonarent,
1609 2005 1770 2060 medii

187 2095 257 2148 ad
280 2109 338 2148 se
361 2095 588 2150 invicem
604 2106 764 2166 atque
785 2100 1138 2151 adextremos
1149 2097 1399 2166 diapente
1416 2112 1478 2151 ac
1513 2098 1772 2152 diatessa-

191 2181 316 2246 ron,
349 2192 404 2236 ut
443 2185 644 2240 uihiliu
669 2187 752 2240 his
773 2194 918 2240 esset
937 2186 1292 2242 inconsonum
1309 2185 1376 2240 ad
1411 2186 1764 2240 mutationem

192 2275 474 2328 mundana:
489 2276 697 2332 scilicet
711 2279 950 2332 musicae.
965 2294 1088 2347 quae
1101 2295 1164 2332 ex
1185 2277 1276 2330 llll.
1292 2286 1508 2332 constat
1525 2278 1768 2331 elemen-

197 2366 296 2436 tis;
322 2368 468 2437 cujus
490 2369 870 2438 quadrichordi
899 2369 1196 2424 Mercurius
1245 2367 1442 2424 dicitur
1493 2367 1763 2422 inventor.

263 2459 454 2514 Fertur
472 2475 504 2514 a
529 2462 870 2529 quibusdam,
911 2471 1149 2532 tempore
1177 2460 1410 2531 quodam
1431 2457 1608 2512 Nilum
1631 2457 1769 2512 mul—

189 2553 446 2624 tipliciter
489 2553 838 2618 redundasse,
889 2554 960 2608 ita
997 2563 1055 2610 ut
1093 2564 1246 2608 terrae
1289 2553 1434 2608 circa
1471 2551 1590 2623 ejus
1612 2551 1766 2605 littus

185 2647 546 2722 operirentur,
581 2655 701 2718 post
733 2648 886 2714 cuius
927 2663 1200 2710 recessum
1229 2647 1408 2718 pisces
1457 2645 1768 2700 innumera-

183 2739 328 2796 biles
355 2745 558 2812 absque
576 2755 716 2814 aqua
739 2756 835 2812 per
859 2755 1080 2811 catapos
1102 2739 1322 2796 relictos
1349 2737 1601 2809 periisse,
1627 2736 1772 2792 acci-

1875 1915 2176 1968 sonantiam
2221 1913 2368 1970 facit.
2411 1915 2622 1970 Rursus
2669 1917 2731 1970 Α.
2777 1917 2834 1970 Β.
2881 1915 3454 1986 proslambanomenos

1877 2008 1942 2061 ad
1964 2007 2023 2062 C.
2059 2007 2120 2060 Β.
2191 2005 2418 2064 Zchanos
2451 2007 2690 2077 hypaton
2719 2007 3046 2062 diatonicam
3077 2006 3244 2060 habet
3269 2020 3460 2062 conso-

1879 2100 2118 2156 nantiam
2155 2100 2514 2156 diatessaron.
2545 2099 2743 2170 Sicque
2779 2100 2830 2154 in
2861 2099 3104 2154 numeris
3132 2097 3458 2152 chordaru-

1877 2187 2274 2244 rationabiliter
2301 2190 2629 2262 digestarum
2653 2191 2860 2261 peritus
2882 2189 3101 2244 musicae
3121 2187 3292 2244 lector
3307 2195 3460 2242 tonos

1875 2280 2144 2350 legitimos
2177 2279 2421 2336 invenire
2449 2280 2724 2352 gaudebit.
2757 2278 2888 2334 Tam
2919 2277 3290 2334 difﬁcillimum
3325 2291 3462 2348 opu]

1878 2374 2066 2442 nequit
2093 2373 2380 2444 explicari,
2409 2375 2556 2444 quod
2599 2373 2682 2430 vel
2721 2389 2996 2444 nunquam
3025 2374 3078 2428 in
3129 2372 3288 2444 longo
3341 2379 3452 2426 tra-

1876 2474 2022 2520 ctatu
2052 2463 2228 2518 minus
2251 2464 2442 2534 peritis
2453 2473 2638 2536 aperte
2657 2465 2904 2534 patescit.
2931 2463 3066 2518 llinc
3086 2462 3272 2532 liquet,
3295 2475 3460 2530 quos~

1876 2556 1996 2610 dam
2024 2573 2127 2610 non
2161 2557 2603 2612 iuconveuienter
2623 2557 2968 2612 contendisse
3001 2574 3014 2610 :
3040 2555 3303 2616 musicam
3333 2567 3456 2610 cum

1874 2644 2064 2702 Boetio
2088 2645 2284 2700 caelum
2306 2646 2576 2702 veraciter
2609 2645 2940 2700 ascendisse.

2309 2737 2543 2808 Explicit
2582 2733 2784 2792 Musica
2817 2735 3033 2792 Uhaldi.

201 2859 2888 2890 ΜΨ

830 2987 1428 3084 HUCBALDI
1503 2981 1946 3076 MUSICA
2011 2979 2796 3076 ENCHIRIADIS

265 3273 419 3329 Sicut
442 3272 588 3328 vocis
626 3269 928 3326 articulatm
973 3267 1338 3326 elementarize
1367 3279 1530 3338 atque
1562 3239 1771 3324 indivi-
1800 3265 1846 3327 C
1877 3263 2116 3332 Quartus
2139 3259 2415 3315 tetrardus
2448 3265 2573 3313 tono
2602 3257 2808 3314 distans
2832 3271 2860 3312 a
2888 3239 3038 3310 trito.
3091 3249 3294 3310 Horum
3341 3267 3442 3310 con

187 3366 312 3421 duae
328 3375 505 3436 partes
528 3373 652 3419 sunt
679 3363 896 3428 litterat,
916 3379 980 3419 ex
998 3363 1195 3434 quibus
1219 3361 1536 3432 compositae
1556 3360 1776 3432 syllaba:

191 3473 411 3512 rursum
445 3465 772 3528 componunt
803 3456 964 3510 verba
989 3464 1044 3509 et
1065 3455 1304 3516 nomina,
1330 3468 1502 3524 eaque
1524 3453 1776 3522 perfecta:

191 3552 461 3608 orationis
500 3559 738 3616 textum;
796 3551 874 3606 sic
929 3563 1142 3604 canone
1173 3545 1320 3602 vocis
1347 3547 1628 3618 phthougi,
1684 3545 1776 3616 qui

191 3641 362 3696 latine
385 3643 636 3696 dicuntur
663 3641 800 3706 soni,
824 3639 1059 3712 origines
1092 3647 1240 3702 sunt,
1265 3646 1318 3692 et
1366 3638 1531 3691 totius
1560 3637 1778 3692 musica:

195 3733 530 3790 continentia
563 3733 616 3786 iu
650 3748 834 3787 eorum
878 3731 1118 3785 ultimam
1149 3729 1529 3786 resolutionem
1560 3729 1775 3784 desinit.

195 3831 276 3884 Ex
316 3843 569 3884 sonorum
595 3835 773 3881 autem
805 3823 1142 3898 cupulatioue
1169 3825 1489 3881 diastemata
1519 3838 1679 3894 porro
1711 3838 1778 3878 ex

195 3919 604 3975 diastematihus
661 3925 1016 3973 concrescunt
1064 3925 1381 3990 systemata.
1451 3913 1578 3969 Soui
1651 3928 1780 3968 vero

196 4011 370 4082 prima
401 4020 526 4065 sunt
557 4007 902 4064 fundamenta
933 4018 1144 4064 cantus.
1171 4005 1438 4078 Phthongi
1469 4017 1648 4062 autem
1675 4022 1778 4060 non

196 4104 523 4176 quicumque
551 4103 804 4158 dicuntur
827 4101 972 4167 soni,
1005 4099 1097 4156 sed
1131 4099 1220 4168 qui
1253 4098 1512 4168 legitimis
1554 4099 1619 4153 ab
1643 4098 1782 4152 invi-

194 4211 318 4252 cem
353 4197 540 4267 spatiis
579 4195 826 4266 dispositi
863 4193 1001 4250 melo
1048 4201 1172 4250 sunt
1201 4191 1334 4260 apti.
1381 4189 1580 4244 Eorum
1613 4189 1782 4258 siqui-

197 4287 320 4342 dem
377 4287 455 4343 sic
516 4293 568 4340 et
592 4283 914 4340 intendenda
969 4293 1023 4340 ct
1075 4281 1398 4338 remittendo
1457 4281 1780 4335 naturaliter

201 4381 557 4436 continuatur
604 4379 754 4445 ordo,
807 4387 865 4432 ut
897 4394 1108 4450 semper
1155 4385 1386 4448 quatuor
1438 4385 1493 4430 et
1551 4383 1784 4446 quatuor

203 4473 446 4542 ejusdem
501 4471 824 4528 conditionis
863 4486 981 4525 sese
1019 4478 1442 4538 consequantur.
1491 4465 1557 4520 At
1586 4465 1782 4536 singuli

204 4547 398 4622 horum
426 4573 656 4634 quatuor
683 4563 760 4618 sic
788 4573 912 4618 sunt
941 4561 1266 4630 competenti
1295 4562 1435 4614 inter
1465 4575 1522 4614 sc
1553 4557 1781 4613 diversi-

1881 3357 2026 3410 tiuua
2077 3351 2527 3425 nutltiplicatioue
2571 3365 2826 3406 sonorum
2877 3348 3116 3406 infinitas
3163 3346 3388 3412 texitur,
3415 3352 3466 3402 et

1879 3447 2062 3502 tamdiu
2107 3445 2388 3517 quaternis
2433 3443 2684 3514 quaterni
2712 3440 2952 3510 ejusdem
2996 3439 3328 3496 conditionis
3349 3453 3451 3512 suc-

1878 3539 2095 3602 cedunt,
2156 3537 2327 3590 donec
2383 3533 2724 3590 ascendendo
2783 3531 2864 3586 vel
2921 3530 3297 3586 descendendo
3341 3527 3460 3584 deti-

1879 3637 2031 3691 ciunt
2055 3651 2068 3688 :
2103 3635 2176 3690 ita
2211 3649 2224 3688 :

1889 3719 2590 3802 raNalrr/ri
2649 3701 2942 3796 Περι
3007 3720 3016 3790 I
3087 3715 3434 3792 255th

1881 3819 2096 3875 Graves.
2280 3817 2517 3872 Finales.
2597 3815 2924 3885 Superiores.
3041 3809 3390 3864 Excellenlea.

1883 3914 2121 3970 Utenim
2161 3915 2278 3969 haec
2321 3909 2772 3982 descriptiuncula
2813 3904 3072 3970 ostendit,
3106 3904 3220 3958 sive
3241 3915 3457 3958 sursum

1883 4011 1998 4064 sive
2025 4007 2206 4078 jusum
2247 4003 2546 4078 (deorsum)
2571 4019 2732 4058 sonos
2765 4003 2816 4056 in
2855 4001 3044 4058 ordine
3076 3999 3261 4058 ducas,
3287 3985 3458 4063 usque

1882 4103 1936 4158 in
1964 4101 2232 4158 defectum
2261 4099 2408 4154 vocis
2451 4096 2752 4166 hujusmodi
2798 4095 2940 4150 velut
2996 4088 3464 4148 tetrachordorum

1883 4195 2160 4254 successio
2187 4209 2292 4250 non
2322 4191 2578 4248 cessabit.
2615 4189 2816 4244 Horum
2847 4189 3008 4243 etiam
3031 4193 3264 4258 quatuor
3295 4195 3464 4238 sono-

1882 4302 2002 4340 rum
2060 4286 2234 4340 virtus
2279 4291 2402 4340 octo
2453 4279 2730 4336 modorum
2789 4283 3110 4350 potestatem
3160 4280 3342 4338 creat,
3408 4276 3472 4326 ut

1883 4387 2072 4447 postea
2119 4392 2215 4431 suo
2259 4375 2378 4432 loco
2409 4374 2634 4428 dicetur.
2686 4368 2888 4424 ilorum
2927 4365 3114 4422 sociali
3147 4362 3476 4422 diversitate

1888 4479 1998 4524 tota
2026 4467 2294 4522 adunatur
2333 4464 2640 4522 harmonia.

1961 4560 2158 4616 Verum
2188 4561 2332 4630 quia,
2374 4569 2434 4614 ut
2482 4559 2684 4612 dictum
2714 4565 2822 4617 est,
2867 4567 3054 4612 eorum
3098 4545 3474 4618 multiplicatio

205 4655 836 4720 tatedissimilcs,utnon
864 4655 1034 4709 soluat
1052 4654 1300 4709 acumine
1317 4651 1565 4708 differant
1588 4661 1642 4705 et
1663 4643 1851 4722 gra-D
1877 4655 1928 4708 in
1960 4654 2284 4708 immensum
2313 4649 2576 4720 procedit,
2630 4664 2694 4702 ex
2730 4649 2831 4702 hac
2879 4642 3260 4701 immensitatis
3287 4635 3478 4696 confu-

201 4751 392 4816 vitate,
416 4750 508 4806 sed
530 4749 671 4803 enim
697 4765 792 4804 suo
814 4749 1060 4804 acumine
1080 4746 1344 4818 gravitate
1368 4745 1615 4814 proprias
1631 4752 1786 4798 natu-

205 4839 438 4895 ralitatis
468 4855 577 4896 suae
599 4841 831 4894 habeant
851 4839 1155 4909 qualitates.
1187 4837 1330 4904 Quas
1355 4852 1544 4892 rursus
1565 4836 1648 4890 his
1675 4837 1782 4890 siu-

201 4933 345 5004 gulis
365 4941 542 4990 ratum
569 4934 637 4988 ab
663 4933 888 4988 invicem
917 4932 1182 4987 acuminis
1210 4941 1261 4985 et
1295 4930 1516 4986 laxioris
1543 4929 1783 5000 spatium

204 5119 426 5176 format.
449 5119 691 5190 Exempli
719 5119 888 5190 gratia
907 5117 989 5172 hae
1013 5117 1062 5170 in
1089 5117 1279 5171 ordine
1305 5125 1444 5170 notae
1467 5115 1509 5168 D
1561 5116 1600 5168 E
1635 5113 1676 5167 F
1715 5113 1779 5170 G.

279 5211 514 5278 Primus,
541 5211 631 5280 qui
662 5221 718 5264 et
743 5209 1116 5281 gravissimus,
1150 5207 1338 5262 (ἔνερθε
1371 5215 1556 5277 protos
1587 5205 1790 5262 dicitur

207 5306 290 5360 vel
325 5307 574 5362 archoos.
603 5303 886 5359 Secundus
914 5303 1186 5368 deuteros,
1213 5311 1340 5355 tono
1367 5302 1574 5356 distans
1605 5317 1634 5354 ιι
1659 5315 1784 5370 pro-

211 5409 281 5453 to.
346 5396 558 5468 Tertius
614 5399 768 5452 tritos
821 5395 1106 5452 semitonio
1171 5396 1382 5452 distans
1433 5411 1464 5450 a
1533 5397 1776 5453 deutero.

279 5485 1454 5562 (ίίῖεῆἵἸΝἸιΡΓίΓΙ

1007 5599 1367 5656 DEFG

1016 5695 1248 5750 Finales.

479 5603 866 5660 TABC

487 5697 718 5754 Graves.

1598 5696 1936 5767 Superiores.

1889 4747 2039 4802 sione
2069 4755 2274 4802 certum
2309 4743 2410 4798 sibi
2438 4755 2720 4795 uulnerum
2763 4737 2930 4808 elegit
2970 4737 3110 4792 ratio
3147 4730 3480 4802 disciplinae,

1888 4849 1942 4896 et
1973 4843 2022 4896 iu
2048 4841 2230 4896 decem
2255 4849 2309 4895 et
2335 4848 2456 4892 octo
2485 4837 2632 4891 sonis
2661 4835 2759 4890 sibi
2797 4833 3228 4904 speculationem
3267 4821 3473 4896 posuit,

1891 4935 1980 4992 ubi
2014 4945 2210 5008 quater
2241 4927 2480 5002 quatuo—i‘
2511 4928 2904 4990 continentur,‘
2940 4933 2994 4977 et
3018 4923 3240 4990 insuper
3259 4916 3386 4972 duo.
3417 4913 3480 4972 In

1889 5003 2086 5100 quibus
2116 5025 2348 5096 primum
2377 5031 2431 5076 et
2451 5019 2810 5074 humillimum
2834 5023 3050 5074 constat
3068 5003 3476 5068 tctrachordum

1891 5097 2178 5191 gravium:
2231 5115 2356 5170 huic
2405 5111 2712 5182 proximum
2755 5102 3156 5161 tetracltordum
3187 5097 3474 5191 ﬁnalium}

1891 5183 2010 5283 post
2035 5223 2170 5280 quos
2201 5203 2606 5262 tetrachordum
2643 5198 2978 5270 superiorum
3024 5211 3036 5247 :
3088 5189 3280 5246 deinde
3303 5183 3480 5242 excel-

1890 5279 2132 5362 lentium.
2177 5299 2361 5358 Ultimi
2405 5303 2691 5353 remanent
2736 5291 2862 5358 duo,
2903 5301 3134 5358 quorum
3182 5279 3479 5352 descriptio

1889 5415 1956 5454 en
1979 5399 2081 5452 ista
2110 5402 2212 5452 est.
2239 5389 2387 5464 (675)

1563 5474 2810 5563 JJBJIﬁBXEI‘r‘ﬁ

1584 5604 1920 5661 ahcd

2448 5545 2785 5602 a’be

2085 5597 2478 5672 ets;
2643 5597 2779 5672 ῦὸ

2083 5687 2444 5748 Excedentes.

279 5743 740 5834 Nota,le‘c-tdr,v
783 5769 837 5823 h.
887 5769 974 5823 hic
1016 5743 1386 5837 _e'tmdeivnccps
1447 5743 2410 5837 accipi-155d.vqita.lratumholim7
2437 5759 2538 5816 fuit
2585 5759 2824 5821 dictum,
2872 5761 3156 5826 postquam
3203 5743 3482 5814 distinctio

213 5839 274 5897 Β.
321 5839 498 5897 mollis
527 5848 582 5895 et
633 5839 754 5894 duri
793 5837 908 5894 ﬁeri
953 5839 1147 5907 coepit,
1185 5847 1242 5893 ut
1293 5855 1388 5893 suo
1417 5837 1535 5894 loco
1581 5839 1758 5896 ualam
1805 5839 1912 5895 lict.
