3858 5654
418 419 528 480 939

1051 537 1282 597 CAPUT
1317 538 1382 594 ll.

413 647 501 704 'De
550 651 933 723 phthongorum
973 649 1187 723 figuris,
1231 661 1280 706 et
1328 667 1492 722 quare
1544 651 1646 707 sint
1708 650 2013 707 octodecim.

410 752 419 764 '
490 738 657 812 Igitur
697 742 853 811 quia,
896 750 955 796 ut
998 742 1203 798 dictum
1250 750 1366 809 est,
1412 741 1652 811 ejusdem
1692 741 2016 798 conditionis

418 843 654 903 quatuor
719 843 774 890 et
823 844 1057 906 quatuor
1110 843 1303 890 natura
1364 835 1588 902 statuit,
1641 836 1714 890 ita
1770 843 1825 890 et
1875 843 2016 889 notas

417 939 556 994 pene
595 936 720 981 sunt
759 928 983 983 eaedem.
1035 929 1385 986 Solummodo
1417 929 1884 985 tetrachordorum
1914 927 2016 983 dif-

417 1014 652 1074 ferentia
704 1021 876 1078 versis
923 1021 977 1076 in
1012 1022 1222 1077 varium
1269 1022 1675 1078 characterihus
1727 1021 2010 1076 indicatur.

415 1104 632 1164 Primus
677 1109 855 1166 ﬁnalis
902 1125 998 1167 seu
1039 1112 1339 1166 terminalis
1384 1111 1446 1166 D.
1495 1111 1526 1167 ι·
1589 1111 1809 1176 dasian,
1856 1109 2011 1167 incli-

414 1215 544 1255 num
575 1217 622 1256 s.
649 1202 715 1257 ad
759 1213 951 1274 caput,
999 1204 1076 1259 ita
1115 1202 1195 1278 Ρ.
1238 1203 1522 1260 Secundus
1557 1203 1761 1271 ﬁnalis,
1807 1218 1858 1258 c.
1888 1218 2014 1258 ver-

413 1308 533 1350 sum
586 1295 654 1350 ad
710 1307 904 1368 caput,
963 1298 1035 1353 ita
1093 1297 1175 1371 Γ.
1226 1297 1443 1353 Tertius
1492 1297 1668 1352 ﬁnalis
1703 1295 1732 1350 Ι
1783 1294 2010 1367 simplex

411 1397 466 1442 et
511 1387 801 1454 inclinarunt,
857 1391 933 1446 ita
974 1391 1030 1464 /.
1087 1390 1326 1458 Quartus
1373 1391 1580 1457 ﬁnalis,
1631 1407 1678 1446 c.
1727 1390 2008 1447 dimidium

411 1479 479 1533 ad
530 1489 692 1551 caput
749 1481 822 1536 ita
870 1482 957 1552 [⁸.
1006 1481 1215 1538 Graves
1256 1483 1546 1539 retroversi
1595 1481 1784 1538 ﬁnales
1828 1483 1901 1544 ita
1950 1482 1993 1555 3’

427 1570 467 1641 9
530 1570 584 1625 Ν
643 1571 720 1644 7.
775 1573 1096 1644 Superiores
1151 1575 1370 1631 demissi
1425 1575 1601 1645 capita
1663 1574 1880 1640 ﬁnalcs,
1934 1575 2007 1630 ita

411 1660 470 1733 .J
526 1662 589 1736 J
643 1648 677 1724 '7
728 1665 810 1737 ,1.
876 1666 1213 1724 Excellentes
1263 1669 1484 1726 demissi
1537 1669 1715 1741 capita
1770 1683 2004 1742 graves,

407 1755 482 1811 ita
537 1756 581 1829 ,ξ
660 1757 700 1831 ε,
761 1758 811 1813 Χ
857 1759 930 1833 ἦ.
977 1761 1215 1834 Excepto
1265 1765 1424 1828 trito,
1472 1763 1596 1834 quia
1643 1763 1696 1818 in
1746 1764 2004 1835 gravibus

405 1856 590 1904 notam
641 1851 802 1908 habet
849 1852 914 1907 N.
968 1853 1230 1909 inclinum
1279 1854 1330 1908 Ν
1372 1871 1391 1910 :
1434 1855 1483 1909 in
1539 1854 1910 1926 superioribus
1955 1853 2001 1910 Ν

405 1955 622 1997 versum
661 1927 713 2003 5.
770 1945 824 2006 Η
878 1943 1024 2016 (676)
1056 1945 1114 2000 In
1165 1945 1554 2002 excellentibus
1580 1925 1689 2001 iota
1720 1946 2000 2018 prazﬁxum
2035 1925 2078 1985 Β

407 2033 564 2100 (alias
612 2036 900 2111 perﬁxum)
935 2039 1003 2094 X.
1052 2039 1168 2095 Duo
1213 2039 1416 2095 residui
1469 2040 1622 2112 signa
1681 2041 1882 2096 habent
1934 2052 2008 2102 ι-ιπ·

404 2128 476 2193 ⁸·’δ
521 2129 754 2195 jacentis
803 2131 945 2200 preti
995 2140 1051 2188 et
1100 2132 1328 2188 deuteri.
1383 2131 1521 2188 Sunt
1565 2147 1756 2188 omnes
1800 2132 2002 2209 XVIII,

405 2231 512 2288 quo
569 2219 819 2277 videlicet
857 2223 1054 2295 singuli
1085 2234 1384 2280 extremam
1436 2239 1590 2280 suam
1627 2224 2003 2296 symphoniam

404 2310 706 2382 attingant,
755 2314 808 2370 id
849 2324 962 2382 est,
996 2317 1247 2388 quintum
1277 2316 1548 2374 decimum
1593 2332 1823 2384 sonum,
1862 2318 2004 2374 unde

402 2414 525 2474 post
569 2407 799 2463 dicetur.
843 2407 980 2464 Sunt
1024 2419 1078 2466 et
1123 2411 1230 2466 alia
1273 2409 1428 2482 plura
1478 2410 1712 2481 plurium
1745 2427 2003 2468 sonorum

403 2495 556 2566 signa
607 2497 823 2554 inventa
864 2501 1196 2572 antiquitus,
1249 2501 1445 2572 quibus
1487 2501 1705 2558 evitatis
1757 2504 1856 2561 has
1919 2503 2002 2560 fa-

403 2587 620 2646 ciliores
671 2591 760 2647 hic
809 2593 1048 2649 inserere
1095 2609 1240 2649 cura:
1293 2593 1395 2650 fuit
1446 2604 1621 2651 notas.

1024 2727 1254 2788 CAPUT
1291 2730 1375 2787 Ill.

402 2838 554 2898 Unde
591 2843 804 2898 dicatur
851 2846 1245 2901 tetrachordum
1281 2847 1526 2917 ﬁnalium
1579 2858 1628 2904 et
1669 2859 1999 2905 cit-terarum.

408 2943 439 3012 ις’
471 2935 810 2993 Terminales
849 2938 964 2994 sive
1017 2939 1202 2996 ﬁnales
1250 2941 1535 3008 dicuntur,
1585 2943 1712 3013 quia
1747 2942 1798 2998 in
1831 2958 1997 2997 unum

401 3023 634 3097 aliquem
659 3043 728 3084 ex
775 3028 862 3084 his
890 3039 1124 3100 quatuor
1164 3031 1335 3089 melos
1373 3049 1536 3090 omne
1573 3035 1718 3089 ﬁniri
1749 3048 2001 3090 necessse

397 3128 498 3173 est.
547 3118 762 3175 Etenim
807 3121 967 3192 primi
1023 3125 1137 3178 toni
1203 3124 1400 3181 melum
1467 3133 1522 3180 et
1568 3126 1864 3196 subjugalis
1916 3127 1999 3182 sui

398 3223 532 3264 sono
579 3210 782 3266 archoo
821 3210 871 3286 Ρ
931 3215 1137 3285 regitur
1174 3225 1230 3270 et
1262 3216 1467 3271 ﬁnitur.
1522 3215 1805 3273 Secundus
1837 3225 1997 3273 tonus

995 415 1345 480 HUCBALDI
1380 417 1545 477 MON.
1581 416 1641 477 S.
1680 411 1946 476 AMANDI
1985 410 2136 476 OPP.
2178 413 2360 473 PARS
2399 413 2466 472 [1.
2505 444 2577 458 -—
2613 414 3119 475 MISCELLANEA.

2038 546 2088 606 Α
2117 537 2278 591 tertio
2324 544 2380 592 et
2424 545 2618 608 quarto
2671 537 2831 594 modo
2877 553 2910 594 a
2961 536 3024 611 [³
3078 536 3306 593 deutero
3355 535 3510 592 ﬁnali
3543 553 3720 609 usque

3607 417 3718 476 960

2119 631 2172 686 in
2223 631 2450 686 eundem
2498 647 2715 703 gravem
2786 633 2861 705 ’1.
2913 632 2970 688 In
3017 633 3210 703 quinto
3261 641 3316 688 et
3369 642 3531 688 sexto
3595 649 3630 687 a
3681 645 3713 704 /

2118 724 2245 780 trito
2287 723 2429 780 ﬁnali
2482 741 2653 798 usque
2705 727 2758 782 in
2801 727 3032 783 eundem
3083 742 3300 797 gravem
3352 725 3409 781 Ν
3459 726 3520 781 In
3553 729 3720 798 septi-

2117 831 2206 872 mo
2263 825 2317 872 et
2353 825 2545 872 octavo
2599 834 2630 872 a
2677 818 2732 890 Γ
2790 819 3030 874 tetrardo
3079 817 3229 874 ﬁnali
3280 833 3456 890 usque
3495 818 3552 873 in
3582 833 3717 874 enn-

2115 908 2236 964 dem
2284 925 2502 981 gravem
2564 909 2640 983 ‘1.
2687 911 2756 966 At
2805 926 2934 966 vero
2966 911 3016 965 in
3070 910 3324 967 acumine
3366 924 3402 964 a
3450 925 3716 981 quocum-

2115 1015 2218 1070 que
2255 1000 2403 1057 ﬁnali
2457 1019 2555 1059 suo
2601 1018 2771 1074 usque
2812 1003 2867 1060 in
2922 1004 3138 1060 tertium
3184 1003 3430 1076 ejusdem
3473 1004 3714 1060 nominis

2114 1109 2282 1152 sonus
2332 1094 2512 1153 eﬁ'erri
2554 1097 2729 1164 valet,
2785 1097 2840 1153 id
2885 1107 3000 1163 est,
3051 1097 3108 1154 in
3135 1111 3306 1169 usque
3333 1095 3708 1154 Excellentes.

2743 1209 2970 1268 CAPUT
3009 1211 3074 1266 ν.

2220 1305 2362 1374 Quid
2413 1307 2567 1362 distet
2608 1307 2748 1362 inter
2785 1316 3023 1362 autentos
3072 1313 3121 1362 et
3163 1305 3391 1362 minores
3429 1316 3604 1361 tonos.

2181 1416 2448 1475 Praeterea
2501 1435 2622 1474 cum
2660 1419 2849 1474 eodem
2899 1433 3032 1475 sono
3073 1425 3330 1474 autentus
3368 1416 3607 1488 quisque
3631 1425 3706 1471 to-

2109 1526 2236 1574 nus,
2291 1521 2342 1566 et
2385 1511 2474 1584 qui
2523 1511 2623 1568 sub
2656 1512 2773 1584 ipso
2825 1521 2937 1577 est,
3001 1521 3260 1582 regantur
3313 1519 3370 1566 et
3419 1509 3698 1575 ﬁniantur,

2107 1606 2250 1660 unde
2301 1614 2356 1660 et
2399 1621 2498 1678 pro
2545 1621 2652 1662 uno
2697 1607 2962 1662 habentur
3011 1613 3182 1671 tono,
3233 1604 3286 1659 in
3352 1604 3463 1659 hoc
3530 1608 3698 1656 tamen

2107 1694 2392 1762 diﬁ‘erunt,
2447 1699 2589 1768 quod
2644 1698 2944 1754 minoribus
2996 1699 3140 1753 tonis
3208 1699 3425 1753 minora
3473 1705 3602 1752 sunt
3652 1696 3696 1750 in

2107 1787 2366 1845 elevando
2406 1789 2609 1860 spatia,
2660 1798 2713 1844 et
2754 1788 2978 1846 inferior
3013 1791 3246 1861 quisque
3281 1797 3450 1845 tonus
3497 1788 3699 1843 nonnisi

2106 1880 2174 1935 ad
2227 1881 2474 1952 quintum
2526 1897 2697 1953 usque
2745 1897 2936 1940 sonum
2995 1899 3025 1939 a
3073 1883 3223 1939 tlnali
3272 1897 3376 1940 suo
3447 1882 3696 1939 ascendit.

2109 1969 2214 2028 Sed
2255 1980 2311 2028 et
2355 1971 2459 2028 hoc
2491 1987 2632 2028 raro.

2727 2085 2954 2143 CAPUT
2993 2085 3082 2144 Vl.

2105 2199 2184 2256 De
2216 2200 2619 2274 proprietatibus
2662 2217 2911 2274 sonorum
2941 2215 2961 2254 :
2999 2212 3046 2256 et
3087 2203 3264 2274 quatis
3296 2202 3437 2258 locis
3469 2202 3535 2256 ab
3575 2203 3686 2255 ἰπίο

2374 2289 2484 2327 cem
2514 2273 2704 2327 distent
2740 2271 2974 2343 ejusdem
2999 2271 3273 2345 qualitatis
3304 2274 3456 2328 soni.

2174 2385 2344 2458 Igitur
2391 2400 2549 2456 quem
2602 2386 2656 2441 in
2708 2385 2794 2441 his
2843 2386 3058 2442 studere
3105 2386 3373 2450 delectat,
3436 2386 3532 2442 det
3585 2400 3699 2455 ope-

2105 2492 2223 2532 ram
2275 2485 2542 2548 quatenus
2580 2491 2854 2548 proprtam
2907 2476 3168 2550 cujusque
3206 2479 3328 2534 soni
3380 2478 3499 2532 vim
3543 2476 3702 2532 valeat

2105 2570 2407 2635 dinoscere,
2457 2569 2652 2626 dehinc
2699 2569 2753 2624 in
2806 2569 3097 2627 miscendis
3149 2572 3297 2626 sonis
3347 2581 3701 2641 qnotumcun-

2102 2677 2210 2733 que
2270 2663 2606 2734 phthongum
2674 2663 2789 2717 sive
2831 2662 2884 2717 in
2944 2677 3162 2734 gravem
3225 2662 3344 2718 sive
3391 2663 3450 2717 in
3505 2669 3699 2717 acutam

2103 2761 2311 2822 partem
2365 2752 2617 2808 celeriter
2661 2768 2888 2824 capere,
2939 2762 2997 2809 ut
3041 2762 3096 2808 et
3155 2753 3361 2809 virtute
3413 2763 3477 2809 et
3526 2753 3704 2808 chara-

2104 2851 2252 2899 ctere
2298 2844 2728 2915 quotusquisque
2757 2845 2827 2900 sit
2865 2859 3028 2900 sonus
3059 2860 3089 2900 a
3131 2859 3296 2908 sono,
3339 2843 3556 2915 liquido
3583 2858 3700 2898 coa-

2106 2937 2413 3009 templetur.
2455 2937 2644 2994 Omnis
2690 2953 2857 2994 sonus
2908 2937 3145 2994 musicus
3199 2935 3368 2993 habet
3408 2938 3468 2991 in
3504 2945 3697 2990 utram-

2103 3043 2210 3098 que
2262 3029 2343 3083 sui
2401 3038 2609 3099 partem
2662 3029 2850 3098 quinto
2904 3028 3021 3084 loco
3075 3027 3274 3083 suimet
3304 3026 3698 3099 qualitatisso-

2103 3136 2231 3176 num
2258 3119 2438 3193 (677):
2460 3121 2616 3176 tertio
2642 3120 2761 3177 loco
2787 3122 2839 3176 in
2871 3130 3159 3191 utrumque
3177 3120 3320 3176 latus
3341 3135 3544 3176 sonum
3565 3136 3698 3176 eun-

2103 3214 2253 3277 dem,
2303 3222 2358 3267 et
2407 3228 2568 3283 quem
2620 3213 2671 3268 in
2723 3213 2824 3270 hoc
2886 3212 2970 3268 vel
3027 3212 3080 3268 in
3145 3212 3236 3270 illo
3285 3211 3466 3270 latere
3521 3230 3694 3270 secun-

398 3317 521 3358 cum
580 3304 844 3377 subjugali
896 3321 1027 3373 suo,
1093 3324 1227 3365 sono
1276 3308 1339 3382 Γ
1394 3312 1618 3367 deutero
1671 3313 1876 3384 regitur
1938 3322 1989 3368 et
2025 3298 2228 3361 Cdum
2295 3303 2486 3369 habet,
2561 3303 2615 3358 in
2683 3302 2856 3359 altero
2915 3303 3077 3359 habet
3124 3313 3406 3374 quartum.
3467 3304 3693 3360 Dandum

397 3391 606 3446 ﬁnitur.
678 3393 896 3451 Tertius
965 3397 1188 3469 ejusque
1258 3397 1557 3473 subjugalis
1603 3417 1736 3458 sono
1777 3403 1818 3477 /
1867 3405 1996 3460 trito

398 3483 607 3552 regitur
635 3493 690 3540 et
721 3484 926 3543 ﬁnitur.
975 3488 1214 3556 Quartus
1261 3505 1383 3546 cum
1417 3507 1517 3548 suo
1561 3492 1824 3564 subjugali
1863 3509 1996 3550 sono

407 3575 463 3647 Γ
499 3577 740 3634 tetrardo
792 3581 1000 3652 regitur
1051 3590 1107 3638 et
1152 3582 1359 3639 ﬁnitur.
1389 3581 1630 3640 Vocatur
1683 3594 1863 3642 autem
1900 3602 1998 3641 au-

397 3676 577 3724 tentus
625 3670 800 3743 major
847 3672 1076 3744 quilibet
1123 3683 1316 3744 tonus,
1373 3675 1544 3749 plagis
1597 3675 1715 3751 (seu
1764 3677 1994 3752 plagius)

397 3775 596 3818 mmor.

1015 3859 1244 3918 CAPUT
1283 3861 1374 3918 IV.

401 3967 580 4035 Quare
622 3986 788 4026 unum
820 3971 989 4029 solum
1037 3975 1426 4048 tetrachordum
1477 3977 1573 4031 sub
1612 3977 1863 4048 ﬁnalibus
1893 3979 1996 4048 sit,

947 4055 995 4100 et
1035 4045 1140 4099 duo
1182 4063 1364 4118 supra.

468 4131 684 4190 Finales
723 4149 820 4191 seu
861 4136 1171 4193 terminales
1201 4139 1319 4194 soni
1350 4139 1450 4195 sub
1478 4155 1536 4195 se
1578 4139 1782 4196 habent
1828 4156 1995 4196 unum

401 4224 841 4293 tetrachordum,
889 4228 1034 4298 quod
1088 4228 1288 4284 dicitur
1343 4228 1623 4286 Gravium.
1688 4231 1864 4303 Supra
1939 4247 1998 4287 se

400 4323 577 4371 autem
609 4317 744 4385 duo,
801 4320 856 4375 id
907 4330 1028 4386 est,
1078 4320 1431 4393 Superiorum
1483 4331 1538 4378 et
1565 4323 1996 4392 Excellentium,

399 4421 520 4463 cum
580 4409 810 4467 residuis
855 4411 1064 4468 duobus
1107 4413 1259 4470 sonis
1307 4431 1320 4468 :
1373 4415 1625 4472 videlicet
1669 4415 1812 4488 quod
1864 4417 1998 4473 sim-

399 4499 524 4570 plex
578 4511 633 4557 et
688 4502 959 4574 legitimus
1010 4516 1206 4563 cantus
1254 4509 1479 4566 inferius
1533 4525 1642 4568 non
1690 4510 1998 4577 descendit,

399 4610 561 4665 quam
615 4611 786 4667 usque
822 4600 889 4653 a-l
945 4615 1136 4655 sonum
1180 4604 1432 4673 quintum
1489 4621 1520 4659 a
1570 4603 1716 4660 ﬁnali
1777 4620 1897 4660 suo.
1938 4603 1996 4659 In

2097 3410 2313 3468 quoque
2360 3395 2562 3466 aliquid
2614 3398 2693 3452 eis
2739 3406 2854 3464 est,
2899 3397 2990 3466 qui
3040 3397 3219 3452 minus
3280 3396 3468 3452 adhuc
3522 3398 3576 3452 in
3627 3397 3694 3450 his

2097 3473 2379 3545 exercitati
2428 3496 2586 3554 sunt,
2641 3504 2750 3560 quo
2816 3487 2901 3544 vel
2962 3489 3015 3544 in
3080 3496 3210 3545 noto
3266 3488 3518 3560 quolibet
3570 3488 3690 3543 melo

2099 3598 2355 3640 sonorum
2411 3583 2659 3654 proprias
2722 3582 2936 3638 discant
2996 3582 3310 3638 discernere
3371 3582 3689 3652 qualitata,

2097 3675 2184 3733 vel
2233 3677 2477 3748 ignotum
2539 3675 2740 3732 melum
2791 3691 2855 3732 ex
2902 3685 3026 3731 nota
3091 3689 3281 3730 eorum
3340 3675 3604 3746 qualitate
3641 3681 3686 3729 et

2097 3770 2288 3826 ordine
2335 3787 2431 3841 per
2466 3770 2617 3840 signa
2661 3769 3007 3841 investigare.
3054 3766 3171 3823 Non
3211 3783 3413 3840 parum
3464 3764 3680 3822 enimsd

2100 3860 2572 3932 investigationem
2601 3860 2744 3916 hanc
2770 3859 3014 3931 prolicit,
3038 3859 3164 3914 dum
3193 3858 3538 3930 singulorum
3565 3858 3681 3928 ipso-

2099 3971 2220 4009 rum
2267 3969 2363 4026 per
2389 3953 2592 4009 vicinos
2630 3967 2792 4009 sonos
2837 3967 3012 4023 graeca
3058 3965 3156 4008 suo
3199 3949 3397 4008 ordine
3429 3949 3689 4007 modulan-

2101 4055 2190 4102 tur
2212 4045 2471 4102 vocabula
2500 4047 2604 4100 hoc
2633 4044 2792 4100 modo
2818 4042 2968 4117 (678)

2428 4137 2469 4211 Ρ
2726 4135 2790 4211 Γ
3006 4134 3064 4208 /.
3259 4135 3325 4208 Γ

2339 4231 2572 4287 archoos
2593 4271 2609 4298 ,
2643 4229 2926 4294 deuteros,
2959 4228 3136 4292 tritos,
3163 4227 3462 4283 telrardos.

2103 4325 2197 4384 Sic
2227 4325 2409 4396 itaque
2437 4338 2604 4380 sonus
2629 4323 2858 4393 quisque
2907 4320 3034 4376 dum
3074 4335 3172 4376 suo
3211 4320 3571 4391 semetipsum
3615 4335 3696 4375 no-

2103 4417 2251 4473 mine
2303 4416 2481 4480 canit,
2525 4413 2684 4470 facile
2740 4414 2793 4468 in
2825 4411 3069 4470 canendo
3116 4411 3390 4476 sentitur,
3447 4412 3573 4482 quis
3619 4411 3695 4466 ille

2103 4510 2188 4566 vel
2244 4509 2332 4565 ille
2379 4509 2469 4563 sit.
2519 4506 2783 4577 Exemplo
2834 4504 2906 4560 sit
2953 4501 3180 4559 inferius
3219 4502 3561 4573 descriptum
3592 4517 3698 4556 car-

2107 4617 2264 4667 men,
2334 4598 2475 4671 quod
2546 4596 2930 4670 superscripta
2994 4593 3216 4666 syllabis
3270 4602 3419 4648 nota:
3492 4594 3699 4648 musica:

401 4687 578 4760 primo
622 4688 887 4744 duntaxat
937 4692 1094 4748 modo
1145 4703 1200 4748 et
1247 4695 1485 4751 secundo
1547 4697 1615 4751 ab
1679 4694 1727 4769 Ρ
1792 4696 1998 4751 arehoo
2027 4673 2482 4756 Dmodulantur,
2525 4692 2763 4762 ipsarum
2799 4689 3030 4758 desuper
3081 4694 3337 4742 notarum
3395 4686 3701 4758 appellatio-

402 4781 488 4837 vel
535 4791 696 4853 proto
741 4781 889 4838 ﬁnali
939 4797 1108 4855 usque
1161 4787 1214 4842 in
1255 4788 1488 4844 eundem
1543 4804 1762 4860 gravem
1828 4786 1906 4861 ἵ.
1941 4787 2001 4843 In
2107 4788 2264 4842 nibus
2285 4784 2575 4856 assignatis
2596 4782 2663 4838 ad
2692 4782 2836 4838 hunc
2861 4779 3077 4837 modum
3107 4778 3307 4852 (679):

475 4979 621 5124 (676;
669 4981 778 5038 Pro
821 4996 886 5038 eo
937 4999 1036 5040 nos
1087 4984 1139 5040 in
1196 4945 1550 5056 sequentibus
1592 4985 1841 5055 penimus
1884 4983 2062 5038 lamed
2112 4983 2385 5039 hebraeum
2429 4963 2481 5039 '7.
2953 5050 2964 5062 .
3048 5048 3062 5060 .

499 5053 598 5108 677
673 5053 730 5109 In
791 5055 976 5112 codice
1030 5056 1356 5112 Einsidlensi
1404 5057 1471 5112 ad
1510 5072 1664 5112 oram
1710 5066 1838 5113 nota
1879 5074 1893 5110 :
1936 5053 2097 5109 Falsa
2150 5053 2352 5124 regula.
2415 5050 2586 5106 Habet
2651 5066 2762 5105 sua:
2820 5047 3060 5121 qualitati

499 5047 621 5124 677)
673 5053 730 5109 In
791 5055 976 5112 codice
1030 5047 1356 5112 Einsidlensi
1404 5057 1471 5112 ad
1510 5047 1664 5112 oram
1710 5066 1838 5113 nota
1879 5074 1893 5110 :
1936 5053 2097 5109 Falsa
2150 5053 2352 5124 regula.
2415 5050 2586 5106 Habet
2651 5066 2762 5105 sua:
2820 5047 3090 5121 qualitatis
3138 5052 3562 5122 characterem,
3619 5072 3707 5109 nos

406 5124 607 5179 solum.
657 5125 844 5181 Recte.

479 5195 625 5266 (678)
681 5195 738 5250 In
783 5197 896 5270 MS.
949 5200 1130 5255 omnia
1184 5199 1438 5266 confusa,
1483 5215 1659 5270 neque
1711 5199 1852 5254 ullus
1899 5197 2070 5270 codex
2113 5211 2236 5252 cum
2289 5193 2461 5270 altero
2507 5192 2781 5249 convenit.

1491 5271 1766 5326 Deuteros.

1371 5339 1846 5519 {sic

769 5267 1022 5344 ΑζεΙιοοέ.
1199 5274 1209 5344 ι

485 5331 554 5458 “Et
609 5335 737 5475 εἵην
785 5335 846 5463 ἐξ
938 5338 994 5465 ἐ
1199 5331 1213 5412 .1

563 5442 578 5456 .
743 5445 757 5460 .
852 5426 904 5480 p.
984 5412 1138 5468 xcell.
1205 5415 1213 5483 1

484 5495 632 5544 "579‘
671 5497 845 5548 (ἷηδβτ
889 5504 1064 5550 reainc
1095 5505 1413 5546 D-‘nieiancic
1461 5507 1512 5550 in
1557 5503 1863 5558 exemnlnm
1916 5499 2071 5554 affert
2105 5501 2333 5554 nrimam
2381 5500 2658 5550 slronham
2713 5496 2990 5538 Imm-134a
3031 5511 3074 5520 η

2841 5191 3004 5248 Forte
3047 5191 3246 5248 melius
3289 5195 3371 5250 ita
3414 5216 3430 5253 :

3155 5263 3494 5325 Telrardus.

3087 5334 3568 5510 rasa

2361 5264 2471 5318 Trit
2483 5281 2539 5318 os
2548 5303 2560 5318 .

2289 5319 2602 5408 [N535

2298 5406 2338 5462 f.
2363 5422 2446 5478 gr.
2471 5407 2531 5462 S.
2558 5406 2659 5462 Ex.

2880 5264 2894 5477 ὶ
