1967 3198
94 208 148 238 977

221 283 249 323 ξ.
267 284 370 323 ῃγῃτιιθ
387 289 506 323 hypaton
904 280 929 310 Α

222 319 252 359 1‘.
263 319 539 359 farypate'l'iypaton

218 354 249 391 Τ.
263 354 367 391 Hypaie
381 354 503 388 lichanos

219 390 247 427 ξ.
264 390 367 427 ijypate
381 401 473 422 meson

93 299 160 326 Dia-

93 339 178 362 ιρεδίι-

93 378 157 397 Γοιι.

183 288 201 416 ἱ

119 458 125 464 _
183 425 197 464 ί
264 425 399 464 Parypate
413 437 505 458 meson
620 434 631 464 ἱ
655 434 719 462 Dia-

92 458 157 485 Dia-
183 434 195 538 ς
219 434 250 488 i2
264 434 505 494 ἷῗὲἔὲιῗὲἓέιῗὲξὲἓ
620 434 739 538 iiiis}-

93 501 143 538 pa<
217 496 247 523 T.
260 496 334 538 Mese
659 513 718 533 ron.

93 501 143 528 pa<
184 496 195 533 1
217 496 334 526 T.Mese
623 496 634 533 δ
659 496 727 533 ron:
752 496 766 533 Ι
799 504 862 533 Dia-

94 537 157 557 ⁵⁰“’
179 537 192 593 <
214 565 279 593 Dia—
319 537 331 593 ί
355 552 553 593 §-_13a.ram,ese
752 537 764 593 Β
798 548 845 593 £3;

215 584 330 632 E831
405 589 475 632 Erit;
485 592 696 632 diezeugmenon
752 584 764 632 ί
798 584 858 604 ⁵ου·

219 624 327 666 ἷδῆῗ)
399 624 535 666 Earanet.
550 624 673 665 diEzeug.

272 660 280 667 '
309 658 326 700 ι
352 658 382 687 S.
397 660 457 688 Net.
473 658 698 700 diezeugmenon.

345 713 378 753 Ῑ.
399 713 477 753 Ῑνίῑε
491 717 679 753 hyperbolaeon
765 721 776 753 ι
800 720 866 748 Dia-

347 748 380 790 Ξ.
396 748 536 790 Ramnete
553 754 744 790 hyperbolaeon
765 748 776 790 i
802 760 890 785 tessa-

345 783 379 812 T.
395 785 463 815 Nete
476 783 675 824 hyperbolaeon.
766 783 777 824 ,
801 783 861 820 ron.

132 837 278 873 Quoniam,
304 840 403 877 inquit,
437 845 566 881 diapason
604 849 781 877 consonantia
810 850 890 877 talem

95 884 170 911 vocis
195 884 278 913 etiicit
299 887 527 925 coniunctionem,
554 898 585 921 ut
612 903 681 922 unus
715 901 796 931 atque
819 897 890 924 idem

96 936 195 958 nervus
214 938 281 978 resse
303 934 436 970 videatur,
470 938 552 974 idque
579 939 751 977 Pythagorici
784 950 891 978 quoque

97 977 280 1005 consentiunt.
296 979 428 1013 Quocirca
457 984 478 1010 si
498 992 551 1019 qua
568 985 592 1013 ei
614 988 791 1015 consonantia
812 988 893 1016 fuerit
909 974 931 1003 Β

97 1022 198 1055 addita,
215 1024 321 1060 integra
337 1027 521 1065 inviolataque
533 1038 667 1060 servatur.
690 1033 729 1061 ita
741 1035 812 1062 enim
828 1035 892 1062 Dia-

96 1075 180 1103 pason
191 1073 376 1101 consonantia:
385 1075 493 1104 additur
505 1077 684 1112 diatessaron,
694 1084 831 1115 tamquam
845 1082 891 1109 uni

97 1122 189 1143 nervo.
209 1116 250 1144 Sit
263 1118 347 1154 igitur
361 1121 495 1157 Diapason
511 1127 700 1160 consonantia,
724 1135 784 1162 qure
807 1129 894 1156 conti-

96 1167 193 1210 neatur
205 1164 276 1192 inter
289 1166 389 1202 hypate
404 1177 505 1202 meson,
534 1176 561 1199 et
582 1178 645 1201 nete
670 1174 893 1210 diezeugmenon.

101 1207 222 1243 Utraque
238 1210 347 1239 hmcita
373 1213 424 1241 sibi
451 1217 586 1245 consentit
612 1222 694 1254 atque
721 1207 896 1256 coniungitur

97 1260 175 1286 sono,
190 1260 220 1282 ut
240 1264 291 1283 una
306 1265 357 1285 vox
374 1260 451 1293 quasi
469 1262 549 1290 unius
562 1264 650 1297 nervi,
670 1272 725 1292 non
740 1267 817 1300 quasi
828 1267 896 1295 duo-

97 1306 157 1347 rum
183 1301 287 1336 mixta,
312 1303 394 1338 pellat
426 1307 559 1336 auditum.
590 1308 784 1346 Quamcunque
810 1312 894 1347 igitur

97 1344 160 1373 huic
176 1346 309 1382 Diapason
337 1353 521 1392 consonantia:
549 1344 755 1385 consonantiam
767 1344 893 1392 iunxeri-

97 1399 168 1426 mus,
194 1399 318 1422 servatur
333 1390 447 1433 integra,
474 1400 538 1434 quia
560 1400 598 1429 ita
614 1403 737 1439 jungitur
756 1409 894 1440 tamquam

97 1439 261 1467 univoculm
278 1449 310 1469 ac
323 1451 417 1471 nervo.
444 1445 471 1473 Si
501 1446 583 1481 igitur
605 1448 709 1484 Hypate
741 1439 836 1480 meson
867 1458 895 1481 ct

97 1483 164 1512 Nete
190 1486 413 1523 diezeugmenon,
446 1492 505 1519 dure
530 1493 556 1520 in
583 1483 692 1523 acutum
723 1497 894 1527 diatessaron

98 1529 197 1558 fuerint
213 1532 323 1567 junctae,
347 1536 386 1563 sic
396 1536 519 1573 jungitur
529 1538 596 1568 Nele
607 1542 678 1576 quod
702 1547 744 1570 est
764 1544 892 1580 diezeug-

98 1584 206 1610 menon,
218 1586 249 1606 ea
262 1588 321 1614 quae
340 1587 382 1609 est
394 1583 460 1611 Nele
484 1585 691 1621 hyperbolaeon;
720 1588 825 1625 Hypate
847 1599 894 1618 au-

99 1628 151 1650 tem
166 1632 269 1658 meson,
294 1634 325 1654 ea
338 1636 398 1663 quae
411 1635 453 1657 est
475 1639 550 1659 mese
569 1642 575 1660 :
597 1638 712 1669 utraque
735 1636 768 1662 ad
789 1641 893 1663 utram-

98 1676 151 1703 que
163 1673 361 1707 consonabant,
374 1680 401 1702 et
416 1683 489 1704 mese
503 1678 536 1704 ad
556 1682 636 1706 neten
665 1680 890 1716 diezeugmenon,

97 1717 230 1762 eteadem
244 1726 319 1747 mese
336 1720 370 1747 ad
385 1722 484 1757 hypate
498 1730 591 1751 meson
606 1733 612 1757 ;
641 1725 706 1753 item
721 1730 783 1753 nete
794 1727 893 1762 hyper-

99 1760 201 1789 bolaeon
233 1765 265 1791 ad
288 1770 368 1793 neten
411 1768 635 1804 diezeugmenon,
667 1775 695 1798 et
726 1772 760 1799 ad
794 1760 893 1808 hypate

97 1816 200 1837 meson.
214 1809 279 1838 Item
294 1812 316 1840 si
336 1814 369 1841 ad
383 1815 536 1848 graviorem
551 1823 657 1852 partem
681 1819 805 1855 utrisque
834 1821 893 1848 dia-

98 1858 221 1883 tessaron
242 1861 427 1888 consonantia:
453 1862 619 1897 relaxentur,
647 1865 700 1892 erit
727 1866 761 1893 ad
787 1874 890 1902 mesen,

96 1902 167 1936 quod
179 1908 224 1941 est
235 1905 365 1940 hypaton,
388 1907 557 1937 diatessaron
598 1911 719 1940 retinens
738 1920 892 1942 consonan-

97 1947 160 1974 tiam
176 1949 275 1984 hypate
289 1951 421 1987 hypaton,
437 1954 470 1982 ad
484 1960 564 1983 neten
578 1962 669 1984 autem
681 1958 894 1993 diezeugmenon

96 2000 238 2027 paramese
255 2006 261 2024 :
278 2000 492 2036 consonabilque
534 2006 560 2030 et
591 2003 691 2039 hypate
721 2005 838 2040 hypaton
864 2010 892 2033 et

97 2040 197 2075 hypate
211 2050 303 2071 meson
319 2045 352 2071 ad
366 2050 428 2074 nete
441 2048 662 2084 diezeugmenon.
675 2050 716 2077 Ad
731 2059 890 2086 paramesen

98 2091 187 2114 autem
204 2093 266 2116 nete
283 2090 505 2127 diezeugmenon,
528 2098 555 2121 et
584 2094 683 2130 hypate
711 2104 816 2129 meson,
843 2096 890 2124 sed

97 2139 130 2159 eo
149 2134 238 2167 modo,
269 2139 300 2163 ut
337 2137 456 2171 gravior,
481 2147 541 2173 quae
566 2145 608 2167 est
646 2140 679 2167 ad
701 2141 752 2168 sibi
779 2134 890 2176 quidem

97 2179 258 2213 proximam.
275 2182 445 2211 diatessaron
464 2185 582 2213 retineat
594 2188 800 2214 consonantiam
820 2196 826 2214 :
854 2187 888 2214 ad

759 2265 862 2299 maris\

349 2301 529 2309 ῃ

584 2411 622 2445 li/

516 2459 577 2493 cce/

425 2505 502 2540 Rex/
537 2506 598 2533 cmli
613 2507 665 2542 do/
877 2507 902 2533 di

239 2306 262 2335 T

240 2355 262 2384 T

241 2405 261 2433 S

239 2454 261 2481 T

242 2503 265 2530 T

244 2552 267 2580 Τ

301 2259 326 2296 εἶ

303 2308 332 2344 Γ

307 2357 328 2393 /

300 2406 331 2443 Γ

307 2454 329 2491 P

308 2504 328 2540 '1

310 2544 328 2583 ι,

735 218 859 246 MUSICA
879 218 1107 248 ENCHIRIANS.

1685 223 1736 251 978

943 276 1099 304 ulteriorem
1119 284 1185 305 vero
1201 277 1412 306 diatessaron'ac
1431 279 1572 315 diapason,
1593 287 1622 309 ut
1639 282 1737 318 hypate

942 324 1062 359 hypaton
1075 325 1109 352 ad
1135 325 1236 360 hypate
1264 333 1359 353 meson
1382 326 1565 361 diatessaron,
1591 330 1625 356 ad
1655 334 1737 358 neten

942 370 1152 406 diezeugmenon
1166 371 1334 399 diatessaron
1359 379 1390 400 ac
1414 373 1554 407 diapason.
1592 374 1660 402 Item
1674 379 1738 403 nete

942 417 1142 453 hyperbolreon,
1166 426 1226 454 qute
1254 424 1296 447 est
1320 421 1426 448 acutior
1449 422 1483 450 ad
1503 422 1555 450 sibi
1584 423 1736 458 proximam

942 467 1022 490 neten
1048 463 1270 499 diezeugmenon,
1313 466 1483 496 diatessaron
1521 471 1736 499 consonantiam.

941 506 983 534 Ad
1016 508 1115 543 hypate
1147 517 1239 538 meson
1267 511 1439 541 diatessaron
1474 521 1507 542 ac
1534 515 1675 551 diapason,
1711 520 1739 545 et

943 556 1049 581 caetera.
1080 553 1144 583 Haec
1157 555 1265 590 quidem
1279 556 1398 586 Boetius.

1246 626 1361 655 CAPUT
1376 627 1458 656 XVII.
1752 661 1763 689 ί

1015 693 1054 720 De
1075 694 1168 722 ordine
1186 698 1624 740 consonantiarunt,"consortantia
1641 704 1668 728 et
1754 691 1756 710 ³

1235 740 1446 762 mconsonantta.

1053 777 1056 781 '
1768 781 1773 791 Ι

979 799 1113 829 Praeterea
1138 802 1172 829 de
1200 802 1328 837 diapason
1353 803 1396 831 vel
1421 804 1597 840 disdiapason
1628 811 1683 832 non
1697 808 1740 833 est

943 852 1011 880 opus
1026 846 1141 881 amplius
1153 847 1344 882 descriptione,
1357 855 1417 884 qum
1431 849 1468 876 ita
1483 849 1647 877 naturaliter
1663 850 1739 878 omni

943 891 1016 918 aetati
1029 891 1055 918 in
1070 892 1192 920 canendo
1207 898 1365 926 occurrunt,
1377 898 1473 921 utarte
1482 895 1550 922 tradi
1562 903 1618 922 non
1632 900 1741 931 egeant,
1765 893 1778 900 ⁸

944 942 1103 973 constatque
1119 938 1186 966 satis
1201 939 1302 966 dictum
1322 940 1348 966 in
1375 941 1535 975 symphonia
1554 941 1741 976 disdiapason,

944 983 1062 1011 mediam
1077 984 1111 1011 ad
1130 989 1259 1019 utrasque
1274 989 1368 1012 octava
1385 986 1494 1021 regione
1510 986 1640 1019 conferri,
1652 990 1743 1014 extre-

945 1038 1005 1058 mas
1018 1030 1070 1057 sibi
1086 1030 1145 1057 loco
1159 1031 1253 1065 quinto
1268 1031 1374 1059 decimo
1387 1032 1561 1067 respondere.
1586 1032 1736 1059 Dicendum

946 1080 1048 1108 tamen,
1078 1084 1137 1110 quae
1163 1076 1199 1103 sit
1225 1084 1353 1104 mensura
1376 1078 1404 1104 in
1431 1078 1544 1113 singulis
1572 1079 1743 1112 symphoniis

945 1122 1065 1157 propria.
1094 1121 1208 1149 Constat
1236 1130 1353 1157 namque
1388 1124 1556 1151 diatessaron
1581 1125 1744 1160 symphonia

946 1175 979 1195 ex
1002 1168 1106 1195 duobus
1130 1168 1201 1196 tonis
1229 1176 1260 1195 ac
1284 1169 1438 1202 semilonio,
1458 1177 1491 1196 ex
1515 1170 1613 1204 quibus
1638 1170 1743 1198 duabus

946 1218 1055 1242 constat
1069 1215 1227 1249 symphonia
1252 1215 1392 1249 diapason.
1432 1215 1516 1251 Igitur
1541 1216 1744 1244 absolutissime

946 1261 974 1288 in
987 1261 1116 1296 diapason
1141 1261 1299 1297 symphonia
1327 1262 1429 1297 majore
1439 1270 1495 1297 pm
1518 1262 1626 1290 caeteris
1636 1262 1741 1297 perfec-

946 1307 1019 1334 tione
1033 1306 1148 1334 diversae
1161 1308 1194 1335 ad
1207 1307 1324 1335 invicem
1340 1315 1422 1335 voces
1441 1314 1578 1336 resonant.

982 1351 1107 1379 Secunda
1123 1352 1156 1379 ab
1168 1352 1220 1379 hac
1232 1356 1273 1379 est
1299 1353 1461 1387 symphonia
1495 1354 1632 1388 diapente.
1657 1353 1692 1382 At
1708 1354 1744 1387 ‘in

946 1400 1125 1432 diatessaron,
1153 1400 1280 1434 quoniam
1319 1407 1374 1427 non
1398 1407 1446 1435 per
1473 1407 1582 1427 omnem
1613 1408 1743 1429 sonorutn

947 1446 1046 1474 seriem
1066 1445 1171 1479 quartis
1187 1445 1254 1472 locis
1270 1445 1391 1472 suaviter
1415 1445 1466 1473 sibi
1482 1447 1611 1481 phthongi
1629 1453 1741 1475 concor-

946 1494 1020 1525 dant,
1033 1492 1095 1520 ideo
1108 1500 1158 1520 nec
1174 1492 1297 1520 absolute
1313 1497 1341 1519 ut
1358 1492 1384 1519 in
1415 1494 1518 1520 caeteris
1546 1494 1741 1528 symphoniaca

945 1539 1035 1567 editur
1045 1538 1190 1565 cantilena.
1212 1539 1284 1574 Ergo
1299 1538 1327 1565 in
1342 1539 1393 1566 hoc
1410 1546 1508 1574 genere
1532 1540 1665 1567 cantionis
1694 1548 1743 1567 sua

945 1585 1061 1620 quadam
1073 1584 1130 1620 lege
1145 1584 1257 1612 vocibus
1273 1591 1354 1611 voces
1370 1584 1498 1611 divinitus
1526 1586 1739 1611 accommodan-

945 1636 1005 1664 tur;
1033 1638 1082 1667 per
1093 1639 1201 1658 omnem
1226 1631 1298 1658 enim
1315 1638 1444 1658 sonorum
1458 1631 1555 1657 seriem
1574 1631 1654 1658 tritus
1676 1631 1742 1658 sub-

945 1682 1059 1713 quartus
1075 1677 1163 1713 (695),
1176 1678 1288 1704 deutero
1302 1676 1375 1704 solus
1391 1685 1406 1703 a
1425 1677 1584 1711 symphonia
1603 1677 1706 1709 deﬁcit,
1717 1681 1745 1704 et

944 1724 1108 1751 inconsonus
1128 1722 1154 1749 ei
1171 1722 1295 1754 eilicitur,
1323 1729 1356 1749 eo
1381 1721 1452 1756 quod
1477 1722 1548 1749 solus
1576 1722 1744 1750 diatessaron

944 1768 1110 1804 symphonia:
1122 1775 1277 1794 mensuram
1290 1767 1431 1798 excedens,
1446 1766 1531 1793 tribus
1543 1766 1656 1801 integris
1671 1768 1743 1795 tonis

943 1814 1085 1849 apt-aerato
1110 1823 1176 1842 sono
1205 1815 1357 1849 elongatnr,
1382 1813 1425 1840 cui
1446 1817 1520 1840 extat
1544 1813 1737 1848 subsquartus.

944 1860 1114 1895 Quapropter
1128 1864 1156 1886 et
1174 1867 1238 1891 vox,
1264 1866 1325 1893 quae
1352 1857 1489 1892 organalis
1509 1858 1619 1891 dicitur,
1647 1866 1743 1887 vocem

945 1907 1069 1939 alteram,
1085 1913 1145 1940 qua:
1159 1909 1271 1932 vocatur
1286 1903 1455 1939 principalis,
1476 1911 1508 1931 eo
1524 1904 1603 1933 modo
1618 1905 1743 1932 comitari

945 1954 1023 1986 solet,
1034 1957 1065 1980 ut
1080 1952 1106 1979 in
1118 1951 1237 1987 quolibet
1250 1951 1437 1983 tetrachordo,
1454 1950 1481 1977 in
1508 1951 1631 1985 qualibet
1657 1952 1742 1986 parti-

944 2003 1016 2036 cula,
1032 2010 1081 2029 nec
1105 2000 1174 2028 infra
1202 2000 1351 2027 tetrardum
1376 2006 1471 2027 sonum
1496 1998 1643 2026 descendat
1668 1999 1743 2033 posi—

944 2049 1029 2081 tione,
1047 2056 1097 2076 nec
1110 2047 1283 2075 inchoatione
1308 2046 1422 2079 levetur,
1451 2045 1574 2073 obstante
1600 2045 1655 2072 triti
1680 2046 1741 2073 soni

944 2095 1163 2127 inconsonantia,
1175 2093 1222 2128 qui
1239 2093 1359 2121 tetrardo
1389 2096 1431 2120 est
1453 2092 1649 2120 subsecundus.
1676 2092 1742 2125 Quae

944 2146 974 2169 ut
993 2141 1123 2168 lucidiora
1146 2141 1222 2173 ﬁant,
1236 2139 1352 2175 exempli
1366 2138 1548 2174 descriptione
1569 2143 1736 2173 statuantur,

943 2191 1025 2222 prout
1036 2186 1120 2221 possit
1134 2185 1192 2213 ﬁeri
1208 2185 1258 2212 sub
1275 2188 1423 2220 aspectum.

1054 2263 1059 2299 ι
1397 2262 1505 2297 squali\

1324 2311 1391 2346 tidi/
1481 2311 1527 2345 di\

1289 2359 1334 2394 ni/
1510 2367 1562 2394 quc

1217 2409 1277 2443 nis/
1384 2408 1490 2443 squali\
1563 2408 1580 2439 \

1052 2507 1057 2541 ι
1110 2506 1169 2541 Ty/
1200 2506 1270 2532 tauis
1289 2505 1336 2540 ni/

1512 2502 1586 2538 que/

134 2630 175 2659 Ad
203 2631 274 2660 hanc
298 2632 505 2667 descriptionem
519 2633 641 2659 canendo
666 2632 744 2660 facile
769 2633 895 2666 sentitur,
909 2640 935 2670 Ῑ)
948 2641 1032 2661 unum
1047 2633 1220 2666 conveniant,
1232 2635 1304 2668 quod
1318 2633 1398 2660 modo
1423 2630 1532 2664 altiora,
1559 2630 1641 2658 modo
1663 2637 1740 2658 sum-

99 2677 236 2711 quomodo
271 2677 298 2704 in
341 2677 483 2711 descriptis
527 2676 630 2704 duolms
651 2678 789 2709 membris,
824 2678 893 2704 sicut

99 2723 196 2750 subtus
214 2723 234 2760 ‘1
253 2724 405 2751 retrardum
421 2731 527 2754 sonum,
550 2723 685 2758 organalis
706 2731 757 2751 vox
778 2732 893 2759 respon-

99 2777 159 2796 sum
173 2769 291 2804 incipere
316 2778 369 2797 non
385 2775 484 2805 potest,
510 2770 545 2796 ita
569 2770 663 2797 suhtns
690 2770 814 2798 eumdem
839 2779 893 2798 non

99 2815 175 2843 valet
198 2816 331 2850 positione
356 2816 490 2851 progredi,
523 2821 548 2843 ct
563 2816 598 2843 ob
613 2816 664 2843 hoc
693 2816 719 2843 in
761 2817 892 2845 iinalitate

99 2862 265 2897 positionum
281 2871 296 2890 a
310 2869 375 2890 voce
387 2862 527 2897 principali
542 2866 698 2897 occupetur,
725 2868 755 2890 ut
768 2863 853 2891 ambat
867 2864 893 2890 in

136 2950 212 2985 (695')
236 2950 278 2977 BI.
290 2951 367 2977 tritus
379 2954 488 2984 quartus
502 2951 668 2985 subquurlus,
684 2953 733 2976 etc.

948 2678 1071 2706 missiora
1088 2678 1145 2706 loca
1165 2686 1296 2714 organum
1311 2682 1398 2713 petat.

1235 2733 1348 2761 CAPUT
1365 2732 1457 2761 XVIII.

967 2781 1102 2814 Quomodo
1121 2780 1227 2811 altiora,
1242 2779 1319 2806 modo
1333 2778 1505 2806 submissiora
1518 2778 1575 2805 loco
1592 2785 1721 2813 organum

1300 2820 1381 2849 perm.

982 2862 1052 2897 Ergo
1067 2861 1191 2896 quoniam
1203 2860 1324 2895 pmdicti
1336 2860 1428 2888 limitis
1446 2859 1466 2895 ‘1
1483 2858 1652 2894 oppositione
1663 2856 1740 2884 hrevt

1664 2976 1697 2989 Δη-
