3858 5288
173 443 266 502 981

1441 446 1692 504 MUSICA
1735 447 2187 508 ENCHIRIADIS.

3335 455 3440 514 98!

169 579 266 620 vox
298 563 568 634 organalis
609 563 846 636 incipiat,
885 573 938 622 et
977 565 1122 630 ineo
1163 564 1414 630 ﬁniatur,
1463 578 1564 620 nec
1609 562 1746 618 infra
1777 564 1828 628 Α
1854 563 2034 620 dicare
2061 580 2364 636 possumus,
2397 565 2538 624 sitne
2564 575 2679 624 rata
2712 566 2918 624 factura
2948 567 3096 634 meli,
3121 568 3440 640 dignoscere

167 657 342 728 ipsum
365 658 536 728 possit
555 659 832 732 progredi,
851 659 976 716 trito
1001 660 1038 730 /
1059 658 1307 714 videlicet
1328 656 1576 714 obstante
1597 671 1754 724 sono,

169 747 279 818 qu’,
311 759 368 804 ut
383 748 497 820 jam
533 763 674 822 saepe
705 750 908 808 dictum
933 758 1038 818 est,
1069 751 1136 810 ad
1169 751 1452 806 deuterum
1473 759 1654 806 exstat
1675 750 1754 806 in-

165 854 366 900 CODSOD
375 857 456 898 llS.

239 931 563 1003 Superlicies
593 935 838 1004 quaedam
867 934 1004 990 artis
1043 935 1266 992 musicae
1301 950 1401 1008 pro
1441 944 1636 990 ornatu
1665 949 1756 992 ec-

165 1021 586 1080 clesiasticorum
615 1025 914 1084 carminum
943 1035 1214 1098 utcunque
1257 1028 1312 1086 in
1359 1028 1444 1084 bis
1473 1027 1754 1100 designata

165 1113 256 1168 sit.
290 1115 418 1180 Qua:
448 1125 597 1172 certe
623 1134 728 1174 non
762 1120 940 1174 minus
982 1119 1338 1178 venerabilem
1384 1121 1462 1176 sui
1509 1120 1754 1190 specula-

162 1205 366 1262 tionem
407 1217 464 1266 et
511 1209 736 1272 interius
783 1211 940 1282 gerit.
993 1210 1101 1268 Cur
1134 1225 1366 1282 namque
1415 1212 1596 1284 aliqua
1643 1222 1750 1270 tam

162 1299 306 1356 dulci
341 1301 408 1358 ad
437 1302 662 1358 invicem
694 1303 1069 1362 commistione
1099 1305 1456 1372 consentiant,
1497 1305 1590 1362 alii
1623 1321 1752 1362 vero

160 1391 278 1448 soni
311 1393 412 1450 sibi
439 1394 657 1452 misceri
683 1393 928 1454 nolentes
955 1396 1252 1454 insuaviter
1273 1398 1599 1468 discrepent,
1627 1411 1750 1470 pro-

160 1481 428 1538 fundioris
452 1485 754 1558 divinaeque
779 1496 862 1542 est
889 1489 1138 1556 rationis,
1169 1499 1224 1546 et
1243 1490 1296 1548 in
1322 1490 1590 1562 aliquibus
1611 1491 1753 1550 inter

160 1575 499 1632 abditis-sima
533 1587 740 1636 natura:
771 1579 1004 1637 latentis.
1033 1581 1296 1640 Constant
1329 1583 1558 1656 plurima
1589 1598 1752 1656 super

158 1665 261 1720 hac
287 1668 494 1722 ratione
521 1669 720 1740 scripta
750 1681 1017 1739 veterum,
1047 1673 1097 1728 in
1123 1689 1354 1744 quorum
1379 1675 1591 1732 labores
1614 1684 1669 1732 et
1697 1677 1749 1732 in

157 1755 438 1850 hac-parte
467 1776 564 1818 nos
595 1762 853 1820 Dominus
884 1763 1089 1822 intrare
1119 1768 1408 1834 concessit,
1438 1768 1526 1824 ubi
1553 1769 1749 1840 proba-

159 1841 389 1897 tissimis
413 1847 748 1914 argumentis
789 1848 1074 1914 astruitur,
1113 1852 1256 1918 quod
1293 1849 1532 1918 ejusdem
1562 1851 1748 1906 mode-

1859 657 2152 728 qualitates
2183 673 2443 716 sonorum
2464 669 2625 730 atque
2651 662 2957 726 modorum,
2981 673 3038 720 et
3059 664 3262 735 reliqua
3285 666 3443 736 huius

1857 749 2014 806 artis.
2047 747 2178 804 Item
2205 765 2492 820 possumus
2515 753 2844 810 musicorum
2867 769 3126 812 sonorum
3160 759 3334 828 spatia
3356 759 3444 818 vel

1857 855 2050 896 vocum
2093 843 2442 912 symphonias
2479 846 2546 900 ad
2584 860 2930 902 numerorum
2977 849 3238 906 rationem
3267 831 3442 906 addu-

1857 950 2000 1000 cere,
2033 937 2402 990 consonantiae
2444 943 2604 1005 atque
2645 938 3022 1008 discrepantia:
3059 939 3320 1009 quasdam
3351 956 3445 996 ra-

1855 1023 2030 1081 tiones
2071 1025 2317 1082 reddere.
2373 1025 2652 1093 Quomodo
2682 1044 2811 1086 vero
2841 1039 3044 1086 tantam
3083 1047 3206 1088 cum
3247 1031 3444 1087 animis

1855 1116 2056 1174 nostris
2084 1117 2288 1174 musica
2311 1121 2786 1178 commutationem
2808 1129 2864 1178 et
2882 1123 3198 1182 societatem
3222 1123 3442 1189 habeat,

1855 1211 1956 1268 etsi
1985 1211 2204 1278 scimus,
2235 1212 2469 1282 quadam
2501 1228 2598 1270 nos
2625 1213 2978 1272 similitudine
3005 1231 3128 1274 cum
3167 1215 3256 1272 illa
3291 1230 3444 1274 com-

1852 1313 2064 1372 pactos,
2095 1303 2310 1360 edicere
2337 1303 2405 1358 ad
2429 1303 2688 1374 liquidum
2717 1319 2822 1360 non
2853 1305 3116 1373 valemus,
3143 1320 3246 1362 nec
3270 1305 3444 1362 solum

1860 1395 2155 1468 dijudicare
2189 1395 2358 1450 melos
2397 1411 2683 1467 possumus
2727 1412 2792 1451 ex
2837 1399 3052 1467 prepria
3100 1395 3445 1458 naturalitate

1853 1505 2134 1556 sonorum,
2149 1488 2244 1546 sed
2267 1488 2436 1546 etiam
2457 1505 2660 1544 rerum.
2689 1487 2822 1546 Nam
2851 1487 3076 1544 allectus
3101 1503 3301 1554 rerum,
3323 1503 3446 1556 quae

1853 1591 2140 1648 canuntur,
2169 1589 2386 1660 oportet
2428 1589 2487 1636 ut
2531 1580 2770 1638 imitetur
2797 1579 3065 1636 cantionis
3105 1576 3349 1642 affectus,
3388 1587 3447 1631 ut

1853 1675 1906 1731 in
1941 1674 2242 1745 tranquillis
2267 1675 2432 1730 rebus
2457 1673 2760 1744 tranquilla:
2787 1672 2894 1727 sint
2919 1687 3128 1728 neuma:
3149 1713 3163 1736 ,
3190 1669 3444 1724 lictisonm

1853 1769 1906 1822 in
1929 1767 2206 1835 jucundis,
2237 1774 2532 1824 maerentes
2561 1765 2616 1820 in
2652 1764 2934 1832 tristibus,
2977 1777 3098 1834 qua:
3136 1763 3272 1816 dure
3317 1767 3444 1816 sunt

1853 1861 1996 1918 dicta
2037 1859 2120 1916 vel
2167 1858 2342 1924 facta,
2375 1858 2524 1914 duris
2555 1856 2764 1912 neumis
2806 1855 3060 1926 eXprimi,
3093 1853 3304 1920 subitis,
3335 1852 3446 1910 cla-

159 1934 387 1989 τθιῖουίε
435 1939 610 2004 ι’ίιιίον
647 1954 766 2008 qua?
812 1942 1180 1998 οοηείυοιηίίιε
1225 1953 1487 2015 ῑοῐηρθηιι
1521 1961 1709 2001 meum
1731 1987 1746 2012 φ
1777 1959 1824 2019 Β
1851 1954 2036 2020 mosis,
2073 1953 2344 2018 incitatis,
2378 1959 2434 2008 et
2477 1953 2546 2006 ad
2574 1937 2802 2006 caeteras
2827 1947 3116 2020 qualitates
3153 1957 3442 2002 eventuum

157 2026 468 2080 mortalium
495 2037 720 2086 naturas
747 2033 1038 2100 modificet,
1069 2036 1318 2105 quodque
1343 2037 1534 2098 iisdem
1557 2053 1748 2095 nume-

155 2131 339 2172 rorum
385 2121 649 2188 partibus,
687 2123 884 2192 quibus
931 2125 1032 2180 sibi
1081 2127 1262 2184 collati
1307 2129 1598 2198 inaequales
1625 2131 1746 2186 soni

155 2210 510 2276 concordant,
544 2222 599 2266 et
625 2213 748 2268 vita:
780 2229 902 2268 cum
943 2218 1258 2286 corporibus
1287 2229 1344 2272 et
1375 2233 1746 2290 compugnan-

155 2299 242 2353 tire
265 2300 673 2371 elementorum,
699 2313 950 2376 totusque
975 2307 1206 2364 mundus
1235 2311 1522 2366 concordia
1543 2318 1747 2368 aeterna

155 2392 366 2446 coierit.

733 2487 965 2546 CAPUT
1005 2492 1146 2548 ΧΙΧ.

155 2575 310 2642 Quod
354 2577 408 2640 in
437 2577 697 2650 aliquibus
741 2581 960 2656 rationis
1003 2585 1162 2654 hujus
1205 2587 1541 2656 profunditas
1575 2587 1745 2643 miims

718 2653 784 2706 sit
799 2653 1165 2724 penetrabilis.

223 2737 434 2828 Fictum
459 2749 544 2796 est
563 2743 632 2798 ab
655 2745 912 2816 antiquis,
944 2747 1218 2803 Aristeum
1247 2749 1569 2819 Eurydicem
1593 2768 1746 2828 nym-

147 2829 312 2900 pham
343 2827 542 2902 Orphei
568 2831 849 2908 conjugem
881 2839 1185 2906 adamasse,
1215 2855 1484 2910 quemque
1510 2827 1643 2899 dum,
1657 2845 1746 2900 illa

148 2936 208 2975 se
239 2933 550 2992 sequentem
581 2926 794 3000 fugeret
840 2946 872 2985 a
914 2939 1167 3002 serpente
1205 2933 1472 2990 exstincta
1514 2936 1604 2990 sit.
1647 2937 1746 2992 0r-

145 3015 369 3085 pheum,
407 3021 560 3092 cujus
587 3039 780 3080 nomen
812 3025 1156 3108 Orcophone,
1183 3028 1236 3083 id
1258 3037 1360 3096 est,
1386 3031 1588 3100 optima
1617 3047 1741 3098 vox,

146 3117 329 3175 sonat,
361 3110 413 3166 in
445 3122 666 3170 cantare
695 3117 866 3186 perito
902 3134 994 3175 seu
1025 3119 1304 3176 dulcisono
1339 3131 1502 3177 cantu
1545 3123 1744 3178 intelli-

145 3201 350 3270 gimus,
376 3203 528 3274 cujus
551 3207 873 3280 Eurydicen,
909 3209 962 3266 id
991 3219 1090 3278 est,
1133 3211 1452 3282 profundam
1482 3212 1742 3283 dijudica-

1847 2055 1902 2102 et
1925 2045 2214 2100 affectuum
2237 2041 2574 2100 deiormatis.
2605 2039 2741 2096 Item
2771 2047 2828 2096 ut
2857 2039 2914 2094 in
2945 2052 3110 2094 unum
3141 2035 3440 2092 terminen-

1849 2145 1937 2190 tur
1969 2133 2246 2204 partieulm
2275 2147 2595 2188 neumarum
2625 2140 2788 2203 atque
2813 2131 3124 2186 verborum.
3157 2127 3216 2182 ln
3241 2126 3442 2184 talibus

1849 2240 1970 2282 cum
1995 2223 2260 2296 iudicatio
2289 2233 2473 2276 nostra
2505 2235 2628 2278 esse
2662 2220 2852 2292 possit,
2882 2219 3034 2290 plura
3069 2225 3197 2272 sunt
3225 2225 3404 2274 tamen
3425 2255 3442 2286 ,

1849 2333 1970 2388 qua:
1997 2331 2098 2372 nos
2125 2315 2226 2372 sub
2256 2316 2439 2372 causis
2463 2312 2851 2370 occultioribus
2879 2311 3102 2366 lateant.

1919 2409 2060 2465 Sunt
2087 2409 2362 2464 interdum
2389 2421 2497 2472 res,
2527 2419 2648 2476 quae
2677 2413 2733 2462 et
2759 2404 2864 2460 hoc
2889 2412 3038 2470 tono,
3078 2408 3135 2456 et
3176 2399 3268 2456 illo
3309 2407 3439 2458 tono

1847 2515 2002 2571 teque
2042 2505 2405 2568 congruenter
2433 2495 2794 2567 recipiuntur,
2841 2501 2902 2550 ut
2937 2492 3148 2550 cantari
3192 2490 3440 2562 possint:

1847 2601 1974 2649 sunt
2001 2591 2272 2648 interdum
2304 2605 2414 2658 res,
2441 2605 2564 2660 quae
2589 2587 2814 2646 minime
2845 2601 3005 2644 suum
3031 2600 3251 2642 sensum
3287 2597 3443 2654 teque

1847 2684 1976 2742 huic
2001 2691 2062 2740 et
2083 2681 2159 2740 illi
2187 2689 2314 2742 tono
2337 2681 2662 2748 attribuant,
2706 2679 2782 2738 ita
2820 2687 2882 2736 ut
2906 2677 2952 2736 si
2983 2685 3406 2750 transponantur

1847 2785 1944 2834 aut
1975 2777 2213 2848 priorem
2245 2775 2582 2834 dulcedinem
2605 2789 2713 2830 non
2742 2779 2979 2840 servent,
3007 2779 3102 2828 aut
3123 2770 3190 2826 ad
3217 2782 3434 2828 sensum

1849 2871 2158 2928 indecentes
2205 2869 2354 2926 ﬁant.
2403 2868 2668 2924 Dicuntur
2699 2863 2828 2922 ferae
2853 2872 2910 2922 et
2943 2878 3072 2922 aves
3103 2860 3276 2920 modis
3319 2859 3440 2932 qui-

1847 2964 2076 3020 busdam
2105 2960 2362 3018 delectari
2399 2959 2570 3031 magis
2595 2973 2758 3030 quam
2797 2955 2955 3022 aliis;
2991 2955 3085 3012 sed
3131 2967 3298 3028 quare
3343 2960 3439 3008 aut

1848 3056 2118 3127 quomodo
2155 3055 2272 3110 haec
2305 3052 2479 3108 aliave
2525 3051 2651 3116 sint,
2702 3065 2810 3108 non
2857 3045 3012 3104 facile
3059 3046 3438 3116 investigatur.

1845 3146 2016 3218 Igitur
2037 3161 2158 3216 quae
2187 3147 2238 3202 in
2265 3145 2368 3202 hac
2395 3153 2516 3202 arte
2545 3143 2655 3200 Deo
2683 3140 2918 3196 donante
2937 3137 3200 3208 sapimus,
3221 3144 3442 3192 utamur

1848 3240 1927 3296 eis
1955 3247 2158 3298 tantum
2187 3239 2240 3294 in
2281 3236 2376 3294 Dei
2415 3233 2685 3302 laudibus,
2717 3241 2770 3288 et
2799 3247 2884 3302 ea,
2909 3247 3027 3304 quae
3051 3229 3320 3288 laboriosa
3347 3242 3442 3282 ve-

145 3296 378 3363 tibnem,
405 3298 452 3352 si
492 3299 614 3369 quis
643 3303 958 3369 virbonus,
993 3305 1138 3374 quod
1182 3305 1430 3362 Aristeus
1473 3307 1740 3379 interpre—

1854 3339 2022 3388 terum
2066 3313 2412 3400 in‘dagatione
2443 3329 2598 3384 nobis
2641 3328 2856 3382 inventa
2896 3335 3054 3392 sunt,
3099 3335 3440 3380 assumamus

147 3395 326 3454 tatur,
357 3393 588 3446 amando
633 3395 900 3464 sequitur,
947 3412 1016 3452 ne
1063 3398 1280 3466 penitus
1317 3401 1488 3454 teneri
1533 3403 1738 3471 possit,

146 3483 302 3550 quasi
348 3499 444 3553 per
483 3497 787 3556 serpentem
833 3489 1013 3544 divina
1061 3491 1398 3562 intercipitur
1427 3495 1736 3563 prudentia.

147 3573 254 3628 Sed
287 3575 412 3630 dum
446 3593 633 3633 rursus
657 3594 752 3650 per
783 3579 1080 3652 Orpheum,
1115 3583 1163 3637 id
1203 3593 1305 3650 est,
1347 3599 1444 3654 per
1475 3573 1742 3656 optimum

145 3668 432 3723 cantilenae
458 3657 672 3738 sonum,
704 3687 733 3727 a
759 3675 984 3729 secretis
1007 3676 1120 3730 suis
1146 3691 1210 3730 ac
1235 3677 1281 3732 si
1307 3677 1376 3730 ab
1405 3676 1595 3733 inferis
1615 3691 1741 3733 evo-

145 3767 321 3822 catur,
353 3759 674 3832 imaginarie
717 3765 1030 3834 perducitur
1071 3779 1239 3836 usque
1270 3767 1322 3822 in
1371 3783 1534 3828 auras
1581 3768 1740 3838 hujus

145 3851 290 3916 vitae,
319 3853 554 3922 dumque
577 3855 1007 3922 viderividetur,
1035 3859 1315 3926 an'iittitur.
1359 3859 1584 3915 Scilicet
1612 3861 1737 3930 quia

145 3944 290 4000 inter
337 3955 566 4013 cmtcra,
614 3963 732 4017 quae
774 3950 948 4004 adhuc
987 3965 1052 4004 ex
1091 3961 1246 4020 parte
1275 3961 1330 4006 et
1359 3951 1412 4006 in
1455 3952 1741 4022 aenigmate

145 4037 442 4102 cernimus,
460 4040 574 4094 haec
596 4040 758 4094 etiam
783 4040 1062 4109 disciplina
1087 4043 1226 4097 haud
1249 4042 1314 4096 ad
1341 4043 1555 4112 plenum
1583 4043 1744 4098 habet

149 4132 413 4186 rationem
443 4131 495 4186 in
527 4131 626 4187 hac
654 4133 764 4188 vita
789 4133 1199 4203 penetrabilem.
1251 4133 1309 4192 Si
1349 4135 1568 4204 quidem
1605 4134 1744 4204 diju-

1843 3425 1896 3480 in
1915 3421 2216 3494 jubilando,
2251 3411 2588 3484 celebrando,
2621 3420 2893 3484 canendo,
2923 3433 3041 3488 qua:
3081 3417 3134 3470 in
3165 3415 3437 3488 prioribus

1839 3512 2283 3588 generationibus
2311 3525 2416 3566 non
2449 3517 2575 3566 sunt
2608 3510 2789 3580 agnita
2827 3507 2953 3564 ﬁliis
2989 3507 3298 3576 hominum,
3339 3501 3436 3560 sed

1843 3621 1986 3660 nunc
2015 3604 2250 3657 revelata
2280 3611 2404 3656 sunt
2427 3601 2630 3656 sanctis
2659 3599 2796 3672 ejus.

1913 3699 2108 3756 Pandit
2143 3695 2308 3756 multa
2335 3695 2556 3750 musicze
2591 3693 2725 3748 artis
2767 3690 3026 3748 miracula
3057 3687 3436 3764 praestantissi-

1844 3806 1962 3846 mus
1992 3799 2181 3845 auctor
2204 3787 2440 3852 Boetius,
2475 3785 2787 3859 magisterio
2809 3798 3156 3840 numerorum
3184 3781 3433 3838 enuclea-

1845 3883 1940 3937 tim
1979 3889 2172 3937 cuncta
2204 3879 2585 3949 comprobans.
2633 3875 2824 3946 Cujus,
2871 3877 2918 3932 si
2961 3878 3102 3932 Deus
3148 3873 3430 3940 annuerit,

1844 3987 2074 4042 sequens
2119 3970 2436 4041 opusculum
2484 3969 2700 4039 aliquod
2749 3965 3046 4023 continebit
3093 3971 3427 4034 excerptum.

1847 4063 2082 4133 Hujusce
2103 4061 2458 4119 oratiunculae
2483 4073 2750 4130 ponamus
2775 4058 2862 4113 hic
2889 4057 3072 4114 finem.

141 4325 3422 4358 W—m

562 4477 1298 4676 lNClPIUNT
1385 4549 1996 4700 SCHOLIA
2081 4545 3012 4668 ENCHIRIADI‘S

1488 4817 1577 4875 DE
1612 4816 1800 4874 ARTE
1840 4815 2116 4874 MUSICA.

217 5195 528 5268 Discipulus.
565 5193 764 5250 Musica
791 5197 920 5269 quid
939 5188 1074 5277 est?

1760 5193 1814 5252 D
1915 5189 1970 5244 Μ
1979 5230 1990 5242 .
2019 5186 2186 5244 Recte
2209 5201 2394 5264 putas,
2411 5197 2519 5242 non
2537 5181 2640 5238 nisi
2661 5182 2804 5240 bono
2822 5193 2924 5242 usu
2943 5175 3118 5274 dulcia
3139 5178 3282 5276 mela
3305 5177 3448 5240 bene

3484 5055 3500 5096 ἒ
