3858 5634
517 426 622 485 987

1086 431 1427 490 IIUCBALDI
1465 437 1628 495 MON.
1676 437 1733 493 S.
1775 436 2039 495 AMANDI
2080 436 2229 494 OPP.
2274 438 2453 494 PARS
2486 440 2548 498 il.
2596 475 2658 487 -
2696 444 3198 507 MISCELLANEA.

3711 454 3799 512 983

520 543 864 631 transfertur,
896 546 978 601 vel
1011 561 1106 618 per
1127 551 1315 605 eadem
1350 553 1673 610 restituitur.
1708 552 1859 611 Sicut
1891 555 1943 611 in
1973 568 2097 610 can-
2128 555 2175 616 Λ
2278 550 2352 606 Μ.
2396 552 2507 609 Hoc
2554 571 2683 629 ergo
2731 558 3027 628 intellecto,
3086 560 3325 633 qualiter
3366 576 3548 620 sonus
3596 578 3631 619 a
3683 580 3799 622 sono

519 634 663 690 tibus
690 627 822 692 satis
838 635 1115 707 observari
1142 642 1359 710 poterit.

590 726 656 781 ι).
700 726 836 784 Num
866 745 964 803 pro
993 731 1139 787 vitiis
1164 748 1225 788 ea
1264 739 1668 809 reputabimus?

590 818 668 875 ιν.
714 820 854 878 Vitia
886 823 1141 879 nimirum
1172 837 1314 883 sunt.
1356 829 1462 887 Sed
1502 833 1643 889 sicut
1685 833 2006 893 barbarismi
2047 846 2102 895 et

516 912 809 973 soloecismi
832 918 1020 974 metris
1049 919 1368 994 plerumque
1398 924 1697 998 ﬁguraliter
1718 929 2097 988 intermiscen-

522 1012 627 1070 tur,
662 1005 735 1061 ita
760 1005 1000 1067 limmatn
1031 1009 1301 1068 interdum
1333 1017 1398 1071 de
1428 1018 1692 1075 industria
1736 1024 1986 1081 cantibus
2017 1026 2099 1081 in-

517 1104 799 1153 seruntur.
834 1099 941 1157 Sed
994 1103 1173 1161 adhuc
1217 1106 1321 1162 alia
1371 1110 1668 1170 videamus.
1725 1115 1909 1173 Tertia
1954 1120 2099 1176 enim

520 1188 581 1245 ﬁt
627 1190 847 1247 absonia
892 1193 1080 1264 primm
1122 1202 1438 1259 contraria:
1492 1215 1679 1278 utpote
1723 1210 1771 1265 si
1811 1211 1865 1266 in
1919 1214 2100 1283 priore

519 1280 691 1337 latere
720 1298 749 1337 a
774 1285 996 1345 deutero
1035 1288 1091 1361 [⁸
1116 1291 1278 1349 veluti
1307 1309 1336 1349 a
1364 1307 1521 1367 proto
1568 1298 1615 1374 Ρ
1654 1302 1793 1360 alius
1840 1280 2100 1365 metiatur

519 1374 709 1471 denter
766 1380 990 1436 abusivo
1034 1385 1231 1454 spatio,
1276 1387 1328 1443 id
1372 1400 1476 1460 est,
1516 1391 1665 1463 justo
1714 1396 1976 1471 longiore.
2017 1400 2101 1459 Sit

520 1465 700 1537 itaque
728 1487 918 1528 rursus
954 1479 1383 1545 pentachordum
1423 1488 1669 1555 tetrardi,
1697 1490 1787 1547 cui
1809 1465 1949 1551 *ιιωο
1980 1495 2101 1553 vitii

517 1562 724 1632 species
747 1566 1120 1642 subiungatur.

920 1769 958 1841 Ἰ

829 1894 877 1951 /
1020 1873 1049 1950 /

778 2108 850 2178 [δ
1045 2055 1173 2165 Γ
1393 2022 1457 2190 ξ

1376 2191 1428 2243 3

652 1890 916 2789 [I/
1058 2284 1136 2371 Ρ

725 2523 765 2598 ἵ
905 2539 993 2581 re-
1312 2489 1373 2552 ⁵

858 2605 1027 2654 ctum.

585 2887 652 2944 D.
690 2891 1043 2967 Deprehendo
1077 2911 1132 2959 et
1159 2903 1440 2963 absoniam
1474 2908 1656 2968 istam.

586 2981 660 3037 Μ.
706 2985 839 3045 Vide
890 3001 941 3046 ct
993 3006 1241 3065 quartam
1294 3002 1536 3063 absonis:
1601 3005 1831 3065 formam
1881 3008 1934 3065 in
1994 3010 2099 3066 hoc

513 3088 731 3168 genere.
790 3097 910 3152 Quae
951 3096 1035 3143 est
1094 3094 1367 3148 contraria
1417 3098 1687 3166 secundze,
1734 3100 1785 3154 id
1830 3113 1931 3168 est,
1974 3103 2097 3157 siin

514 3162 759 3265 sequenti
808 3174 979 3233 latere
1000 3178 1092 3250 /a
1139 3182 1269 3239 trito
1311 3187 1467 3257 quasi
1514 3204 1543 3241 a
1578 3162 1817 3245 tetrardo
1859 3162 2099 3265 ‘1'tritus

516 3259 653 3317 alius
684 3266 958 3324 metiatur.
988 3270 1071 3328 Sit
1096 3278 1527 3345 pentachordum
1551 3297 1584 3336 a
1622 3280 1672 3357 Ρ
1707 3259 1903 3357 proin:

914 3441 955 3515 εί
1649 3475 1689 3529 ιι
1735 3460 1811 3487 “’⁷⁷
1876 3474 1930 3545 ,εὲ

744 3604 805 3673 Γ
1064 3601 1115 3677 r
1484 3604 1530 3681 ἵ
1788 3611 1830 3686 ’1

722 3766 769 3829 /
1078 3766 1114 3839 /
1450 3772 1501 3838 /
1810 3774 1844 3850 /
1914 3765 1963 3882 ξ

686 3922 755 3989 Γ
878 3949 967 3995 re-
1083 3927 1133 4002 Γ
1417 3935 1491 4005 Γ
1825 3933 1860 4008 /
1913 3887 1983 4064 ’Ξ

666 4077 720 4151 P
825 4054 989 4103 ctum.
1090 4089 1136 4165 Ρ
1401 4093 1453 4167 P
1835 4095 1882 4173 Ρ

588 4364 657 4423 D.
697 4366 765 4425 Et
789 4366 844 4427 id
861 4366 1108 4437 dinoseo,
1134 4368 1264 4441 quia
1288 4386 1390 4442 pro
1407 4385 1506 4437 eo.
1535 4374 1680 4446 quod
1705 4389 1739 4430 a
1754 4375 1796 4447 /
1820 4377 1947 4433 trito
1967 4391 2103 4436 sono

519 4459 775 4516 deuterus
807 4460 867 4535 Γ
891 4463 1196 4530 metiretur,
1220 4464 1441 4523 abusive
1477 4466 1636 4523 tritus
1657 4483 1687 4522 a
1707 4468 1747 4540 /
1771 4469 1915 4537 trito,
1944 4474 2100 4541 quasi

520 4568 552 4607 a
567 4551 608 4625 ’ἵ
629 4554 863 4623 tetrardo
886 4554 1135 4626 longiori,
1169 4571 1330 4626 quam
1345 4560 1604 4629 oportuit,
1632 4562 1805 4632 spatio
1823 4564 2098 4620 metiatur.

2202 640 2339 698 falso
2366 645 2608 712 metitur,
2646 647 2950 717 videamus,
2999 649 3286 723 quomodo
3329 661 3381 709 et
3433 653 3557 710 hoc
3598 656 3797 711 eveniat

2200 742 2259 789 ut
2290 734 2355 801 si,
2380 738 2561 807 quotis
2588 739 2721 797 locis
2742 753 2975 813 oportet,
3002 746 3119 805 soni
3145 746 3215 802 ad
3239 760 3398 806 sonos
3421 762 3548 807 non
3588 763 3796 820 respuo.

2202 829 2380 894 deant,
2411 834 2793 889 concordantia
2820 837 2886 892 ad
2916 836 3147 895 invicem
3174 838 3316 896 mela
3361 856 3478 901 non
3530 851 3793 901 resonent.

2276 939 2338 997 D.
2382 941 2448 998 Et
2468 944 2520 1001 id
2547 947 2739 1019 utique
2758 964 2946 1021 posco.

2271 1031 2347 1088 Μ.
2376 1033 2511 1107 Huc,
2539 1038 2779 1111 inquam,
2811 1042 2963 1112 ades,
2992 1043 3220 1114 acvide,
3241 1046 3533 1117 quomodo
3571 1045 3630 1103 in
3650 1052 3793 1103 tem-

2200 1125 2418 1186 chordis
2448 1129 2531 1186 vel
2574 1134 2958 1205 pentachordis
2997 1147 3282 1209 quaternas
3332 1138 3641 1196 varietatis
3681 1141 3791 1195 ordo

2201 1225 2522 1296 disponitur,
2547 1237 2603 1283 ut
2626 1236 2825 1301 quotus
2852 1232 2921 1288 ab
2944 1231 3053 1289 alio
3091 1232 3343 1304 quolibet
3366 1240 3609 1289 constet
3624 1248 3783 1297 iam

2199 1314 2405 1386 liquido
2424 1320 2827 1391 contempleris.
2852 1321 2987 1380 Nam
3031 1323 3176 1381 sicut
3203 1323 3263 1379 in
3286 1323 3608 1389 coloribus,
3636 1325 3679 1381 si
3702 1325 3783 1379 sint

2201 1409 2447 1479 quaterni
2480 1418 2535 1465 et
2577 1412 2830 1483 quaterni
2878 1413 3038 1469 locati
3088 1427 3155 1469 ex
3188 1413 3410 1481 ordine,
3471 1414 3533 1471 in
3566 1413 3779 1483 uncaque

2201 1498 2468 1569 dispositi,
2492 1502 2643 1557 verbi
2678 1503 2874 1573 gratia,
2901 1502 3122 1574 rubens,
3150 1503 3365 1570 viridis,
3388 1503 3610 1574 gilbus,
3634 1505 3772 1574 niger.

2201 1604 2427 1649 necesse
2450 1599 2552 1657 est,
2587 1601 2647 1648 ut
2663 1593 2893 1665 quisque
2925 1594 3075 1657 color
3100 1595 3279 1653 tribus
3301 1594 3435 1653 aliis
3478 1596 3773 1664 interpositis

2202 1698 2298 1754 per
2335 1684 2597 1756 quintana
2628 1685 2744 1743 loca
2774 1687 3112 1760 reperiatur:
3144 1688 3225 1749 ita
3246 1698 3303 1745 et
3336 1688 3393 1745 in
3419 1686 3588 1743 sonis
3613 1690 3768 1751 cveeit,

2202 1783 2264 1831 ut
2288 1776 2415 1835 dum
2454 1793 2573 1835 sese
2619 1794 2759 1835 nova
2804 1795 3019 1852 semper
3047 1780 3765 1850 iteratione-consequenter.

2203 1865 2401 1938 cuique
2422 1868 2475 1925 in
2502 1879 2787 1942 utramque
2812 1880 3020 1945 partem
3049 1872 3265 1944 quintis
3288 1870 3437 1929 locis
3469 1887 3505 1929 a
3546 1888 3758 1927 suome-

2127 1931 2177 1995 Β
2205 1931 2338 2030 pare
2365 1931 2781 2032 respondeatur.

2269 2072 2340 2128 D.
2382 2074 2681 2143 Quomodo,
2712 2077 2908 2148 inquis,
2949 2091 3261 2149 compares,
3283 2077 3382 2148 qui
3451 2078 3696 2133 acumine
3725 2090 3754 2132 ει

2201 2166 2463 2237 gravitate
2483 2167 2726 2238 dispares
2754 2168 2916 2223 sunt?
3320 2174 3325 2175 '

2273 2255 2351 2311 ll.
2388 2256 2652 2313 Acumine
2675 2257 2892 2328 quidem
2932 2265 3059 2313 sunt
3082 2266 3141 2313 et
3169 2258 3451 2329 gravitate
3483 2257 3755 2315 diﬁ‘erentes.

2200 2349 2433 2419 quadam
2450 2360 2629 2407 tamen
2646 2351 2749 2409 sibi
2761 2359 2891 2407 sunt
2904 2350 3140 2407 naturali
3152 2350 3481 2409 sooialitate
3494 2352 3755 2411 concutias

2200 2439 2407 2499 Deinde
2448 2457 2614 2501 sonus
2653 2443 2907 2515 quisque,
2947 2458 3109 2514 quem
3154 2443 3210 2501 in
3239 2444 3355 2501 hoc
3382 2454 3487 2500 aut
3522 2444 3611 2501 illo
3639 2444 3757 2499 inter

2199 2535 2499 2591 secundum
2538 2535 2722 2603 habet,
2774 2536 2829 2592 in
2885 2534 2991 2593 alio
3032 2534 3204 2592 latere
3282 2536 3467 2595 habet
3514 2546 3753 2608 quartam:

2200 2640 2364 2698 quem
2400 2628 2618 2687 tertium
2650 2629 2703 2685 in
2732 2630 2834 2687 hoc
2851 2629 3042 2696 latere,
3065 2629 3328 2687 eumdem
3356 2629 3751 2688 181·ιίυωίαῶ-

2202 2716 2310 2777 Sed
2354 2720 2473 2779 btec
2518 2721 2752 2778 dixerim
2780 2721 2937 2791 juxta
2975 2721 3120 2791 quod
3163 2721 3220 2779 in
3269 2722 3751 2779 continuationem-

2202 2811 2620 2877 trachordorum
2664 2823 2944 2873 austerum
2998 2813 3283 2871 varietatis
3354 2814 3508 2871 ordo
3571 2814 3749 2886 dispar

2201 2912 2305 2960 tur.

2271 3017 2338 3071 D.
2381 3018 2461 3072 Ad
2505 3018 2927 3090 dignoscendum
2959 3026 3161 3086 autem,
3191 3018 3319 3090 quis
3376 3033 3558 3075 sonus
3599 3017 3744 3073 idem

2201 3108 2288 3165 iIe
2310 3111 2407 3175 sit,
2447 3110 2607 3166 velim
2649 3126 2978 3183 cognoscere
3011 3113 3065 3168 in
3087 3112 3319 3186 singulis
3357 3129 3483 3169 suae
3504 3113 3743 3185 proprieu—
3828 3108 3829 3181 Υ

2203 3212 2309 3259 tem
2336 3204 2631 3275 qualitatis.
3476 3218 3489 3226 '

2125 3312 2172 3384 α
2276 3295 2353 3353 Μ.
2384 3296 2513 3353 Jure
2547 3298 2599 3355 id
2640 3298 2836 3370 poscis.
2872 3297 3084 3367 Etenim
3119 3298 3404 3355 luculenta
3454 3300 3739 3370 priussoae

2200 3404 2319 3444 rum
2348 3388 2695 3460 proprietatis
2721 3389 2999 3463 qualitate,
3029 3389 3209 3446 minus
3230 3399 3464 3446 erratur
3498 3392 3552 3445 in
3572 3390 3739 3445 calens.

2203 3479 2310 3536 Sed
2337 3482 2451 3537 haec
2471 3496 2632 3551 posse
2647 3481 2985 3554 dignoscere,
3002 3481 3162 3539 facile
3176 3481 3741 3538 exercitationeobtias
3828 3500 3829 3551 j

2199 3574 2365 3629 bitur.
2419 3574 2561 3647 Ergo
2598 3590 2753 3641 sume
2796 3574 2999 3647 aliquid
3043 3588 3266 3642 canere.
3293 3576 3448 3647 quod
3491 3577 3545 3630 in
3586 3587 3742 3632 senui,

2201 3665 2354 3721 verbi
2382 3667 2578 3738 gratia,
2626 3666 2668 3741 Ρ
2702 3667 2928 3724 arcbum
2972 3667 3149 3723 ﬁniat.
3193 3666 3359 3725 Aliud
3405 3683 3538 3724 mox
3581 3665 3741 3734 subire

2202 3756 2456 3826 gendum,
2488 3758 2635 3828 quod
2680 3757 2751 3812 ab
2786 3757 2978 3813 eodem
3022 3770 3156 3813 sono
3216 3757 3479 3830 incipiat,
3520 3758 3593 3813 vel
3619 3772 3641 3810 ι
3664 3769 3734 3808 suo

2202 3860 2459 3918 compare
2498 3847 2784 3923 superiore
2818 3847 2933 3903 sive
2984 3846 3277 3913 inferiore;
3334 3848 3460 3905 sive
3512 3847 3677 3904 inchoet
3712 3858 3733 3894 δ

2204 3951 2343 3994 sono
2357 3937 2704 4011 ['tetrardo,
2754 3948 2850 3995 aut
2897 3955 2927 3994 a
2978 3953 3111 3996 sono
3129 3939 3193 4012 Γ
3222 3942 3479 3997 dentem.
3513 3941 3655 4012 Igitur
3668 3937 3737 3991 nisi

2203 4029 2273 4094 id,
2312 4031 2457 4102 quod
2489 4029 2920 4104 subiungendum
2948 4037 3056 4097 est,
3083 4041 3140 4086 et
3177 4045 3317 4087 sono
3356 4030 3406 4105 Ρ
3445 4032 3634 4087 archoo

2200 4120 2301 4192 pit,
2333 4131 2428 4179 aut
2476 4124 2684 4194 aequale
2726 4138 2896 4195 ponas
2923 4138 3046 4179 cum
3089 4123 3242 4179 ﬁnali
3272 4139 3412 4180 sono
3442 4121 3737 4195 praestitutis

2205 4215 2352 4281 meli,
2407 4217 2598 4271 eodem
2651 4217 2933 4295 dumtaxat
2975 4216 3181 4273 archoo
3220 4215 3270 4289 Ρ
3308 4226 3405 4273 aut
3449 4220 3631 4289 quinto
3660 4216 3738 4271 lac?

2201 4307 2471 4377 superius,
2500 4323 2598 4365 seu
2628 4308 2821 4379 quinto
2863 4308 2985 4365 loco
3013 4307 3269 4365 inferius.
3293 4309 3350 4364 id
3382 4318 3567 4366 autem
3591 4309 3736 4379 quod:

2202 4415 2337 4460 sono
2366 4403 2429 4476 Γ
2460 4403 2707 4461 tetram
2731 4403 2974 4469 inobom,
3002 4411 3101 4459 aut
3127 4403 3371 4461 seen-do
3402 4403 3528 4463 loco
3546 4401 3733 4463 inferio.

2203 4502 2297 4553 aut
2322 4494 2485 4551 tertio
2525 4494 2646 4551 loco
2696 4497 2970 4566 superius.
3006 4493 3184 4551 Porro
3228 4494 3284 4551 id
3328 4496 3482 4565 quod
3529 4508 3560 4549 a
3589 4490 3732 4559 ωηο]

2204 4586 2336 4641 trito
2365 4586 2600 4653 inchoat,
2629 4596 2722 4642 aut
2747 4588 2907 4643 tertio
2935 4586 3054 4643 loco
3084 4585 3334 4654 inferius,
3365 4597 3469 4643 aut
3489 4585 3635 4643 tertio
3656 4583 3733 4636 ιω
3828 4608 3829 4611 η

593 4644 671 4700 Μ.
723 4644 872 4712 Quod
916 4647 1149 4705 sietiam
1194 4648 1304 4704 tale
1350 4651 1776 4721 pentachordum
1813 4655 2093 4727 subiunga-

2210 4678 2471 4749 superius.
2497 4678 2569 4735 Δί
2588 4644 2724 4734 vero
2754 4677 2882 4735 illud
2908 4677 3051 4749 quod
3083 4691 3114 4732 a
3141 4682 3277 4735 sono
3408 4672 3731 4733 deuteroinci'
3828 4696 3829 4739 ξ

520 4743 839 4842 mus,.quod
866 4744 953 4842 bis
981 4744 1129 4842 vitiis
1142 4753 1384 4842 utroque
1430 4746 1654 4842 laedatur
1697 4748 1887 4815 latere,
1925 4749 2101 4842 liuius
2202 4743 2301 4839 ρίί,
2347 4779 2442 4824 θυι
2480 4770 2717 4826 secundo
2742 4743 3011 4841 ευρειιίίιε,
3050 4779 3148 4825 ειη
3174 4743 3366 4842 φητῶ
3386 4769 3518 4826 loco
3541 4765 3729 4823 inferias,

520 4839 661 4897 modi
697 4838 921 4899 absonia
968 4837 1092 4899 erit.
1139 4835 1221 4895 Sit
1253 4832 1676 4909 pentachordum
1735 4838 2002 4903 tetrardi:

890 5013 929 5085 ‘1
1627 5019 1669 5091 /

750 5144 798 5209 /
1015 5140 1043 5213 /
1410 5140 1478 5209 f'
1816 5143 1847 5220 /

714 5027 1091 5508 Lm,
1361 5026 1816 5420 im
1835 5018 1930 5431 λ

1080 5485 1117 5518 ’⁵
1380 5483 1415 5529 b
1525 5481 1757 5528 utroque
1875 5490 1913 5522 ὴ

2203 4861 2270 4915 ad
2308 4859 2605 4929 subiectam
2648 4874 2904 4920 sonomm
2936 4861 3407 4935 descriptionem;
3458 4859 3657 4921 minime
3680 4853 3725 4911 id.
3828 4853 3829 4931 Ῑ

2200 4950 2344 5020 quod
2393 4950 2762 5022 subsequitur,
2796 4950 3140 5009 concordare
3170 4962 3350 5023 potest
3383 4966 3512 5015 eum
3536 4967 3608 5016 eo.
3629 4944 3728 5020 (ιωιί

2199 5042 2476 5110 praecedit.
2914 5066 2915 5069 η

2208 5131 2516 5229 d_P'_/['
2565 5131 3025 5229 Fui-1N2?”
3685 5221 3693 5229 ,

2272 5227 2339 5282 Ει
2382 5227 2436 5282 in
2480 5227 2731 5283 omnibus
2777 5226 2924 5283 sonis
2973 5226 3116 5282 idem
3142 5229 3354 5295 evenit,
3384 5236 3447 5285 ut
3480 5222 3719 5285 sci‘iimtit

2198 5335 2308 5375 uno
2358 5320 2663 5376 concordia:
2715 5334 2943 5395 corpore
2993 5321 3291 5380 convenire
3344 5330 3588 5395 nequeat,
3625 5312 3720 5386 quad

2200 5410 2557 5476 subini‘ertur,
2590 5411 2839 5482 quodque
2871 5411 3209 5482 pmdnitnr,
3243 5414 3288 5469 si
3330 5428 3491 5485 supra
3528 5409 3603 5463 vel
