3858 5740
89 340 194 398 989

1333 363 1586 423 MUSICA
1617 367 2077 430 ENCHIRIADIS.

3181 357 3188 362 ’
3259 387 3368 452 990

83 461 438 544 concordibus
479 463 558 518 ire
609 478 833 538 possunt
865 491 876 525 :
929 473 1148 530 sibimet
1187 493 1320 534 vero
1377 479 1662 549 subjuncta
1697 485 1746 546 Λ
1772 495 1980 553 rentur,
2021 504 2202 546 nonne
2241 497 2516 566 apertiora
2556 513 2786 574 quaeque
2828 501 3040 573 ﬁerent,
3075 505 3240 566 veluti
3267 523 3366 582 po.

83 552 535 582 nnnnnanldlh..-
585 560 650 582 ,Α
689 561 908 582 :___9,-,,,
1025 569 1038 582 σ
1075 569 1086 582 ι
1653 577 1669 582 -
1803 578 1814 582 -
1967 580 1979 582 ,

79 537 535 612 concordahiliter
583 560 650 616 ad
689 561 920 620 invicem
947 569 1090 624 uniri
1141 586 1248 626 non
1281 581 1527 643 possunt,
1578 577 1670 632 sed

79 647 326 734 cantoris
359 650 568 718 peritiae
589 667 712 710 esse
761 659 920 716 debet
959 663 1024 716 ad
1054 663 1355 734 sciendum,
1395 667 1487 722 ubi
1525 667 1672 723 aliud

71 729 204 810 post
235 742 378 798 aliud
407 749 751 805 concorditer
787 753 1038 824 subjungi
1085 729 1396 826 conveniat,
1447 761 1533 816 vel
1581 761 1671 818 ubi

79 851 304 894 necesse
335 855 440 920 non
469 841 560 896 sit.
591 841 657 922 Et
683 845 752 898 de
779 847 880 901 hac
907 863 1122 919 quoque
1145 851 1512 922 discrepantia
1540 855 1672 910 satis

73 919 304 986 dictum.
351 918 657 988 Sciendum
675 943 880 1004 tamen,
911 943 1054 1008 quod
1101 943 1277 1012 prima
1315 947 1672 1004 concordatio

75 1021 196 1076 haec
221 1029 328 1088 est,
357 1037 476 1091 qua:
513 1023 573 1078 lit
601 1027 836 1096 praefato
861 1033 1024 1086 modo
1051 1035 1118 1088 ad
1147 1035 1272 1088 meli
1305 1037 1547 1093 ductmn.
1583 1040 1674 1094 Al-

73 1123 195 1172 tera
220 1127 300 1172 est
329 1123 674 1178 concordatio
701 1126 862 1195 paulo
897 1127 1094 1194 minor,
1129 1133 1254 1186 dum
1295 1133 1378 1188 vel
1421 1135 1672 1192 elationis

67 1209 450 1268 difﬁcultatem
501 1215 752 1286 mitigare
809 1220 1073 1288 volentes,
1120 1223 1204 1278 vel
1259 1225 1670 1285 submissiorem

67 1304 396 1376 gravitatem
447 1308 678 1378 erigere,
733 1321 826 1368 aut
877 1313 930 1368 in
990 1329 1204 1372 sursum
1245 1327 1342 1374 aut
1393 1320 1447 1376 in
1489 1321 1670 1390 jusum

65 1395 338 1464 quintana
371 1401 790 1470 trauspositione
843 1405 1240 1476 sulijungimus.
1288 1409 1384 1464 Est
1413 1421 1466 1464 et
1511 1414 1670 1468 tertia

67 1489 452 1558 concordatio,
493 1507 613 1562 quae
657 1493 719 1550 ﬁt
779 1505 970 1552 octava
1015 1499 1238 1570 regione
1289 1519 1570 1570 sonorum,
1618 1507 1672 1562 id

8 1625 10 1628 .
65 1589 180 1648 est,
209 1582 335 1638 dum
363 1583 417 1638 in
447 1595 648 1642 novam‘
673 1603 862 1644 vocem
898 1591 984 1645 vel
1015 1592 1310 1649 acutiorem
1351 1595 1518 1650 melos
1545 1613 1664 1652 mu-

71 1683 276 1732 tamus.
306 1677 484 1748 Atque
524 1678 610 1736 his
637 1681 1018 1742 collationibus
1047 1687 1359 1742 cantionum
1411 1691 1657 1759 quaedam

69 1768 410 1828 unanimitas
435 1774 640 1828 servari
677 1783 874 1846 potest,
919 1779 1073 1834 aliter
1117 1791 1298 1836 autem
1329 1797 1434 1838 non
1467 1792 1664 1854 potest,

63 1859 174 1914 nisi
223 1860 364 1918 forte
393 1878 472 1946 ,ει
525 1864 734 1937 integro
771 1867 970 1924 melum
1014 1871 1294 1940 quodlibet
1341 1873 1392 1928 in
1439 1877 1662 1930 modum
1703 1859 1746 1920 Β

69 1953 242 2006 alium
279 1958 683 2026 transponenth
713 1969 970 2016 mutetur.
1001 1961 1058 2017 Si
1092 1964 1288 2020 melum
1311 1965 1586 2034 quodlibet
1611 1967 1665 2022 in

59 2045 262 2102 eadem
293 2063 555 2106 sonorum
605 2051 746 2108 serie
769 2054 928 2108 unius
957 2063 1052 2110 aut
1093 2059 1321 2112 duorum
1363 2075 1460 2114 seu
1501 2061 1664 2116 trium

57 2153 322 2200 SOIIOI‘Ulll
365 2143 541 2211 spatio
590 2143 803 2200 acutius
843 2155 936 2200 aut
975 2147 1195 2218 gravius
1245 2152 1663 2220 transposueris,

59 2231 229 2286 simul
265 2235 434 2290 etiam
489 2235 629 2304 tropi
691 2236 886 2292 modus
937 2237 990 2293 in
1052 2238 1212 2294 aliam
1269 2243 1504 2312 speciem
1567 2245 1670 2298 mi-

57 2329 206 2390 grat.
662 2343 668 2348 -

137 2413 205 2468 D.
250 2415 326 2470 Da
357 2415 678 2488 exemplum
707 2416 870 2489 hujus
897 2419 1261 2492 migrationis.

137 2507 214 2564 Μ.
259 2509 542 2574 Quomodo
573 2510 618 2564 si
663 2511 1010 2584 tetrachorda
1037 2514 1120 2568 vel
1153 2516 1515 2586 peutachorda
1547 2518 1670 2588 qui-

8 2583 12 2590 ’
59 2615 130 2653 na
165 2599 218 2654 in
248 2601 440 2657 ordine
471 2603 724 2658 cecinere
754 2603 858 2659 hoc
889 2606 1046 2660 modo
1075 2626 1087 2662 ;

1138 2851 1292 2977 ’ἶ

1025 2840 1298 3188 λὶτ

865 3177 1298 3348 θΤιΤ

651 3343 1296 3522 ’ῖῖιίζέῐιῖ

525 3543 1250 3688 diaild

465 3759 580 3827 ‘p'
685 3733 744 3804 Γ
859 3697 1153 3854 ΓΗ

465 3839 959 3990 *7‘77
1131 3943 1134 3946 ι

472 4012 982 4160 77—-

469 4203 644 4348 Ξ

129 4395 620 4465 Quemadmodum,
653 4397 896 4467 inquam,
945 4400 1018 4455 ita
1065 4401 1311 4456 canendo
1353 4399 1490 4471 preti
1523 4397 1668 4456 modi

1771 578 1873 634 sita
1901 580 2000 636 sub
2025 589 2339 654 aspectum?
2869 607 2872 610 '

1842 669 1909 726 D.
1947 671 2026 728 Ita
2059 676 2314 736 nimirum
2341 691 2444 740 est.

1847 765 1922 820 Μ.
1966 766 2168 835 Quinas
2203 788 2331 844 ergo
2373 777 2857 852 descriptiunculas
2889 783 3159 842 linealiter
3183 787 3364 858 dispo-

1773 875 1999 928 namus,
2045 879 2164 936 qtue
2211 870 2479 938 gradatim
2531 875 2632 932 sibi
2683 878 3020 936 cohaerentes
3055 877 3364 948 huiusmodi

1775 960 2024 1010 tonorum
2061 961 2507 1030 transpositiones
2535 967 2842 1038 exprimant
2867 967 2970 1028 hoc
2996 971 3156 1028 modo
3183 988 3198 1030 :

2135 1578 2146 1742 Ι

1953 1523 1966 1858 Ι

2289 1907 2300 2120 Ι

2455 2157 2467 2322 l

2307 3561 2330 3570 _
2579 3442 2930 3566 77—“

2287 3035 3210 4358 iis

59 4489 490 4562 pentachordum
521 4505 628 4544 uno
659 4493 832 4560 spatio
870 4494 1082 4548 acutius
1123 4495 1326 4550 factum
1361 4495 1412 4548 in
1457 4491 1668 4548 denteri
1701 4507 1749 4566 ι)
1847 4487 2026 4544 Prima
2081 4487 2532 4559 (lescriptiunwla
2591 4489 2732 4558 preti
2789 4491 2930 4546 modi
2971 4489 3020 4562 Ρ
3061 4531 3077 4559 ,
3131 4496 3366 4550 secunda

61 4581 488 4652 pentachordum
523 4591 785 4647 mutatur,
819 4599 851 4637 ει
881 4586 1108 4639 deutero
1137 4587 1191 4640 in
1225 4587 1410 4642 tritum
1445 4587 1664 4652 transit,

64 4691 92 4728 a
119 4675 249 4728 trito
281 4674 334 4728 in
369 4674 692 4738 letrardum,
717 4689 746 4728 a
781 4678 1022 4732 tetrardo
1053 4693 1240 4734 rursus
1273 4681 1416 4736 redit
1457 4681 1508 4733 in
1539 4695 1662 4748 pro-

65 4777 175 4820 tum
207 4784 219 4818 :
255 4766 325 4820 ita
367 4766 628 4836 quidquid
661 4764 768 4822 uno
801 4770 884 4824 vel
915 4771 1126 4826 duolnts
1169 4777 1266 4829 seu
1305 4775 1484 4831 tribus
1521 4775 1664 4828 tonis

63 4873 128 4912 ex
161 4860 372 4928 integro
399 4857 562 4912 altius
603 4859 930 4931 graviusque
963 4871 1386 4936 transposneris,
1421 4866 1582 4920 simul
1609 4868 1660 4920 in

63 4953 278 5008 modum
311 4953 476 5006 alium
509 4955 981 5010 trausmntabitur.

137 5043 370 5111 Exempli
414 5044 611 5113 gratia,
643 5045 846 5102 usitata
891 5059 1084 5102 neuma
1129 5053 1398 5122 regularis
1443 5050 1508 5104 ad
1555 5050 1664 5118 pri-

59 5147 210 5188 mum
243 5141 422 5190 tonum
457 5133 574 5188 haec
607 5143 690 5189 est
718 5147 731 5185 :

133 5220 386 5296 Noram
425 5223 1260 5306 FBO/Pel’a/f'nei’.

132 5315 264 5390 Ergo
293 5317 454 5387 hujus
485 5331 700 5370 uenam:
733 5319 992 5390 regularis
1023 5317 1066 5372 si
1108 5329 1272 5386 totam
1303 5318 1664 5386 constitutio-

65 5425 180 5463 nem
209 5425 306 5468 uno
333 5407 509 5479 Spatia
555 5409 802 5464 altiorem
849 5413 1048 5474 fecero,
1079 5427 1200 5472 mox
1231 5439 1296 5482 ex
1330 5423 1501 5492 prole
1533 5419 1658 5466 tono

65 5499 298 5556 deuterus
353 5501 465 5552 lict.
519 5497 781 5554 Similiter
829 5521 858 5558 τι
911 5504 1136 5560 deutcro
1185 5505 1560 5582 transpOSi‘ﬂ.
1603 5505 1654 5560 Ῐη

69 5593 235 5648 tritum
265 5592 480 5650 modum
513 5591 779 5648 deveniet.
819 5597 1024 5652 Rursus
1057 5611 1084 5648 a
1119 5602 1250 5662 trito
1279 5617 1423 5662 tono
1465 5595 1509 5650 si
1552 5611 1659 5654 uno

66 5681 252 5740 levetur
279 5684 477 5740 suatio.
515 5685 786 5740 tetrardus
811 5687 1068 5740 succedit.
1102 5691 1298 5740 Λιιιιιιρ
1329 5691 1507 5740 unius
1537 5702 1662 5740 sna-

1774 4581 1982 4638 deutcri
2016 4579 2104 4654 [‘,
2131 4582 2289 4638 tertia
2333 4580 2446 4636 triti
2466 4579 2504 4650 /
2529 4589 2726 4650 quarta
2767 4582 2998 4638 retrardi
3035 4584 3134 4654 1‘;
3175 4585 3370 4654 quinta

1775 4689 1963 4728 rursus
1992 4673 2230 4742 ejusdem
2263 4689 2383 4744 quae
2419 4671 2615 4742 prima.
2645 4671 2821 4744 Atque
2851 4675 2918 4728 ad
2949 4675 3094 4728 hunc
3125 4675 3368 4742 modum,

1775 4775 1834 4824 ut
1883 4766 2085 4824 dictum
2127 4777 2233 4830 est.
2281 4766 2666 4838 quodcumque
2691 4768 2891 4822 melum
2937 4766 3371 4834 transposucris,

1776 4861 1830 4916 in
1863 4858 2026 4916 aliam
2073 4858 2218 4914 modi
2271 4859 2503 4932 Speciem
2552 4873 2680 4912 mox
2723 4869 2988 4916 vertetur.
3019 4857 3159 4910 Etsi
3201 4857 3378 4926 major

1778 4955 1846 5010 sit
1899 4953 2036 5023 tropi
2099 4956 2354 5020 mutatio,
2401 4950 2571 5020 major
2621 4967 2836 5022 quoque
2891 4960 3080 5018 tropus
3132 4951 3270 5015 erit,
3321 4953 3380 5009 in

1775 5058 2174 5120 utrumcumque
2202 5046 2376 5106 fuerit
2393 5053 2802 5100 transmutatns.

1849 5133 2012 5204 'l‘ropi
2057 5140 2254 5196 autem
2297 5136 2380 5194 vel
2433 5131 2572 5188 modi
2621 5142 2770 5198 sunt,
2801 5145 2936 5202 quos
2975 5129 3196 5186 abusive
3225 5140 3388 5191 tonos

1774 5229 1982 5284 dicunt.
2015 5223 2276 5290 Quorum
2317 5223 2648 5296 singulorum
2681 5222 3042 5280 diderentiam
3069 5237 3388 5279 uulnerum-

1773 5337 1880 5393 que
1913 5329 2042 5388 puto
2071 5317 2188 5387 jam
2243 5317 2523 5386 didiceris.

1845 5411 1916 5466 D.
1957 5410 2118 5480 Atqui
2153 5413 2366 5476 didici.

1845 5502 1924 5556 Μ.
1971 5502 2062 5555 Die
2114 5507 2278 5564 mela
2331 5497 2585 5576 quislibet
2636 5498 2704 5552 ad
2761 5501 2992 5570 primum
3049 5499 3286 5560 tumtum,
3330 5503 3395 5556 ad

1769 5595 2070 5654 secundum
2101 5607 2348 5674 qunque
2379 5600 2438 5648 ct
2467 5587 2721 5657 reliquos.
2901 5675 2910 5682 ν

1841 5691 1909 5740 D.
1953 5687 2086 5740 ΕΟ(το
2131 5697 2362 5740 modus
2401 5681 2626 5740 mimus.
2659 5682 2801 5740 Ecce
2842 5679 3103 5740 scenmlll“
3171 5680 3208 5701 "‘
