3934 6394
31 519 168 576 993
1309 508 1406 566 MU
1415 507 1566 566 SICA
1607 501 1928 562 ENCHIRIA
1937 503 2063 560 DIS.
3245 499 3350 556 994

39 649 186 688 cum
242 631 447 702 aliquot
492 629 610 686 soni
653 627 894 684 absolute
939 632 1316 690 numerantur,
1351 638 1453 678 nec
1498 635 1655 692 supe—
1681 622 1736 682 Α
1829 617 1970 674 Sola:
1995 618 2046 671 ill
2073 616 2242 671 tribus
2267 616 2524 671 membris
2543 615 2744 670 ultima:
2773 614 2961 686 longae,
2991 614 3208 686 reliqum
3229 615 3352 671 bre-

37 725 244 778 riores
287 721 408 792 iure
455 729 708 792 possunt,
747 733 849 774 nec
894 716 1083 772 ﬁnales
1127 715 1252 780 dici,
1293 729 1388 770 seu
1435 713 1659 768 alterius
1760 722 1855 763 ves
1907 715 2052 762 sunt.
2105 705 2196 760 Sic
2243 707 2424 776 itaque
2463 720 2750 764 numerose
2789 715 2871 762 est
2910 721 3128 773 canere,
3177 705 3354 778 longis

36 793 331 883 cujusque
359 812 586 868 ordinis.
625 810 734 866 Sed
761 825 884 864 cum
913 823 1134 864 necesse
1167 807 1259 871 sit,
1287 813 1368 872 ut,
1398 803 1658 875 quidquid
1759 797 2120 866 brevibusque
2149 797 2296 851 sonis
2325 806 2471 852 ratas
2501 797 2739 852 morulas
2761 797 2962 864 metiri,
2988 813 3088 853 nec
3113 814 3212 868 per
3235 798 3355 854 loca

43 909 170 962 rite
188 909 426 972 canitur,
443 906 606 960 altius
625 904 956 975 graviusque
975 903 1028 956 ill
1046 917 1154 957 uno
1175 901 1412 971 ipsorum
1428 906 1658 967 quatuor
1759 891 2078 962 protrahere
2107 891 2194 946 vel
2223 891 2542 948 contrahere
2579 892 2752 962 magis
2789 907 2951 962 quam
2987 901 3220 962 oportet,
3255 891 3352 948 sed

43 1003 318 1066 ﬁniatur,
349 1000 400 1053 in
432 974 674 1067 quolibet
709 1011 900 1052 eorum
929 993 1224 1048 ﬁniendum
1266 999 1372 1056 est,
1395 991 1508 1060 ipse
1537 1004 1658 1044 cum
1759 983 1902 1043 infra
1949 983 2246 1040 scandendi
2285 983 2460 1056 legem
2503 999 2690 1040 vocem
2737 985 3038 1052 continere,
3081 996 3142 1040 ut
3179 987 3352 1056 possit

43 1092 284 1148 caneris
328 1091 410 1145 sui
455 1087 786 1144 tetrachordi
818 1086 1084 1142 sonitibus
1123 1083 1300 1138 ﬁnalis
1328 1081 1538 1138 obtinet
1563 1095 1660 1136 no—
1761 1077 1960 1134 melum
1990 1091 2054 1132 ea
2087 1077 2232 1132 ﬁniri
2269 1093 2442 1144 mora,
2491 1093 2596 1148 qua
2622 1080 2784 1149 cepit.
2819 1078 3016 1164 Verum
3061 1079 3108 1134 si
3148 1079 3356 1149 aliquo-

43 1199 218 1238 men.
249 1181 315 1236 Et
343 1181 468 1240 hinc
506 1179 613 1233 alia
653 1177 1004 1232 tetrachorda
1037 1183 1256 1230 sumunt
1283 1173 1548 1228 ordinem.
1579 1169 1662 1224 Ab
1763 1168 1902 1224 tiens
1931 1183 2096 1224 causa
2133 1168 2453 1224 variationis
2486 1177 2698 1224 mutare
2727 1183 2934 1224 moram
2963 1169 3120 1235 velle,
3155 1169 3207 1224 id
3249 1177 3355 1236 est,

44 1275 259 1330 eodem
301 1275 463 1329 etiam
508 1286 660 1336 sono,
693 1279 752 1325 ut
795 1271 866 1326 sit
901 1270 1072 1338 major
1113 1279 1270 1322 tonus
1312 1275 1406 1320 aut
1449 1267 1652 1332 minor,
1761 1262 1908 1316 circa
1951 1261 2164 1316 initium
2195 1273 2290 1315 aut
2325 1259 2488 1315 ﬁnem
2527 1262 2922 1332 protensiorem
2963 1260 3047 1316 vel
3085 1260 3357 1316 incitatio-

45 1382 383 1421 mensuram
427 1364 641 1434 accipit.
677 1364 812 1418 Cum
859 1363 1004 1418 enim
1049 1359 1360 1416 inferiorem
1395 1372 1663 1430 quemque
1763 1369 1879 1410 rem
1914 1369 2134 1410 cursum
2163 1353 2365 1420 facere,
2399 1353 2560 1425 duplo
2591 1354 2644 1410 id
2673 1353 2889 1421 feceris,
2919 1355 2972 1408 id
3006 1362 3106 1418 est,
3141 1363 3200 1408 ut
3231 1370 3358 1425 pro-

47 1469 260 1515 tonunl
301 1474 409 1512 non
451 1458 640 1526 quinto
685 1455 804 1510 loco
835 1455 1112 1510 valeamus
1155 1453 1401 1509 altiorem
1437 1466 1659 1522 ponere,
1765 1447 1978 1502 ductam
2023 1459 2232 1500 moram
2269 1445 2326 1500 in
2353 1446 2512 1515 duplo
2541 1447 2870 1516 correptiore
2913 1461 3005 1502 seu
3049 1453 3359 1518 correptam

47 1563 120 1610 et
148 1553 488 1623 superiorem
515 1551 706 1619 quinto
733 1549 850 1605 loco
881 1549 1212 1621 graviorem,
1237 1557 1298 1602 ut
1323 1563 1486 1616 supra
1515 1561 1662 1601 mon—
1765 1537 2044 1603 ὶηιωυιθε,
2069 1537 2231 1608 duplo
2253 1537 2520 1608 longiore.

49 1653 305 1701 stratum
345 1653 450 1709 est,
481 1641 729 1713 profecto
759 1657 868 1697 non
895 1641 1192 1697 secundum
1229 1639 1282 1694 id
1310 1639 1560 1710 superior
1581 1637 1664 1692 di-

51 1738 221 1793 citur
247 1745 341 1792 aut
381 1735 628 1800 inferior,
666 1735 812 1805 quod
840 1733 1000 1789 altius
1031 1743 1125 1789 aut
1162 1732 1390 1788 inferius
1417 1731 1554 1788 alter
1579 1745 1665 1786 ca-

55 1839 237 1884 natur
263 1828 332 1883 ab
361 1828 563 1894 altero;
597 1827 692 1884 sed
729 1828 1024 1884 secundum
1055 1827 1132 1894 id,
1163 1841 1270 1898 quo
1298 1842 1418 1882 sese
1447 1825 1665 1896 utrique

61 1920 192 1975 toni
232 1919 299 1974 ad
337 1933 530 1974 sonum
566 1917 782 1974 ﬁnalem
827 1918 1060 1984 habent;
1105 1917 1308 1972 habent
1350 1925 1531 1972 autem
1563 1916 1666 1971 hoc

1836 1649 1902 1705 D.
1943 1650 2098 1714 Puto,
2142 1660 2354 1709 tentare
2389 1652 2582 1708 horum
2624 1669 2850 1725 quaeque
2895 1655 3145 1726 expedit,
3199 1667 3256 1715 et
3299 1659 3356 1714 in

1765 1757 1922 1799 usum
1955 1753 2188 1800 vertere.

1837 1855 1916 1910 Μ.
1944 1856 2113 1912 Recte
2133 1865 2294 1926 putas
2320 1873 2334 1910 :
2361 1855 2431 1912 ob
2459 1857 2560 1912 hoc
2589 1873 2867 1916 sumamus
2895 1861 3091 1916 melum
3115 1863 3260 1932 quod
3279 1865 3360 1920 vis

1691 1981 1744 2047 Β
1767 1961 1984 2016 canere,
2007 1965 2150 2006 nunc
2181 1951 2500 2020 correptius,
2529 1967 2671 2006 nunc
2691 1954 3036 2022 productius;
3061 1955 3136 2010 ita
3163 1966 3218 2023 ut
3248 1973 3364 2013 mo-

71 2011 263 2064 modo.
286 2009 329 2062 A
353 2009 499 2063 ﬁnali
522 2023 657 2064 sono
685 2009 906 2078 aequalis
928 2017 1168 2079 potestas
1202 2017 1287 2063 est
1315 2007 1509 2062 minori
1537 2015 1666 2060 tono

67 2101 130 2156 in
159 2101 439 2170 superiora
465 2112 628 2170 atque
653 2101 934 2167 inferiora,
963 2101 1014 2155 id
1031 2111 1138 2168 est,
1165 2103 1218 2154 in
1239 2111 1470 2169 utroque
1493 2099 1668 2154 latere

75 2193 422 2264 pertingendi
451 2210 619 2264 usque
643 2195 711 2250 ad
741 2210 902 2250 sonos
931 2196 1168 2266 quintos.
1201 2194 1318 2250 Non
1352 2195 1495 2264 quod
1525 2209 1669 2249 selu-

71 2302 178 2356 per
206 2287 259 2342 id
282 2289 520 2356 eveniat,
547 2289 640 2343 sed
667 2289 808 2358 quod
837 2289 951 2344 haec
977 2289 1136 2360 Spatii
1164 2289 1280 2359 ejus
1309 2289 1379 2343 sit
1405 2297 1663 2359 potestas.

71 2373 196 2430 Jam
225 2391 355 2432 vero
392 2377 440 2433 si
481 2378 546 2432 ad
579 2378 914 2449 superiorem
943 2387 1152 2449 partem
1183 2379 1430 2448 quintum
1473 2393 1665 2432 sonum

75 2455 370 2540 systemate
417 2470 730 2536 transierit,
779 2469 971 2540 majori
1023 2480 1151 2526 tono
1199 2469 1452 2538 deputari
1505 2469 1657 2524 solet.

77 2561 252 2632 Major
297 2571 477 2617 autem
523 2571 838 2634 systematls
878 2563 1100 2634 duplum
1143 2563 1308 2618 habet
1344 2563 1580 2632 spatium
1611 2561 1666 2616 in

77 2654 470 2723 superioribus,
497 2653 548 2708 id
575 2663 659 2709 est
688 2671 861 2724 usque
890 2656 944 2710 ill
976 2671 1180 2710 nonum
1210 2670 1422 2711 sonum.

148 2747 220 2802 D.
263 2747 512 2818 Systelna
544 2748 674 2817 quid
701 2749 818 2803 est?

149 2835 228 2890 Μ.
269 2836 326 2890 In
369 2837 502 2892 colis
545 2837 628 2892 vel
670 2841 1030 2895 commatibus
1067 2841 1386 2896 diastemata
1413 2841 1666 2908 dicimus,

78 2937 373 3000 systemata
417 2930 470 2984 in
511 2931 793 3002 particulis
835 2933 1277 3001 perfectioribus,
1305 2949 1400 2988 seu
1434 2943 1544 2990 tota
1575 2950 1668 3004 pe-

79 3022 254 3078 riodo.
287 3021 418 3076 Nam
467 3023 732 3079 diastema
771 3033 854 3080 est
895 3027 1127 3098 spatium
1173 3027 1458 3098 quodlibet
1508 3041 1668 3082 sono-

77 3127 224 3176 rum,
263 3128 370 3182 quo
407 3115 674 3184 particula
719 3116 1120 3188 complectitur,
1151 3118 1205 3172 id
1236 3127 1318 3174 est
1355 3133 1464 3188 quo
1508 3127 1669 3174 acuta

77 3211 138 3259 et
179 3205 392 3273 gravior
433 3221 536 3262 vox
574 3207 910 3264 includitur:
939 3219 1176 3280 systema
1219 3212 1384 3266 totius
1431 3211 1666 3282 spatium

77 3297 231 3352 meli.
265 3297 395 3354 ltem
427 3307 722 3371 systemata
762 3311 887 3356 sunt
927 3301 1138 3372 species
1171 3303 1663 3368 tetrachordorum,

1769 2039 1922 2106 rulae,
1951 2056 2072 2110 qua:
2102 2057 2244 2098 nunc
2273 2049 2400 2098 sunt
2433 2043 2712 2112 productae
2739 2047 3006 2116 correptis
3049 2048 3178 2110 suis,
3217 2063 3360 2104 nunc

1766 2132 1896 2188 item
1923 2133 2058 2188 ﬁant
2079 2149 2178 2204 pro
2205 2134 2474 2204 correptis
2500 2136 2568 2189 ad
2593 2151 2710 2202 eas,
2739 2151 2860 2206 quae
2899 2137 3102 2194 fuerint
3127 2141 3360 2209 produc-

1768 2225 1933 2282 tiores
1955 2243 2034 2282 se.
2073 2227 2346 2282 Canamus
2368 2229 2560 2284 modo:
2583 2230 2756 2298 prima
2781 2229 2840 2283 ﬁt
2859 2245 3013 2286 mora
3035 2232 3360 2303 correptior,

1767 2317 2121 2390 subjungatur
2153 2319 2436 2388 producta,
2463 2327 2588 2374 tunc
2609 2329 2856 2390 correpta
2889 2322 3108 2378 iterum.

1841 2415 2934 2505 FFFJF/F/Fd‘vja'

1841 2526 1953 2597 Ego
1993 2543 2112 2581 sum
2143 2527 2195 2581 vi
2227 2542 2260 2582 a
2321 2543 2387 2582 ve
2427 2527 2474 2582 ri
2515 2539 2598 2584 tas
2635 2537 2691 2584 et
2715 2529 2768 2586 vi
2803 2539 2856 2585 ta

1773 2613 1894 2686 λε
1943 2599 2201 2690 SJN
2261 2617 2536 2692 ΜΝ

1797 2715 1866 2772 Al
1925 2717 1976 2773 le
2045 2717 2156 2772 luia
2259 2719 2490 2776 Alleluia
2521 2722 2692 2794 (697).

1837 2827 1966 2884 Haec
1985 2829 2148 2902 igitur
2171 2834 2576 2890 llumerositatis
2601 2836 2741 2892 ratio
2764 2839 2978 2894 doctam
3004 2853 3220 2912 semper
3239 2855 3368 2897 can-

1769 2921 1972 2978 tionem
2001 2923 2182 2992 decet,
2208 2933 2264 2980 et
2309 2925 2412 2982 hac
2445 2929 2682 2984 maxima
2712 2932 2795 2986 sui
2828 2930 3089 3004 dignitate
3116 2945 3366 3002 ornatur,

1767 3015 1884 3072 sive
1911 3017 2126 3072 tractim
2168 3019 2282 3074 sive
2318 3022 2520 3077 cursim
2550 3033 2794 3089 canatur,
2826 3027 2942 3084 sive
2975 3030 3044 3084 ab
3073 3045 3180 3085 uno
3211 3045 3306 3086 seu
3335 3048 3368 3087 a

1765 3107 2032 3179 pluribus.
2053 3109 2144 3165 Fit
2163 3127 2398 3183 quoque,
2423 3123 2482 3168 ut
2503 3115 2630 3170 dum
2653 3134 2944 3176 numerose
2964 3129 3208 3180 canendo
3227 3125 3370 3181 alius

1769 3202 1876 3258 alio
1925 3219 2028 3260 nec
2077 3205 2198 3276 plus
2243 3223 2344 3262 nec
2393 3209 2571 3266 minus
2617 3213 2892 3281 protrahit
2921 3225 3016 3270 aut
3060 3219 3365 3286 contrahit,

1769 3297 1924 3366 quasi
1950 3313 2018 3352 ex
2041 3314 2151 3354 uno
2177 3315 2272 3355 ore
2307 3315 2412 3356 vox
2443 3303 2805 3360 multitudinis
2837 3307 3107 3363 audiatur.
3151 3309 3368 3382 ltem_in

77 3389 594 3460 pentachordorum,
621 3392 1100 3460 octocllordorum,
1129 3409 1249 3464 qua:
1285 3395 1460 3449 modis
1489 3395 1666 3465 singu-
1695 3361 1738 3424 Ο
1772 3391 2092 3448 alternando
2123 3409 2218 3448 seu
2252 3395 2634 3462 respondendo
2665 3413 2763 3467 per
2788 3399 3032 3454 eamdem
3068 3401 3370 3456 numerosi-

77 3484 154 3540 lis
180 3500 305 3540 suas
331 3486 463 3540 dant
495 3488 700 3556 species
731 3485 900 3560 (696).

157 3578 230 3632 Β.
269 3577 449 3646 Quare
483 3595 650 3635 unum
681 3582 1086 3638 tetrachordum
1113 3583 1216 3640 sub
1245 3583 1498 3639 ﬁnalibus
1523 3583 1670 3640 sonis

83 3674 460 3741 constituitur,
489 3689 651 3744 super
683 3675 871 3731 ﬁnales
901 3677 1036 3732 duo?

161 3763 239 3818 Η.
281 3763 415 3830 Quia
449 3765 564 3821 sive
597 3765 792 3823 altiore
826 3768 938 3824 sive
969 3770 1324 3826 submissiore
1351 3786 1484 3828 voce
1509 3787 1674 3828 cana-

83 3865 180 3910 tur
206 3854 482 3924 quodlibet
520 3856 748 3926 simplex
779 3873 844 3914 ac
877 3857 1178 3929 legitimum
1227 3861 1418 3928 melos,
1459 3862 1674 3918 nonnisi

85 3949 160 4006 ad
203 3951 448 4018 quintum
479 3965 671 4006 sonum
719 3967 752 4006 a
797 3951 946 4008 ﬁnali
977 3969 1076 4010 suo
1106 3955 1410 4024 deponitur,
1444 3971 1542 4011 nec
1570 3957 1674 4012 nisi

89 4045 148 4098 in
171 4060 370 4100 nonum
396 4061 566 4116 usque
591 4047 854 4102 ascendit.

165 4139 233 4192 Et
273 4139 536 4196 hactenus
578 4141 644 4206 de
665 4140 1175 4212 ;._discreparltiarulii
1207 4145 1496 4214 generibus
1527 4143 1677 4198 devi-

93 4233 274 4288 tandis
314 4234 563 4304 superius
603 4235 747 4290 dicta
789 4236 1076 4291 terminata
1107 4246 1233 4291 sunt
1259 4256 1272 4291 :
1303 4253 1445 4292 nunc
1483 4238 1678 4292 deinde

95 4339 218 4396 quae
247 4339 343 4395 pro
371 4326 726 4382 exornatione
753 4329 998 4384 melodite
1033 4329 1266 4384 donante
1308 4329 1418 4385 Deo
1450 4331 1678 4386 dicenda

97 4425 252 4484 sunt,
291 4431 704 4487 prosequemur.
739 4419 818 4475 Ac
849 4419 1097 4491 inprimis
1137 4421 1449 4490 videndum,
1483 4431 1542 4478 ut
1579 4439 1680 4478 nu-

97 4522 308 4564 merose
336 4509 612 4579 quodlibet
642 4511 839 4566 melum
866 4521 1166 4582 promatur.

169 4599 238 4654 D.
279 4599 417 4668 Quid
447 4609 532 4656 est
567 4618 853 4660 numerose
882 4607 1112 4661 canere?

172 4689 250 4746 Μ.
291 4691 363 4750 Ut
401 4696 732 4762 attendatur,
767 4697 857 4752 ubi
901 4699 1366 4769 productioribus,
1413 4700 1507 4756 ubi
1551 4701 1678 4756 bre-

1771 3489 1938 3539 tatem
1961 3500 2070 3539 non
2093 3484 2274 3540 minus
2295 3501 2462 3540 morm
2483 3489 2774 3543 concordia
2797 3490 3061 3544 servanda
3081 3499 3185 3558 est,
3207 3505 3368 3560 quam

1771 3589 2050 3631 SOIIOI‘UIII.

1845 3689 1911 3746 D.
1952 3692 2236 3760 Quomodo
2259 3709 2362 3765 per
2383 3709 2570 3751 moras
2589 3703 2827 3766 oportet,
2857 3703 2919 3752 ut
2937 3697 3218 3755 cautiones
3245 3713 3374 3754 con-

1773 3786 2002 3842 cordent
2015 3789 2037 3842 ?

1847 3899 1926 3955 Μ.
1955 3900 2368 3962 Concordabilis
2417 3905 2734 3960 cantionum
2777 3904 3048 3976 copulatio
3075 3945 3090 3971 ,
3139 3903 3376 3976 qualiter

1773 4013 1872 4069 per
1917 4001 2194 4070 propriam
2224 4015 2564 4070 quorumque
2603 4015 2858 4056 sonorum
2909 4000 3094 4054 sedem
3140 3999 3373 4062 eveniat,

1777 4105 1942 4162 supra
1971 4101 2332 4147 monstratum
2363 4100 2466 4158 est;
2496 4105 2774 4146 morarum
2807 4105 2935 4144 vero
2963 4089 3256 4145 concordia
3291 4088 3374 4154 ﬁt,

1777 4184 1824 4238 si
1853 4183 1928 4250 id,
1961 4183 2106 4254 quod
2125 4182 2552 4256 subiungendum
2591 4191 2696 4248 est,
2720 4181 2822 4254 [aut
2865 4181 3058 4254 requali
3106 4197 3258 4237 mora
3288 4196 3374 4236 re-

1778 4277 2062 4346 spondeat,
2091 4289 2184 4330 seu
2209 4291 2308 4346 pro
2340 4275 2668 4344 competenti
2715 4289 2878 4330 causa
2921 4273 3086 4345 duplo
3129 4272 3376 4343 longiore

1780 4385 1957 4439 mora,
1988 4379 2083 4426 aut
2115 4370 2278 4440 duplo
2305 4369 2576 4425 breviore.

1851 4481 1921 4538 Β.
1960 4479 2182 4538 Constat
2212 4481 2399 4551 peritae
2425 4481 2664 4536 cantioni
2693 4480 2942 4536 accidere
2987 4478 3208 4546 omnia,
3257 4493 3380 4549 qua:

1781 4571 2040 4645 praedicta
2071 4582 2214 4628 sunt.
2257 4572 2614 4642 Prosequere,
2643 4573 2688 4628 si
2729 4587 2832 4642 qua
2857 4573 3034 4628 adhuc
3073 4573 3230 4630 bonae
3254 4587 3372 4627 mo-

1783 4665 2043 4721 dulationi
2075 4666 2387 4721 necessaria
2419 4673 2566 4720 sunt.

306 4747 326 4750 τ
772 4747 857 4752 ___
901 4747 1366 4769 ,,-"--------_-.-,
1419 4747 1507 4756 _--
1551 4747 1647 4756 ..-ν

97 4781 340 4838 vioribus
387 4786 614 4841 morulis
657 4789 916 4844 utendum
966 4790 1056 4845 sit.
1105 4790 1382 4858 Quatenus
1435 4791 1514 4846 uti
1565 4807 1673 4862 qum

1861 4779 1941 4836 Η.
1983 4779 2390 4838 Observaudam
2419 4797 2635 4852 quoque
2676 4779 2798 4836 dico
2840 4779 3246 4835 distinctionum
3289 4791 3375 4830 ra-

99 4871 320 4945 syllabae
351 4877 564 4945 breves,
589 4895 708 4948 qua:
736 4891 862 4936 sunt
891 4881 1085 4953 longae,
1115 4885 1445 4952 attenditur;
1491 4887 1566 4940 ita
1595 4885 1688 4956 qui

100 4967 220 5022 soni
259 4968 510 5036 producti
553 4971 758 5042 quique
794 4975 1030 5043 correpti
1065 4991 1186 5032 csse
1213 4975 1466 5043 debeant,
1501 4987 1564 5032 ut
1601 4993 1687 5044 ea,

103 5071 224 5126 qua:
254 5057 362 5124 diu,
393 5061 461 5116 ad
492 5076 576 5128 ea,
607 5079 728 5132 qua:
773 5079 880 5120 non
923 5065 1034 5130 diu,
1069 5065 1307 5138 legitime
1335 5078 1688 5134 concurrant;

103 5155 162 5200 et
189 5147 352 5205 veluti
387 5153 630 5209 metricis
671 5155 896 5226 pedibus
928 5159 1200 5214 cantilena
1241 5160 1548 5230 plaudatur.
1579 5160 1696 5232 Age

103 5261 368 5306 canamus
391 5252 642 5308 exercitii
677 5269 811 5320 usu;
845 5255 1098 5324 plaudam
1139 5257 1306 5327 pedes
1331 5273 1434 5330 ego
1459 5257 1516 5314 in
1549 5273 1687 5329 prae—

105 5339 359 5408 cinendo,
385 5351 440 5398 tu
469 5345 748 5416 sequendo
783 5346 1087 5402 imitabere.

179 5429 310 5504 FF
397 5433 458 5505 Γ
551 5420 1342 5512 cii/[7445.77

181 5523 293 5594 Ego
365 5541 486 5581 sum
559 5528 644 5584 via
767 5543 834 5585 ve
863 5530 1020 5586 ritas
1055 5539 1111 5586 et
1138 5530 1191 5585 vi
1231 5539 1286 5586 ta

113 5600 212 5764 “ii
246 5601 342 5764 ii
381 5617 584 5766 isi."
629 5619 903 5770 {lilii

183 5821 332 5895 (696)
370 5820 498 5893 Teg.
528 5821 589 5895 C.
616 5825 798 5880 addit:
827 5830 1040 5895 quando
1069 5828 1206 5880 enim
1236 5824 1498 5880 cantilena
1533 5807 1690 5880 altius

113 5893 292 5964 iuripit
325 5903 443 5946 tono
476 5894 552 5948 rel
585 5893 855 5950 sentitonio
895 5899 946 5949 in
981 5897 1324 5950 lctrachordis
1365 5896 1438 5949 vel
1477 5897 1530 5949 in
1565 5913 1690 5964 pen-

119 5963 379 6018 («chordis
409 5982 495 6019 seu
526 5966 717 6034 (lup/is,
747 5984 866 6021 mox
892 5967 1056 6022 altera
1089 5969 1280 6036 species
1309 5969 1543 6037 efﬁcitur.

1793 4877 2016 4942 tionem,
2041 4877 2096 4931 id
2133 4885 2236 4942 est,
2279 4888 2339 4930 ut
2373 4875 2538 4942 scias,
2585 4875 2713 4946 quid
2757 4874 3028 4929 cohaarere
3073 4870 3380 4934 conveniat,

1795 4969 1928 5038 quid
1951 4967 2206 5038 disjungi.
2255 4965 2558 5022 Videndum
2601 4965 2788 5030 etiam,
2821 4979 2942 5034 quae
2987 4976 3138 5016 mora
3186 4959 3260 5014 illi
3290 4967 3385 5014 aut

1791 5057 1869 5114 illi
1897 5057 2036 5114 melo
2061 5057 2365 5112 conveniat.
2398 5055 2536 5112 Nam
2563 5057 2667 5112 hoc
2687 5055 2900 5126 quidem
2926 5051 3124 5108 melum
3155 5049 3388 5105 celerius

1795 5149 2007 5204 cantari
2038 5148 2310 5214 convenit,
2343 5147 2472 5203 illud
2497 5163 2628 5202 vero
2666 5146 2936 5202 morosius
2977 5141 3386 5216 pronuntiatum

1793 5236 1856 5292 ﬁt
1879 5237 2124 5292 suavius.
2161 5236 2314 5304 Quod
2347 5252 2470 5292 mox
2502 5237 2704 5292 dinosci
2737 5235 2880 5289 valet
2919 5249 2987 5288 ex
3027 5235 3142 5302 ipsa
3171 5231 3382 5288 factura

1794 5328 1943 5396 meli,
1967 5338 2144 5384 utrum
2169 5329 2239 5384 sit
2260 5329 2469 5384 levibus
2493 5326 2814 5398 gravibusve
2837 5325 3047 5380 neumis
3067 5323 3386 5393 composita.

1793 5421 1939 5494 Ergo
1971 5437 2199 5487 moram,
2226 5435 2346 5491 quae
2368 5420 2562 5488 cuique
2589 5416 2731 5472 melo
2756 5415 3060 5481 conveniat,
3088 5426 3268 5486 aptam
3291 5429 3388 5468 ex-

1797 5518 2010 5574 hibebis
2031 5519 2297 5573 duntaxat
2328 5515 2624 5570 secundum
2649 5513 2904 5583 temporis
2929 5525 2991 5566 ac
3015 5509 3119 5566 loci
3139 5519 3194 5566 et
3211 5521 3390 5565 causa:

1799 5611 2090 5685 cujuslibet
2123 5613 2460 5668 extrinsecus
2499 5605 2838 5664 occurrentis
2875 5605 3177 5660 rationem:
3212 5602 3388 5672 ipsam

1797 5707 1960 5763 etiam
1983 5705 2318 5761 altitudinem
2341 5703 2408 5759 ad
2427 5699 2832 5774 congruentiam
2850 5712 3018 5754 mora:
3039 5709 3164 5752 cum
3187 5692 3392 5764 apertis

1871 5821 2110 5906 (@397)‘ln
2138 5819 2480 5906 ϐοίιζιιθχιιιβ
2511 5817 2660 5906 idem
2705 5827 2786 5871 ter
2826 5807 3386 5906 ‘Sl‘lpr-[l‘iltl-ll

1803 5882 1968 5958 noiis,
1994 5882 2196 5962 absque
2225 5891 2326 5944 ulla
2345 5889 2672 5962 variatione.
2698 5887 2840 5958 quod
2870 5882 3050 5942 tamen
3089 5882 3240 5954 juxta
3267 5893 3392 5949 pro-

1801 5967 2030 6037 positam
2061 5958 2302 6034 regulam
2323 5960 2444 6018 ﬁeri
2477 5958 2717 6017 deberet.
