3934 6448
649 427 789 483 1005
1217 423 1559 481 HUCBALDI
1597 426 1761 484 MON.
1804 427 1863 485 S.
1905 426 2169 488 AMANDI
2208 434 2357 492 OPP.
2399 433 2581 489 PARS
2620 434 2681 489 ll.
2726 468 2794 477 —
2833 438 3327 502 MISCELLANEA.
3661 463 3736 521 mi

646 554 779 597 voce
806 552 904 610 per
927 536 1184 608 diapason
1229 539 1500 608 geminata
1537 546 1591 594 et
1625 538 1867 610 organali
1899 541 2095 609 media,
2125 559 2223 599 vox
2259 554 2309 613 Α

645 626 962 711 principalis
995 627 1218 683 inferior
1252 630 1462 700 quartis
1491 629 1623 685 locis
1651 646 1681 685 a
1721 642 1854 688 voce
1898 634 2073 688 media
2111 636 2225 690 dis-

647 724 925 795 tinguatur
948 763 963 788 ,
1001 728 1057 777 et
1108 722 1357 792 superior
1400 721 1625 793 quintis,
1657 723 1799 792 quod
1843 733 1926 779 est
1958 727 2229 796 composi-

633 824 760 893 _tum
800 814 1061 888 Diapente
1085 814 1400 870 secundum.
1429 814 1745 870 Econtrario
1769 830 1898 871 vero
1927 816 1980 871 in
2021 816 2224 872 diates-

644 922 806 963 saron
838 898 969 963 dum.
990 924 1091 964 vox
1122 907 1347 963 inferior
1385 907 1452 963 ad
1483 908 1814 977 superiorem
1850 923 2036 963 vocem
2063 925 2225 979 quar-

644 999 716 1054 tis
754 999 889 1055 locis
926 1015 1034 1056 non
1069 999 1261 1055 eodem
1290 1000 1618 1069 respondeat
1649 1009 1825 1071 tropo,
1869 1016 2091 1056 necesse
2119 1010 2221 1068 est,

640 1098 702 1145 ut
736 1090 1021 1160 principali
1052 1099 1106 1145 et
1142 1089 1387 1160 organali
1421 1090 1538 1146 voci
1581 1105 1689 1145 non
1734 1091 1947 1158 eodem,
1990 1092 2084 1147 sed
2114 1093 2224 1147 sin-

639 1180 778 1250 gulis
812 1196 845 1235 a
874 1195 972 1236 sua
1004 1190 1195 1237 octava
1235 1196 1335 1236 suo
1382 1189 1535 1251 tropo
1563 1182 1973 1251 respondeatur.
2002 1182 2219 1254 Fitque,

639 1282 697 1328 ut
741 1273 986 1345 organali
1032 1289 1165 1330 voce
1208 1288 1308 1345 per
1356 1272 1615 1345 diapason
1648 1276 1939 1346 geminata,
1994 1285 2050 1332 et
2085 1292 2221 1333 voce

634 1365 920 1436 principali
957 1365 1156 1434 media,
1180 1380 1286 1421 vox
1323 1366 1595 1437 organalis
1638 1366 1866 1423 inferior
1898 1370 2110 1440 quartis
2142 1371 2218 1425 lo-

633 1460 713 1515 cis
757 1459 920 1515 distet
968 1475 998 1515 a
1046 1459 1245 1525 media,
1278 1469 1334 1515 et
1377 1460 1582 1531 quintis
1620 1462 1897 1532 superior;
1942 1464 2086 1533 quod
2133 1475 2217 1520 est

630 1555 992 1625 compositum
1026 1555 1367 1610 diatessaron
1399 1555 1655 1625 primum.
1701 1555 1990 1627 Principali
2033 1567 2212 1614 autem

632 1662 765 1704 voce
790 1663 887 1719 per
930 1648 1198 1719 Diapason
1224 1647 1515 1718 geminata,
1557 1657 1613 1702 et
1639 1662 1769 1703 voce
1808 1649 2051 1720 orgauali
2094 1665 2204 1705 me-

632 1740 743 1807 dia,
766 1752 868 1796 vox
893 1740 1206 1812 principalis
1240 1739 1466 1795 inferior
1488 1737 1702 1809 quintis'
1720 1740 1853 1796 locis
1880 1759 1909 1797 a
1941 1758 2073 1798 voce
2102 1759 2211 1799 me-

2877 579 3224 901 -βί

2875 764 2976 889 15
3111 766 3305 886 ῆξὸ

2713 910 3311 1082 iii-77].;
3404 950 3582 1067 JIJ

2547 931 3577 1405 1413,3734

2595 1248 3612 1427 riui—[7:]?

2546 1428 2880 1588 _/__/_J
3186 1418 3613 1546 *πῖ

2579 1622 2643 1694 Γ
3541 1639 3588 1712 1‘

629 1829 719 1885 dia
742 1829 1103 1902 disjungatur,
1134 1839 1190 1886 et
1228 1830 1478 1901 superior
1497 1830 1741 1900 quartis;
1773 1830 1917 1900 quod
1944 1841 2027 1886 est
2055 1846 2209 1885 cont-
2246 1916 2283 1924 __
2383 1842 2457 1895 Β.
2496 1841 2756 1901 Discerno
2800 1846 2978 1917 plane,
3029 1858 3216 1906 tonum
3266 1862 3517 1908 autentum
3543 1863 3689 1924 pratum
3713 1858 3740 1909 in

627 1923 865 1994 positum
896 1923 1233 1979 diatessaron
1260 1923 1581 1990 secundum,
1604 1937 1725 1994 quae
1750 1923 1933 1977 omnia
1962 1924 2211 1995 supradi-
2246 1916 2286 1974 Β
2315 1941 2596 1988 autentum
2650 1916 2932 1992 deuterum
2987 1940 3129 1995 hanc
3176 1916 3557 2013 transpositione

624 2021 729 2068 etas
749 2013 1141 2085 descriptiones
1162 2013 1476 2068 ostendunt.
2311 2021 2381 2076 At
2414 2038 2542 2079 vero
2569 2026 2721 2083 dabis
2748 2045 2891 2085 nunc
2915 2032 3217 2099 rationein,
3237 2050 3396 2104 quare
3419 2052 3503 2105 per
3526 2038 3626 2091 alias
3644 2039 3745 2108 regio-

693 2126 763 2182 υ,
807 2126 914 2183 sed
955 2127 1085 2198 quid
1121 2127 1337 2183 adhuc?
1364 2127 1492 2198 quia
1534 2126 1860 2190 disserebas,
1906 2128 2050 2198 quod
2086 2128 2212 2183 Dia-
2311 2127 2410 2168 nes
2434 2128 2598 2171 voces
2626 2118 2700 2172 ita
2729 2134 3002 2187 consonat,
3027 2137 3125 2192 per
3149 2124 3288 2180 alias
3314 2141 3433 2182 vero
3452 2126 3522 2183 vel
3545 2128 3744 2200 discrepan-

622 2228 785 2291 pente
813 2218 1031 2290 quidem
1079 2219 1400 2290 symphonia
1446 2218 1666 2274 eosdem
1715 2228 1898 2290 tr0pos
1946 2221 2207 2287 concinit,
2313 2209 2394 2257 ίθε
2421 2203 2650 2269 εῖηίννΘΙ
2685 2222 2792 2262 ηοη
2828 2212 2963 2264 adeo
2992 2215 3413 2271 consentientes.

634 2291 972 2369 diatessaron
1004 2327 1135 2368 vero
1164 2327 1271 2367 non
1296 2312 1540 2378 eosdem,
1572 2312 1802 2382 ideoque
1844 2315 1897 2367 in
1936 2314 2187 2383 przedicti:

2193 2328 2209 2369 ς
2379 2295 2457 2351 Μ.
2501 2297 2763 2368 Equidem
2787 2313 3103 2371 pertentare
3127 2306 3275 2373 licet,
3312 2324 3438 2379 quas
3466 2309 3663 2366 Dominus
3677 2326 3746 2365 cou-

624 2410 980 2473 utrarumque
999 2404 1443 2474 symphoniarum
1467 2403 1946 2474 compositionibus
1968 2420 2071 2460 vox
2096 2420 2207 2461 me-
2305 2388 2535 2443 cessem
2580 2392 2840 2459 Γαῑίοηθεν
2889 2410 2997 2465 quo
3047 2412 3244 2455 causas
3294 2401 3502 2457 dulciler
3537 2405 3745 2457 convenim-

618 2493 707 2551 dia
737 2495 988 2563 quamvis
1018 2494 1182 2550 simili
1211 2495 1279 2550 ad
1301 2504 1576 2552 extremas
1610 2497 1902 2552 interstitio
1928 2509 2171 2568 separata

2191 2540 2202 2565 ν
2308 2477 2442 2532 tium
2473 2495 2665 2536 vocum
2699 2492 2865 2554 atque
2895 2485 3343 2557 discrepantium,
3388 2500 3597 2547 naturam
3624 2506 3744 2562 quoque

616 2585 746 2642 dum
769 2601 877 2641 non
911 2593 968 2641 et
991 2586 1084 2641 hic
1121 2595 1176 2642 et
1206 2587 1280 2642 ibi
1315 2588 1554 2658 ejusdem
1590 2589 1661 2644 sil
1690 2590 1851 2661 tropi,
1872 2591 1960 2646 hic
1983 2566 2199 2663 dum“!
2302 2566 2638 2626 diversorum
2668 2581 2944 2643 troporum
2984 2577 3376 2648 aliquantulum
3400 2583 3744 2653 deprehendamus

613 2676 688 2734 sit
709 2677 1045 2748 principalis,
1087 2678 1161 2733 ibi
1189 2679 1260 2734 sit
1287 2680 1584 2751 organalis.
1609 2680 1823 2748 Quaero,
1849 2682 1978 2752 quid
2011 2683 2084 2737 sit
2118 2684 2199 2737 in-
2300 2667 2357 2761 ξδι
2382 2675 2550 2729 (mare
2578 2668 2979 2761 ξνθηδβοηθηάο
3008 2670 3062 2723 in
3100 2671 3242 2727 alias
3266 2674 3462 2743 ερθοίεδ
3497 2674 3743 2745 migrent?!

620 2775 706 2822 ια.
754 2767 1108 2838 principalem
1155 2777 1318 2839 atque
1364 2769 1677 2839 manualem
1715 2784 1904 2827 vocem
1946 2772 2196 2844 diapente
2300 2754 2355 2804 in
2397 2766 2523 2807 suas
2560 2754 2737 2811 denuo
2783 2768 3149 2816 revertantur.
3206 2762 3415 2818 Etenim
3452 2765 3570 2821 sicut
3602 2764 3745 2819 absolute

609 2856 978 2930 symphoniae,
1003 2872 1129 2913 cum
1157 2860 1294 2929 tropi
1321 2875 1428 2915 non
1457 2861 1568 2916 sim
1593 2860 1921 2917 dissimiles?
2298 2845 2659 2911 computando
2680 2847 2908 2916 simplex
2936 2858 3021 2905 est
3048 2853 3226 2909 series
3248 2856 3559 2919 numerandi,
3584 2862 3625 2907 et
3648 2851 3743 2906 {acili-

2295 2937 2410 2987 tate
2431 2934 2514 2989 sui
2553 2936 2717 2991 etiam
2745 2941 2927 3008 pueris
2957 2952 3168 3012 patens,
3196 2955 3257 2999 ut
3280 2947 3318 2999 Ι.
3349 2945 3407 3000 ll.
3438 2946 3513 3000 ΙΙΙ.
3539 2945 3621 3000 llll.
3640 2953 3675 2999 et
3698 2958 3745 2996 re

2296 3030 2413 3078 tera
2442 3042 2455 3079 :
2491 3026 2636 3081 aliud
2664 3044 2793 3086 vero
2823 3031 2913 3086 alii
2944 3033 3289 3105 inaequaliter
3327 3037 3551 3093 collatum
3583 3037 3623 3090 in
3645 3033 3745 3087 varias

2293 3114 2676 3187 inmqualitatis
2703 3123 2910 3192 species
2937 3126 3113 3192 cadit;
3148 3126 3225 3180 ita
3253 3128 3499 3198 phtbongi
3538 3127 3582 3181 in
3612 3124 3744 3180 musica.

2292 3211 2445 3281 cujus
2475 3225 2649 3270 mater
2673 3227 2756 3272 est
2785 3219 3166 3287 Arilluuetica,
3202 3224 3257 3278 id
3279 3233 3362 3279 est
3383 3222 3628 3278 uumeralis
3647 3219 3744 3273 scicn-

2294 3301 2387 3368 tia,
2441 3303 2585 3359 facili
2630 3307 2847 3376 quidem
2894 3309 3086 3366 ordine
3126 3323 3491 3369 recensentur.
3528 3312 3596 3366 Ad
3631 3305 3746 3375 aliquid

2291 3403 2471 3448 autem
2501 3395 2696 3465 prolati
2724 3413 2828 3452 non
2857 3400 3018 3455 modo
3048 3404 3299 3458 suavium
3343 3404 3467 3459 dant
3488 3396 3742 3457 concinentia-

2291 3500 2410 3539 rum
2445 3488 2677 3556 species,
2708 3491 2802 3544 sed
2850 3499 2905 3546 et
2943 3494 3242 3550 earundem
3273 3494 3746 3550 concinentiarumsna-

2287 3576 2539 3632 vissimas
2570 3579 2827 3636 rationes.

2355 3664 2425 3719 D.
2464 3667 2744 3734 Quomodo
2782 3685 2847 3725 ex
2874 3671 3232 3730 Arithmetica
3270 3685 3438 3730 matre
3464 3672 3651 3746 gignitur
3674 3667 3745 3721 liu-

2286 3759 2487 3822 monia,
2518 3766 2573 3812 et
2597 3775 2663 3813 an
2696 3762 2885 3816 eadem
2920 3763 3222 3828 harmonia,
3258 3782 3375 3837 qua}
3404 3774 3453 3820 et
3474 3760 3661 3817 Nasica?

2355 3847 2433 3903 Μ.
2472 3851 2767 3907 Harmonia
2816 3864 3036 3924 putatur
3074 3859 3468 3915 concordabilis
3506 3850 3741 3923 inaequalia»

2286 3955 2476 3996 vocum
2519 3946 2855 4001 commixtio.
2887 3946 3088 4003 Musica
3119 3951 3288 4020 ipsius
3318 3943 3744 4006 concordationisra-

2282 4033 2376 4087 tio.
2419 4033 2549 4100 Quae
2578 4035 2715 4089 sicut
2762 4052 2859 4106 per
2892 4041 3071 4092 omnia
3111 4056 3454 4096 numerorum
3491 4034 3645 4093 rationi
3669 4043 3741 4085 con-

2272 4125 2459 4195 juncta
2482 4136 2587 4192 est,
2614 4136 2775 4198 atque
2801 4142 3011 4186 cmterre
3038 4131 3299 4188 Mathesls
3325 4131 3600 4203 discipline,
3623 4127 3674 4180 ita
3688 4132 3741 4190 l’“

2278 4232 2534 4274 numeros
2560 4228 2772 4289 oportet
2806 4230 2863 4275 ut
2889 4222 3241 4294 intelligatur.

2348 4310 2416 4364 D.
2457 4312 2587 4379 Quze
2623 4322 2747 4367 sunt
2780 4312 3038 4368 Mathesis
3068 4316 3404 4387 disciplinae?

2347 4404 2426 4458 Μ.
2486 4406 2885 4475 Arithmetica,
2940 4407 3327 4478 Geometrica,
3378 4407 3588 4471 Musica,
3624 4401 3740 4457 Λειτο-
3816 4394 3817 4405 “

658 4466 731 4522 D.
769 4466 949 4535 Quare
988 4468 1043 4523 in
1086 4468 1434 4524 Diatessarou
1457 4468 1777 4541 symphonia
1805 4484 1907 4525 vox
1941 4484 2170 4543 organa-
2274 4495 2476 4551 ηοωεα,

685 2969 769 3025 Μ.
822 2970 937 3029 Hoc
980 2988 1126 3028 nunc
1170 2988 1386 3044 quoque
1434 2974 1638 3030 dictum
1687 2976 1903 3043 recole;
1959 2992 2194 3048 namque

598 3065 849 3137 organali
878 3081 1014 3122 voce
1048 3067 1101 3123 in
1130 3065 1395 3139 Diapente
1429 3067 1722 3140 geminata,
1751 3068 1798 3125 si
1833 3069 1954 3125 voci
1997 3070 2191 3127 media;

605 3158 859 3214 videlicet
880 3159 1191 3230 principali,
1232 3161 1409 3216 simile
1443 3161 1788 3217 intervallum
1819 3171 1964 3218 esset
2001 3163 2069 3218 ad
2095 3180 2191 3219 ex-

607 3256 833 3316 tremas,
874 3250 1011 3304 nihil
1060 3251 1327 3307 interesse
1360 3252 1640 3307 videretur
1662 3253 1805 3308 inter
1834 3253 2185 3324 principalem
2216 3269 2260 3331 ς

595 3353 792 3396 vocem
818 3348 874 3396 et
902 3341 1234 3413 organalem.
1276 3341 1435 3399 Nunc
1460 3358 1592 3399 vero
1616 3360 1738 3400 cum
1782 3362 1883 3400 vox
1916 3347 2186 3419 organalis

604 3431 800 3504 quinto
848 3432 968 3489 loco
1007 3434 1075 3488 ad
1105 3448 1294 3489 vocem
1332 3435 1688 3506 principalem
1736 3446 1885 3492 extet
1937 3437 2185 3502 inferior,

596 3522 695 3577 sed
720 3537 817 3593 per
841 3522 1110 3592 diapason
1141 3532 1341 3593 quarto
1382 3524 1501 3579 loco
1539 3526 1808 3596 superior,
1854 3527 1999 3582 sicut
2024 3543 2182 3583 versa

600 3612 723 3669 vice
757 3613 812 3667 in
845 3613 1186 3670 diatessaron
1216 3630 1321 3670 vox
1360 3615 1634 3687 organalis
1663 3616 1731 3671 ad
1756 3632 1941 3673 vocem
1986 3619 2185 3689 princl-

597 3704 777 3774 palem
805 3715 1000 3775 quarto
1026 3706 1146 3762 loco
1198 3715 1349 3762 extat
1378 3708 1620 3773 inferior,
1665 3709 1759 3764 sed
1798 3725 1897 3780 per
1923 3710 2181 3781 diapason

601 3798 793 3869 quinto
833 3799 952 3854 loco
989 3801 1276 3871 superior:
1305 3801 1559 3856 similiter
1588 3801 1873 3873 principali
1907 3818 2041 3859 voce
2084 3819 2184 3875 per

607 3889 868 3961 diapason
910 3892 1203 3962 geminata,
1240 3907 1362 3947 cum
1390 3907 1497 3948 non
1528 3894 1636 3948 sint
1674 3895 1861 3949 eadem
1895 3895 1963 3949 ad
2000 3905 2180 3952 extre-

598 3998 723 4039 mas
751 3999 913 4040 voces
939 3984 1060 4039 voci
1108 3984 1300 4040 media:
1342 3985 1654 4052 intervalla;
1703 3996 1951 4056 patenter
1975 3989 2180 4058 poteris

588 4075 929 4147 intelligere,
983 4075 1218 4147 qualiter
1263 4077 1438 4131 virtus
1493 4078 1755 4146 diapason
1804 4080 2174 4150 symphonias,

589 4182 713 4238 quae
743 4176 1001 4237 utrasque
1044 4182 1213 4231 voces,
1248 4167 1589 4239 multiplicat,
1624 4170 1788 4224 etiam
1817 4187 1937 4241 qua:
1971 4172 2176 4243 princi-

582 4261 758 4332 pales,
789 4275 1018 4332 quzeque
1050 4260 1160 4317 sint
1197 4262 1503 4333 organales,
1546 4277 1647 4333 per
1688 4272 1837 4320 certa
1888 4265 2172 4321 intervalla

588 4355 860 4427 disponat.

581 4555 651 4611 lis
681 4571 760 4611 sne
804 4556 1051 4656 absolute
1091 4571 1384 4656 convenire
1426 4572 1708 4656 cuinAvoce
1737 4560 2024 4631 pnncupali
2058 4576 2166 4615 non
2205 4634 2250 4656 n
2342 4588 2412 4643 υ.
2460 4588 2596 4656 Quid
2621 4599 2706 4647 es,
2730 4589 3028 4649 mathesis?

578 4656 779 4720 potest,
812 4648 951 4703 sicut
981 4648 1034 4702 in
1056 4649 1391 4720 symplioniis
1420 4648 1586 4704 aliis?
2201 4634 2251 4693 Ῑ)

648 4757 730 4814 M.
772 4757 1060 4827 Quoniam,
1087 4769 1147 4812 ut
1172 4758 1374 4815 dictum
1403 4767 1508 4824 est,
1533 4773 1629 4829 per
1660 4769 1956 4830 quartanas
1988 4762 2165 4835 regio-
2346 4772 2413 4827 D.
2452 4773 2632 4841 Quare
2658 4774 2973 4831 doctrinalis
3004 4776 3275 4832 scientia?

508 4891 516 4898 -
576 4864 678 4907 nes
730 4866 836 4907 ιιοιι
887 4849 1054 4906 iidem
1098 4850 1235 4921 ιτορί
1288 4851 1660 4921 mperium“.
1715 4852 2160 4925 diversorumque
2342 4865 2417 4920 Μ.
2460 4866 2595 4934 Quia
2625 4869 2929 4924 abstractas
2953 4869 3603 4940 consideratquanlitates.

577 4951 858 5012 troporum
905 4941 1050 4996 modi
1089 4955 1186 5012 per
1229 4949 1401 4996 totum
1442 4941 1522 4997 ire
1547 4941 1710 4997 simul
1741 4943 1822 4998 ire
1862 4954 2157 5013 nequeunt,
2332 4957 2404 5012 υ,
2446 4959 2576 5026 Qua,
2602 4970 2729 5016 sum
2766 4961 3055 5019 ειυςηπιω
3089 4964 3448 5033 Quamnam?

574 5035 698 5092 ideo
733 5034 789 5089 in
817 5034 1160 5121 diatessaron
1199 5033 1523 5106 symphonia
1556 5050 1662 5090 non
1707 5051 1807 5107 per
1840 5044 2010 5092 totum
2052 5052 2127 5092 vo:

2334 5050 2413 5107 Μ.
2455 5052 2584 5120 Quae
2612 5055 2729 5109 sine
2765 5055 3016 5119 materia,
3051 5056 3103 5110 id
3145 5065 3247 5119 est,
3296 5053 3591 5111 admixtione
3609 5051 3730 5108 coll”

579 5122 894 5195 principalis
922 5139 1134 5196 voxque
1156 5125 1431 5197 organalis
1457 5137 1722 5197 quartana
1764 5127 1984 5201 regione
2031 5143 2131 5184 con

2266 5148 2386 5214 rali,
2416 5148 2533 5204 solo
2561 5149 2831 5205 intellectu
2867 5159 3187 5206 tractantur.
3220 5150 3278 5205 ln
3307 5144 3641 5221 quantitatiiius
3660 5142 3735 5183 νοω

563 5218 834 5276 50mm“-
1601 5299 1604 5302 ,
2265 5239 2662 5309 multitudines,
2709 5243 3127 5313 magnitudines,
3177 5218 3484 5314 paucitates,
3517 5231 3733 5307 parvitate.

637 5334 710 5391 D.
749 5335 957 5393 Vellem
978 5352 1195 5409 quoque
1227 5338 1530 5404 dinoscere,
1569 5339 1839 5409 quomodo
1863 5354 1959 5410 per
1990 5355 2155 5410 quar-
2265 5334 2476 5401 formze,
2508 5334 2866 5405 :equalilates,
2901 5336 3264 5401 habitudines,
3295 5345 3348 5390 et
3380 5340 3566 5390 eri-tera,
3586 5317 3735 5391 qur.“

569 5436 697 5484 tuna
719 5428 837 5484 ioca
870 5437 1159 5500 troporum
1186 5430 1258 5484 sit
1292 5444 1464 5502 genus
1493 5430 1795 5489 dissimile!
2262 5425 2436 5480 Boetii
2475 5427 2654 5481 verbis
2689 5422 2896 5496 loquar,
2928 5428 3039 5498 ipsa
3070 5428 3288 5498 quidem
3317 5437 3491 5481 natura
3516 5414 3733 5502 incorpﬂlﬂ

638 5536 717 5594 Μ.
759 5494 1041 5594 Facile-id
1072 5494 1321 5608 senties;
1338 5540 1452 5596 sive
1492 5541 1655 5596 enim.
1683 5548 1791 5601 tino
1822 5548 1947 5596 tono
1987 5540 2151 5598 altius
2261 5526 2414 5589 sunt,
2453 5526 2509 5573 et
2547 5494 2911 5575 immutabiles
2946 5494 3296 5581 substantiae,
3338 5515 3525 5571 ratione
3558 5494 3729 5608 Viselli:

565 5593 1790 5704 mnsponamr,5931.35,};'lgco";,,}é,{,,§,
2257 5611 2676 5683 participatione
2705 5628 2833 5668 vero
2868 5614 3114 5684 corporis
3156 5618 3533 5709 permutantur,

563 5714 708 5778 versi
722 5690 877 5792 ἰι-ορί
914 5690 1326 5811 -θέῐειῇἄίὲΐύίιυ
1376 5723 1438 5780 ﬁt
1474 5690 1865 5811 ‘diseertiieiiis.
1904 5690 2115 5780 Canatn

2258 5702 2539 5759 variabilis
2568 5704 2645 5760 rei
2673 5704 2727 5759 in
2754 5706 3159 5762 convertibilem
3208 5698 3583 5760 inconstantiam
3612 5690 3724 5811 ιιῖιῗ·

2274 5810 2281 5811 '
2334 5804 2386 5811 "
2456 5792 2560 5811 “‘"
2664 5796 2675 5811 '
2726 5810 2733 5811 ί
2936 5797 2989 5811 -°-
3036 5806 3046 5811 -
3188 5796 3245 5811 ιι-
3355 5794 3366 5805 ο
3462 5783 3724 5811 A_:.t.mnn‘..

567 5814 803 5871 “lth
824 5782 1378 5886 'scrip'wt‘dmodum:
1490 5854 1505 5867 ο
1552 5802 1562 5847 ;
1627 5805 1757 5855 :::.-,’
1845 5861 1853 5875 .
2260 5792 2629 5883 eunt..Porro
2661 5796 2744 5851 liae
2782 5797 3115 5866 quantitates
3153 5796 3312 5850 aliter
3352 5794 3404 5848 in
3450 5782 3725 5886 Arium???

2260 5878 2502 5969 αῐίῑεινίῃ
2528 5887 2885 5956 Geometrica,
2932 5889 3091 5954 aliter
3131 5889 3182 5944 in
3211 5888 3528 5942 Astrouomta
3560 5860 3724 5927 consul?

1540 5940 1623 5959 «an
1642 5944 1781 5963 ..ιη-ιιῗι-
1818 5959 1823 5963 .
1860 5948 1902 5966 ³
