3934 6420
115 467 254 525 1005

1390 461 1642 520 MUSICA
1673 460 2125 516 ENCIIIRIADIS.

3245 465 3384 522 {006

115 601 327 644 rumor.
379 585 474 642 lia:
506 601 652 642 enim
689 595 924 657 quatuor
963 587 1260 656 disciplina:
1291 599 1398 639 non
1438 593 1565 638 sunt
1603 584 1704 636 hn-
1731 591 1777 649 Α
1807 583 2190 651 respondeant,
2240 597 2339 651 per
2367 582 2712 638 duodecimas
2737 591 2792 638 et
2828 583 3144 638 undecimas
3185 598 3380 640 conso-

115 690 290 730 manae
321 675 648 729 inventionis
671 683 838 740 artes,
885 676 978 730 sed
1007 677 1311 729 divinorum
1339 687 1560 742 operum
1603 669 1699 725 ali-

113 775 332 836 qnantie
361 766 821 834 iuvestigationes,
857 777 910 818 et
935 783 986 820 ιιι
1017 775 1267 820 creatura
1293 763 1476 818 mundi
1505 763 1700 816 intelli-

111 857 286 927 genda
341 855 762 910 mirabiIissimis
811 858 1112 910 rationibus
1169 856 1428 924 ingenuas
1493 863 1702 908 mentes

113 948 341 1010 ducunt,
377 947 448 1000 ita
484 955 544 998 ut
587 947 698 1000 sint
745 947 1160 1008 inexcusabiles,
1184 947 1274 1014 qui
1323 961 1422 1012 per
1465 945 1578 998 haec
1611 959 1702 998 co-

111 1047 442 1107 gnoscentes
467 1037 658 1096 Deum.
700 1047 754 1092 et
781 1039 1164 1106 sempiternam
1189 1037 1306 1106 ejus
1331 1036 1698 1097 Divinitatem,

113 1143 228 1180 non
269 1127 407 1180 sicut
434 1127 602 1181 Deum
633 1127 1091 1195 gloriﬁcaverunt,
1117 1135 1171 1180 et
1210 1127 1412 1194 gratias
1453 1135 1698 1194 egerunt.

191 1217 261 1270 D.
307 1217 662 1271 Arithmetica
691 1217 818 1286 quid
850 1217 971 1271 est?

191 1307 272 1360 Μ.
339 1307 636 1378 Disciplina
697 1309 1016 1378 quantitatis
1079 1309 1432 1364 numerabilis
1505 1323 1702 1365 secun-

111 1401 247 1455 dum
273 1416 352 1456 se.

189 1493 262 1546 D.
305 1493 442 1560 Quid
469 1501 552 1548 est
585 1493 832 1549 Musica?
1555 1553 1560 1556 .

195 1585 272 1639 Μ.
315 1586 603 1655 Disciplina
653 1589 933 1643 rationalis
979 1597 1466 1644 consentanearum
1513 1601 1704 1642 vocum

113 1687 286 1748 atque
311 1679 732 1748 discrepantium
758 1681 912 1748 juxta
951 1695 1225 1747 muneros,
1265 1683 1355 1751 qui
1397 1681 1462 1735 ad
1501 1679 1706 1750 aliquid

114 1777 250 1823 sunt
281 1769 382 1832 his,
423 1771 512 1838 qui
540 1771 888 1826 im-‘eniuntur
925 1772 976 1826 in
1003 1773 1168 1826 sonis.

197 1859 265 1912 υ.
303 1859 442 1926 Quid
463 1873 548 1914 est
571 1859 954 1916 Geometrica?

199 1949 274 2004 Ill.
313 1951 608 2022 Disciplina
641 1954 1026 2024 magnitudinis
1057 1953 1368 2020 immobilis,
1397 1963 1556 2024 atque
1597 1951 1708 2008 for—
1739 1955 1787 2015 B

119 2059 354 2098 marum.

197 2136 266 2190 D.
305 2141 652 2193 Astronomta
676 2139 803 2209 quid
833 2141 948 2196 estt

203 2226 278 2282 Η.
317 2229 612 2299 Disciplina
647 2231 1038 2300 magnitudinis
1083 2231 1319 2298 mobilis,
1364 2247 1484 2304 qua:
1521 2249 1712 2290 cursus

121 2317 428 2376 caelestium
467 2322 728 2388 siderum,
767 2339 887 2392 qua:
925 2323 1125 2393 ﬁguras
1153 2323 1548 2393 contemplatur
1591 2341 1710 2379 om-

121 2427 246 2474 nes,
283 2419 336 2467 et
389 2413 735 2470 habitudines
765 2413 1220 2470 stellarum'circa
1249 2429 1308 2470 se
1331 2425 1386 2470 et
1427 2415 1575 2470 circa
1607 2423 1714 2471 ter-

123 2519 247 2558 ram
283 2503 572 2574 indagabili
605 2505 812 2561 ratione
839 2497 1127 2576 percurrit.

203 2595 274 2650 D.
330 2597 608 2664 Quomodo
661 2615 760 2670 per
806 2599 1198 2655 numerabilem
1253 2600 1537 2656 scientiam
1599 2609 1714 2656 tres

129 2693 340 2742 caetera:
367 2688 656 2743 constant?

201 2776 278 2832 Η.
319 2777 454 2845 Quia
483 2779 683 2844 omnia,
713 2795 834 2850 quae
870 2795 968 2850 per
1001 2781 1100 2835 has
1128 2779 1441 2850 disciplinas
1471 2787 1718 2856 compref

125 2871 464 2937 lieuduntnr,
511 2887 860 2928 numerorum
909 2881 1156 2928 constant
1203 2875 1411 2928 ratione
1459 2871 1712 2938 formata,

129 2977 236 3017 nec
279 2961 394 3018 sine
427 2963 668 3018 numeris
700 2973 926 3034 possunt
957 2964 1038 3018 vel
1069 2963 1296 3034 intelligi
1343 2971 1436 3017 aut
1477 2979 1718 3034 pronun-

131 3052 283 3106 tiari.
310 3051 412 3119 Qui
437 3054 582 3108 enim
617 3053 880 3108 insinuari
910 3062 1108 3124 potest,
1148 3053 1275 3122 quid
1317 3053 1388 3106 sit
1421 3052 1718 3124 triangulus

131 3141 224 3196 vel
264 3145 686 3216 quadrangulus,
717 3155 771 3199 et
799 3154 1018 3210 caetera,
1047 3159 1166 3214 quae
1197 3143 1541 3198 Geometrica
1569 3151 1716 3210 sunt,

131 3233 239 3288 nisi
267 3235 413 3304 prius
439 3236 666 3303 sciatur,
699 3237 828 3308 quid
864 3237 972 3292 sint
999 3237 1104 3292 tria
1131 3237 1214 3292 vel
1239 3235 1516 3307 quatuor?

205 3325 274 3380 D.
315 3326 472 3382 Nullo
501 3331 679 3384 modo.

203 3413 283 3468 Μ.
336 3415 476 3483 Quid
527 3417 578 3472 in
626 3418 1002 3473 Astronomica
1065 3419 1274 3474 ratione
1317 3419 1436 3474 sine
1491 3433 1720 3472 numero

129 3505 259 3560 sciri
294 3506 472 3560 valet?
517 3507 658 3561 unde
688 3517 838 3562 ortus
877 3523 1212 3577 occasusque
1234 3548 1248 3572 ,
1285 3507 1587 3572 tarditates,
1629 3521 1724 3561 ve-

131 3595 379 3651 Iocitates
400 3598 696 3650 errantium
724 3597 960 3652 siderum
993 3597 1308 3651 noscimus?
1334 3597 1474 3650 unde
1503 3605 1720 3650 aetatem

133 3687 298 3754 Iunie,
346 3698 402 3744 et
443 3689 767 3759 multiplices
813 3689 1145 3744 variationes
1193 3690 1310 3760 ejus
1357 3689 1718 3759 agnoscimus,

131 3787 351 3847 quotam
379 3789 585 3850 partem
613 3779 854 3849 signiferi
885 3779 966 3834 sol
994 3789 1088 3833 aut
1113 3779 1238 3834 luna
1272 3789 1471 3844 teneat,
1505 3779 1588 3834 vel
1613 3779 1718 3833 alia

131 3869 384 3938 quaelibet
412 3885 476 3924 ex
501 3870 772 3940 planetis?
803 3869 990 3925 Nonne
1029 3873 1171 3927 sicut
1199 3873 1380 3926 omnia
1419 3871 1584 3926 certis
1621 3887 1720 3925 nu-

133 3961 270 4013 meri
298 3961 504 4032 legibus
555 3969 812 4032 aguntur,
869 3963 944 4017 ita
1006 3964 1124 4020 sine
1167 3978 1396 4020 numero
1445 3963 1718 4034 incognita

131 4050 293 4104 sunt?

205 4139 271 4193 1).
313 4141 511 4195 Etiam.

203 4229 281 4285 Μ.
325 4231 454 4299 Quae
497 4249 660 4290 causa
707 4234 760 4290 in
809 4233 1012 4292 Musica
1049 4237 1198 4302 facit,
1233 4245 1290 4290 ut
1336 4237 1542 4292 octavis
1585 4237 1719 4293 locis

129 4319 421 4389 arquisona:
465 4322 575 4376 sint
609 4338 792 4390 voces,
841 4327 1046 4394 quintis
1091 4335 1146 4380 et
1175 4327 1385 4395 quartis
1432 4328 1719 4382 consume?

127 4409 374 4484 Itemque
431 4430 530 4484 per
581 4415 956 4484 quindecimas
1009 4418 1258 4486 regiones
1319 4419 1718 4488 aaquisonauter

808 4555 1220 4623 sesquioctavus

335 4649 434 4810 LI
435 4729 810 4810 sesquitertius
1242 4731 1620 4802 sesquitertius

429 4842 536 4902 VI.
785 4844 952 4904 VIII.
1038 4843 1237 4904 VIIII.

429 4842 536 4902 VI.

335 4959 1175 5102 LsmHJl
1274 5005 1598 5074 εοείιυίθιιετ
1700 4965 1730 5102 ΙΙ
1859 4971 1883 5102 Η
1987 5003 2308 5073 “suum
2404 4951 3222 5102 ll-___lml__lw"““'m”

335 4959 360 5095 ll
463 5005 784 5072 sesquialter

945 5267 1187 5337 DupIum.

1725 4841 1869 4902 XII.
2317 4843 2482 4902 XVI.

1803 673 2034 726 nanter?
2083 672 2212 740 Quae
2247 682 2374 728 sunt
2419 690 2550 729 vero
2581 689 2844 728 mensura:
2885 677 3020 739 istic,
3069 691 3188 745 quae
3223 689 3388 732 voces

1801 767 2028 818 vocibus
2053 765 2131 820 sic
2160 773 2282 834 apte
2311 765 2665 836 conjungunt,
2695 775 2753 820 ut
2795 767 2838 820 si
2871 767 3028 836 paqu
3059 768 3270 821 acutior
3292 777 3386 821 aut

1802 854 1979 908 laxior
2009 871 2112 908 vox
2137 869 2258 908 cum
2306 871 2437 910 voce
2469 855 2650 920 fuerit,
2687 855 2754 909 ad
2797 855 3026 910 invicem
3055 856 3390 910 concordare

1803 957 1908 998 non
1935 945 2142 1014 possit?

1878 1061 1940 1115 D.
1985 1063 2172 1116 Mirum
2205 1071 2373 1128 certe,
2407 1079 2526 1133 quin
2565 1064 2673 1118 sint
2707 1061 3010 1132 huiusmodi
3037 1067 3384 1120 commenSu-

1805 1155 2101 1208 rabilitatcs
2129 1171 2344 1220 vocum,
2377 1157 2572 1224 quibus
2601 1163 2655 1210 et
2694 1156 3026 1227 symphonia:
3056 1166 3163 1210 tam
3195 1159 3385 1212 suavi-

1805 1263 1952 1302 sonae
1979 1249 2079 1302 sibi
2111 1249 2437 1312 assentiunt,
2469 1257 2522 1302 et
2553 1249 2670 1302 soni
2715 1249 2906 1318 reliqui
2941 1257 3048 1303 tam
3080 1260 3389 1319 competen-

1801 1349 1887 1394 ter
1935 1341 2038 1394 sibi
2083 1343 2133 1394 in
2165 1343 2352 1396 ordine
2398 1341 2736 1410 copulantur.
2787 1342 2893 1396 Sed
2943 1351 3092 1396 tuum
3135 1351 3238 1410 est,
3270 1357 3390 1414 qua:

1805 1431 2154 1500 proposuisti,
2187 1445 2477 1500 exponere.

1881 1540 1956 1594 Μ.
1997 1542 2145 1606 Dico,
2173 1543 2430 1612 quoniam
2463 1543 2584 1597 ideo
2605 1558 2704 1612 per
2731 1551 2920 1598 octava.
2949 1541 3086 1609 loca,
3119 1544 3170 1598 id
3201 1552 3302 1608 est,
3335 1545 3388 1600 in

1809 1632 2070 1702 diapason
2118 1634 2510 1703 teqniSOnantia
2560 1643 2662 1698 est,
2717 1635 2842 1704 quia
2875 1635 3030 1704 dupla
3075 1635 3392 1690 habitudine

1807 1725 2064 1778 voccshze
2086 1723 2459 1786 conferuntur.
2488 1736 2542 1778 ut
2575 1724 2652 1778 VI.
2671 1727 2735 1779 ad
2753 1725 2859 1779 XII.
2889 1735 2946 1780 ut
2967 1726 3077 1780 XII.
3107 1729 3172 1782 ad
3193 1725 3388 1780 XXIIII.

1811 1813 2071 1870 Similiter
2101 1817 2152 1870 in
2180 1817 2537 1886 quindecimis
2561 1817 2692 1872 locis
2712 1809 3104 1888 {equison'antia
3121 1831 3224 1881 est,
3246 1822 3390 1891 quod

1812 1909 2154 1978 disdiapason
2184 1909 2404 1974 dicitur,
2435 1910 2562 1978 quia
2595 1909 2646 1962 in
2688 1911 2984 1980 quadrnpla
3013 1921 3228 1966 constat
3271 1928 3396 1981 pro-

1813 1999 2082 2068 portione,
2129 2008 2190 2052 ut
2221 1999 2302 2054 VI.
2351 2003 2415 2054 ad
2447 1999 2640 2053 XXIIII.
2672 1999 2796 2055 Ideo
2829 2001 2882 2054 in
2920 2003 3122 2070 quintis
3161 2003 3396 2072 regioni-

1807 2087 1911 2142 bus
1939 2089 2040 2144 sibi
2063 2099 2426 2144 consonanter
2457 2092 2808 2160 respondent,
2836 2096 2977 2162 quod
3002 2103 3086 2148 est
3113 2095 3393 2163 Diapente,

1810 2183 1938 2252 quia
1993 2193 2120 2238 sunt
2167 2183 2222 2236 in
2279 2184 2490 2238 ratione
2535 2185 2911 2254 scsquialtcra.
2970 2186 3396 2256 Sesquialternm

1811 2285 1992 2328 autem
2015 2284 2118 2337 est,
2148 2275 2238 2330 ubi
2277 2275 2454 2330 minus
2481 2285 2661 2342 partes
2681 2276 2816 2332 duas
2849 2265 3113 2342 continet,
3139 2287 3192 2332 et
3221 2276 3399 2345 majus

1815 2373 1948 2429 tres,
1977 2375 2036 2417 ut
2063 2363 2147 2418 VI.
2191 2367 2450 2419 adversus
2485 2361 2622 2416 VIIII.
2664 2374 2720 2418 ut
2752 2373 2878 2420 octo
2902 2375 3090 2420 contra
3121 2365 3228 2420 XII.
3271 2367 3394 2422 Ideo

1812 2465 2094 2526 quartanae
2116 2471 2278 2510 voces
2307 2469 2558 2510 consona:
2583 2465 2726 2522 sunt,
2760 2459 2902 2528 quod
2925 2467 3008 2512 est
3035 2460 3394 2522 diatessaron,

1813 2550 1938 2619 quia
1967 2551 2020 2604 in
2053 2549 2272 2619 epitrita
2303 2558 2430 2604 sunt
2459 2551 2690 2606 ratione.
2743 2551 3030 2622 Epitritum
3063 2553 3146 2608 vel
3188 2554 3398 2623 scsqui—

1816 2644 2034 2697 tertium
2067 2652 2151 2698 est
2189 2653 2390 2708 autem,
2421 2644 2508 2698 ubi
2553 2644 2730 2698 minus
2767 2644 2927 2700 habet
2969 2655 3080 2700 tres
3115 2655 3316 2716 partes,
3345 2657 3402 2702 et

1815 2731 1990 2800 majus
2031 2743 2285 2802 quatuor,
2335 2742 2394 2788 ut
2443 2743 2566 2788 sunt
2617 2733 2699 2788 VI.
2749 2743 2937 2788 contra
2978 2734 3104 2788 VIII.
3153 2745 3212 2790 ut
3253 2737 3394 2792 VIIII.

1817 2832 2006 2879 contra
2053 2823 2158 2878 XII.
2193 2825 2313 2880 ideo
2351 2825 2670 2880 duodecima
2713 2825 2998 2880 collatione
3044 2827 3398 2890 concordant,

1817 2915 1944 2984 quia
1988 2915 2054 2970 ad
2099 2916 2358 2986 diapason
2403 2916 2656 2986 diapente
2701 2917 3008 2984 respondet,
3061 2916 3112 2968 id
3149 2925 3251 2981 est,
3284 2931 3402 2970 scs-

1817 3005 2144 3075 quialterum
2171 3005 2240 3058 ad
2271 3005 2512 3075 duplum.
2559 3015 2616 3058 ut
2661 3003 2832 3058 XVIII.
2857 3012 3048 3058 contra
3087 3003 3190 3057 XII.
3225 3014 3281 3058 et
3313 3003 3400 3058 VI.

1819 3105 1880 3150 ut
1910 3095 2028 3148 VIII.
2063 3105 2250 3149 contra
2275 3094 2381 3148 XII.
2413 3105 2467 3150 et
2495 3094 2689 3148 XXIIII.
2725 3093 2822 3150 Vel
2853 3095 2974 3163 quia
3007 3109 3104 3164 per
3131 3095 3242 3148 loca
3268 3095 3402 3150 duo-

1823 3187 2034 3244 decima
2077 3187 2209 3241 ﬁunt
2242 3186 2431 3256 triplze,
2463 3195 2520 3240 ut
2555 3185 2728 3240 XVIII.
2767 3195 2955 3241 contra
2989 3184 3070 3240 Vl.
3109 3195 3167 3240 ut
3199 3185 3399 3240 XXIIII.

1746 3312 1792 3374 Ω
1824 3287 2016 3334 contra
2047 3276 2168 3330 Vlll.
2211 3277 2336 3332 Ideo
2373 3285 2426 3331 et
2452 3275 2733 3330 undecima
2767 3275 2987 3346 regione
3023 3274 3404 3330 consonabiles

1823 3379 1972 3434 sunt,
2003 3367 2258 3438 quoniam
2289 3367 2356 3422 ad
2403 3367 2660 3436 diapason
2709 3378 2925 3421 resonat
2953 3368 3314 3432 diatessaron,
3351 3365 3407 3420 id

1823 3469 1922 3521 cst,
1956 3459 2234 3528 epitritum
2259 3457 2324 3510 ad
2354 3455 2596 3526 duplum,
2631 3467 2688 3510 ut
2711 3455 2842 3509 XVI.
2877 3467 3060 3510 contra
3093 3455 3200 3508 XII.
3230 3465 3286 3510 et
3313 3455 3400 3508 VI.

1825 3559 1884 3602 ut
1911 3548 2058 3604 VIIII.
2089 3558 2276 3603 contra
2299 3547 2405 3600 XII.
2435 3557 2488 3601 et
2515 3545 2708 3602 XXIIII.
2735 3545 2866 3600 Item
2894 3561 3075 3608 voces,
3109 3561 3227 3616 qua:
3269 3561 3405 3616 prae-

1819 3637 1963 3694 fatas
1989 3639 2338 3710 symphonias
2371 3639 2664 3708 complent,
2699 3647 2882 3707 utpote
2912 3637 3248 3690 diatessaron
3277 3649 3406 3704 qua-

1823 3741 1964 3798 tuor,
2011 3733 2251 3802 quinque
2301 3741 2563 3803 peragunt
2609 3729 2880 3799 diapente,
2941 3731 3046 3784 hac
3096 3729 3410 3796 habitudine

1821 3827 2174 3890 concordant,
2227 3823 2354 3893 quia
2389 3823 2722 3878 diatessaron
2769 3833 2822 3876 et
2871 3823 3124 3892 diapente
3157 3823 3222 3876 ad
3272 3822 3412 3880 invi-
3455 3865 3462 3872 .

1821 3931 1938 3970 cem
1978 3925 2394 3980 connectuntur,
2447 3913 2694 3968 videlicet
2736 3915 2995 3986 epogdoo,
3043 3915 3095 3968 id
3145 3923 3246 3978 est,
3294 3929 3409 3968 ses-

1821 4008 2106 4075 quioctavo
2144 4022 2308 4060 :nam
2364 4021 2578 4076 semper
2619 4007 2920 4061 diIl‘erentia
2966 3997 3302 4076 sesquialteri
3351 4016 3410 4061 et

1819 4098 2150 4167 sesquitertii
2209 4098 2485 4168 epogdous
2539 4107 2640 4152 est.
2699 4097 2814 4165 Qua
2873 4099 3015 4153 enim
3065 4097 3411 4168 proportione

1823 4198 1948 4244 sunt
1981 4187 2100 4242 VIII.
2132 4187 2202 4242 ad
2233 4187 2370 4242 VIIII.
2404 4187 2538 4241 ﬁunt
2569 4187 2704 4242 XVI.
2735 4189 2804 4243 ad
2833 4188 3009 4244 XVIII.
3044 4187 3180 4243 ﬁunt
3201 4186 3406 4242 XXXII.

1822 4283 1892 4338 ad
1925 4279 2160 4336 XXXVI.
2187 4290 2242 4336 et
2269 4281 2348 4336 sic
2387 4281 2439 4334 in
2471 4280 2756 4336 inﬁnitum.

1893 4394 2096 4449 Horum
2130 4393 2440 4462 descriptio,
2483 4408 2602 4462 qua:
2626 4394 2895 4448 dicuntur.

2325 4549 2736 4618 sesquioctavus

1847 4671 1872 4804 ll
1949 4731 2328 4802 sesquitertins
2741 4653 3216 4796 sesquitertius

2569 4841 2804 4902 xvm.
2933 4803 3228 4928 xxnnj

2671 4961 2700 5104 ν
2783 5001 3105 5068 sesquialter
3197 4965 3206 5084 Ι

2687 5077 3206 5104 ξεῖ-Ξ.

2375 5271 2625 5340 Duplum.

1597 5503 1986 5574 Quadruplum.

2009 5653 2232 5660 —_‘_—__

197 5747 472 5806 Praeterea
494 5751 842 5821 perfectiores
865 5763 990 5808 sunt
1011 5767 1342 5823 sympuomze
1375 5752 1428 5805 in
1459 5752 1716 5820 diapason
1751 5751 1798 5810 D
1827 5748 1988 5804 lares.
2047 5747 2346 5805 Perfectior
2391 5760 2476 5806 est
2523 5761 2702 5808 autem
2753 5755 3030 5825 multiplex
3079 5758 3418 5828 inaequalitas

121 5851 192 5892 ac
219 5838 585 5908 disdiapason,
609 5857 770 5910 quam
796 5844 846 5896 in
871 5843 1204 5896 diatessaron
1227 5852 1284 5896 et
1303 5843 1574 5910 diapente,
1597 5841 1724 5910 quia

121 5925 215 5981 ha
247 5937 376 5984 sunt
405 5929 718 6001 multiplicis
755 5933 1154 6003 inaequalitatis,
1185 5933 1286 5988 ill-.e
1325 5933 1726 6002 super-particu-

1833 5842 2308 5910 superparticulari
2361 5845 2738 5912 inaequalitate.
2773 5845 2944 5902 Voces
2975 5863 3102 5902 vero
3135 5850 3416 5918 praedicta-

1837 5950 1954 5988 rum
1991 5935 2417 6004 preportionuin,
2451 5937 2500 5991 id
2535 5949 2616 5994 est.
2649 5941 2838 6011 duplic,
2871 5942 3062 6013 tripize,
3092 5945 3406 6014 quadrnphe
