3934 6418
647 451 782 505 I00!

1212 448 1558 508 IIUCBALDI
1593 452 1760 509 MON.
1802 451 1861 508 S.
1900 445 2161 506 AMANDI
2193 441 2343 499 OPP.
2389 443 2567 502 PARS
2605 445 2669 501 II.
2694 476 2764 487 -—
2788 444 3285 504 MISCELLANEA.
3670 461 3747 523 Im

642 559 1042 631 sesquialtem,
1090 560 1475 631 sesquitertiaa,
1526 563 1918 635 sesquioctava:
1942 602 1958 629 ,
2012 565 2225 615 constat
2250 561 2300 617 A
2329 557 2502 627 major
2526 567 2621 613 aut
2649 557 2861 613 ﬁdicula
2889 567 3043 630 parte
3085 568 3273 615 octava
3304 561 3529 619 minorem
3565 582 3748 644 δαμείετε.

640 654 846 708 idcirco
890 666 1158 708 consonas
1201 652 1286 708 vel
1330 654 1656 723 aequisonas,
1704 654 1829 724 quia
1867 652 2119 708 nimirum
2167 648 2223 704 hi

640 744 856 799 relativi
885 744 1094 798 numeri
1123 742 1224 799 soli
1259 743 1314 797 in
1343 745 1596 800 omnibus
1623 744 1921 813 disciplinis
1947 756 2223 799 commen-

580 866 585 869 ι
641 835 811 893 aurati
838 844 965 889 sunt
991 843 1045 889 et
1072 835 1470 899 connumerati,
1496 842 1551 890 et
1571 835 1641 889 ob
1670 836 1772 890 hoc
1806 832 2140 907 symphoniis
2170 839 2227 886 et

642 926 866 996 reliquis
911 924 1131 980 musicis
1184 924 1407 980 vocibus
1455 923 1817 995 deputantur.
1886 925 1995 979 imo
2064 936 2225 977 voces

643 1016 931 1071 modulata:
975 1015 1060 1070 his
1106 1014 1345 1070 numeris
1396 1025 1772 1084 procreantur.
1815 1014 1996 1070 Sentts
2038 1013 2221 1086 igitur,

643 1106 855 1162 nonnisi
896 1105 1252 1162 arithmeticis
1296 1105 1597 1161 rationibus
1632 1121 1793 1178 posse
1831 1119 2094 1160 musrcam
2124 1118 2221 1159 ex-

641 1196 869 1268 plicari?
900 1192 913 1216 ’

714 1286 778 1341 υ.
825 1286 1011 1343 Sentio
1037 1287 1199 1360 plane
1228 1288 1641 1344 Arithmcticam
1670 1287 1889 1344 musica:
1933 1284 2222 1358 cognitioni

641 1381 1029 1435 necessariam.

712 1470 790 1524 Μ.
832 1470 1147 1527 Necessaria
1169 1486 1409 1542 prorsus,
1435 1488 1557 1529 cum
1582 1472 1650 1527 ad
1672 1486 2023 1527 numerorum
2049 1483 2227 1525 exem-

638 1564 760 1634 plar
787 1564 990 1620 musica
1017 1566 1229 1635 penitus
1253 1565 1551 1621 deformata
1574 1566 1665 1621 sit.
1692 1565 1906 1620 Etenim
1931 1565 1978 1619 si
2001 1576 2224 1619 nervum

640 1671 669 1710 a
698 1671 865 1710 nervo
894 1671 1061 1726 aequae
1087 1657 1492 1729 grossitudinis,
1534 1658 1647 1713 sive
1684 1657 1919 1713 fistulam
1960 1672 1991 1711 a
2024 1656 2224 1721 Iistula,

2327 650 2489 716 ditur,
2533 651 2599 705 ad
2646 651 2874 706 invicem
2906 663 3162 707 resonant
3191 661 3384 708 tonum.
3422 655 3561 726 Igitur
3589 661 3750 734 quidquid

2325 739 2380 794 in
2429 741 2789 797 modulatione
2834 757 2999 801 suave
3047 751 3149 807 est,
3200 759 3439 801 numerus
3480 761 3672 818 operatur
3699 771 3751 823 per

2328 838 2477 885 ratas
2510 831 2876 888 dimensiones
2901 848 3093 888 vocum
3124 852 3136 887 :
3168 835 3415 904 quidquid
3457 838 3643 909 rhythmi
3668 844 3750 898 dele.

2328 919 2527 975 ctabile
2559 930 2817 989 praestant
2842 922 2954 977 sive
2983 923 3037 977 in
3074 924 3515 992 modulationibus,
3538 944 3610 984 seu
3634 932 3671 986 in
3690 938 3754 1004 qui-

2323 1006 2558 1063 buslibet
2584 1009 2906 1079 rhythmicis
2933 1011 3189 1075 motibus,
3222 1021 3386 1067 totum
3418 1030 3628 1073 numerus
3646 1023 3752 1076 allicit

2324 1096 2394 1152 Et
2416 1112 2576 1152 voces
2606 1098 2823 1167 quidem
2853 1098 3104 1155 celeriter
3133 1109 3423 1168 transeunt,
3450 1106 3755 1174 numerium,

2324 1188 2415 1257 qui
2445 1203 2702 1259 corporea
2730 1205 2922 1244 vocum
2960 1198 3016 1245 et
3062 1201 3304 1247 motuum
3331 1195 3531 1249 materia
3552 1196 3756 1254 decolonr

2327 1291 2436 1347 tur,
2461 1291 2701 1337 manent.
2727 1281 3088 1354 Quapropter,
3118 1293 3178 1339 ut
3205 1286 3280 1339 ait
3304 1296 3502 1343 sanctus
3524 1288 3755 1360 Augustinus

2325 1374 2484 1439 ratio,
2507 1391 2625 1443 quae
2656 1376 2708 1429 in
2741 1377 3032 1446 rhythmis,
3059 1377 3151 1446 qni
3192 1377 3356 1433 latine
3381 1379 3593 1434 dicuntur
3617 1386 3757 1447 numeri,

2325 1465 2438 1520 sive
2465 1466 2516 1519 in
2542 1465 2655 1534 ipsa
2686 1466 3065 1530 modulatione,
3097 1468 3359 1523 intellexit
3380 1485 3593 1526 numeros
3612 1488 3756 1544 regnare,

2326 1567 2607 1628 totumque
2630 1559 2910 1628 perlicere,
2944 1560 3181 1630 inspexit
3217 1561 3606 1632 diligentissime,
3625 1567 3760 1635 reperis

2323 1649 2527 1719 batque
2556 1649 2771 1705 divinos
2812 1658 2868 1705 et
2911 1652 3288 1722 sempiternos.
3318 1653 3505 1709 Deinde
3527 1656 3632 1709 ratio
3654 1657 3760 1711 eadem
3820 1649 3821 1722 ἦ

639 1746 800 1815 duplo
829 1746 1019 1804 feceris
1052 1748 1364 1820 longiorem,
1391 1758 1451 1805 ut
1478 1749 1589 1805 XII.
1622 1750 1687 1805 ad
1717 1749 1802 1804 VI.
1834 1758 1891 1803 ut
1919 1746 2126 1803 XXIIII.
2159 1748 2227 1804 ad

2326 1738 2521 1796 coelum
2570 1749 2882 1810 terramque
2933 1741 3296 1807 conlustrans,
3342 1744 3496 1798 sensit
3536 1743 3636 1798 nihil
3670 1746 3761 1807 aliud.

638 1837 753 1892 XII.
781 1839 1038 1911 diapason
1072 1841 1139 1895 ad
1182 1841 1411 1896 invicem
1449 1851 1726 1896 resonant.
1770 1839 1827 1896 Si
1872 1855 2100 1895 nervum
2135 1847 2228 1893 aut
2265 1909 2287 1911 _
2328 1847 2488 1901 quam
2520 1831 2976 1902 pulchritudinem
3021 1833 3121 1888 sibi
3163 1833 3396 1904 placere,
3419 1844 3469 1889 et
3504 1835 3549 1888 in
3576 1835 3761 1904 pulchritu-

637 1909 883 1984 Ilstulam
907 1945 1074 2000 aequa:
1105 1931 1459 1987 concavitatis
1493 1932 1649 1986 tertia
1676 1930 1901 1986 minoris
1932 1936 2093 2000 parte
2112 1928 2229 1983 lon-
2262 1909 2304 1967 Β
2331 1921 2457 1977 dine
2485 1921 2705 1994 ﬁguras,
2745 1923 2798 1977 in
2830 1922 3016 1993 ﬁguris
3045 1924 3423 1991 dimensiones,
3455 1926 3502 1980 in
3533 1925 3762 1981 dimensum;
3820 1928 3821 2000 ι

638 2020 841 2089 giorcm
872 2020 1084 2088 feceris,
1114 2030 1172 2076 ut
1212 2022 1341 2078 VIII.
1383 2024 1449 2077 ad
1475 2022 1563 2078 VI.
1605 2033 1664 2078 ut
1692 2021 1828 2079 XVI.
1871 2022 1938 2077 ad
1980 2020 2092 2076 XII.
2136 2035 2232 2076 seu

636 2117 831 2177 quarta
867 2119 1022 2179 parte
1052 2111 1272 2182 majoris
1302 2111 1470 2168 facias
1507 2113 1832 2179 breviorem,
1879 2121 1939 2167 ut
1979 2112 2130 2168 VIIII.
2164 2111 2232 2165 ad

638 2198 750 2255 XII.
799 2210 858 2257 ut
902 2201 1085 2258 XVIII.
1129 2204 1196 2258 ad
1243 2202 1450 2259 XXIIII.
1491 2205 1598 2259 erit
1638 2204 1852 2274 quidem
1892 2204 2229 2259 diatessaron

636 2293 990 2348 consonantia
1019 2292 1149 2348 VIII.
1178 2295 1246 2350 ad
1273 2294 1357 2348 VI.
1391 2304 1446 2351 et
1472 2294 1611 2351 XVI.
1643 2297 1709 2350 ad
1741 2292 1852 2349 XII.
1880 2295 1958 2351 Ac
1985 2294 2231 2351 similiter

636 2381 790 2438 VIIII.
818 2384 885 2437 ad
911 2382 1024 2438 XII.
1057 2382 1237 2438 XVIII.
1269 2386 1335 2441 ad
1360 2384 1567 2439 XXIIII.
1593 2384 1765 2440 Porro
1794 2384 1944 2439 VIIII.
1969 2384 2038 2439 ad
2067 2383 2151 2439 VI.
2176 2389 2232 2438 et

637 2471 770 2527 VIII.
811 2474 878 2529 ad
908 2472 1018 2528 XII.
1054 2474 1412 2545 similiterque
1441 2474 1622 2532 XVIII.
1652 2477 1720 2531 ad
1751 2472 1839 2530 XII
1874 2483 1931 2531 et
1975 2473 2114 2528 XVI.
2162 2474 2232 2528 ad

634 2560 847 2616 XXIIII.
875 2562 1126 2632 diapente
1170 2564 1294 2619 erit.
1324 2564 1500 2635 Atque
1530 2565 1635 2621 hoc
1679 2564 1741 2619 Iit
1784 2565 1968 2631 modo,
1994 2573 2054 2619 ut
2092 2564 2231 2620 sicut

639 2653 696 2708 in
724 2652 890 2725 duplo
923 2654 1249 2724 sesquialter
1283 2671 1347 2713 ac
1374 2657 1752 2728 sesquitertius
1780 2656 2109 2722 continetur,
2140 2664 2228 2711 ut-

635 2751 762 2813 pote
803 2744 944 2799 inter
977 2743 1064 2799 VI.
1092 2757 1148 2802 et
1186 2744 1299 2801 XII.
1325 2749 1671 2803 continentur
1696 2746 1831 2804 XVI.
1863 2758 1919 2803 et
1946 2746 2125 2802 XVIII.
2159 2746 2232 2801 al-

647 2835 903 2889 ternatim
935 2835 1204 2903 videlicet,
1234 2846 1292 2892 ut
1320 2837 1411 2908 qui
1440 2839 1636 2894 minori
1659 2853 1887 2894 numero
1909 2838 2232 2908 sesquialter

635 2935 739 2992 est,
764 2927 927 2984 veluti
959 2927 1112 2984 VIIII.
1145 2930 1213 2985 ad
1242 2929 1328 2985 VI.
1356 2941 1410 2987 et
1436 2929 1616 2987 XVIII.
1649 2932 1717 2987 ad
1749 2930 1861 2986 XII.
1894 2930 1988 2985 Iiat
2012 2930 2229 2986 subses-

634 3019 924 3089 quitertius
945 3020 1152 3092 majori,
1182 3034 1236 3077 ut
1262 3022 1414 3079 VIIII.
1441 3025 1508 3079 ad
1522 3023 1631 3079 XII.
1651 3034 1706 3079 et
1726 3023 1908 3080 XVIII.
1928 3024 1993 3078 ad
2019 3022 2226 3078 XXIIII.

632 3112 713 3166 Ac
743 3126 932 3167 rursus
957 3113 1050 3182 qui
1081 3114 1148 3168 ad
1176 3114 1440 3169 minorem
1471 3116 1855 3185 sesquitertius
1878 3124 1983 3181 est,
2006 3123 2063 3169 ut
2092 3114 2223 3170 VIII.

635 3200 703 3255 ad
723 3199 811 3256 VI.
841 3211 899 3254 ut
918 3200 1057 3256 XVI.
1086 3203 1152 3257 ad
1175 3203 1287 3257 XII.
1317 3203 1386 3259 sit
1409 3205 1476 3260 ad
1499 3205 1758 3273 majorem
1782 3204 2225 3274 subsesquialter,

633 3296 696 3344 ut
740 3290 870 3346 vm.
916 3293 984 3347 ad
1012 3291 1123 3347 XII.
1155 3307 1214 3348 ut
1243 3293 1379 3350 xvn.
1429 3296 1497 3352 ad
1542 3262 1751 3351 x'xuu.
1790 3296 1868 3351 Ita
1900 3262 2040 3352 inter
2084 3262 2224 3352 duos,
2255 3262 2301 3326 C

635 3398 799 3441 sonos
823 3385 1079 3455 diapason
1107 3388 1173 3449 ad
1203 3388 1435 3444 invicem
1464 3399 1803 3457 resonantes,
1846 3400 2042 3461 quarto
2076 3405 2215 3446 sem-

2331 2011 2433 2067 bus
2477 2016 2752 2067 numeros.
2797 2013 2922 2068 Ilaec
2955 2029 3169 2085 quoque
3196 2015 3443 2071 distincta
3470 2026 3517 2069 et
3540 2016 3718 2085 disposita
3736 2032 3763 2069 ιι

2332 2100 2670 2172 disciplinam
2724 2103 2975 2173 redegit,
3032 2103 3421 2176 appellavitque
3481 2104 3764 2159 Geometrinn

2332 2191 2507 2248 Motus
2533 2209 2658 2249 eum
2686 2194 2808 2250 eteli
2841 2194 3071 2250 multum
3100 2195 3373 2262 movebat,
3402 2206 3455 2252 et
3478 2195 3534 2250 ad
3558 2195 3765 2250 seconside

2332 2285 2559 2340 randum
2585 2285 2869 2357 diligenter
2891 2287 3242 2365 admonebat,
3265 2287 3422 2342 etiam
3444 2287 3510 2341 ibi
3527 2302 3604 2355 per
3620 2295 3765 2341 constan-

2335 2375 2573 2431 tissimas
2598 2383 2903 2446 temporum
2935 2377 3102 2442 vices,
3131 2392 3234 2447 per
3263 2387 3511 2433 astrorum
3537 2386 3650 2431 ratos
3664 2376 3764 2430 dein

2332 2476 2523 2537 tosque
2564 2481 2781 2531 cursus,
2822 2481 2920 2537 per
2957 2467 3379 2523 intervallorum
3423 2467 3573 2538 spatia
3600 2466 3764 2521 moderata

2332 2559 2599 2615 intellexit
2625 2558 2762 2613 nihil
2797 2558 2961 2624 aliud,
2992 2575 3155 2630 quam
3184 2560 3334 2614 illam
3376 2558 3765 2620 dimensionem,m-

2331 2667 2620 2723 merosque
2668 2653 2957 2708 dominari.
3011 2651 3142 2719 Quae
3197 2654 3442 2710 similiter
3489 2650 3764 2708 diliiniendou

2336 2742 2678 2798 secernendo
2706 2742 2760 2797 in
2784 2743 3027 2799 ordinem
3058 2753 3307 2811 nectens,
3332 2743 3638 2813 Astrologiam
3656 2740 3765 2810 genuit

2331 2832 2445 2889 Hoc
2482 2834 2665 2905 itaque
2696 2835 2858 2890 modo
2884 2833 2938 2889 in
2969 2833 3285 2890 matheseos
3305 2833 3571 2905 disciplinis
3591 2836 3767 2885 occanunt

2330 2926 2511 2981 omnia
2540 2941 2855 2991 numerosa,
2897 2935 2953 2981 et
2992 2927 3384 2981 immortalium
3420 2922 3766 2987 numerorum,qu

2331 3020 2614 3092 cogitando
2632 3028 2797 3090 atque
2823 3020 3089 3075 volvendo
3122 3021 3422 3085 intuentur,
3455 3020 3503 3074 hi
3528 3018 3600 3088 qui
3632 3012 3768 3070 sentina

2332 3119 2443 3178 tur,
2486 3110 2691 3165 umbra:
2733 3109 2913 3179 potius
2947 3118 3002 3164 et
3029 3110 3298 3179 imagines
3326 3119 3464 3165 sunt.
3491 3108 3601 3175 Quis
3627 3116 3768 3172 ergorv

2335 3202 2534 3256 tionem
2583 3215 2930 3255 numerorum
2986 3200 3308 3256 mutabilem
3358 3199 3553 3265 dixerit,
3576 3204 3646 3250 aut
3677 3200 3768 3246 artu

2330 3293 2625 3363 quamlibet
2655 3308 2759 3348 non
2791 3308 2887 3363 per
2914 3292 3056 3348 hanc
3084 3293 3376 3350 constare?

2391 3385 2457 3441 ι).
2500 3383 2840 3441 SuIIicienter
2868 3401 3010 3441 nunc
3034 3387 3253 3441 videtur
3277 3387 3597 3447 insinuatum,
3617 3394 3691 3435 non
3707 3390 3768 3429 mu-

632 3491 733 3546 per
774 3484 830 3531 et
864 3478 1054 3547 quinto
1099 3478 1217 3534 loco
1243 3482 1589 3551 symphonias
1618 3491 1810 3536 natura
1835 3481 2120 3553 disposuit,
2158 3493 2217 3536 ut

2323 3477 2484 3532 sicam
2522 3475 2720 3541 solum,
2750 3475 2843 3531 sed
2865 3485 2919 3530 et
2950 3476 3088 3531 alias
3116 3486 3233 3531 tres
3261 3476 3558 3545 disciplinas
3581 3464 3766 3539 magism

633 3580 754 3635 quae
804 3566 930 3622 huic
978 3567 1133 3625 lateri
1185 3580 1377 3640 quarto
1427 3571 1544 3629 loco
1594 3552 1933 3629 diatessaron
1988 3584 2090 3641 est,
2143 3576 2215 3630 sit
2314 3576 2975 3624 θοηειπθπυωετοΐυιῐι-
3005 3565 3111 3621 58d
3140 3582 3329 3637 (Ιυωεο
3355 3552 3765 3636 ριευὶιιείιιείρίθεδτ

633 3656 822 3726 quinto
850 3656 970 3713 loco
1001 3659 1155 3715 alteri
1202 3661 1358 3717 lateri
1409 3664 1685 3736 diapente;
1719 3675 1775 3723 et
1815 3683 1936 3738 quae
1985 3668 2051 3723 ad
2081 3668 2211 3724 illud

2323 3675 2664 3716 numerorum
2717 3669 2911 3714 natura
2961 3668 3236 3727 tractare,
3291 3669 3579 3731 repetasque
3618 3648 3764 3720 singuli.
3820 3648 3821 3689 ἒ

634 3754 830 3814 quarto
855 3746 977 3802 loco
998 3760 1216 3805 resonat
1238 3750 1595 3819 diatessaron,
1633 3757 1759 3811 huic
1787 3757 2037 3827 diapente
2067 3773 2217 3814 reso-
2325 3769 2446 3824 quae
2477 3753 2753 3825 prtemissa
2778 3762 2927 3819 sunt,
2953 3767 3059 3822 quo
3104 3761 3379 3829 utcunque
3404 3752 3464 3807 ad
3496 3743 3687 3804 intuenda
3710 3752 3770 3791 ιω

635 3842 747 3889 net.
770 3834 941 3892 Porro
961 3842 1401 3909 utsesqnioctava
1426 3845 1770 3915 proportione
1793 3846 1942 3902 VIIII.
1963 3857 2222 3917 superant
2327 3847 2453 3902 sicae
2484 3845 2710 3902 rationis
2748 3844 3044 3916 penetralia
3091 3860 3441 3901 numerorqu
3472 3842 3631 3896 ducatu
3665 3843 3770 3903 peris

636 3929 773 3986 VIII.
803 3942 860 3988 ut
886 3931 1067 3990 XVIII.
1093 3934 1229 3990 XVI.
1259 3945 1317 3990 ut
1355 3936 1591 3994 XXXVI.
1626 3936 1843 4007 XXXII,
1871 3939 1946 3997 ita
1975 3939 2019 3996 si
2044 3939 2219 3996 ﬁstula
2330 3939 2497 3994 niam.

1073 4122 1077 4127 -
1914 4083 2097 4146 Finit
2136 4103 2293 4165 pars
2337 4081 2627 4145 secunda.

645 4182 3766 4229 ——_~_—____———_-_———_——___——_—___‘

1564 4296 2027 4387 INCIPIT
2098 4296 2540 4386 TERTIA
2603 4275 2989 4407 [PARS].

2042 4474 2323 4487 ——————

2329 4474 2527 4487 ﬂ

705 4546 851 4602 Disc.
895 4504 1064 4618 Rogo,
1113 4547 1380 4618 imprimis
1410 4549 1622 4616 edicas,
1653 4549 1783 4621 quid
1810 4550 1885 4605 sit
1918 4552 2229 4622 quantitas?
2257 4557 2308 4617 D
2334 4554 2506 4610 dietas
2554 4568 2673 4621 sex,
2717 4568 2843 4624 pars
2890 4553 3050 4608 tertia
3100 4561 3351 4622 quatuor,
3397 4562 3511 4621 pars
3534 4549 3677 4616 quarta
3703 4526 3767 4588 ιτίι-

708 4639 784 4696 M.
825 4640 1194 4707 Quantitatem
1221 4641 1450 4697 dicimus
1480 4652 1535 4696 et
1565 4641 1617 4696 in
1652 4644 1911 4708 numeris,
1936 4651 1991 4697 et
2022 4643 2076 4697 in
2107 4658 2222 4699 mo—

634 4731 857 4788 bilibus.
883 4728 1019 4785 Nam
1056 4732 1333 4801 quantitas
1377 4731 1729 4787 numerabilis
1765 4733 1982 4803 proprie
2026 4734 2221 4790 dicitur

636 4823 943 4888 multitudo,
991 4836 1111 4892 quae
1158 4822 1455 4879 unitatibus
1500 4834 1880 4895 congregatur.
1934 4825 2220 4892 Quantitas

636 4915 908 4987 specialis,
935 4930 1057 4986 quae
1095 4915 1148 4970 in
1198 4913 1488 4971 mobilibus
1528 4914 1606 4980 Iit,
1637 4916 1838 4973 dicitur
1882 4918 2218 4989 magnitudo,

636 5026 755 5080 quae
800 5011 854 5065 in
903 5010 1139 5066 unitates
1186 5009 1466 5065 dividitur.
1498 5010 1630 5065 Nam
1678 5012 1968 5069 multitudo
2011 5012 2220 5068 infinita

637 5100 947 5170 pluralitate
981 5100 1301 5168 succrescit,
1331 5103 1647 5173 magnitudo
1681 5104 1893 5159 inlinita
1932 5105 2223 5175 partitione

639 5191 917 5245 minuitur.
957 5190 1071 5247 Hoc
1107 5199 1211 5257 est,
1243 5191 1532 5247 multitudo
1570 5194 1636 5247 ad
1676 5209 1840 5248 unum
1885 5210 1953 5250 ex
1998 5193 2222 5264 plurali-

643 5283 841 5338 tatihus
872 5283 1096 5339 tendens
1139 5292 1368 5354 augetur
1396 5284 1601 5354 spatio;
1649 5286 1966 5356 magnitudo
2008 5286 2075 5341 ab
2116 5300 2223 5341 uno

641 5375 695 5428 in
723 5373 1086 5445 pluralitatem
1121 5375 1347 5431 tendens
1371 5376 1638 5431 unitatum
1685 5376 1875 5445 spatiis
1904 5376 2167 5431 minuitur
2207 5395 2219 5430 :

643 5473 827 5536 utpote
874 5464 1031 5536 lapis,
1059 5466 1243 5532 arbor,
1270 5481 1380 5537 quo
1429 5466 1637 5522 minore
1680 5465 1939 5522 dividitur
1975 5482 2224 5534 numero,

641 5557 968 5613 divisionum
992 5558 1163 5626 spatia
1196 5560 1400 5626 majora
1433 5556 1599 5624 fiunt;
1631 5572 1738 5627 quo
1768 5566 1950 5612 autem
1989 5558 2040 5611 in
2074 5556 2227 5626 plura

639 5654 969 5725 partiuntur,
996 5667 1062 5708 eo
1090 5651 1201 5722 ipsa
1234 5652 1549 5707 minuantur
1578 5653 1751 5722 spatia
1785 5670 1797 5705 :
1826 5660 1888 5706 ut
1929 5645 2076 5705 verbi
2106 5667 2229 5722 gra-

644 5745 718 5801 tia
746 5747 814 5802 de
844 5744 1032 5818 viginti
1071 5756 1305 5814 quatuor
1329 5744 1608 5800 dimidimn
1630 5744 1931 5805 duodecim,
1967 5754 2092 5812 pars
2121 5750 2228 5796 ter-

630 5837 719 5890 .tia
754 5844 902 5903 octs,
927 5850 1053 5906 pars
1082 5844 1271 5905 quarta
1299 5849 1394 5892 se:
1439 5855 1452 5889 :
1493 5838 1622 5890 item
1669 5834 1736 5893 de
1778 5834 2064 5895 duodecIm
2114 5846 2227 5888 me-

2331 4644 2699 4716 Utrarumque
2727 4660 2859 4716 ergo
2884 4644 3239 4700 similitudine
3266 4642 3595 4715 quantitatum
3615 4630 3769 4689 arithnw

2330 4739 2436 4793 tica
2479 4753 2546 4792 ex
2598 4752 2717 4792 sese
2766 4736 3027 4792 musicam
3080 4736 3276 4801 fundit,
3325 4746 3381 4790 et
3424 4725 3684 4787 miromodo
3720 4724 3769 4783 νεῖ

2328 4837 2681 4898 utrarumque
2729 4829 3033 4885 contrarias
3104 4829 3383 4898 passiones
3445 4820 3640 4878 melodas
3678 4815 3769 4861 τοίδ

2329 4918 2481 4973 suavi
2511 4918 2928 4973 concordatione
2953 4920 3210 4989 disponit.
3239 4916 3389 4985 Quod
3418 4915 3543 4970 enim
3568 4922 3647 4962 vox
3666 4899 3769 4989 ad“:

2329 5014 2444 5064 cem
2474 5017 2566 5064 aut
2593 5009 2753 5080 duplo
2783 5011 2983 5066 crescit
3011 4980 3105 5066 aut
3128 4980 3289 5081 triplo
3310 5017 3400 5063 aut
3423 4980 3769 5084 quampiam?!

2330 5109 2487 5155 sonat
2529 5078 2813 5170 diapason,
2845 5101 3101 5170 diapason
3151 5078 3214 5156 ac
3253 5101 3506 5170 diapente,
3544 5078 3769 5170 bisquefﬁ’:

2331 5205 2519 5260 pason,
2566 5200 2815 5244 naturam
2851 5199 3033 5245 servat
3068 5188 3357 5244 numeralis
3383 5177 3660 5256 quantitatis
3682 5158 3768 5262 Οεξέ

2332 5295 2462 5335 vero
2509 5280 2592 5335 vel
2622 5281 2847 5335 dimidio
2884 5278 3104 5349 majoris
3152 5288 3384 5350 superat,
3412 5274 3485 5329 vel
3515 5274 3634 5341 Pal“
3660 5266 3767 5362 13"“?

2332 5372 2417 5427 "el
2442 5380 2661 5442 quarta,
2694 5372 2780 5427 vel
2804 5381 3016 5438 octava,
3054 5372 3196 5442 quod
3233 5352 3752 5443 sonatdiapente,dial€=:

2331 5480 2492 5520 saron
2519 5474 2576 5520 et
2622 5474 2831 5532 tonum,
2858 5465 3133 5521 continuae
3170 5465 3332 5520 habet
3368 5451 3633 5530 quantitatis
3653 5447 3765 5501 ξιωειο

2332 5574 2476 5613 nem.
2505 5557 2641 5614 Cum
2677 5573 2807 5631 ergo
2838 5574 3027 5614 vocum
3057 5558 3346 5613 varietates
3368 5554 3419 5608 in
3443 5540 3766 5633 (l‘la'mnf'jf:

2331 5650 2525 5705 sistant
2577 5648 2683 5706 hoc
2736 5619 2932 5716 modo,
2983 5646 3277 5705 secundum
3339 5636 3596 5700 contrarias

2335 5744 2654 5815 quantitatis
2693 5713 2926 5800 naturas
2962 5741 3104 5797 dulci
3155 5738 3216 5794 ad
3249 5737 3466 5792 invicem
3508 5713 3763 5782 commiiw

2334 5834 2655 5892 asscntiunt.
