3934 6406
137 403 288 464 1009

736 502 848 559 Sim
911 511 986 577 /\
1041 505 1186 577 p'um

898 511 994 605 /\

820 605 1050 889 Δ

735 889 1083 1177 «Z:i

729 1177 1116 1357 i——\

560 641 786 714 Duplum
832 641 892 714 c/
993 641 1017 714 \
1071 647 1351 702 dimidium

520 781 762 853 Triplum
799 781 1064 853 c/.__.\7
1105 788 1236 844 Pars
1276 791 1454 846 tertia.

365 924 728 996 Quadruplum
762 924 1084 1000 c/___\3
1123 930 1255 986 Pars
1287 940 1501 1000 quarta.

331 1068 690 1138 Quincuplum
735 1068 780 1142 ί]
1064 1068 1109 1142 χ)
1151 1071 1283 1125 Pars
1313 1074 1519 1142 quinta.

399 1210 1104 1279 SexcuplumL____\
1183 1210 1318 1268 Pars
1345 1223 1520 1268 sexta.

219 1377 352 1446 Quae
381 1377 424 1430 si
449 1375 562 1446 jam
595 1374 856 1444 liqueant,
891 1377 1150 1430 restantia
1185 1390 1600 1446 prosequamur.

221 1470 290 1524 D.
333 1469 527 1538 Liquet
553 1468 792 1537 quidem,
821 1470 964 1538 quod
993 1469 1093 1524 hoc
1121 1483 1290 1540 genus
1317 1469 1440 1526 ideo
1466 1473 1732 1529 numerali

135 1564 442 1633 deputatur
469 1561 776 1631 quantitati,
807 1562 932 1630 quia
978 1578 1326 1618 numerorum
1373 1565 1560 1620 ordine
1607 1568 1734 1637 ipsa:

135 1653 433 1708 auctiones
483 1661 754 1708 crescunt.
807 1653 919 1707 Hoc
973 1663 1156 1708 autem
1209 1656 1412 1712 idcirco
1467 1659 1734 1715 continua:

135 1741 438 1816 quantitati
473 1744 742 1806 convenit,
776 1745 902 1814 quia
951 1760 1298 1802 numerormn
1345 1765 1498 1819 mque
1545 1752 1735 1807 ordine

137 1835 596 1889 dimittutionibus
653 1835 936 1890 decrescit.
971 1835 1105 1890 Nam
1141 1838 1280 1892 sicut
1305 1838 1433 1893 illud
1465 1841 1626 1910 duplo
1651 1857 1730 1898 su-

137 1936 326 1996 perat,
357 1926 430 1980 ita
463 1927 606 1981 istud
632 1925 808 1996 simpli
841 1927 1063 1983 dimidio
1089 1928 1286 1995 vincit;
1311 1930 1450 1984 sicut
1481 1929 1607 1986 illud
1639 1933 1736 1986 tri-

137 2018 238 2088 plo
279 2018 362 2074 vel
410 2018 707 2090 quadruplo
755 2017 930 2088 majus
982 2019 1062 2086 lit,
1111 2021 1188 2076 ita
1233 2021 1380 2076 istud
1433 2037 1464 2077 e
1519 2022 1739 2093 regione

139 2111 308 2164 tertia
337 2111 422 2164 vel
445 2121 635 2179 quarta
665 2111 722 2164 lit
746 2120 897 2180 parte
921 2111 1262 2181 propensius.
1288 2111 1498 2176 Restat,
1527 2121 1584 2166 ut
1613 2127 1739 2182 quo-

141 2204 308 2258 modo
334 2213 392 2258 et
418 2219 525 2274 quo
557 2204 747 2259 ordine
775 2219 870 2274 per
905 2204 1000 2258 has
1033 2203 1256 2261 bifarias
1289 2207 1620 2276 quantitates
1651 2221 1738 2260 so-

141 2311 348 2350 norum
377 2296 695 2366 disponatur
720 2296 1031 2362 concordia,
1057 2297 1426 2368 prosequaris.

223 2387 299 2441 M.
338 2387 422 2442 Ad
460 2389 576 2442 bmc
608 2388 844 2443 donante
889 2387 1116 2442 Domino
1156 2388 1498 2457 explicanda,
1543 2403 1735 2457 pauca,

141 2487 209 2532 ut
232 2480 630 2549 proposuimus,
654 2480 720 2534 de
743 2477 1092 2536 numerorum
1113 2488 1306 2534 natura
1327 2480 1735 2549 prtemittamus.
1768 2465 1770 2468 ’

143 2571 416 2634 Diximus,
441 2571 760 2642 quantitatis
784 2572 917 2626 duas
942 2586 1062 2626 esse
1085 2572 1311 2641 species,
1339 2571 1738 2626 multitudinem

143 2673 208 2718 et
243 2663 686 2734 magnitudinem.
716 2662 926 2718 Rursus
953 2663 1314 2718 multitudinis
1341 2663 1424 2718 vel
1473 2663 1742 2733 magnitu-

145 2753 295 2808 dinis
319 2753 420 2806 alia
447 2763 571 2808 sunt
601 2753 919 2818 immobilia,
945 2752 1050 2806 alia
1081 2753 1336 2817 mobilia;
1367 2751 1470 2806 alia
1497 2761 1622 2806 sunt
1644 2767 1742 2820 per

147 2861 232 2910 se,
261 2855 318 2901 ut
345 2845 594 2916 populus,
623 2847 842 2908 chorus,
875 2859 1050 2908 mons,
1081 2843 1246 2909 mille,
1283 2844 1388 2898 duo
1416 2841 1608 2907 millia,
1640 2843 1740 2898 tria

149 2935 357 3002 millia;
387 2935 492 2990 alia
521 2953 617 3005 per
647 2952 705 2992 se
735 2935 850 3006 ipsa
881 2951 990 2990 non
1035 2943 1309 2999 constant,
1343 2934 1436 2988 sed
1480 2935 1548 2988 ad
1597 2933 1742 2988 aliud

151 3027 486 3094 teter-untur,
515 3037 572 3082 ut
600 3027 842 3098 duplum,
872 3027 1113 3098 triplum,
1138 3025 1520 3097 quadruplum.
1547 3025 1654 3081 Sed
1678 3025 1744 3080 tle

149 3119 522 3176 immobilibus
591 3130 785 3176 tractat
857 3120 1234 3188 Geometrica;
1293 3119 1546 3174 mobilem
1615 3133 1744 3175 vero

145 3211 518 3282 quantitatem
568 3213 942 3269 Astronomica
982 3213 1310 3282 speculatur.
1343 3211 1494 3268 illam
1525 3212 1738 3281 itaque,
1771 3243 1814 3304 ρ

147 3319 278 3373 qua:
314 3319 410 3374 per
455 3319 512 3358 se
541 3312 644 3368 est,
675 3304 984 3374 speculatur
1015 3305 1358 3362 arithmetica
1385 3323 1398 3370 ;
1431 3321 1550 3360 eam
1587 3321 1740 3370 vero,

149 3411 278 3465 qua:
305 3395 370 3450 ad
406 3395 606 3466 aliquid
641 3406 750 3460 est,
777 3395 904 3464 quia
950 3409 1048 3465 per
1085 3410 1206 3450 eam
1235 3396 1493 3450 divinitus
1527 3397 1744 3451 harmo-

151 3487 281 3543 nica
307 3487 619 3542 moderatur
649 3488 908 3552 suavitas,
938 3487 1386 3556 contemplemur.
1429 3487 1618 3544 Omnis
1646 3503 1744 3541 nu-

151 3591 360 3643 merus,
387 3587 446 3633 et
497 3579 854 3647 quodcunque
884 3577 1176 3634 secundum
1209 3593 1492 3632 numerum
1521 3577 1740 3640 dicitur,

152 3676 254 3724 aut
277 3684 373 3738 per
401 3685 460 3725 se
493 3680 594 3733 est,
625 3679 716 3724 aut
743 3685 863 3724 cum
892 3669 1154 3724 relatione
1181 3669 1360 3738 aliqua
1394 3669 1609 3724 dicitur.
1642 3666 1746 3722 Per

153 3772 220 3812 se
259 3775 512 3814 numerus
540 3769 646 3826 est,
680 3759 770 3829 qui
813 3760 931 3814 sine
963 3759 1222 3813 relatione
1251 3758 1468 3820 dicitur,
1499 3769 1558 3812 ut
1597 3757 1638 3812 l.
1679 3757 1744 3812 ll.

153 3851 244 3905 ιιι.
277 3851 382 3906 llll.
425 3861 482 3908 et
512 3863 726 3907 caetera.
773 3851 942 3907 Porro
967 3853 1328 3922 quodcunque
1357 3851 1582 3906 relative
1611 3851 1746 3906 dici-

155 3952 271 4008 tur,
296 3952 390 3998 aut
413 3944 620 4014 aequale
646 3953 748 4008 est,
779 3951 872 3998 aut
899 3942 1182 4012 inaequale.
1215 3943 1282 3996 Et
1301 3941 1506 4012 azquale
1531 3940 1748 4011 quidem

153 4043 269 4102 est,
320 4035 462 4104 quod
517 4035 584 4089 ad
636 4034 840 4104 aliquid
889 4041 1258 4104 comparatum
1311 4048 1486 4102 neque
1541 4031 1752 4086 minore

155 4141 372 4182 summa
403 4125 540 4180 infra
565 4135 670 4190 est,
699 4139 871 4196 neque
905 4125 1112 4195 majore
1137 4124 1552 4194 transgreditur,
1576 4122 1754 4178 utde-

162 4220 350 4275 narius
362 4220 605 4285 denario,
621 4219 706 4273 vel
722 4219 990 4273 ternarius
1008 4219 1266 4284 ternario,
1281 4218 1364 4272 vel
1379 4217 1594 4272 cubitus
1605 4216 1754 4270 cubi-

159 4321 242 4376 to,
257 4313 340 4366 vel
363 4328 456 4382 pes
476 4311 622 4382 pedi,
638 4319 694 4366 et
715 4311 798 4365 his
819 4310 1034 4364 similia.
1057 4309 1206 4364 lianc
1231 4319 1410 4364 autem
1435 4315 1642 4377 partem
1666 4323 1752 4364 re-

161 4402 274 4456 late
287 4401 352 4456 ad
375 4402 576 4472 aliquid
595 4401 930 4471 quantitatis,
948 4401 1000 4455 id
1021 4409 1124 4464 est,
1141 4399 1522 4468 aequalitatem,
1537 4405 1754 4452 constat

163 4493 486 4548 naturaliter
501 4493 808 4548 indivisam.
825 4491 1012 4546 Nullus
1034 4485 1180 4545 enim
1203 4491 1382 4546 dicere
1399 4498 1594 4560 potest,
1611 4487 1754 4558 quod

1431 413 1685 473 MUSICA
1727 411 2180 469 ENCHINADIS.

1753 529 1802 586 Α
1831 529 2209 600 inmqualitatis
2251 529 2492 602 species,
2542 544 2662 600 quae
2708 529 2816 584 sint
2842 525 3086 597 singula),
3115 523 3418 582 videamus.

1764 1884 1810 1942 B

3283 407 3420 462 ιοιυ

2223 619 2302 680 De
2326 620 2620 693 _multiplici
2649 617 3024 690 ianualimte.
3189 693 3192 696 ι

1905 711 2180 783 Multiplex
2210 722 2291 768 est
2314 713 2669 784 intequalitas,
2699 713 2790 767 ubi
2819 711 2991 781 major
3029 725 3291 766 numerus
3323 710 3420 764 ba-

1833 805 1924 858 bet
1951 803 2004 858 in
2035 819 2093 858 se
2126 805 2388 860 minorem
2415 804 2500 860 bis
2531 814 2623 859 aut
2651 813 2733 860 ter
2758 813 2851 859 aut
2886 811 3080 873 quater
3109 810 3204 857 aut
3238 801 3422 858 multi-

1833 894 2047 963 pliciter
2080 913 2093 948 :
2129 903 2188 950 ut
2229 895 2334 950 duo
2365 897 2430 950 ad
2462 912 2629 952 unum
2662 896 2788 950 dum
2828 903 3140 966 comparata
3192 893 3417 956 fuerint,

1834 985 2030 1056 duplex
2058 995 2174 1052 est;
2209 986 2312 1040 tria
2344 987 2410 1041 ad
2435 1003 2598 1040 unum
2627 986 2855 1056 triplex;
2888 995 3120 1055 quatuor
3149 984 3216 1039 ad
3251 998 3419 1038 unum

1834 1078 2189 1148 quadruplex,
2233 1087 2287 1134 et
2331 1078 2602 1148 deinceps.
2655 1076 2958 1132 Comitatur
3011 1073 3420 1144 submultiplex,

1835 1168 1927 1238 qui
1954 1168 2161 1224 scilicet
2189 1169 2328 1224 infra
2357 1169 2711 1239 multiplicem
2740 1170 3046 1225 continetur
3069 1168 3175 1235 bis,
3201 1176 3293 1222 aut
3317 1177 3419 1230 ter,

1835 1266 1928 1314 aut
1958 1267 2174 1329 quater,
2203 1269 2297 1315 aut
2341 1259 2730 1330 multipliciter.
2761 1260 2924 1316 Verbi
2955 1260 3152 1330 gratia,
3182 1275 3352 1314 unum
3390 1273 3421 1312 a

1836 1351 2042 1406 duobus
2068 1353 2374 1408 continetur
2401 1353 2507 1418 bis,
2531 1361 2586 1408 et
2617 1360 2843 1407 vocatur
2881 1350 3214 1420 subduplus;
3239 1365 3276 1404 a
3324 1349 3422 1404 tri-

1834 1441 1934 1498 bus
1960 1451 2064 1510 ter,
2091 1452 2147 1500 et
2171 1453 2394 1499 vocatur
2422 1444 2718 1514 subtriplus
2743 1460 2758 1511 ;
2791 1459 2822 1497 a
2851 1452 3084 1514 quatuor
3124 1451 3338 1512 quater,
3368 1451 3424 1494 et

1835 1543 2062 1590 vocatur
2114 1535 2588 1605 subquadruplus;
2639 1544 2692 1590 et
2739 1535 2945 1605 reliqua
3000 1534 3068 1588 ad
3118 1533 3172 1588 id
3220 1548 3418 1603 genus;

1835 1625 1996 1688 unde,
2027 1632 2088 1679 ut
2115 1626 2414 1698 cognoscis,
2437 1625 2598 1695 paulo
2633 1625 2786 1680 nobis
2811 1624 3060 1695 superius
3082 1637 3261 1678 sermo
3299 1621 3421 1676 fuit.

1905 1719 1976 1774 D.
2017 1719 2364 1790 Recognosco
2405 1721 2652 1790 equidem
2705 1718 2846 1773 hanc
2892 1715 3311 1786 inzequalilatem
3359 1715 3425 1770 de

1838 1811 1930 1866 illo
1973 1825 2094 1867 esse
2139 1812 2456 1880 quantitatis
2485 1825 2706 1883 genere,
2743 1811 2895 1882 cujus
2925 1808 3184 1878 majorem
3213 1817 3424 1880 partem

1841 1924 2001 1980 posse
2031 1909 2083 1964 in
2112 1908 2380 1964 inﬁnitum
2409 1922 2658 1964 crescere
2696 1921 2856 1976 supra
2883 1905 3086 1960 dictum
3109 1915 3211 1960 est.

2329 1997 2408 2054 De
2447 1995 2934 2070 superpartieulari.

1912 2091 1990 2146 Μ.
2031 2091 2265 2148 Attende
2289 2097 2344 2144 et
2367 2089 2529 2144 aliam
2559 2087 2978 2160 inmqualitatem
3005 2086 3072 2142 de
3099 2085 3191 2141 illo
3215 2084 3426 2156 quanti-

1841 2183 1968 2236 tatis
1989 2196 2205 2252 genere,
2233 2179 2386 2248 cujus
2407 2195 2438 2235 e
2466 2179 2740 2234 contrario
2769 2177 3026 2248 majorem
3059 2187 3266 2246 partem
3299 2191 3427 2228 con-

1840 2281 1948 2327 stat
1977 2273 2028 2326 in
2057 2271 2324 2326 inﬁnitum
2353 2255 2688 2326 decrescere.
2723 2268 2848 2324 lianc
2891 2277 2973 2324 est
2994 2268 3160 2332 enim,
3187 2282 3306 2338 qua)
3337 2281 3426 2320 su-

1840 2361 2284 2434 perparticularis
2313 2371 2560 2427 vocatur,
2597 2361 2650 2414 in
2699 2375 2804 2430 qua
2838 2373 3096 2414 numerus
3127 2359 3192 2412 ad
3239 2371 3428 2412 mune-

1843 2468 1960 2508 rum
1993 2460 2338 2521 comparatus
2361 2451 2524 2506 habet
2553 2450 2606 2504 in
2631 2465 2690 2506 se
2721 2458 2892 2504 totum
2921 2448 3208 2512 minorem,
3233 2457 3288 2501 et
3313 2447 3429 2516 ejus

1841 2541 2076 2612 aliquam
2099 2549 2330 2612 partem.
2356 2540 2458 2608 Qui
2496 2539 2540 2595 si
2575 2539 2800 2594 minoris
2831 2538 3024 2593 habeat
3061 2538 3430 2600 medietatem,

1839 2640 2064 2688 vocatur
2089 2631 2411 2701 sesquialter
2436 2648 2450 2696 ;
2483 2630 2528 2684 si
2559 2637 2767 2700 partem
2797 2629 3033 2693 tertiam,
3065 2636 3293 2683 vocatur
3322 2643 3432 2682 sesr

1841 2723 2162 2795 quitertius;
2189 2725 2232 2778 si
2262 2731 2534 2792 quartam,
2561 2733 2788 2778 vocatur
2817 2719 3228 2790 sesquiquartus
3257 2737 3268 2772 :
3304 2727 3358 2773 et
3387 2718 3432 2772 si

1841 2815 2108 2886 quintam,
2135 2823 2360 2868 vocatur
2387 2812 2793 2882 sesquiquintus
2826 2829 2838 2865 :
2873 2819 3034 2880 atque
3059 2809 3134 2864 ita
3159 2809 3212 2864 in
3255 2809 3436 2862 inlini-

1845 2916 1956 2960 lllll
1987 2905 2560 2976 superparticularium
2589 2903 2759 2958 forma
2788 2901 3169 2974 progrediente
3211 2899 3430 2954 nomina

1845 2999 1898 3053 in
1927 2997 2194 3053 inﬁnitum
2227 2998 2514 3054 ducentur.
2548 2996 2783 3050 Minores
2813 3009 2964 3058 vero,
2991 2992 3080 3064 qui
3103 2992 3433 3047 comitantur

1843 3100 1890 3146 ct
1925 3091 2192 3144 habentur
2217 3089 2338 3156 toti,
2363 3096 2418 3144 et
2441 3103 2628 3143 eorum
2658 3086 2836 3156 aliqua
2865 3101 3012 3157 pars,
3049 3099 3188 3138 unus
3215 3083 3436 3138 subses-

1847 3179 2078 3250 quialter
2104 3180 2323 3245 dicitur,
2356 3177 2492 3234 alter
2524 3176 3026 3246 subsesquitertius,
3055 3174 3190 3229 alius
3219 3173 3433 3228 subses-

1848 3272 2188 3342 quiquartus,
2215 3269 2352 3325 alius
2378 3269 2916 3338 subsesquiquintus,
2947 3275 3106 3336 atque
3135 3263 3432 3320 secundum

1848 3364 2114 3433 majorum
2129 3378 2375 3418 normam
2393 3361 2897 3429 multitudinemque
2917 3358 3282 3430 progreditur.
3301 3353 3438 3410 lloc-

1849 3475 1953 3529 que
1980 3474 2148 3528 genus
2188 3457 2324 3512 satis
2365 3472 2510 3512 nunc
2533 3472 2563 3509 a
2587 3454 2863 3525 superiore
2907 3451 3122 3507 differre
3143 3449 3433 3521 dignoscis.

1917 3550 1988 3605 D.
2030 3550 2296 3621 Dignosco
2325 3549 2533 3618 utique,
2577 3547 2702 3616 quia
2737 3562 2840 3600 non
2880 3545 3018 3599 sicut
3055 3543 3104 3598 in
3133 3541 3309 3612 primo
3347 3557 3440 3612 ge-

1849 3659 1979 3700 nere
2011 3653 2120 3698 tota
2151 3643 2232 3697 sui
2259 3641 2560 3713 quantitate
2589 3639 2847 3709 majorem
2880 3650 3165 3691 numerum
3213 3634 3438 3688 metitur

1851 3735 2073 3789 minor:
2120 3732 2214 3788 sed
2247 3730 2596 3801 unaqualibet
2642 3739 2814 3799 parte,
2859 3725 2943 3781 vel
2992 3725 3045 3779 di
3072 3723 3236 3790 uidia,
3291 3723 3440 3778 sicut

1850 3827 1975 3890 duo,
2010 3823 2133 3890 tria,
2165 3823 2303 3878 sicut
2331 3820 2413 3875 Ἠ.
2445 3820 2596 3878 Vllll.
2625 3819 2768 3874 sicut
2790 3817 2902 3872 ΧΗ.
2923 3815 3104 3871 XVlll.
3134 3831 3228 3870 seu
3257 3811 3438 3876 tertia.

1850 3919 1990 3974 sicut
2031 3917 2117 3972 Vl.
2153 3915 2282 3970 Vlll.
2327 3915 2466 3969 sicut
2501 3911 2654 3966 Vllll.
2703 3910 2818 3964 XII.
2857 3910 2997 3964 sicut
3039 3907 3151 3961 ΧΗ.
3190 3906 3329 3960 XV}.
3360 3905 3439 3958 vel

1853 4025 2065 4081 quarta,
2097 4008 2235 4062 sicut
2257 4005 2366 4061 llll.
2397 4005 2460 4062 Ὗ.
2487 4005 2625 4060 sicut
2651 4001 2777 4056 Vlll.
2807 4000 2871 4054 Χ.
2895 4001 3035 4056 sicut
3061 3997 3175 4052 XII.
3195 3997 3308 4052 XV.
3335 3995 3442 4050 Sed

1853 4101 2028 4171 major
2047 4108 2130 4154 est
2152 4099 2218 4152 ad
2243 4097 2506 4152 minorem
2531 4109 2686 4150 suum
2721 4109 2847 4164 pars
2868 4091 3042 4146 media
3067 4104 3231 4159 quam
3257 4087 3436 4148 tertia,

1856 4192 2010 4245 tertia
2029 4204 2188 4260 quam
2208 4197 2424 4258 quarta,
2441 4195 2634 4255 quarta
2647 4199 2808 4254 quam
2825 4183 3032 4252 quinta,
3047 4189 3102 4234 et
3115 4181 3194 4234 sic
3208 4180 3258 4232 in
3274 4177 3448 4232 inlini-

1858 4292 1968 4337 tum
1987 4295 2158 4352 parsa
2177 4277 2380 4348 majore
2403 4293 2630 4333 numero
2645 4276 2990 4331 denominata
3015 4273 3126 4344 ipsa
3153 4271 3437 4326 decrescit.

2373 4393 2450 4446 De
2487 4390 2926 4462 super-particula.

1927 4487 2008 4543 Μ.
2049 4488 2282 4542 Attende
2303 4495 2358 4542 et
2379 4486 2597 4540 tertiam
2629 4481 3018 4554 inaequalitatis
3043 4481 3294 4545 formam,
3324 4494 3456 4549 quae;

161 4585 488 4656 aequalitatis
507 4585 612 4640 hoc
631 4585 848 4654 quidem
873 4585 976 4638 tale
997 4593 1100 4650 est,
1123 4585 1250 4638 illud
1270 4599 1395 4638 vero
1419 4583 1744 4654 hujusmodri.
1781 4612 1829 4671 Ι)
1857 4581 2262 4650 superpartiens
2293 4578 2613 4649 appellatur,
2656 4591 2776 4645 qua:
2819 4574 2899 4640 ﬁt,
2943 4575 3030 4628 ubi
3075 4585 3333 4627 muneras
3378 4571 3446 4624 ad

235 4675 306 4729 D.
346 4675 564 4730 Certum
613 4684 726 4740 est;
762 4690 882 4744 qua:
933 4674 1004 4729 ibi
1051 4675 1196 4729 enim
1237 4689 1360 4730 esse
1389 4673 1492 4728 alia
1543 4673 1752 4743 species

161 4773 363 4836 potest,
395 4766 484 4820 ubi
513 4781 680 4820 unum
715 4765 820 4820 tale
847 4775 950 4830 est,
983 4765 1140 4834 quale
1167 4773 1222 4818 et
1251 4763 1434 4818 aliud?

241 4861 320 4917 Η.
361 4863 432 4916 At
477 4863 756 4933 inaequalis
805 4862 1084 4918 relationis
1123 4877 1244 4933 quae
1283 4862 1395 4916 sint
1439 4860 1750 4928 divisiones,

167 4953 368 5010 videto.
403 4954 646 5008 Primum
673 4955 890 5023 quidem
923 4963 1138 5010 secatur
1163 4955 1214 5008 in
1251 4953 1428 5022 majus
1459 4963 1622 5022 atque
1651 4954 1752 5008 mi-

169 5063 300 5110 nus;
339 5045 530 5102 deinde
561 5047 780 5116 majoris
809 5047 1048 5116 quinque
1078 5053 1204 5100 sunt
1233 5045 1460 5114 species.
1487 5045 1582 5098 Est
1608 5044 1750 5098 enim

174 5153 295 5196 una,
335 5154 454 5207 qua:
485 5147 710 5192 vocatur
741 5136 1046 5204 multiplex,
1079 5135 1182 5189 alia
1220 5133 1750 5204 superparticularis,

173 5231 332 5284 tertia
361 5213 786 5300 superpartiens,
815 5237 1008 5299 quarta
1041 5226 1320 5297 multiplex
1350 5225 1756 5295 superparticu-

173 5321 324 5384 laris,
355 5322 543 5391 quinta
575 5320 848 5390 multiplex
879 5319 1278 5390 superpatiens.
1315 5315 1412 5372 His
1444 5331 1575 5370 vero
1601 5317 1756 5384 quin-

172 5429 280 5483 que
326 5414 570 5482 partibus
625 5411 849 5482 majoris
899 5410 1282 5480 inarqualitalis
1324 5406 1596 5477 opposita}
1633 5417 1760 5462 sunt

173 5505 482 5578 singulatim
508 5505 626 5560 alia:
645 5505 885 5576 quinque
907 5513 1088 5574 partes
1120 5504 1358 5568 minoris,
1393 5504 1465 5558 ita
1486 5513 1546 5558 ut
1570 5503 1778 5560 iisdem.

174 5596 486 5650 nominibus
539 5604 951 5665 nuncupentur,
999 5594 1108 5648 sola
1147 5594 1624 5665 subpraepositione
1654 5591 1763 5647 dis-

173 5685 375 5737 tinctae.
402 5685 608 5739 Dicitur
631 5685 774 5739 enim
805 5683 1186 5754 submultiplex
1211 5725 1224 5748 ,
1250 5683 1758 5754 suhsuperparticu-

175 5773 328 5846 rma,
375 5775 900 5846 subsuperparticns,
947 5774 1223 5845 multiplex
1261 5771 1762 5843 subsuperparticu-

175 5863 334 5930 luris,
351 5865 628 5939 multiplex
650 5865 1177 5937 subsupcrpartiens.
1196 5863 1303 5920 llas
1320 5879 1460 5920 nunc
1481 5863 1761 5932 utriusque

1859 4672 2022 4727 alium
2052 4679 2399 4741 comparatus
2431 4667 2741 4723 inferiorem
2774 4681 3058 4720 tunnerum
3101 4673 3268 4718 totmn
3301 4663 3354 4716 in
3387 4677 3446 4715 se

1859 4763 2122 4828 continet,
2151 4769 2208 4816 et
2236 4777 2398 4830 super
2425 4760 2529 4814 hoc
2555 4757 2753 4812 alteras
2779 4765 2962 4827 partes
2991 4754 3126 4824 ejus,
3157 4753 3312 4815 duas,
3351 4759 3442 4802 aut

1860 4862 1990 4918 tres,
2023 4862 2118 4908 aut
2141 4864 2390 4922 quatuor,
2424 4859 2516 4904 aut
2547 4849 2810 4919 quinque,
2839 4855 2932 4901 aut
2969 4845 3234 4915 quotlibet
3267 4841 3440 4904 alias;

1859 4955 1920 5000 ut
1957 4945 2106 5000 verbi
2136 4948 2328 5015 gratia,
2355 4943 2442 4997 Ill.
2475 4943 2822 4998 continentur
2845 4955 2876 4993 a
2907 4937 2970 4990 V.
2997 4951 3118 4990 cum
3161 4933 3279 4988 aliis
3308 4932 3444 4986 duo-

1861 5036 1979 5100 bus,
2023 5043 2078 5088 et
2119 5041 2342 5088 vocatur
2379 5031 2860 5102 superbipartiens.
2899 5025 3006 5080 llll.
3038 5023 3448 5079 continenturaa

1865 5127 1974 5181 Vll.
2004 5143 2124 5182 cum
2157 5125 2330 5180 tribus
2371 5124 2618 5196 partibus
2663 5123 2796 5186 suis,
2837 5129 2892 5176 et
2925 5125 3152 5174 vocatur
3183 5113 3448 5185 supertri-

1869 5217 2132 5289 partiens.
2169 5217 2235 5272 ν.
2267 5217 2616 5272 conti-nentur
2639 5230 2668 5268 a
2699 5209 2852 5266 Vllll.
2879 5225 3001 5265 cum
3029 5215 3266 5278 quatuor
3279 5205 3449 5276 parti-

1868 5311 1968 5365 bus
1987 5310 2117 5373 suis,
2143 5315 2196 5363 et
2217 5318 2439 5364 vocatur
2465 5302 3090 5378 superquadripartiens:
3119 5307 3176 5355 et
3203 5297 3282 5354 sic
3303 5297 3452 5352 dein-

1867 5415 2014 5472 ceps.
2044 5399 2218 5456 Minor
2242 5415 2393 5466 vero,
2422 5399 2512 5470 qui
2541 5414 2569 5452 a
2615 5397 2820 5467 majore
2849 5391 3216 5458 concluditur,
3259 5389 3454 5446 subsu-

1866 5491 2204 5562 perpartiens
2237 5489 2552 5561 appellatur.
2585 5487 2651 5541 Et
2679 5487 2747 5542 de
2787 5487 2890 5540 hac
2931 5497 3145 5554 quoque
3171 5479 3456 5544 inaequali-

1869 5583 2004 5638 tatis
2029 5581 2224 5646 forma,
2253 5582 2296 5636 si
2329 5579 2562 5644 videtur,
2589 5578 2688 5632 ista
2726 5574 3013 5632 sulliciant.

1943 5675 2009 5728 Ι).
2045 5673 2182 5727 Puto
2205 5671 2468 5728 suﬂicere.

2224 5763 2302 5838 De
2331 5762 2590 5834 mmipiici
2618 5761 3102 5832 superparticulari,

1943 5855 2018 5910 Η.
2079 5855 2208 5912 Post
2258 5865 2364 5911 tres
2419 5855 2692 5928 simplices
2755 5853 3096 5909 habitudines
3158 5861 3456 5922 sequantur:
