3934 6392
612 325 746 382 1011

1183 331 1526 390 HUC-BALDI
1563 336 1726 394 MON.
1771 338 1828 395 S.
1869 337 2130 397 A'MANDI
2167 343 2317 401 OPP.
2355 349 2535 409 PARS
2572 354 2636 412 II.
2674 388 2744 398 —
2775 358 3272 421 MISCELLANEA.

3658 382 3749 441 IN!

609 440 750 544 δυξθν
793 455 914 565 qua:
943 455 1027 565 ἐξ
1076 447 1443 552 ευρθνίθνίδυῗ
1485 460 1916 565 ‘i°".'p°'}f"3‘"”
1961 470 2190 525 quarum
2221 460 2269 521 A
2296 464 2541 533 nientes,
2589 478 2681 526 aut
2711 471 2874 543 duplo
2902 476 2971 530 ab
3018 477 3247 534 invicem
3288 480 3501 550 distant,
3527 496 3604 543 aut
3630 493 3746 565 ιτῑιιιο⁸

608 531 760 600 prior
803 532 1083 605 multiplex
1130 540 1633 608 superparticularis
1681 544 1911 611 dicitur,
1957 562 2076 617 quae
2122 564 2190 603 ex

607 621 854 690 utrisque
878 626 1148 691 consistit,
1190 640 1242 683 ut
1275 630 1337 683 Il.
1373 632 1439 685 ad
1466 631 1531 686 V.
1564 646 1618 688 et
1646 634 1729 690 III.
1770 638 1835 689 ad
1866 637 1972 691 VII.
1999 648 2053 693 et
2080 639 2188 694 IIII.

609 713 676 765 ad
708 710 859 767 VIIII.
888 728 942 769 et
973 716 1036 770 V.
1062 721 1126 772 ad
1153 718 1238 773 XI.
1273 723 1414 789 quod
1440 726 1583 778 enim
1607 740 1973 795 comparatum
2007 746 2193 783 nume-

610 818 728 856 rum
774 805 891 874 plus
940 823 1101 877 quam
1148 813 1314 866 semel
1358 815 1539 879 habet,
1574 817 1884 886 multiplicis
1908 827 2009 884 est,
2051 819 2193 889 quod

608 893 872 949 minorem
924 897 974 950 in
1018 899 1261 955 habenda
1306 912 1459 972 parte
1509 909 1867 973 transcendit,
1904 925 2194 979 superpar-

608 982 872 1037 ticularis.
929 984 1137 1042 Dicitur
1184 999 1402 1055 autem,
1466 994 1557 1062 qui
1620 995 1884 1065 duplicem
1948 998 2194 1052 habuerit

608 1070 772 1127 alium
813 1092 1118 1143 numerum,
1167 1088 1221 1134 et
1261 1079 1379 1148 ejus
1416 1084 1649 1138 mediam
1699 1096 1944 1156 partem,
1998 1087 2193 1157 duplex

608 1167 959 1236 sesqttialter;
995 1172 1087 1241 qui
1138 1174 1383 1241 tertiam,
1422 1177 1617 1247 duplex
1660 1181 2068 1250 sesquitertius,
2100 1182 2191 1252 qui

609 1268 881 1327 quartam,
914 1262 1107 1333 duplex
1144 1266 1590 1337 sesquiquartus;
1620 1278 1675 1325 et
1711 1271 1982 1341 deinceps.
2017 1262 2073 1327 Si
2112 1282 2194 1327 ter

607 1348 880 1417 habuerit,
911 1360 965 1407 et
996 1355 1113 1424 ejus
1157 1358 1387 1412 mediam
1432 1370 1638 1429 partem
1658 1401 1673 1425 ,
1712 1361 1796 1415 vel
1828 1363 2041 1416 tertiam
2063 1402 2077 1426 ,
2109 1361 2194 1416 vel

605 1452 876 1511 quartam,
906 1446 1105 1500 dicitur
1136 1440 1326 1517 triplus
1370 1450 1715 1521 sesquialter,
1748 1453 1938 1523 triplus
1983 1454 2195 1523 sesqui-

605 1535 833 1601 tcrtius,
881 1537 1070 1608 triplus
1114 1540 1543 1611 sesquiquartus,
1590 1554 1646 1599 et
1687 1544 1959 1617 deinceps.
2009 1545 2077 1600 Et
2127 1545 2193 1601 de

605 1626 712 1682 hac
739 1629 901 1682 etiam
932 1631 1297 1702 inmqualitate
1328 1634 1464 1690 satis
1486 1636 1576 1691 sit.

604 1712 611 1719 ’
673 1719 745 1774 D.
783 1718 980 1792 Utique
1004 1723 1158 1778 satis.

974 1814 1053 1869 De
1082 1816 1360 1889 multiplici
1387 1821 1814 1890 superparliente.

676 1902 755 1959 Μ.
787 1903 985 1970 Quinta
1016 1914 1101 1960 est
1138 1907 1501 1974 inaequalitas,
1532 1925 1653 1979 qme
1695 1908 1972 1988 multiplex
2003 1925 2191 1981 super-

602 1997 843 2065 partiens
866 1995 1181 2066 appellatur.
1210 1999 1284 2053 Ea
1311 1999 1401 2065 ﬁt,
1438 2001 1688 2071 quotiens
1713 2017 1970 2058 numerus
1996 2002 2062 2057 ad
2092 2019 2191 2057 nu-

602 2099 815 2140 merum
869 2088 1215 2157 comparatus
1258 2089 1421 2145 habet
1463 2090 1517 2144 in
1575 2106 1633 2146 se
1687 2091 1851 2146 alium
1902 2109 2188 2149 numerum

601 2184 773 2230 totum
822 2174 1108 2246 plusquam
1162 2178 1361 2244 semel,
1404 2187 1458 2234 et
1491 2180 1607 2249 ejus
1642 2182 1776 2235 duas
1820 2180 1906 2237 vel
1955 2193 2063 2239 tres
2105 2182 2191 2238 vel

600 2266 868 2333 quotlibet
891 2267 1071 2337 plures
1099 2268 1411 2340 particulas,
1445 2270 1739 2325 secundum
1765 2274 1974 2327 numeri
2001 2289 2191 2344 super-

599 2359 883 2428 partientis
949 2360 1211 2432 ﬁguram,
1272 2364 1715 2435 vocabunturque
1778 2366 1831 2420 hi
1893 2369 2187 2422 secundum

601 2448 852 2518 proprias
897 2461 1082 2520 partes
1130 2451 1322 2522 duplus
1362 2454 1843 2524 superbipartiens,
1872 2464 1931 2510 ut
1956 2437 2087 2510 VIII.
2123 2458 2190 2513 ad

602 2541 689 2597 Ill.
719 2543 1051 2612 comparati;
1080 2545 1357 2599 continent
1390 2548 1533 2600 enim
1562 2547 1645 2602 bis
1685 2557 1868 2604 ternos
1906 2563 2028 2603 cum
2058 2549 2190 2604 dua-

601 2632 705 2688 bus
751 2634 993 2704 partibus
1039 2636 1198 2690 suis:
1249 2636 1501 2692 similiter
1540 2636 1679 2693 XVI.
1731 2639 1798 2693 ad
1843 2638 1955 2694 VII.
1986 2641 2186 2695 collati.

600 2722 734 2780 Item
785 2726 977 2797 duplus
1022 2729 1534 2799 supertriparticns,
1584 2732 1776 2801 duplus
1810 2734 2190 2804 superquadri-

599 2817 873 2885 partiens;
913 2834 978 2873 ac
1007 2835 1194 2875 rursus
1233 2819 1424 2890 triplus
1472 2822 1959 2891 superbipartiens,
1994 2833 2050 2878 et
2091 2824 2191 2878 tri-

600 2908 722 2977 plus
743 2910 1247 2979 supertripartiens,
1275 2911 1469 2980 triplus
1497 2913 2114 2984 superquadripartiens.

675 2998 844 3068 Igitur
873 3000 1133 3071 quidquid
1164 3001 1215 3054 in
1251 3002 1453 3056 mundo
1502 3003 1779 3073 impariter
1815 3003 2095 3059 confertur
2122 3006 2188 3061 ad

605 3088 809 3159 aliquid
832 3130 846 3156 ,
874 3085 1206 3159 quzccunqile
1225 3092 1498 3159 quantitas
1525 3093 1859 3162 inatqualiter
1877 3104 2184 3165 comparata

603 3180 927 3250 quantitati,
965 3182 1260 3234 secundum
1310 3184 1772 3251 unamquamlibet
1816 3186 2008 3240 harum
2062 3187 2183 3241 inze-
2215 3153 2259 3215 C

606 3273 928 3342 qualitatum
969 3288 1089 3327 sese
1138 3274 1301 3328 habet
1348 3274 1401 3327 in
1444 3274 1695 3330 invicem.
1740 3276 1805 3332 Et
1836 3278 2189 3347 multiplicem

601 3362 821 3431 quidem
868 3362 1286 3433 inaequalitatem
1337 3372 1571 3430 constat,
1621 3373 1680 3420 ut
1724 3366 1925 3421 dictum
1970 3375 2073 3433 est,
2124 3368 2191 3425 ad

601 3450 937 3506 numeralem
986 3453 1256 3522 pertinere
1314 3456 1701 3523 quantitatem;
1753 3457 2027 3527 quantitas
2062 3473 2192 3515 vero

605 3544 661 3595 in
704 3541 893 3611 spatiis
917 3550 1156 3610 quatuor
1201 3542 1424 3612 reliquis
1454 3543 1850 3614 imparitatibus
1878 3547 2184 3615 deputatur.

602 3631 738 3687 Item
782 3646 946 3687 voces
991 3632 1230 3696 musicae,
1260 3631 1311 3687 id
1340 3641 1443 3699 est,
1482 3635 1737 3689 concordi
1766 3635 2031 3691 suavitate
2056 3651 2190 3691 con-

602 3722 907 3788 venientes,
938 3722 1147 3777 mixtim
1195 3725 1493 3779 secundum
1534 3725 1811 3795 multiplex
1855 3727 2192 3795 superparti-

605 3815 786 3870 cnlare
806 3830 974 3887 genus
995 3817 1372 3887 exprimuntur
1394 3834 1409 3870 :
1437 3817 1806 3888 discrepantes
1833 3826 2014 3872 autem
2035 3833 2195 3875 voces

608 3904 847 3975 reliquas
902 3906 1184 3961 imitantur
1238 3907 1593 3978 imparitates.
1640 3907 2012 3976 Imparitatum
2062 3925 2192 3965 vero

604 3997 912 4067 Imjnsmodi
941 4000 1065 4055 dum
1111 4001 1183 4056 sit
1227 4000 1637 4055 innumerabilis
1674 4011 1730 4055 et
1768 4001 1975 4056 inﬁnita
2005 4002 2192 4058 confu-

604 4090 706 4154 sio,
745 4091 1228 4163 discrepantiarum
1258 4107 1488 4162 quoque
1515 4092 1750 4147 inﬁnitas
1775 4094 2024 4162 sequitur
2059 4094 2189 4149 inae-

607 4181 924 4252 qualitatem
970 4183 1179 4239 inﬁnite
1219 4182 1535 4250 confusam;
1591 4184 1737 4251 solae,
1775 4185 2012 4255 inquam,
2047 4187 2187 4250 duae,

586 4272 753 4340 'quod
796 4272 1062 4341 imprimis
1091 4273 1345 4340 diximus,
1373 4276 1440 4329 ad
1469 4276 1728 4330 musicam
1761 4276 2049 4347 pertinent,
2081 4284 2194 4332 tres

609 4362 832 4432 reliqua:
861 4374 1237 4420 secernuntur.

678 4452 750 4507 D.
781 4452 898 4518 Quo
925 4469 1055 4524 ergo
1084 4456 1243 4509 modo
1269 4456 1351 4510 ha:
1384 4455 1513 4512 solm
1540 4458 1761 4512 musicae
1786 4457 2072 4528 adjacent?

688 4542 745 4598 ,11
752 4583 766 4598 .
794 4544 928 4612 Quia
957 4548 1134 4600 omnis
1170 4547 1568 4618 phthongorum
1597 4550 1971 4604 convenientia
2000 4566 2194 4606 secun-

619 4635 748 4690 dum
795 4636 893 4690 bos
941 4652 1195 4691 numeros
1238 4637 1539 4693 formatur:
1579 4639 1705 4708 quia
1749 4649 1842 4695 aut
1877 4641 2201 4710 multiplices

614 4737 761 4794 sunt,
798 4738 893 4783 aut
924 4731 1463 4800 superparticulares.
1493 4732 1730 4801 Quaeque
1757 4749 1886 4789 vero
1913 4745 2072 4791 voces
2120 4737 2201 4790 in-

617 4835 872 4876 consona:
901 4823 1199 4876 secundum
1238 4821 1471 4891 reliquas
1502 4823 1890 4893 inaequalitates
1922 4824 2075 4879 ﬁunt.

684 4911 756 4965 D.
785 4911 900 4978 Qua
934 4912 1143 4966 ratione
1167 4927 1330 4968 voces
1360 4928 1612 4969 consona:
1638 4914 1721 4969 vel
1767 4914 2078 4971 inconsonae
2104 4917 2202 4972 hos

609 5009 705 5055 aut
728 5000 849 5056 illos
874 5016 1129 5058 numeros
1160 5003 1472 5058 imitantur?
1700 5001 1705 5007 ’

681 5090 763 5147 Μ.
786 5092 1048 5159 Quoniam
1070 5109 1135 5148 eo
1159 5105 1318 5164 pacto
1339 5095 1538 5150 diversi
1560 5096 1678 5150 soni
1704 5096 1806 5152 sibi
1828 5096 2192 5163 consentiunt,

607 5190 665 5237 et
701 5182 995 5237 secundum
1018 5196 1111 5237 eas
1136 5184 1473 5252 imparitates
1499 5182 1773 5240 diﬁ'erunt.

679 5274 748 5329 υ.
776 5273 837 5329 1η
868 5289 976 5343 quo
997 5274 1058 5328 ﬁt
1083 5276 1199 5331 haec
1222 5275 1559 5331 differentia?

680 5363 759 5418 Μ.
790 5364 847 5418 In
886 5364 1136 5421 acumine
1172 5375 1228 5421 et
1269 5367 1569 5436 gravitate,
1612 5367 1666 5421 in
1704 5367 1939 5424 elatione
1979 5384 2044 5424 ac
2070 5370 2196 5425 sub-

610 5451 889 5513 missione.

684 5542 753 5596 D.
786 5542 1066 5610 Quomodo
1093 5546 1385 5603 secundum
1408 5549 1660 5618 praefatos
1687 5564 1945 5607 numeros
1971 5551 2114 5607 inter
2138 5568 2197 5607 se

609 5634 887 5701 diﬁ‘erunt,
924 5645 980 5691 et
1008 5635 1302 5693 differendo
1326 5641 1704 5697 consentiunt?

686 5722 762 5780 ll.
790 5723 991 5794 Omnes
1037 5727 1335 5799 pbtbongi,
1379 5729 1431 5785 id
1469 5738 1572 5796 est,
1614 5731 1813 5788 voculae
1864 5731 1965 5788 sibi
2004 5747 2199 5788 conve«

2219 1811 2266 1872 Β
2294 1834 2437 1903 quod
2468 1811 2810 1906 disdiapason
2841 1811 3060 1892 dicitur.

2294 565 2386 610 aut
2414 560 2713 631 quadruplo
2762 565 3076 635 intervallo,
3114 586 3231 641 quae
3274 575 3468 642 species
3504 593 3609 634 sunt
3636 560 3751 643 multi-

2292 649 2450 718 plicis
2492 654 2813 723 imparitatis
2851 676 2864 711 :
2905 659 3021 715 sive
3067 663 3440 733 sesquialtero,
3484 670 3582 724 sive
3612 682 3751 748 sesqui.

2296 744 2473 804 tertio,
2502 744 2615 836 sive
2661 748 3066 818 sesquioctavo;
3114 768 3233 822 qua:
3280 757 3477 824 species
3502 772 3606 816 sunt
3632 744 3752 836 sui".

2292 830 2636 898 particularls
2679 834 3019 905 impar-italis.
3067 840 3403 898 Intervallum
3450 863 3562 903 vero
3597 863 3660 907 est
3678 830 3752 915 “non

2293 922 2490 977 silentii
2539 924 2679 980 inter
2731 928 3064 1003 phtbongos,
3112 934 3206 989 sed
3249 937 3429 1006 spatii,
3475 956 3569 1010 quo
3604 945 3754 1005 alterum

2292 1011 2445 1067 alteri
2472 1025 2708 1083 pnestat.

2361 1101 2431 1156 D.
2458 1103 2556 1170 Qui
2584 1108 2845 1180 phthongi
2879 1111 3038 1181 duplo
3072 1114 3310 1169 distant?

2364 1193 2441 1247 Μ.
2492 1198 2685 1268 Quiqui
2742 1215 2957 1273 semper
2997 1219 3094 1275 per
3135 1215 3354 1262 octavas
3401 1210 3637 1279 regiones,
3669 1221 3756 1287 quod

2293 1283 2559 1354 Diapasou
2591 1288 2809 1344 dicitur.

2363 1375 2431 1431 D.
2465 1377 2565 1444 Qui
2598 1380 2799 1435 distant
2829 1382 3028 1453 triplo?

2367 1469 2441 1524 Μ.
2469 1470 2665 1543 Quiqui
2690 1488 2904 1543 semper
2929 1492 3026 1546 per
3052 1476 3397 1538 duodecimas
3425 1482 3647 1555 regiones,
3672 1491 3755 1557 quod

2293 1559 2491 1614 dicitur
2518 1562 2786 1631 Diapasou
2816 1574 2870 1618 et
2898 1565 3172 1635 diapente.

2362 1649 2431 1704 D.
2463 1650 2564 1718 Qui
2592 1652 2795 1708 distant
2832 1656 3167 1728 quadruplo?

2366 1740 2444 1796 Μ.
2495 1742 2693 1812 Quiqui
2746 1758 2963 1815 semper
3019 1760 3119 1818 per
3164 1749 3525 1819 quindecimas
3573 1753 3757 1824 regione,

2363 1923 2430 1977 D.
2456 1923 2557 1989 Qui
2584 1925 2844 1997 pbthongi
2874 1936 3002 1981 sunt
3029 1928 3305 1999 sescupli?

2364 2011 2441 2066 Μ.
2474 2014 2670 2082 Quiqui
2700 2029 2914 2084 semper
2938 2032 3035 2086 per
3072 2019 3342 2088 quintana
3376 2020 3485 2077 loca
3510 2031 3614 2078 sunt
3634 2023 3761 2079 distan-

2289 2111 2405 2168 tes;
2437 2105 2578 2173 quod
2608 2105 2808 2159 dicitur
2843 2107 3121 2176 Diapente.

2362 2192 2430 2246 D.
2461 2194 2563 2260 Qui
2603 2204 2730 2250 sunt
2756 2196 3123 2265 sesquitertii?

2363 2284 2440 2339 Μ.
2467 2284 2568 2352 Qui
2597 2296 2862 2357 quartana
2884 2289 3087 2345 distant
3111 2292 3353 2362 regione,
3377 2293 3509 2364 quod
3531 2294 3759 2349 diatessaron

2291 2374 2613 2445 appellatur.

2362 2467 2429 2520 ι).
2458 2466 2559 2536 Qui
2588 2468 2847 2540 phtbongi
2892 2471 3332 2540 sesquioctavum
3381 2473 3563 2529 habent
3600 2471 3759 2527 interul-

2292 2559 2440 2614 lum?

2361 2648 2439 2703 Μ.
2468 2648 2847 2720 Unusquisque
2872 2651 2924 2705 in
2952 2651 3300 2717 alterutrum,
3327 2662 3383 2707 ut
3403 2654 3578 2708 chorda
3597 2653 3648 2708 ad
3666 2653 3758 2707 chor-

2290 2740 2438 2804 dam,
2469 2743 2611 2810 quod
2654 2741 2854 2796 dicitur
2902 2750 3081 2797 tonus.
3126 2743 3226 2799 His
3267 2759 3476 2815 quoque
3513 2744 3758 2799 distantiiset

2290 2832 2635 2887 semitonium
2665 2834 2902 2898 additur,
2931 2835 3074 2903 quod
3104 2844 3189 2890 est
3239 2842 3345 2890 n‘on
3391 2836 3584 2906 plenum
3616 2834 3692 2889 toni
3712 2834 3757 2886 in-

2288 2925 2593 2979 tervallum.
2646 2924 2741 2980 His
2803 2940 2934 2994 ergo
2994 2927 3378 2981 distantiarum
3440 2922 3759 2996 temperamentis

2290 3017 2727 3071 concordabilem
2760 3032 3017 3072 sonorum
3047 3019 3418 3074 diversitatem
3444 3015 3757 3073 divinitasordi-

2293 3105 2464 3171 navit,
2493 3105 2577 3160 his
2608 3105 2922 3160 harmonica
2963 3108 3206 3162 suavitas
3251 3107 3560 3162 moderatur.
3583 3100 3759 3187 Quidquid

2292 3194 2432 3250 ultra
2477 3204 2572 3249 aut
2619 3195 2757 3250 intra
2809 3206 2986 3261 sonat,
3018 3214 3182 3268 quam
3230 3200 3421 3254 harum
3465 3196 3759 3268 proportioartn

2290 3304 2559 3344 mensura:
2607 3298 2867 3359 poscunt,
2922 3291 3069 3345 cadit
3127 3292 3177 3345 in
3232 3292 3491 3362 quaslibet
3536 3290 3758 3357 reliquarum

2293 3378 2715 3449 imequalitatum
2742 3380 2970 3444 formas,
2997 3380 3162 3452 ﬁtque
3189 3383 3487 3449 dissonum,
3507 3388 3555 3436 et
3575 3376 3759 3435 cantilena

2294 3470 2696 3527 inconveniens.

2364 3561 2434 3615 ο.
2462 3560 2618 3618 Unde
2640 3569 3044 3632 cognoscuntur
3079 3562 3342 3636 phtbongi
3377 3564 3657 3618 musicorum
3677 3574 3757 3630 pra-

2292 3652 2465 3707 dictas
2512 3652 2713 3708 habere
2757 3668 3063 3721 mensuras,
3113 3668 3217 3709 nec
3265 3656 3364 3710 sub
3410 3655 3562 3710 oculis
3601 3668 3675 3708 nec
3704 3647 3760 3703 sub

2296 3751 2442 3797 tactu
2472 3744 2668 3813 positi?

2365 3833 2444 3888 Μ.
2475 3834 2715 3890 Primum
2746 3850 2813 3890 ex
2841 3851 2907 3892 eo
2937 3836 3305 3907 cognoscitur,
3336 3836 3470 3908 quod
3502 3836 3576 3891 Ira:
3594 3832 3686 3887 sola
3705 3828 3761 3881 Iu-

2293 3923 2589 3990 bitudines,
2634 3925 2689 3979 id
2731 3933 2847 3991 est,
2894 3925 3218 3997 multiplices
3262 3935 3319 3981 et
3353 3919 3756 3995 superparticalam

2294 4024 2695 4070 connumerataa
2717 4017 2783 4071 ad
2805 4016 3033 4072 invicem
3059 4027 3187 4072 sunt
3212 4027 3269 4072 et
3288 4021 3674 4074 commensurala!
3687 4021 3759 4062 μιν

2293 4120 2400 4174 que
2443 4108 2973 4164 commensuralitate
3016 4110 3413 4179 quodammodo
3452 4113 3665 4177 cognatm.
3694 4096 3757 4152 Nec

2295 4208 2421 4253 sunt
2469 4197 2648 4268 aliqua
2696 4198 2749 4252 in
2797 4200 2996 4252 mundo
3044 4199 3098 4253 in
3144 4199 3460 4260 mobilibus,
3492 4198 3538 4251 in
3568 4190 3754 4264 potenliis

2294 4301 2414 4355 qua:
2440 4288 2544 4343 sibi
2569 4288 2916 4344 concorditer
2948 4288 3291 4358 copulantur,
3323 4289 3365 4344 si
3393 4303 3490 4344 non
3516 4301 3569 4341 ea
3592 4284 3757 4346 Ιιίῑθὲοτ·
3846 4292 3847 4295 “

2299 4395 2458 4434 mana
2485 4382 2896 4452 prOportionum
2927 4382 3186 4437 habitudo
3208 4388 3503 4437 connectat.
3532 4377 3607 4432 Ha!
3625 4379 3757 4442 ςυοιιυε

2223 4504 2275 4564 D
2302 4471 2430 4525 solte
2470 4483 2597 4528 sunt
2632 4473 3030 4542 proportiones.
3062 4474 3259 4564 (ῐιιξδιιθ
3307 4488 3400 4543 βοΐ
3438 4472 3637 4564 dim?“

2305 4573 2478 4616 metra
2507 4564 2849 4618 concorditer
2874 4572 3116 4619 currunt.
3145 4563 3410 4618 Intantum
3451 4562 3575 4617 enim
3592 4550 3756 4626 jugali"is

2298 4670 2485 4710 earum
2528 4665 2721 4712 natura
2764 4657 2922 4723 valet,
2955 4666 3013 4710 ut
3039 4658 3166 4726 ipsa:
3195 4656 3473 4711 contraria:
3497 4660 3675 4722 quatuor
3694 4642 3755 4695 ek“

2298 4757 2602 4802 mentorum
2640 4750 2893 4819 potentia:
2925 4752 3115 4803 harum
3160 4748 3539 4819 proportionum
3574 4739 3757 4796 sociemur

2300 4841 2610 4905 consortio;
2659 4841 2802 4895 sicut
2846 4842 2898 4895 in
2934 4840 3138 4895 Timaeo
3170 4849 3227 4895 et
3258 4839 3375 4893 aliis
3412 4831 3681 4909 philosophis
3707 4837 3754 4877 τε·

2298 4934 2526 4989 velatur.
2566 4934 2701 4989 Hinc
2730 4943 2784 4989 et
2812 4934 2940 4988 illud
2971 4944 3058 4989 est
3082 4950 3095 4986 :

2392 5025 2466 5089 'I'u
2494 5027 2711 5074 numeris
2734 5025 2986 5076 elemen'a
3022 5024 3162 5088 ligas,
3182 5030 3238 5079 ut
3260 5026 3434 5089 frigora
3451 5016 3637 5072 ﬂammis.

2394 5087 2549 5139 Arida
2573 5090 2867 5138 conveniant
2892 5087 3107 5151 liquidis.

2370 5188 2706 5258 Quapropter
2741 5204 2843 5245 nec
2872 5191 2989 5244 soni
3032 5191 3221 5246 musici
3250 5191 3301 5246 in
3341 5200 3493 5243 unum
3515 5171 3749 5235 modth

2301 5288 2409 5335 tam
2449 5278 2607 5334 dulce
2634 5279 2870 5344 coirent,
2903 5280 2949 5334 si
2991 5296 3099 5335 non
3127 5295 3220 5336 eos
3262 5294 3358 5350 per
3393 5281 3591 5341 congrua
3614 5270 3651 5315 et
3672 5268 3749 5309 cor

2301 5385 2436 5427 sona
2484 5371 2763 5427 intervalla
2790 5370 3011 5442 praefata
3046 5372 3436 5443 proportionqu
3462 5357 3748 5420 commentam-

2298 5460 2424 5516 litas
2460 5461 2710 5517 sociaret.

2370 5549 2441 5603 D.
2480 5549 2618 5617 Quid
2640 5559 2725 5605 est
2754 5551 3182 5626 commensurale
3213 5549 3294 5605 vel
3318 5528 3659 5603 connumerale?

2372 5641 2451 5696 Μ.
2490 5640 2593 5699 Ubi
2641 5642 2860 5713 majoris
2906 5619 3234 5713 minorisque
3284 5631 3549 5698 communis
3581 5613 3741 5713 ιιιξίεέῇξθ

2301 5694 2564 5790 me...
2577 5694 3230 5804 ..;,“:.;,;.1.11:‘sui:
3246 5694 3307 5788 nl
3332 5728 3393 5785 ad
3419 5723 3492 5780 vi.
3514 5717 3564 5774 ιι.
3586 5709 3635 5766 ad
3658 5694 3736 5756 nu.
