3934 6416
137 380 287 440 1013

1399 376 1657 437 MUSICA
1695 374 2150 434 ENCHIRIADIS.

3281 374 3416 435 ιοιι

136 496 342 553 Nonne
369 493 613 551 biaarius
635 493 1043 566 quaternarium
1073 493 1157 553 bis
1178 493 1427 562 metitur,
1458 494 1732 550 senarium
1761 495 1810 555 Λ
1908 493 1987 547 Μ.
2034 492 2277 548 Diximus
2299 533 2313 559 ,
2359 492 2591 569 qualiter
2641 490 2965 564 multiplices
3018 506 3120 548 sua
3175 491 3416 562 ipsorum

138 599 258 655 ter,
285 588 621 644 octonarium
652 587 876 658 quater?

224 680 295 736 D.
334 679 531 733 Etiam.

226 771 308 826 Μ.
347 770 428 824 Ad
474 770 615 824 hunc
660 785 789 842 ergo
819 770 1039 825 modum
1084 769 1139 824 in
1182 769 1574 840 multiplicibus
1607 784 1740 839 quo-

144 861 430 918 lienslibet
474 860 728 930 simplum
775 862 1020 926 duxeris,
1056 862 1254 916 totiens
1302 861 1443 926 idem
1489 861 1739 930 simplum

145 952 419 1021 majorem
448 967 714 1006 summam
762 953 984 1007 metitur
1028 968 1042 1004 :
1074 961 1131 1006 ut
1164 951 1265 1006 tria
1308 951 1576 1020 duplicata
1610 950 1741 1005 dant

141 1042 453 1107 senarium,
490 1039 754 1110 triplicata
781 1040 1157 1104 novenarium,
1181 1039 1587 1109 quadruplicata
1611 1040 1741 1094 duo—

144 1131 471 1196 denarium,
502 1140 556 1183 et
583 1130 853 1199 deinceps.
888 1129 1026 1196 Quid
1071 1146 1201 1186 vero
1242 1131 1295 1185 in
1335 1131 1740 1202 superparticu-

142 1220 384 1285 laribus,
413 1228 472 1273 ut
492 1228 617 1275 sunt
648 1221 753 1274 IIII.
778 1222 843 1276 ad
870 1220 974 1275 VI?
998 1237 1177 1278 nonne
1214 1222 1456 1276 binarius
1478 1222 1741 1277 minorem

146 1311 242 1365 his
267 1312 511 1374 metitur,
532 1310 796 1381 majorem
831 1318 929 1376 ter,
958 1313 1100 1381 quod
1130 1312 1435 1382 sescuplare
1458 1312 1583 1367 est?
1611 1311 1740 1368 Item

148 1402 247 1456 VI.
280 1402 347 1456 ad
376 1400 505 1457 VIII.
540 1401 782 1456 binarius
812 1402 1076 1457 minorem
1104 1411 1186 1458 ter
1210 1404 1451 1468 metitur,
1483 1403 1743 1474 majorem

143 1503 371 1565 quater,
404 1496 546 1564 quod
568 1495 846 1566 epitritum
871 1504 971 1550 est.
998 1496 1128 1551 Item
1153 1496 1284 1551 VIII.
1316 1496 1382 1552 ad
1405 1496 1472 1552 X.
1501 1497 1744 1555 binarius

148 1587 424 1643 minorem
456 1597 649 1656 quater
689 1590 928 1655 metitur,
962 1588 1222 1658 majorem
1254 1590 1567 1662 quinquies,
1599 1592 1745 1662 quod

146 1680 599 1749 sesquiquartum
634 1687 738 1733 est.
791 1679 881 1734 Sic
931 1680 1115 1749 itaque
1159 1680 1213 1736 in
1262 1681 1551 1747 inﬁnitum,
1580 1693 1742 1753 quota

146 1777 312 1836 parte
356 1768 526 1837 major
571 1769 828 1838 praecedit
872 1785 1152 1834 numerus,
1187 1778 1295 1825 tota
1344 1780 1497 1841 parte
1528 1775 1745 1844 utrique

1840 584 2156 655 quantitas,
2202 582 2717 654 superparticulares
2761 581 2995 653 qualiter
3026 596 3123 637 sua
3162 582 3420 638 metiatur

1840 676 2179 743 dillerentia;
2212 692 2357 732 nunc
2383 676 2482 747 ipsi
2510 675 2835 747 multiplices
2858 690 2981 730 eum
3019 672 3420 746 superparticu-
3512 705 3519 708 ο

1841 768 2047 825 laribus
2075 785 2235 839 quam
2259 768 2494 824 habeant
2516 768 2912 839 cognationem,
2946 767 3243 823 videamus.
3271 765 3435 822 Pone.

1841 868 2017 914 ratum
2053 858 2366 931 multiplicis
2406 860 2677 924 ordinem,
2708 873 2772 914 ae
2817 856 2976 913 simul
3019 855 3424 928 superparticu-

1841 952 1974 1008 laris
1998 951 2135 1007 ordo
2181 960 2395 1007 texatur
2426 966 2441 1005 :
2470 952 2587 1008 sive
2636 951 2743 1007 sint
2784 949 3141 1022 principales,
3190 963 3423 1018 quorum

1840 1054 1924 1103 est
1949 1046 2128 1100 unitas
2153 1044 2487 1111 differentia;
2521 1044 2612 1116 qui
2644 1044 3000 1121 radicessunt
3040 1041 3419 1111 multiplicium

1841 1153 1906 1193 ac
1953 1137 2521 1208 superparticularium
2567 1150 2962 1193 numerorum:
3009 1137 3125 1191 sive
3164 1133 3273 1189 sint
3301 1148 3424 1189 ma-

1832 1226 1986 1295 jores
2032 1229 2100 1284 ab
2164 1229 2268 1284 hac
2327 1228 2737 1299 complicatione
2799 1225 3044 1283 derivati.
3093 1223 3425 1295 Principales

1841 1326 1967 1372 sunt
1992 1317 2034 1371 I.
2069 1317 2125 1371 ll.
2162 1317 2237 1371 Ill.
2273 1317 2370 1371 NII.
2401 1317 2791 1386 Quaternarius
2836 1317 2983 1372 enim
3023 1330 3282 1372 numerus
3309 1330 3441 1370 om-.

1842 1422 1941 1462 nes
1990 1407 2339 1480 symphonias
2385 1405 2623 1479 perfecte
2676 1405 2925 1461 absolvit.
2981 1405 3099 1461 Duo
3150 1404 3294 1460 enim
3357 1402 3428 1460 ad

1842 1511 2008 1550 unum
2036 1495 2256 1568 duplum
2284 1504 2398 1562 est,
2430 1495 2572 1566 quod
2602 1504 2686 1552 est
2708 1494 2969 1565 diapason
3001 1511 3014 1548 :
3041 1494 3143 1549 tria
3172 1494 3238 1548 ad
3262 1507 3433 1548 unum-

1845 1586 2082 1657 triplum,
2114 1587 2255 1656 quod
2279 1595 2362 1642 est
2391 1587 2650 1658 diapason
2690 1601 2754 1640 ac
2782 1586 3032 1656 diapente
3061 1601 3076 1640 :
3105 1592 3337 1656 quatuor
3359 1583 3428 1636 ad

1843 1695 2010 1734 unum
2030 1678 2406 1749 quadruplum,
2428 1679 2570 1748 quod
2589 1686 2673 1733 est
2692 1678 3029 1746 disdiapason
3056 1693 3069 1730 :
3104 1677 3209 1730 tria
3235 1674 3302 1729 ad
3327 1675 3432 1737 duo

1845 1769 2255 1839 sesquialterum
2277 1810 2292 1833 ,
2324 1769 2467 1839 quod
2509 1766 2597 1823 est'
2630 1768 2881 1837 diapente
2916 1784 2929 1821 :
2964 1774 3197 1836 quatuor
3223 1764 3290 1820 ad
3325 1763 3431 1818 tria

149 1860 227 1914 ad
254 1861 483 1925 invicem
512 1862 812 1916 metiuntur
841 1878 854 1914 :
894 1861 1055 1916 veluti
1082 1860 1212 1916 VIII.
1244 1872 1435 1917 octava
1480 1864 1560 1918 sui
1593 1873 1745 1933 parte
1776 1860 1820 1919 Β
1849 1859 2277 1928 sesquitertium,
2306 1860 2449 1929 quod
2490 1866 2573 1913 est
2616 1858 2973 1913 diatessaron.
3006 1853 3281 1910 DeriValeS
3305 1860 3434 1917 sum
3466 1852 3471 1861 ’

148 1954 384 2023 praeitur
426 1970 457 2009 a
497 1956 812 2021 novenario,
840 1956 893 2010 id
918 1962 1022 2018 est,
1059 1954 1284 2022 unitate,
1328 1964 1383 2010 et
1408 1957 1594 2011 eadem
1625 1959 1742 2011 uni-

151 2055 267 2110 tas,
313 2062 419 2116 qua
468 2046 535 2100 ad
584 2047 812 2101 invicem
863 2045 1136 2111 ditl’erunt,
1191 2054 1447 2116 utrosque
1499 2047 1741 2102 metitur.

150 2135 388 2207 Jamque
436 2136 727 2210 intelligis,
775 2146 834 2192 ut
878 2138 963 2193 ha:
1006 2137 1417 2206 inaequalitates,
1470 2138 1745 2193 communi

156 2224 405 2294 qualibet
452 2226 790 2283 dimensione
823 2237 930 2282 tam
977 2227 1470 2299 angmentationem
1507 2228 1745 2298 capiant,

153 2332 324 2386 quam
358 2317 698 2373 solutionem.

229 2408 304 2461 Β.
336 2408 578 2479 Intelligo
623 2404 861 2479 quidem,
912 2426 1080 2480 quare
1128 2410 1247 2466 ista:
1289 2410 1749 2467 commensurales

156 2502 249 2556 vel
294 2503 704 2559 connumerales
749 2504 1016 2559 dicantur.
1069 2502 1175 2559 Sed
1224 2504 1471 2567 insinua,
1518 2504 1751 2576 qualiter

158 2595 376 2649 cmteris
436 2594 893 2664 ina‘qualitatibus
958 2596 1150 2657 eadem
1205 2597 1614 2653 connumeratio
1657 2597 1749 2662 vel

158 2686 621 2741 commensuratio
644 2687 804 2742 desit.

233 2778 316 2835 Μ.
347 2781 414 2838 Et
453 2781 584 2847 hoc,
618 2790 676 2836 ut
705 2781 978 2852 postulas,
1005 2781 1454 2851 contemplemur.
1487 2779 1633 2837 Pone
1661 2780 1747 2837 III.

161 2875 237 2944 ad
270 2875 329 2931 V.
359 2890 481 2945 quae
516 2885 601 2931 est
629 2875 1097 2945 superbipartieus
1122 2875 1478 2945 comparatio,
1512 2890 1576 2930 ac
1608 2876 1749 2941 vide,

158 2976 329 3036 quota
364 2974 517 3037 parte
544 2966 767 3021 ternarii
794 2966 1077 3037 quinarius
1107 2967 1394 3036 praecedat.

238 3056 306 3111 Β.
343 3056 457 3111 Non
498 3056 739 3122 invenio,
788 3057 1058 3127 quomodo
1102 3058 1316 3122 dicam,
1365 3064 1473 3110 tota
1512 3055 1594 3109 vel
1643 3063 1752 3110 tota

160 3157 324 3217 parte
362 3148 687 3215 prmcederc.

1850 1950 1934 2005 VI.
1964 1950 2073 2005 XII.
2096 1950 2274 2006 XVIII.
2308 1950 2506 2004 XXIIII.
2538 1958 2594 2004 et
2632 1949 2908 2020 deinceps.
2942 1947 3077 2003 Nam
3117 1946 3224 2001 XII.
3254 1946 3318 2002 ad
3348 1946 3432 2003 VI.

1849 2041 2087 2112 duplum,
2132 2042 2309 2098 XVIII.
2359 2028 2610 2112 triplum,
2650 2040 2845 2096 XXIIII.
2886 2039 3263 2112 quadruplum.
3308 2038 3432 2094 Tri-

1846 2133 1993 2204 plum
2023 2141 2204 2187 autem
2236 2132 2301 2187 ad
2342 2131 2562 2203 duplum
2594 2132 3042 2203 sesquialterum,
3075 2128 3449 2202 quadruplum.

1851 2227 1917 2280 ad
1964 2224 2180 2294 triplum
2224 2224 2654 2294 sesquitertium.
2689 2223 2951 2279 Similiter
2982 2222 3332 2294 quiueuplum
3359 2223 3434 2278 ad

1849 2316 2206 2387 quadruplum
2237 2316 2671 2387 sesquiquartum
2706 2332 2721 2370 :
2754 2315 3055 2385 sescuplum
3101 2315 3168 2369 ad
3199 2315 3435 2384 quincu-

1849 2407 1996 2478 plum
2029 2407 2461 2479 scsquiquintum
2494 2425 2508 2463 :
2541 2406 2845 2479 septuplum
2882 2406 2949 2460 ad
2977 2403 3283 2474 sescuplum
3315 2418 3436 2460 ses-

1852 2501 2204 2571 quisextum:
2254 2508 2308 2555 et
2355 2500 2435 2556 sic
2482 2499 2535 2554 in
2582 2498 2872 2554 infinitum.
2905 2496 3438 2568 Superparticulares

1852 2610 1976 2650 cum
2022 2592 2409 2663 multiplicibus
2436 2591 2783 2656 comitantur,
2816 2599 2878 2645 ut
2919 2604 3022 2644 non
3068 2587 3343 2645 immerito
3372 2603 3439 2643 ex

1851 2686 2097 2757 utrisque
2132 2685 2291 2742 simul
2320 2684 2525 2740 musica
2554 2683 2828 2754 procreari
2857 2681 3086 2737 dicatur.

1922 2776 1993 2831 ι).
2029 2777 2265 2846 Apparet
2309 2774 2658 2846 proculdubio
2704 2781 2760 2830 et
2804 2773 3218 2829 connumeratio
3254 2780 3310 2828 et
3352 2785 3443 2835 co-

1853 2870 2037 2942 gnatio
2063 2869 2369 2940 bujnsmodi
2402 2883 2771 2924 numerorum.

1924 2962 2004 3027 Μ.
2036 2961 2170 3029 Quia
2210 2977 2339 3032 ergo
2374 2962 2577 3031 patuit,
2621 2960 2856 3031 qualiter
2900 2958 3227 3030 multiplices
3264 2958 3319 3013 in
3349 2973 3444 3015 or-
3507 2945 3513 2951 ’

1856 3052 1982 3108 dine
2028 3052 2221 3123 digesti
2253 3053 2322 3107 ad
2364 3053 2572 3122 seipsos
2612 3050 3132 3140 superparg'culares
3166 3050 3319 3107 sint:
3366 3049 3444 3104 ita

1859 3143 2020 3200 etiam
2074 3143 2168 3199 tibi
2212 3151 2422 3214 pateat,
2470 3142 2704 3213 qualiter
2750 3141 3335 3214 superparticularibus
3378 3156 3446 3195 ex

242 3237 316 3292 Μ.
350 3214 464 3293 Non
503 3248 655 3293 certe
702 3238 991 3294 invenitur.
1024 3238 1140 3294 Non
1174 3238 1319 3294 enim
1360 3239 1411 3293 in
1450 3236 1753 3308 lmjusmudi
1783 3214 1829 3275 (δ
1862 3234 2233 3306 sesquialteris
2283 3244 2339 3290 et
2388 3220 2750 3306 sesquitertiis
2797 3233 3120 3305 multiplices
3168 3234 3313 3303 dupli
3361 3232 3447 3288 vol

161 3345 364 3400 genere
409 3328 491 3383 vel
539 3330 842 3398 quantitate
888 3330 1113 3384 minoris
1152 3329 1327 3398 major
1354 3342 1480 3397 pars
1512 3328 1754 3390 metitur,

162 3429 230 3475 ut
259 3421 310 3475 in
346 3420 728 3491 multiplicibus
761 3438 774 3474 :
808 3428 901 3474 aut
929 3435 1035 3483 una
1066 3420 1512 3491 qualibetparte,
1537 3433 1659 3487 quae
1686 3418 1757 3473 sit

164 3525 526 3584 utrorumque
579 3512 1010 3582 diﬂ‘erentia,,ut
1054 3513 1108 3567 in
1157 3509 1755 3582 superparticularibus.

164 3604 305 3659 Cum
336 3606 479 3659 enim
520 3605 573 3658 in
605 3604 958 3674 sesquialtera
1005 3605 1388 3674 proportione,
1417 3610 1476 3655 ut
1501 3609 1627 3657 sunt
1656 3600 1755 3655 illl.

166 3711 200 3751 a
227 3697 239 3748 l
279 3695 362 3750 VI.
394 3698 657 3763 binarius,
690 3700 782 3768 qui
815 3713 1003 3753 eorum
1034 3695 1338 3753 dilI'erentia
1369 3704 1470 3762 est,
1502 3704 1759 3766 utrosque

170 3786 461 3851 metiatur,
503 3788 556 3841 in
611 3787 955 3857 sesquitertia
1007 3801 1223 3858 quoque
1270 3786 1649 3857 proportione,
1702 3793 1761 3840 ut

166 3888 299 3932 sunt
334 3877 417 3932 Vl.
448 3880 515 3934 ad
543 3879 663 3935 VIII.
698 3880 940 3936 binarius
974 3880 1065 3950 qui
1097 3894 1284 3934 eorum
1312 3886 1396 3933 est
1433 3877 1759 3943 dili‘erentia,

166 3978 431 4039 utrosque
463 3971 718 4024 metiatur
750 3988 761 4023 :
791 3971 843 4024 in
870 3970 1273 4040 superpatiente
1295 3968 1664 4039 proportione,
1702 3975 1762 4021 ut

167 4071 299 4117 sunt
330 4061 405 4115 lll.
436 4062 502 4116 ad
536 4062 597 4116 V.
623 4062 884 4129 binarius,
919 4061 1011 4130 qui
1039 4059 1343 4125 dili'erentia
1370 4066 1477 4122 est,
1507 4067 1759 4113 neutrum

169 4154 425 4209 metitur.
450 4153 597 4208 Idem
644 4153 705 4208 lit
752 4161 806 4207 et
838 4152 890 4206 in
935 4150 1216 4223 multiplici
1256 4148 1760 4220 superparticulari,

169 4252 235 4297 ut
263 4255 387 4298 sunt
411 4243 475 4298 II.
510 4244 579 4299 ad
611 4243 675 4298 V.
702 4243 793 4313 qui
824 4254 909 4298 est
938 4241 1130 4313 duplus
1155 4241 1478 4311 scsquialter
1506 4256 1520 4296 :
1552 4250 1612 4294 ut
1637 4246 1763 4295 sunt

171 4336 232 4389 Il.
278 4337 346 4390 ad
382 4336 482 4392 VII.
530 4337 620 4407 qui
662 4345 746 4392 est
792 4337 985 4408 triplex
1031 4334 1354 4405 sesquialter
1386 4353 1398 4387 :
1431 4343 1491 4388 ut
1531 4342 1656 4388 sunt
1684 4331 1761 4385 Ill.

174 4425 244 4478 ad
276 4424 341 4479 X.
375 4425 467 4495 qui
513 4434 597 4480 est
640 4425 833 4495 triplex
881 4425 1273 4495 sesquitertius.
1308 4424 1451 4479 Idem
1496 4423 1556 4477 lit
1602 4430 1659 4476 et
1711 4422 1763 4476 in

176 4516 463 4587 multiplici
512 4516 942 4588 superpartiente
972 4533 985 4567 :
1020 4524 1079 4569 ut
1114 4523 1241 4570 sunt
1285 4513 1363 4567 III.
1413 4514 1479 4567 ad
1516 4512 1636 4567 VIII.
1668 4511 1761 4580 qui

1859 3326 2141 3397 quadrupli
2185 3335 2597 3396 componantur.
2629 3323 2701 3380 Ut
2744 3326 2886 3380 enim
2918 3340 2947 3379 a
2976 3324 3196 3381 senario
3226 3324 3451 3395 incipia-

1862 3434 1984 3473 mus
2016 3436 2028 3472 :
2059 3418 2127 3472 ad
2154 3418 2240 3472 Vl.
2284 3433 2568 3473 numerum
2610 3417 2896 3473 adcrescat
2935 3417 3277 3487 sesquialter,
3304 3424 3360 3471 et
3391 3415 3452 3470 lit

1861 3509 2000 3565 Vllll.
2032 3510 2112 3564 Ad
2155 3523 2347 3563 novem
2394 3518 2674 3564 accrescat
2721 3508 3133 3579 sesquitertius,
3161 3517 3216 3564 et
3247 3508 3307 3562 lit
3340 3508 3448 3562 Xll.

1859 3598 2230 3655 Duodenarius
2256 3598 2438 3668 itaque
2461 3598 2525 3653 ad
2552 3580 2826 3653 senarium
2849 3597 3064 3667 duplus,
3094 3595 3453 3667 sesquialtero

1860 3699 1914 3747 et
1939 3689 2290 3761 sesquitertio
2331 3689 2650 3759 completur.
2696 3688 2825 3743 Item
2866 3686 2971 3742 XII.
3003 3702 3230 3742 numero
3258 3686 3451 3742 adcre-

1862 3790 1981 3838 scat
2002 3768 2343 3851 sesquialter,
2366 3789 2421 3833 et
2447 3780 2507 3834 lit
2532 3778 2708 3833 XVII.
2725 3777 2899 3833 XVIII.
2925 3793 3152 3833 numero
3173 3778 3454 3834 adcrescat

1861 3873 2260 3943 sesquitertius,
2282 3880 2336 3926 et
2358 3872 2420 3926 Iit
2440 3870 2634 3926 XXIIII.
2657 3872 2727 3926 At
2752 3869 2948 3926 XXllII.
2974 3871 3043 3927 ad
3065 3870 3451 3929 duodenarium

1863 3963 2090 4033 duplus,
2129 3962 2488 4031 sesquialtero
2528 3973 2583 4016 et
2626 3961 2973 4031 sesquitertio
3015 3961 3338 4032 completur.
3386 3958 3455 4013 Et

1864 4052 2177 4108 alternatim
2227 4051 2307 4105 Vl.
2352 4066 2578 4106 numero
2623 4050 2848 4106 accedat
2897 4051 3309 4122 sesquitertius,
3358 4050 3455 4119 qui

1862 4154 1947 4198 est
1984 4143 2106 4199 Vlll.
2143 4142 2504 4212 Sesquitertio
2555 4142 2777 4196 accedat
2830 4141 3183 4213 sesquialter,
3231 4140 3324 4211 qui
3372 4148 3458 4197 est

1865 4234 1970 4289 Xll.
2020 4233 2311 4290 Duodecim
2362 4234 2543 4302 itaque
2581 4233 2649 4288 ad
2681 4233 2955 4287 senarium
2985 4232 3179 4302 duplus
3200 4272 3216 4297 ,
3241 4230 3455 4301 sesqui--

1867 4329 2027 4384 tertio
2056 4338 2111 4383 et
2156 4325 2510 4397 sesquialtero
2541 4323 2863 4396 completur.
2912 4323 3179 4379 Similiter
3219 4321 3325 4376 Xll.
3356 4337 3456 4376 nu-

1867 4433 2015 4473 mero
2064 4416 2287 4473 accedat
2336 4414 2747 4485 sesquitertius,
2782 4414 2873 4484 qui
2904 4423 2990 4468 est
3033 4411 3208 4467 XVIII.
3240 4411 3453 4481 sesqui-

1870 4511 2029 4566 tertio
2074 4508 2298 4564 accedat
2348 4505 2701 4573 sesquialter,
2753 4504 2844 4575 qui
2891 4512 2977 4559 est
3022 4501 3222 4556 XXIIII.
3259 4501 3473 4572 Viginti

174 4618 261 4662 est
293 4579 486 4678 duplus
531 4579 997 4678 sdperbipartiens
1028 4624 1040 4658 :
1084 4614 1142 4659 ut
1177 4612 1302 4660 sunt
1329 4603 1403 4658 lli.
1433 4603 1501 4657 ad
1550 4602 1637 4656 XI.
1669 4579 1761 4672 qui
1796 4579 1841 4637 θ
1866 4608 2099 4669 quatuor
2148 4597 2331 4667 itaque
2360 4594 2426 4649 ad
2457 4593 2564 4650 XII.
2597 4593 2825 4664 duplus,
2872 4592 3222 4664 sesquitertio
3263 4601 3318 4646 et
3347 4606 3461 4646 ses-

175 4709 261 4754 cst
298 4699 489 4769 triplus
515 4697 975 4767 superbipartiens
1006 4714 1018 4750 :
1056 4706 1115 4751 ut
1143 4704 1271 4750 sunt
1315 4695 1412 4748 llll.
1451 4695 1517 4749 ad
1547 4693 1635 4748 XI.
1668 4693 1762 4764 qui

176 4799 263 4845 est
290 4789 482 4860 duplus
524 4788 1027 4859 supertripartiens.
1059 4789 1223 4843 Vides
1253 4788 1439 4858 igitur,
1476 4795 1530 4842 ut
1574 4784 1762 4854 hujus-

178 4883 324 4939 modi
374 4881 751 4953 preportiones
795 4897 896 4938 nec
941 4881 1134 4951 simpla
1164 4882 1495 4951 quantitate,
1526 4895 1626 4935 nec
1650 4880 1765 4935 suis

178 4971 497 5028 differentiis
546 4971 861 5033 metiuntur,
905 4985 1005 5025 nec
1053 4971 1329 5039 partibus,
1380 4969 1576 5038 quibus
1613 4967 1763 5024 diffe-

178 5070 340 5128 runt,
370 5070 812 5134 augmentantur,
839 5075 938 5116 nec
973 5060 1027 5114 in
1066 5075 1160 5115 eas
1189 5060 1532 5114 resolvuntur
1562 5075 1577 5113 :
1609 5067 1770 5127 atque

180 5152 384 5206 idcirco
413 5151 891 5208 iucommensurati
918 5159 973 5204 et
998 5148 1426 5204 inconnumerati
1446 5145 1570 5215 jure
1602 5147 1773 5201 nomi-

180 5250 402 5296 nantur.
432 5241 599 5298 Porro
628 5250 808 5296 autem
838 5241 976 5296 sicut
1012 5240 1186 5295 oculis
1222 5248 1362 5293 torta
1391 5253 1455 5293 ac
1481 5246 1627 5291 recta
1661 5238 1770 5292 dis-

179 5331 496 5396 cernimus,
543 5340 597 5386 et
638 5332 891 5403 quaelibet
935 5331 1073 5385 visui
1124 5329 1487 5400 subjaccntia,
1533 5337 1590 5382 ut
1648 5343 1771 5381 cum

181 5421 425 5493 praefatis
456 5431 650 5478 natura
704 5432 884 5479 nostra
933 5423 1177 5493 partibus
1209 5431 1487 5492 compacta
1539 5429 1768 5484 constet,

184 5530 347 5572 voces
396 5516 970 5573 commensurabilibus
1036 5515 1334 5571 intervallis
1389 5515 1772 5570 convenientes

186 5609 428 5665 auditum
472 5610 780 5678 oblectant;
827 5622 1033 5666 caetera:
1059 5619 1186 5665 sunt
1210 5609 1457 5665 dissonte.
1484 5607 1589 5663 Sed
1622 5608 1770 5663 visne

189 5701 448 5771 aliipliora
479 5703 543 5759 de
573 5703 673 5759 hac
702 5704 1240 5759 commcnsuralitate
1265 5702 1627 5775 cognoscere?

262 5790 327 5846 D.
355 5792 524 5850 Tuum
549 5804 653 5862 est,
682 5795 747 5851 de
777 5796 877 5852 hoc
899 5795 1162 5865 judicare.

1868 4689 2133 4761 quialtero
2179 4686 2499 4757 completur.
2547 4685 2613 4740 Et
2656 4685 2737 4740 sic
2764 4686 3020 4755 deinceps
3049 4699 3264 4754 semper
3292 4698 3460 4737 unum

1870 4779 2086 4850 duplum
2128 4775 2485 4849 sesquialtero
2513 4782 2568 4830 et
2595 4775 2942 4844 sesquitertio
2972 4762 3311 4829 incremento
3341 4786 3463 4842 per-

1872 4873 2068 4927 licitur.
2100 4870 2269 4924 Porro
2317 4866 2641 4938 scsquialter
2685 4881 2748 4921 ac
2795 4863 3174 4934 sesquitertius
3201 4863 3275 4917 ita
3314 4875 3463 4916 com-

1872 4963 2017 5018 muni
2045 4961 2266 5033 epogdoi
2294 4974 2545 5013 mensura
2574 4966 2990 5020 connectuntur,
3020 4965 3080 5010 ut
3108 4951 3461 5024 sesquialtero

1873 5052 2174 5125 cpogdoum
2223 5049 2471 5115 auferas,
2521 5046 2899 5119 sesquitertius
2947 5044 3067 5109 liat,
3118 5040 3462 5112 sesquitertio

1876 5157 2065 5197 rursus
2093 5140 2308 5196 additus
2328 5140 2579 5197 restituat
2607 5135 2992 5206 seseuplarem.
3024 5133 3250 5189 Constat
3274 5131 3459 5201 igitur,

1874 5235 2262 5291 convenientes
2304 5233 2406 5289 sibi
2440 5247 2605 5288 sonos
2635 5245 2703 5285 ex
2747 5225 3197 5283 convenientibus
3234 5224 3334 5279 sibi
3367 5238 3466 5277 nu-

1877 5327 2041 5382 meris
2066 5325 2412 5381 concordiam
2436 5336 2669 5379 sumere.

1951 5417 2016 5472 υ.
2047 5417 2102 5471 Id
2129 5415 2412 5472 manifesta
2436 5415 2689 5485 panditur
2716 5412 2957 5469 ratione-

1952 5509 2029 5563 Μ.
2061 5508 2292 5563 Attende
2345 5522 2507 5571 vero,
2557 5506 2684 5575 quia
2730 5502 3117 5560 convenientes
3173 5506 3297 5554 sunt
3361 5510 3468 5549 non

1881 5601 2202 5674 uniquilibet
2230 5600 2294 5655 ad
2315 5601 2541 5668 seipsos,
2573 5598 2664 5653 sed
2697 5598 2835 5653 sicut
2878 5595 3026 5649 verbi
3065 5592 3236 5664 gratia
3260 5586 3461 5644 XXIIII.

1879 5710 2138 5754 numerus
2166 5699 2376 5748 constat
2408 5692 2472 5747 ad
2507 5691 2612 5745 Xll.
2645 5690 2870 5762 duplus,
2899 5689 2967 5744 ad
2993 5687 3116 5742 Vill.
3150 5684 3361 5754 triplus,
3390 5681 3457 5734 ad

1884 5790 1967 5846 Vl.
1998 5785 2358 5859 quadruplus;
2402 5784 2470 5840 ad
2496 5784 2631 5841 XVI.
2665 5782 3010 5856 sesquialter,
3041 5781 3106 5836 ad
3134 5776 3307 5834 XVllI.
3349 5774 3462 5846 epi-
